4090 6406
320 454 345 517 1
358 453 475 518 005

1228 450 1518 516 ORATIO
1562 445 1779 517 XVIII.
1817 489 1893 499 —-—
1925 453 2313 522 FUNEBRIS
2366 465 2438 522 IN
2487 460 2834 529 PATREM.

3582 476 3740 543 1006

316 586 379 640 οὐ
423 589 555 641 κατὰ
609 585 735 648 τοὺς
797 580 888 639 νῦν
943 584 1141 662 σοφοὺς
1189 591 1306 647 τοῖς
1358 592 1568 660 καιροῖς
1616 585 1973 659 συγκλινόμε-

2094 592 2223 646 aliis
2255 594 2308 647 in
2330 596 2501 651 rebus
2539 616 2832 671 quoquam
2868 622 3091 678 eorum,
3128 611 3223 680 qui
3266 613 3545 668 diuturno
3594 622 3736 671 tem-

316 697 428 747 νος,
460 673 589 730 οὐδὲ
624 676 802 748 μέσως
852 674 940 728 καὶ
977 678 1245 748 τεχνικῶς
1294 679 1391 727 τοῦ
1439 677 1555 737 καθ’
1608 677 1756 747 ἡμᾶς
1808 674 1978 749 λόγου

318 767 739 839 προῖοτάμενος,
791 764 864 825 ὡς
912 763 970 818 ἃν
1023 764 1076 816 o't
1129 764 1203 835 μή
1255 764 1415 833 πῆξιν
1464 760 1685 839 ἔχοντες
1723 763 1977 831 πίστεως,

318 854 352 922 ἧ
386 853 789 923 καπηλεύοντες
828 854 927 920 τὴν
976 852 1231 922 ἀλήθειαν
1258 871 1271 886 ’
1306 850 1433 907 ἀλλ’
1461 853 1527 922 ἦν
1558 857 1665 908 τῶν
1703 852 1794 926 μέν
1826 852 1976 929 λόγῳ

315 940 551 997 δυνατῶν
608 937 1004 1016 εὐσεϐέστερος,
1062 945 1170 995 τῶν
1232 940 1404 1016 ὀρθων
1468 939 1525 995 δὲ
1582 943 1678 1010 τὴν
1722 939 1962 995 διάνοιαν

315 1031 723 1106 λογικώτερος·
781 1029 995 1103 μᾶλλον
1047 1028 1104 1084 δὲ
1147 1029 1319 1104 λόγου
1374 1032 1441 1085 τὰ
1495 1028 1716 1106 δεύτερα
1772 1031 1970 1108 φέρων,

315 1116 559 1191 εὐσεϐείᾳ
614 1123 827 1174 πάντων
890 1119 1119 1194 ἐκράτει.
1181 1122 1315 1175 Ἕνα
1360 1120 1453 1193 μὲν
1508 1120 1637 1174 Θεὸν
1709 1117 1869 1182 εἰδὼς
1917 1119 1968 1173 ἐν

312 1206 502 1283 Τριάδι
558 1207 1050 1283 προσκυνούμενον,
1120 1207 1242 1281 τρία
1300 1206 1357 1262 δὲ
1414 1208 1490 1270 εἷς
1553 1208 1677 1281 μίαν
1740 1209 1971 1278 θεότητα

312 1298 683 1372 συναγόμενα’
738 1297 825 1351 xui
873 1293 996 1351 οὔτε
1043 1301 1121 1367 τῷ
1170 1296 1245 1351 ένὶ
1291 1292 1667 1366 Σαϐελλίζων,
1704 1297 1828 1352 οὐτε
1851 1303 1967 1359 τοῖς

305 1386 479 1458 τρισὶν
532 1385 895 1460 Ἀρειανίζων,
955 1386 989 1455 ἢ
1052 1390 1132 1456 τῷ
1189 1385 1503 1441 συστέλλειν
1581 1386 1813 1456 θεότητα
1881 1388 1970 1440 καὶ

307 1473 559 1529 ἀναλύειν
595 1476 705 1547 (55)
754 1473 949 1545 ἀθέως,
1000 1475 1034 1544 ἢ
1067 1478 1145 1545 τῷ
1174 1476 1525 1547 κατατέμνειν
1558 1475 1765 1537 ἀνίσοις
1799 1474 1970 1530 ἀλλο-

311 1563 616 1637 τριότησιν,
656 1565 690 1633 ἢ
750 1562 1037 1638 μεγέθους,
1094 1564 1127 1631 ἣ
1185 1562 1417 1639 φύσεως.
1477 1562 1549 1617 Οὗ
1601 1565 1705 1639 γὰρ
1746 1562 1969 1619 ἕκαστον

313 1650 695 1717 ἀκατάληπτον
730 1650 819 1705 καὶ
850 1650 983 1723 ὑπὲρ
1010 1652 1108 1719 τὴν
1141 1652 1412 1725 ἡμετέραν
1442 1651 1705 1721 ἐπίνοιαν,
1740 1656 1856 1714 πῶς
1889 1652 1972 1706 ὲν-

278 1736 282 1741 ’
311 1745 481 1803 ταῦθα
508 1740 571 1794 τὸ
603 1741 893 1816 ὑπεραῖρον
926 1738 963 1809 ἤ
988 1742 1333 1811 νοηθήσεται,
1368 1737 1404 1809 ’ἔξ
1439 1738 1925 1816 δογματισθήσεται
1954 1759 1967 1810 ;

316 1832 424 1882 Ποῦ
458 1826 514 1882 δὲ
543 1833 815 1905 μετρεῖται
843 1829 906 1884 τὸ
940 1828 1183 1905 ἄπειρον,
1210 1828 1285 1882 ’ἶν’
1316 1830 1344 1883 ὃ
1393 1834 1500 1883 τῶν
1551 1828 1967 1904 περατουμένων

309 1915 441 1987 ἐστὶ,
474 1922 636 1971 τοῦτο
668 1919 808 1992 πάθῃ
840 1918 1051 1989 θεότης,
1089 1919 1325 1993 βαθμοῖς
1352 1919 1690 1993 μετρουμένη
1714 1918 1803 1972 καὶ
1838 1919 1971 1973 ὁπο-

313 2002 526 2061 ϐάσεσιν
698 2028 711 2077 ;

2094 681 2249 749 poris
2281 684 2468 753 spatio
2502 686 2924 763 laboraverant,
2943 694 3180 773 inferior
3200 706 3355 755 esset
3382 726 3394 765 ;
3419 720 3483 757 ac
3509 709 3741 773 prater-

2091 784 2158 821 ea
2192 770 2554 841 singularem
2586 776 2738 833 hanc
2778 798 2811 834 a
2859 767 3001 837 Deo‘
3026 787 3276 856 gratiam
3323 790 3625 862 acciperet,
3680 798 3745 848 ut

2089 858 2420 914 orthodoxa:
2455 862 2731 920 doctrinae
2779 875 2944 938 pater
2972 877 3030 926 et
3063 875 3343 946 magister
3387 858 3738 947 efﬁceretur;

2088 962 2225 1012 non,
2265 954 2327 1003 ut
2356 948 2534 1020 hujus
2565 958 2845 1026 temporis
2877 960 3189 1031 sapientes,
3225 982 3338 1020 una
3371 973 3739 1039 cumtempo-

2088 1034 2251 1090 ribus
2280 1054 2341 1092 se
2370 1038 2695 1109 inﬂectens,
2731 1062 2833 1099 nec
2868 1048 3039 1103 ﬁdem
3075 1057 3335 1107 nostram
3371 1056 3563 1112 medio
3595 1074 3737 1128 quo-

2087 1123 2223 1178 dam
2255 1130 2311 1178 et
2341 1127 2657 1184 artiﬁcioso
2689 1134 2863 1187 modo
2899 1136 3240 1205 defendens,
3279 1147 3339 1195 ut
3366 1142 3434 1203 ji.
3466 1144 3565 1213 qui
3603 1123 3737 1197 ﬁdei

2087 1212 2425 1269 ﬁrmitatem
2475 1234 2589 1272 non
2647 1219 2887 1292 habent,
2926 1230 3027 1279 aut
3054 1228 3352 1284 veritatem
3402 1212 3737 1301 cauponum

2089 1318 2251 1356 more
2281 1304 2651 1373 adulterant;
2686 1312 2786 1365 sed
2820 1311 2899 1365 ita
2921 1330 2983 1367 se
3015 1319 3415 1387 comparabat,
3442 1325 3505 1373 ut
3525 1325 3580 1375 et
3602 1338 3736 1375 eru—

2084 1390 2237 1445 ditos
2269 1394 2504 1461 pietate,
2537 1402 2593 1450 et
2624 1399 2751 1467 pios
2799 1402 3146 1459 eruditionis
3193 1405 3366 1462 laude
3414 1416 3735 1480 superaret,

2087 1480 2206 1533 imo
2238 1481 2455 1551 potius,
2481 1484 2563 1539 ita
2581 1490 2870 1544 secundas
2888 1493 3165 1548 doctrinae
3193 1495 3430 1561 ferebat,
3453 1505 3516 1552 ut
3537 1504 3733 1553 tamen

2086 1566 2322 1636 pietatis
2356 1571 2575 1640 primas
2596 1574 2904 1632 obtineret.
2936 1578 3124 1635 Unum
3161 1582 3377 1655 quippe
3395 1584 3599 1652 Deum,
3635 1588 3735 1657 qui

2085 1654 2143 1709 in
2172 1658 2456 1715 Trinitate
2488 1663 2785 1734 adoretur,
2836 1667 2947 1721 tria
3006 1674 3223 1739 autem,
3258 1654 3384 1742 qua
3434 1673 3493 1729 in
3554 1693 3732 1731 unam

2085 1744 2756 1821 deitatemcolliguntur,
2790 1758 3179 1825 agnoscebat:
3216 1777 3280 1814 ac
3304 1778 3491 1832 neque
3524 1770 3622 1819 aut
3638 1784 3737 1836 per

2088 1851 2289 1905 unum,
2315 1836 2588 1908 Sabellio,
2623 1847 2724 1895 aut
2755 1858 2857 1913 per
2886 1844 3016 1911 tria,
3052 1847 3187 1901 Ario
3220 1849 3483 1918 favebat;
3528 1871 3737 1926 nempe

1998 1967 2046 2033 B
2083 1921 2172 1977 vel
2203 1923 2483 1980 deitatem
2516 1927 2695 1999 impie
2730 1934 3127 1990 contrahendo
3159 1941 3216 1991 et
3247 1939 3607 2010 resolvendo,
3648 1921 3735 1998 vel

2076 2028 2179 2081 per
2208 2014 2473 2084 dispares
2507 2019 2938 2090 magnitudinis
2969 2030 3071 2078 aut
3104 2031 3323 2081 naturae
3353 2031 3571 2100 gradus
3604 2050 3738 2087 con-

311 2097 653 2154 scindendo.
688 2099 794 2154 Ubi
825 2098 981 2153 enim
1020 2099 1483 2170 unumquodque
1514 2099 1727 2153 mentis
1761 2104 1970 2153 nostra;
2004 2103 2177 2169 atque
2209 2102 2427 2173 ingenii
2459 2112 2691 2175 captum
2726 2111 2965 2177 excedit,
3003 2130 3257 2182 quonam
3294 2097 3466 2173 modo
3500 2119 3639 2186 illic,
3674 2121 3733 2176 id

312 2186 467 2256 quod
502 2185 803 2257 praecellit,
840 2186 1049 2256 poterit
1070 2185 1157 2240 vel
1189 2193 1385 2242 mente
1418 2187 1656 2257 percipi,
1682 2187 1769 2241 vel
1797 2187 2029 2242 doceri?
2052 2189 2327 2251 Quaenam
2360 2192 2495 2246 item
2530 2193 2831 2251 immensae
2863 2199 2942 2253 rei
2968 2200 3334 2257 dimetienda}
3359 2205 3504 2260 ratio
3540 2185 3736 2261 futura

311 2280 420 2345 est,
457 2279 542 2344 ut,
576 2278 729 2346 quod
782 2275 956 2330 rebus
1007 2276 1187 2331 ﬁnitis
1218 2274 1507 2343 convenit,
1542 2277 1694 2330 idem
1729 2277 2019 2332 divinitati
2051 2294 2285 2349 quoque
2317 2282 2561 2349 accidat,
2593 2286 3006 2358 graduumque
3040 2306 3104 2344 ac
3136 2291 3528 2349 descensuum
3562 2313 3731 2351 men-

313 2378 463 2417 surae
496 2363 841 2434 subjiciatur
861 2365 889 2417 ?

379 2450 470 2505 IZ'.
509 2455 685 2505 Ταῦτα
732 2448 923 2505 ἐννοῶν
968 2451 996 2505 ὁ
1047 2450 1215 2526 μέγας
1269 2450 1471 2513 ἐκεῖνος
1514 2454 1628 2525 (57)
1678 2452 1966 2527 ἄνθρωπος

301 2542 400 2591 τοῦ
450 2543 604 2611 Θεοῦ,
662 2539 751 2593 καὶ
799 2537 1020 2611 ἀληθῶς
1069 2539 1364 2615 Θεολόγος,
1397 2541 1487 2595 καὶ
1524 2542 1657 2614 μετᾶ
1685 2546 1783 2595 τοῦ
1814 2541 1969 2595 Πνεῦ-

311 2647 481 2697 ματος
514 2627 873 2701 περὶτούτων
901 2627 1241 2701 κινούμενος,
1281 2630 1333 2683 τί
1375 2632 1486 2705 χρή
1543 2629 1718 2705 λέγειν
1763 2627 1968 2705 ἕτερον,

316 2713 344 2783 ἤ
378 2716 461 2770 ὃτι
493 2716 612 2770 νέαν
663 2717 1030 2793 Ἰερουσαλὴμ
1064 2720 1153 2772 καὶ
1184 2713 1418 2773 κιϐωτὸν
1455 2716 1633 2789 ἄλλην
1669 2720 1800 2796 ὑπὲρ
1837 2719 1966 2775 ὑδά-

309 2826 416 2859 των
451 2802 781 2882 φερομένην,
815 2806 995 2883 ὥσπερ
1028 2809 1055 2862 ὁ
1092 2808 1260 2883 μέγας
1290 2808 1494 2871 ἐκεῖνος
1544 2814 1682 2878 Νῶε,
1736 2811 1823 2863 καὶ
1871 2814 1969 2865 τοῦ

319 2890 572 2969 δευτέρου
617 2895 815 2949 τούτου
865 2896 1076 2968 κόσμου
1123 2898 1325 2970 πατὴρ,
1376 2895 1539 2968 τήνδε
1594 2900 1694 2966 τήν
1734 2900 1969 2967 Ἐκκλη-

314 2982 430 3035 σίαν
502 2982 781 3038 καλεῖσθαι
852 2984 1156 3055 πεποίηκε’
1236 2990 1397 3040 τοῦτο
1455 3008 1514 3041 τε
1580 2986 1969 3061 κατακλυσμοῦ

310 3074 418 3124 τῶν
466 3074 677 3147 ψυχῶν,
721 3072 811 3126 καὶ
851 3075 949 3141 τῆς
1004 3078 1111 3127 τῶν
1164 3074 1451 3149 αἱρετικῶν
1505 3074 1761 3149 ἐπηρείας
1791 3082 1973 3154 σαφῶς

317 3158 739 3233 ὑπεραίρουσαν’
791 3159 879 3213 καὶ
938 3158 1051 3233 ὅσῳ
1098 3161 1297 3232 πλήθει
1327 3168 1436 3217 τῶν
1481 3162 1666 3217 ἄλλων
1700 3164 1973 3235 ἐλείπετο,

315 3252 576 3302 τοσοῦτον
639 3246 849 3319 εὐδοξία
885 3254 1182 3326 κρατοῦσαν
1215 3270 1227 3283 ·
1287 3251 1377 3307 καὶ
1429 3252 1491 3307 τὸ
1538 3260 1638 3322 τῆς
1672 3254 1819 3329 ἱερᾶς
1868 3254 1971 3307 πά-

2150 2455 2314 2545 XVII.
2350 2458 2479 2514 Haec
2511 2477 2643 2523 cum
2679 2480 2930 2535 magnus
2956 2465 3053 2522 ille
3085 2468 3259 2524 homo
3308 2470 3430 2542 Dei,
3482 2490 3731 2545 vereque

2080 2544 2434 2618 Theologus,
2460 2566 2524 2603 ac
2543 2551 2614 2604 de
2645 2551 2735 2606 his
2757 2554 2932 2616 rebus
2964 2572 3083 2610 una
3111 2574 3243 2612 cum
3277 2559 3498 2629 Spiritu
3532 2544 3735 2617 sancto

2080 2632 2359 2691 incitatus
2390 2643 2446 2691 et
2476 2639 2753 2710 agitatus,
2798 2658 2997 2697 secum
3031 2650 3351 2716 reputaret,
3384 2650 3522 2719 quid
3577 2652 3734 2705 aliud

2082 2722 2393 2779 dicendum
2426 2731 2534 2792 est,
2569 2743 2746 2797 quam
2780 2732 2934 2801 quod
2960 2732 3067 2787 hoc
3090 2735 3361 2801 effecerit,
3395 2743 3460 2792 ut
3484 2740 3736 2795 novaJe-

2081 2812 2358 2879 rusalem,
2395 2831 2459 2869 ac
2492 2819 2749 2873 secunda
2781 2822 3048 2890 quaedam
3083 2839 3215 2878 arca
3239 2826 3414 2880 undis
3448 2828 3737 2897 eminens,

2083 2905 2586 2971 quemadmodum
2613 2906 2713 2962 illa
2745 2912 2943 2980 magni
2970 2910 3125 2966 illius
3177 2913 3315 2978 Noe,
3380 2918 3741 2988 secundique

2082 2989 2261 3061 hujus
2279 2994 2478 3047 mundi
2499 2998 2773 3064 parentis,
2793 2998 2912 3053 hmo
2931 3000 3188 3056 Ecclesia
3210 3010 3546 3073 vocaretur;
3571 3008 3739 3079 quip-

2086 3097 2155 3150 pe
2185 3097 2311 3151 quae
2336 3082 2481 3137 illud
2516 3085 2849 3141 animarum
2872 3088 3184 3157 diluvium,
3220 3095 3375 3162 quod
3410 3098 3535 3149 tum
3576 3112 3741 3167 gras-

2085 3170 2348 3239 sabatur,
2411 3177 2588 3243 atque
2649 3174 3059 3233 haereticorum
3110 3182 3529 3251 impressnones
3573 3186 3745 3256 plane

2087 3266 2410 3329 superaret,
2446 3269 2853 3336 quantumque
2884 3266 3017 3322 aliis
3035 3286 3277 3325 numero
3295 3273 3449 3329 842
3482 3276 3743 3342 cedebat,

320 3356 556 3412 σχουσαν
596 3337 867 3411 Βηθλεὲμ,
899 3341 963 3409 ἢν
1000 3338 1153 3394 οὐδὲν
1188 3340 1429 3397 ἐκώλυσε
1457 3342 1545 3396 καὶ
1590 3344 1785 3418 μικρὰν
1838 3345 1970 3398 εἶναι

2165 3318 2181 3329 ,
2398 3318 2409 3327 ι
2466 3318 2480 3333 ι
2759 3318 2799 3336 ιν
2832 3318 2845 3320 ~
2889 3318 3274 3325 -τ---ν--ν---ν-ιν
3298 3318 3446 3329 --ω
3483 3318 3742 3342 ννυιιυυινς

2090 3352 2249 3403 tanto
2282 3366 2381 3405 eas
2434 3352 2690 3407 nominis
2749 3353 3083 3413 celebritate
3119 3360 3417 3429 vinceret;
3465 3362 3742 3434 idemque

319 3423 502 3496 πόλιν,
554 3426 644 3480 καὶ
690 3430 787 3495 τῆς
840 3427 1175 3501 οἰκουμένης
1234 3430 1603 3504 μητρόπολιν,
1637 3432 1711 3493 ὡς
1740 3434 1973 3506 Χριστοῦ

316 3514 404 3567 καὶ
432 3517 544 3586 (58)
592 3514 789 3589 τροφὸν
822 3516 911 3569 καὶ
948 3517 1176 3591 μητέρα,
1205 3522 1301 3572 τοῦ
1330 3520 1420 3572 τὸν
1450 3519 1653 3591 κόσμον
1687 3521 1777 3573 καὶ
1808 3524 1970 3590 ποιή-

316 3621 509 3661 σαντυς
538 3600 627 3653 καὶ
658 3603 975 3672 νικήσαντος
1000 3623 1013 3672 ;

383 3868 492 3923 IH'.
525 3869 834 3942 Τεκμήριον
867 3866 923 3924 δὲ
950 3873 1047 3924 τοῦ
1082 3870 1274 3946 Λόγου·
1335 3871 1433 3926 Καὶ
1465 3873 1565 3947 γὰρ
1615 3872 1779 3943 ἡνίκα
1826 3875 1972 3950 παρὰ

312 3960 410 4009 τοῦ
460 3957 790 4033 Θερμοτέρου
839 3961 1036 4035 μέρους
1085 3966 1184 4028 τῆς
1231 3959 1558 4031 Ἐκκλησίας
1622 3966 1970 4019 κατεστασιά-

311 4046 512 4116 σθημεν
566 4049 684 4121 (59)
732 4048 1018 4123 γράμματι
1068 4045 1363 4112 κλαπέντες
1407 4051 1495 4105 xui
1550 4051 1757 4127 ῥήμασι
1786 4072 1969 4128 τεχνι-

309 4139 428 4195 κοῖς
486 4134 561 4196 είς
615 4138 856 4209 πονηρὰν
919 4138 1232 4208 κοινωνίαν,
1294 4139 1460 4212 μόνος
1525 4142 1617 4214 μὲν
1678 4141 1966 4213 ἐπιστεύθη

307 4224 408 4291 τήν
460 4220 700 4279 διάνοιαν
753 4227 992 4302 ἄτρωτον
1037 4225 1206 4303 ἔχειν,
1258 4230 1348 4283 καὶ
1400 4232 1474 4303 μὴ
1528 4236 1608 4303 τῷ
1644 4230 1837 4304 μέλανι
1869 4236 1969 4302 τὴν

309 4313 494 4387 ψυχὴν
526 4313 1008 4387 συμμελαίνεσθαι,
1043 4316 1087 4371 εἰ
1137 4317 1228 4371 καὶ
1279 4317 1552 4389 ἁπλότητι
1594 4321 1969 4396 συνηρπάσθη,

309 4400 397 4454 καὶ
445 4402 537 4456 τὸν
590 4400 751 4458 δόλον
803 4404 863 4459 ἐκ
908 4410 1006 4459 τοῦ
1058 4412 1159 4474 τῆς
1204 4409 1389 4482 ψυχῆς
1421 4407 1624 4464 ἀδόλου
1660 4413 1735 4483 μὴ
1771 4411 1971 4488 ἐφυλά-

310 4488 462 4556 ξατο·
524 4490 685 4561 μόνος
738 4489 816 4560 δὲ,
872 4492 1085 4563 μᾶλλον
1138 4492 1195 4547 δὲ
1245 4501 1488 4571 πρῶτος,
1554 4499 1617 4552 τὸ
1690 4502 1973 4569 στασιάζον

308 4578 447 4650 πρὸς
499 4579 666 4649 ἡμᾶς,
724 4578 880 4651 ζήλῳ
926 4586 1027 4648 τῆς
1077 4576 1349 4644 εὐσεϐείας
1394 4585 1569 4656 ἒαυτῳ
1612 4607 1669 4640 τε
1712 4588 1801 4641 καὶ
1850 4594 1969 4649 τοῖς

2082 3436 2195 3507 ipsi
2228 3455 2338 3492 usu
2370 3441 2611 3505 veniret,
2644 3444 2798 3511 quod
2849 3443 3186 3502 Bethlehem
3241 3451 3526 3506 accidisse
3577 3452 3740 3506 vide-

2084 3542 2240 3596 mus,
2275 3543 2450 3597 quam
2486 3528 2648 3583 nulla
2679 3546 2771 3585 res
2818 3534 3139 3602 probsbuit,
3192 3539 3512 3607 quominus
3563 3541 3741 3595 simul

2084 3618 2141 3668 et
2172 3631 2347 3683 parva
2378 3616 2583 3671 civitas
2626 3622 2801 3681 esset.
2843 3626 2900 3674 et
2932 3622 3109 3677 totius
3154 3630 3321 3678 terrea
3374 3629 3738 3699 metropolis,

2085 3706 2289 3772 utpote
2318 3720 2446 3773 qua:
2477 3704 2716 3773 Christi,
2750 3707 2910 3763 orbis
2933 3712 3251 3768 conditoris
3268 3730 3332 3769 ac
3347 3715 3606 3784 victoris,
3640 3735 3742 3789 pa-

2089 3807 2226 3845 rens
2258 3797 2433 3862 atque
2467 3794 2666 3848 nutrix
2692 3798 2980 3852 exstiterit
3008 3798 3035 3853 ?

2151 3879 2344 3935 XVIII.
2379 3880 2529 3936 Illud
2565 3888 2760 3938 autem
2784 3885 2919 3940 hinc
2951 3889 3282 3958 conjicitur.
3337 3893 3481 3949 Nam
3516 3911 3649 3951 cum
3712 3914 3747 3953 a

2083 3967 2428 4024 ferventiore
2457 3970 2723 4026 Ecelesiw
2759 3980 2921 4045 parte
2957 3977 3029 4031 ob
3073 3994 3199 4033 eam
3253 3999 3493 4038 causam
3533 3988 3743 4043 seditio

2082 4057 2139 4111 in
2178 4074 2285 4112 nos
2318 4060 2568 4114 excitata
2598 4068 2775 4127 esset,
2818 4065 2970 4133 quod
2996 4067 3214 4137 scripto
3246 4071 3527 4143 quodam,
3560 4078 3615 4128 et
3645 4091 3738 4128 ar-

2082 4146 2349 4202 tiﬁciosis
2375 4149 2568 4203 verbis
2610 4152 3064 4225 circumscripti,
3117 4155 3175 4210 in
3212 4175 3444 4228 pravam
3490 4162 3737 4217 societa-

2082 4241 2201 4291 tem
2229 4239 2505 4307 pertracti
2528 4239 2868 4309 fuissemus,
2899 4243 3059 4298 solus
3084 4246 3207 4316 ipse
3226 4247 3467 4303 illaesum
3488 4257 3738 4307 mentem

2085 4327 2444 4399 minimeque
2477 4329 2649 4383 simul
2684 4346 2816 4385 cum
2842 4336 3453 4393 atramentoinl‘ectam
3479 4342 3739 4397 animam

2083 4416 2298 4471 habere
2331 4419 2586 4473 creditus
2619 4425 2729 4487 est,
2762 4424 2997 4478 tametsi
3031 4441 3133 4495 per
3172 4426 3353 4481 animi
3391 4428 3739 4500 simplicita-

2084 4510 2201 4559 tem
2237 4506 2517 4576 abreptus
2552 4508 2781 4577 fuisset,
2800 4511 3123 4583 dolumque
3141 4515 3213 4569 ob
3237 4515 3418 4571 animi
3436 4517 3739 4574 sincerita—

2080 4597 2197 4646 tem
2232 4593 2304 4645 ab
2337 4595 2495 4647 omni
2529 4595 2661 4648 dolo
2694 4597 2950 4653 alienam
2985 4602 3229 4657 minime
3269 4606 3536 4661 cavisset.
3590 4608 3738 4671 Quin

310 4663 507 4727 ἀλλοις
542 4664 876 4739 κατήλλαξε,
907 4665 1186 4722 τελεταῖὸν
1236 4672 1285 4724 τ’
1315 4674 1429 4742 (60)
1487 4671 1835 4747 ἀποδραμὸν,
1884 4675 1973 4728 xui

2090 4679 2258 4734 etiam
2285 4681 2607 4747 solus,aut,
2632 4687 2693 4736 ut
2712 4686 2923 4739 rectius
2949 4688 3426 4760 dicam,primus,
3451 4710 3569 4763 eos,
3592 4696 3743 4765 quia

309 4758 530 4826 πρῶτον
563 4752 937 4830 προσδραμὸν,
969 4753 1119 4810 αἰδοῖ
1146 4778 1205 4811 τε
1233 4763 1329 4812 τοῦ
1363 4756 1577 4835 ἀνδρὸς,
1607 4762 1696 4815 xui
1746 4767 1815 4836 τῇ
1869 4769 1967 4817 τοῦ

312 4840 583 4920 δόγματος
616 4845 945 4921 καθαρότητι
972 4865 984 4877 °
1022 4844 1162 4902 ὥστε
1189 4847 1279 4902 καὶ
1310 4848 1400 4902 τὸν
1433 4847 1607 4904 πολὺν
1641 4849 1806 4907 σάλον
1858 4856 1963 4907 τῶν

386 5060 493 5131 (55)
544 5059 642 5113 Καὶ
690 5059 965 5120 ἀναλύειν.
1018 5063 1225 5121 Billius
1275 5084 1341 5124 τα
1377 5074 1434 5123 et
1482 5069 1913 5126 confundendo.
1944 5093 1973 5121 »

313 5131 531 5188 Verum
564 5134 649 5215 sic
680 5137 975 5215 vertendo,
1007 5136 1123 5215 vim
1156 5138 1314 5195 vocis
1364 5157 1475 5215 non
1531 5141 1972 5215 red_dit.rlmpu-

359 5210 457 5280 nat
486 5207 641 5280 enim
694 5207 789 5263 hic
822 5209 1135 5280 Gregorius
1187 5228 1402 5267 novum
1454 5207 1972 5270 Sabellianismum

359 5220 457 5259 nat
486 5223 641 5261 enim
694 5220 789 5263 mc
822 5220 1135 5280 Gregorius
1187 5228 1402 5267 novum
1454 5220 1972 5270 Sabellianismum

316 5220 850 5355 glarcellianorum,
884 5281 985 5352 qui
1032 5282 1244 5336 Filium
1273 5300 1339 5338 ac
1369 5284 1654 5355 Spiritum
1705 5294 1975 5342 sanctum

318 5362 348 5399 a
381 5347 551 5403 Patre
580 5347 916 5420 productos'
940 5369 1070 5408 esse
1115 5347 1520 5420 concedentes,
1553 5374 1651 5411 eos
1685 5363 1882 5413 tamen
1915 5359 1975 5413 in

318 5400 739 5498 perhs'unarvere
790 5424 1109 5498 subsistere
1155 5427 1471 5498 negabant.
1506 5400 1691 5495 llnde,
1726 5427 1798 5489 εἰς
1828 5426 1906 5495 ἓν,
1939 5429 1975 5497 ἢ

323 5484 512 5571 μηδὲν,
547 5490 742 5561 inquit
792 5495 1066 5571 Basilius,
1092 5519 1120 5571 ει
1151 5497 1211 5553 in
1235 5484 1445 5571 Tinam,
1477 5499 1565 5553 vel
1600 5484 1797 5571 potius
1847 5484 1977 5556 nul;

319 5560 434 5641 lam
485 5560 807 5641 .pers0nam
835 5560 1254 5641 _resolvebant.
1286 5593 1306 5618 ι
1360 5560 1443 5625 Et
1485 5560 1855 5641 scholiastes,
1904 5571 1980 5633 εἰς

317 5630 441 5759 ipim
475 5629 736 5705 ὀνόματα,
772 5656 801 5685 ‹‹
831 5634 890 5691 in
924 5638 1036 5693 tria
1071 5643 1309 5699 nomina
1348 5642 1698 5699 Trinitatem
1732 5629 1980 5701 resolve;

362 5708 541 5759 ant.»

362 5720 541 5759 ant.»

392 5777 507 5851 (56)
558 5776 797 5850 Βαθμοῖς
861 5778 1199 5855 μετρουμένη
1252 5782 1341 5837 καὶ
1388 5777 1705 5842 ὖποϐάσεσι.
1758 5808 1787 5837 ‹‹
1837 5786 1979 5843 Gra-

2080 4768 2250 4821 nobis
2272 4768 2345 4823 ob
2360 4768 2595 4838 pietatis
2612 4770 2801 4826 zelum
2818 4774 3205 4843 dissidebant,
3222 4782 3277 4832 et
3294 4779 3428 4849 sibi,
3450 4787 3505 4835 et
3519 4783 3743 4839 caeteris

2078 4856 2497 4928 reconciliavit,
2518 4864 2848 4929 postremos
2868 4878 2900 4917 a
2914 4863 3084 4919 nobis
3098 4866 3419 4937 sejunctos,
3439 4874 3496 4925 et
3512 4871 3743 4942 primos

2086 5073 2272 5146 duum
2296 5075 2665 5145 superiorum
2686 5082 2742 5133 et
2763 5080 3100 5137 inferiorum
3128 5101 3414 5141 mensura;
3434 5088 3742 5146 obnoxia.»

2086 5145 2517 5236 Ln‘sublimiorni
2550 5150 2767 5236 gradu“
2792 5152 3020 5236 Patrem
3052 5155 3417 5236 collocabant
3464 5160 3741 5236 ὸωνοὶίοὶ,

2086 5216 2389 5295 Filiumin
2422 5216 2701 5295 inferiori,
2734 5223 3016 5295 Spiritum
3050 5227 3104 5280 in
3140 5229 3362 5285 inﬁmo.

2158 5288 2269 5370 (57)
2301 5288 2357 5370 'D
2394 5288 2560 5370 μέγας
2606 5288 2831 5354 ἐκεῖνος.
2863 5297 2956 5351 Sic
2986 5300 3125 5370 Reg.
3159 5318 3211 5367 a,
3246 5308 3305 5356 et
3333 5302 3430 5358 ΟΡ.
3460 5307 3515 5360 2.
3550 5304 3613 5360 In
3647 5307 3740 5362 ed.

2089 5357 2290 5419 ἐκεῖνος
2317 5362 2344 5413 ὁ
2376 5357 2563 5431 μέγας.
3043 5398 3047 5403 -

2304 5432 2422 5487 Καί.
2458 5432 2639 5507 Deest
2662 5436 2717 5489 in
2754 5437 2890 5507 Reg.
2925 5456 2979 5507 a,
3011 5446 3068 5495 et
3101 5440 3196 5496 Or.
3234 5444 3284 5497 1.

2180 5434 2250 5485 58
2304 5434 2422 5487 Καί.
2459 5434 2629 5489 Deest
2662 5436 2717 5489 in
2754 5437 2890 5507 Reg.
2925 5456 2979 5507 a,
3011 5446 3068 5495 et
3101 5440 3196 5496 Or.
3234 5444 3284 5497 1.

2159 5434 2271 5580 (59)
2320 5505 2874 5580 Κατε-στασιάσθημεν.
2930 5511 3022 5565 Sic
3072 5513 3105 5565 3
3151 5513 3332 5580 C0lb.,
3387 5515 3558 5571 Coisl.
3610 5519 3633 5571 1
3686 5524 3744 5574 et

2088 5580 2144 5639 ’2',
2187 5576 2283 5630 Or.
2337 5578 2389 5646 1,
2435 5578 2579 5646 Jes.,
2629 5576 3063 5639 etc.'Mendose
3115 5585 3175 5640 in
3224 5576 3420 5658 editis,
3466 5591 3744 5642 κατεπιά·

2090 5653 2190 5712 σθη
2203 5665 2297 5716 μεν
2308 5688 2321 5701 .

2088 5714 2626 5845 τα(ἓ9)τ’ἓ¹ελευταῖόν
2654 5721 2720 5775 τ’.
2761 5723 2942 5798 chg.
2974 5742 3026 5800 a,
3058 5726 3182 5799 bm,
3230 5732 3287 5789 et
3335 5729 3429 5788 0r.
3464 5731 3516 5802 1,
3555 5726 3744 5791 τελευο
