4090 6410
369 411 522 472 1007

1614 401 1679 459 S.
1729 394 2104 456 GREGORII
2149 394 2548 456 THEOLOGI

3637 397 3794 461 1008

364 541 779 605 reversos,tum
793 535 865 592 ob
881 535 1071 608 ipsius
1087 532 1620 596 reverentiam,tum
1640 529 1712 582 ob
1730 527 2013 597 dogmatis

2142 523 2482 594 Ἐκκλησιῶν
2516 521 2964 596 κατασϐεσθῆναι,
2996 525 3085 580 καὶ
3117 532 3306 596 στῆναι
3356 528 3454 593 τὴν
3506 526 3795 602 καταιγίδα

361 631 696 704 puritatem,
729 632 811 686 ita
838 633 902 683 ut
932 624 1126 695 gravis
1149 622 1539 678 Eeelesiarum
1572 625 1887 687 tempestas
1922 631 2018 669 ex-

363 723 577 780 stincta
605 721 703 783 sit,
723 736 788 775 ac
811 714 1062 791 procella
1086 715 1146 765 in
1169 727 1373 766 auram
1402 709 1653 771 redacta,
1681 705 1865 776 ipsius
1890 721 2016 776 pre-

363 814 528 870 cibus
546 818 601 866 et
621 805 1118 866 admonitionibus
1135 798 1522 865 soluta,nobis
1536 795 1767 850 interim
1791 795 1860 862 (si
1878 793 2016 863 quid

357 901 607 975 juvenili
639 913 800 954 more
840 891 1204 967 jactabunde
1232 887 1390 959 loqui
1423 888 1510 940 fas
1544 887 1676 955 est),
1701 883 2016 975 etpietatis

363 972 422 1048 et
443 1006 630 1062 operis
663 986 860 1049 sociis,
893 982 993 1054 qui
1025 995 1155 1035 cum
1177 978 1247 1032 ad
1281 991 1455 1030 omne
1474 976 1695 1029 bonum
1718 972 2017 1042 adjutores

363 1081 477 1154 ipsi
508 1082 565 1135 et
595 1077 834 1134 comites
865 1086 1152 1137 essemus,
1185 1082 1250 1122 ac
1277 1064 1436 1119 velut
1467 1079 1500 1118 ι
1531 1062 1710 1118 latere
1753 1076 2015 1116 currere-

365 1148 521 1239 mus,
574 1168 669 1223 hic
719 1165 821 1220 Dei
871 1157 1152 1217 beneficio
1199 1158 1386 1209 multo
1441 1151 1759 1207 maximam
1794 1148 2017 1203 laboris

363 1237 666 1331 studiique
707 1257 935 1328 partem
993 1244 1375 1304 contulimus.
1440 1242 1652 1331 verum
1701 1254 1894 1295 sermo
1944 1237 2016 1331 de

2129 611 2204 673 εἲς
2236 610 2420 683 αὔραν,
2469 620 2586 676 ταῖς
2641 614 2846 670 ἐκείνου
2900 613 3148 678 λυθεῖσαν
3207 614 3398 689 εὐχαῖς
3457 637 3517 670 τε
3545 614 3635 670 καὶ
3668 617 3796 689 παρ’

2128 701 2409 774 αινέσεσιν,
2497 702 2552 757 εἷ’
2615 725 2667 758 τι
2743 702 2824 759 δεῖ
2870 704 2959 759 καὶ
3017 706 3420 770 νεανιεύσασθαι
3481 710 3616 780 (61),
3677 711 3794 779 μετ’

2131 793 2292 862 ἡμῶν
2347 797 2625 846 κοινωνῶν
2684 794 2773 848 καὶ
2831 801 2932 862 τῆς
2983 789 3274 865 εὐσεϐείας,
3333 795 3422 848 καὶ
3482 803 3581 863 τῆς
3639 797 3792 870 ἐνερ-

2125 879 2312 954 γείας·
2368 880 2419 935 ο⁹ί
2469 883 2604 956 πρὸς
2656 889 2758 936 πᾶν
2809 884 3000 958 ἀγαθὸν
3054 883 3201 954 αὐτῷ
3242 883 3643 956 συναιρόμενοι,
3700 885 3790 940 καὶ

2128 969 2241 1022 οἷον
2273 976 2746 1044 παρομαρτοῦντες
2775 971 2866 1025 καὶ
2918 972 3302 1045 παραθέοντες,
3358 971 3581 1026 ἐνταῦθα
3629 972 3791 1028 πλεῖ-

2128 1077 2252 1112 στον
2315 1058 2476 1132 μέρος
2529 1065 2947 1134 συνεισενεγκεῖν
2993 1061 3336 1132 ἠξιώθημεν.
3409 1059 3562 1117 Ἀλλ’
3614 1063 3642 1116 ὁ
3696 1063 3792 1134 μὶν

2128 1148 2252 1221 περί
2306 1148 2512 1203 τούτων
2564 1149 2750 1225 λόγος,
2800 1149 2994 1224 μικρόν
3023 1170 3075 1203 τι
3107 1147 3536 1224 προεκδραμὼν,
3569 1150 3793 1206 ἐνταῦθα

2135 1257 2393 1308 μεινατω.

362 1351 456 1408 his
486 1325 684 1412 rebus,
709 1325 986 1400 ordinem
1018 1352 1194 1392 suum
1226 1330 1496 1388 nonnihil
1528 1335 1929 1402 antegressus,
1959 1325 2071 1380 hoc
2100 1325 2226 1384 loco
2257 1330 2656 1400 conquiescat.

430 1439 571 1497 XIX.
603 1433 744 1499 Quis
783 1439 977 1487 autem
1007 1431 1089 1481 tot
1121 1424 1280 1479 illius
1327 1422 1595 1486 virtutes,
1646 1423 1749 1474 aut
1776 1432 2020 1473 enume-

357 1529 544 1587 rando
575 1524 894 1583 recenseat,
921 1520 1020 1572 aut
1051 1512 1238 1568 multa
1268 1512 1563 1581 praeterire
1585 1508 1856 1579 cupiens,
1879 1505 2016 1576 quid

356 1613 828 1692 praatereundum
861 1606 958 1672 sit,
985 1602 1153 1658 facile
1185 1600 1439 1692 reperire
1499 1602 1675 1692 queat
1705 1599 1726 1650 P
1773 1596 2020 1692 semper

358 1683 517 1765 enim
538 1698 824 1777 quidquid
861 1695 1124 1750 animum
1175 1689 1353 1777 subit,
1403 1685 1745 1777 pratentius
1776 1683 1867 1745 iis,
1888 1698 2016 1752 qua:

357 1772 801 1869 praecesserunt,
836 1799 965 1841 esse
984 1781 1215 1836 videtur
1245 1795 1257 1832 :
1285 1776 1463 1846 idque
1496 1772 1850 1844 amplector:
1888 1787 2016 1869 ma:

357 1857 569 1960 .gisque
596 1881 744 1952 ipse,
778 1874 917 1946 quid
942 1869 1088 1927 mihi
1120 1863 1851 1960 omittendum_sit,-quam
1915 1857 2014 1960 alii

2203 1418 2300 1472 16'.
2359 1417 2451 1479 Τίς
2511 1415 2557 1471 δ’
2615 1417 2673 1471 ἂν
2731 1422 2839 1472 τῶν
2898 1417 3103 1472 ἐκείνου
3158 1417 3342 1473 καλῶν
3392 1420 3426 1486 ἢ
3481 1418 3543 1473 τὸ
3574 1416 3791 1488 πλῆθος

2128 1504 2572 1580 ἐξαριθμήσαιτο,
2624 1507 2658 1576 ἣ
2704 1508 2772 1560 τὰ
2821 1505 2998 1561 πλείω
3048 1505 3422 1582 παραδραμεῖν
3453 1507 3675 1575 ἐθέλων,
3711 1509 3786 1581 μὴ

2126 1593 2386 1669 χαλεπῶς
2439 1594 2587 1664 εὕροι
2635 1596 2694 1649 τὸ
2743 1598 3004 1668 παρετέον
3056 1599 3213 1668 (62);
3271 1596 3384 1650 Ἀεὶ
3434 1597 3538 1671 γὰρ
3594 1597 3658 1650 τὸ
3688 1598 3786 1664 τήν

2128 1680 2364 1738 διάνοιαν
2414 1683 2668 1750 ἐπεισιὸν,
2714 1690 2958 1761 κρεῖττον
3015 1689 3122 1739 τῶν
3185 1684 3606 1763 προειληφότων
3663 1685 3786 1760 φαί-

2124 1792 2291 1826 νεται·
2344 1774 2433 1826 καὶ
2493 1775 2625 1846 μετά
2665 1773 2861 1828 τούτου
2895 1777 3007 1846 (63)
3040 1774 3288 1848 γίνομαι·
3323 1773 3414 1828 καὶ
3447 1772 3637 1828 πλεῖον
3669 1777 3786 1845 (64)

2125 1859 2248 1933 ἐμοὶ
2278 1866 2374 1916 τοῦ
2404 1862 2457 1916 τί
2489 1864 2599 1938 χρή
2633 1865 2987 1937 παραλιπεῖν,
3018 1864 3052 1932 ἣ
3105 1864 3224 1925 τοῖς
3259 1861 3454 1925 ἄλλοις
3483 1862 3788 1925 ἰπαινέταις

357 1947 712 2038 laudatores,
741 1964 881 2038 quid
913 1963 1103 2017 dicere
1125 1957 1395 2018 debeant,
1421 1951 1726 2007 addubito.
1791 1950 1876 2004 ita
1925 1949 2008 2015 ﬁt,

2131 1955 2214 2004 τοῦ
2270 1950 2321 2004 τί
2368 1952 2480 2026 χρή
2531 1951 2705 2027 λέγειν
2762 1954 2796 2020 ἡ
2854 1951 3055 2026 ἀπορία
3105 1955 3238 2024 (65)·
3283 1947 3422 2007 ὥστε
3461 1973 3554 2025 μοι
3581 1952 3784 2028 τρόπον

358 2071 426 2122 ut
455 2063 600 2120 mihi
631 2060 800 2130 cepia
827 2047 1262 2126 quodammodo
1295 2049 1354 2100 in
1379 2044 1797 2098 detrimentum
1819 2041 2008 2130 cedat,

359 2167 640 2223 mensque
670 2128 798 2217 ipsa
825 2140 1175 2213 exploretur,
1206 2137 1345 2190 dum
1379 2132 1538 2223 illius
1571 2132 1766 2185 Iaudes
1788 2128 2011 2223 explo-

357 2260 488 2302 rare
517 2218 877 2313 aggreditur,
911 2246 1016 2285 nec
1048 2229 1198 2281 inter
1221 2222 1468 2294 aequalia
1501 2218 1875 2313 praestantius

357 2334 441 2390 hil
466 2307 725 2387 invenire
749 2325 956 2396 potest.
994 2318 1140 2374 Nam
1171 2313 1326 2385 quod
1360 2313 1421 2366 in
1467 2308 1797 2378 tranquillis
1838 2307 2012 2361 undis

355 2420 585 2479 evenire
617 2414 931 2476 cernimus,
964 2411 1029 2461 ut
1059 2418 1194 2459 cum
1243 2401 1496 2470 injectus
1541 2396 1691 2468 lapis
1749 2400 2011 2450 centrum

357 2508 630 2573 effecerit,
662 2502 814 2559 alius
845 2511 1019 2568 super
1048 2492 1230 2549 alium
1265 2486 1524 2544 circulus
1554 2487 1858 2549 excitetur,
1884 2499 2014 2537 con-

355 2601 724 2666 tinenterque
740 2591 800 2645 in
815 2581 1186 2658 superficiem
1211 2579 1462 2666 agitatus
1483 2579 1786 2666 externum
1821 2574 2011 2628 circu-

355 2689 479 2745 lum
511 2662 740 2754 semper
769 2675 1066 2738 dissolvat,
1101 2669 1157 2724 id
1185 2665 1325 2722 mihi
1348 2664 1520 2754 plane
1544 2662 1637 2754 hic
1662 2677 1892 2754 quoque
1919 2675 2011 2713 ae-

359 2777 518 2834 cidit.
549 2751 721 2830 Aliud
752 2765 912 2822 enim
943 2763 1002 2818 in
1037 2760 1293 2813 mentem
1325 2753 1501 2819 venit,
1537 2751 1696 2805 aliud
1738 2763 2014 2819 superve-

359 2866 468 2938 nit,
500 2861 660 2920 aliud
692 2872 821 2914 sese
851 2848 1168 2914 subduxit;
1203 2849 1399 2938 atque
1421 2839 1732 2938 indeleotu
1788 2838 2010 2938 laboro,

362 2926 517 3016 84,3
541 2955 685 3009 dum
715 2948 796 3015 id,
825 2942 981 3016 quod
1001 2938 1161 3012 prius
1181 2932 1425 3005 arripui,
1449 2933 1521 3001 ei,
1546 2929 1694 3000 quod
1734 2935 1934 2999 postea
1953 2926 2013 2981 in

363 3047 628 3106 animum
663 3035 876 3103 inﬂuit,
908 3033 1035 3087 loco
1060 3027 1236 3085 cedit.

431 3134 539 3192 XX.
575 3130 715 3197 Quis
743 3126 898 3182 enim
945 3119 1048 3175 illo
1078 3117 1139 3172 in
1189 3111 1441 3187 publicis
1495 3109 1740 3180 negotiis
1787 3107 2012 3197 studio-

361 3226 481 3283 sior
499 3223 526 3278 ?
556 3196 698 3285 Quis
729 3216 788 3269 in
813 3215 984 3269 rebus
1007 3202 1343 3263 domesticis
1383 3198 1723 3271 sapientior,
1747 3196 2011 3267 quando-

2126 2040 2245 2093 τινὰ
2293 2039 2492 2111 ζημίαν
2541 2041 2775 2115 γίνεσθαι
2826 2041 2925 2107 τὴν
2975 2039 3311 2115 περιουσίαν,
3342 2042 3433 2096 καὶ
3489 2039 3788 2114 δοκιμάζε-

2131 2138 2250 2190 σθαι
2278 2130 2377 2196 τήν
2415 2126 2673 2199 διάνοιαν,
2698 2130 2765 2182 τὰ
2796 2129 2999 2184 ἐκείνου
3032 2128 3349 2203 δοκιμάζειν
3400 2129 3784 2205 ἐπιχειροῦσαν

2121 2217 2210 2270 καὶ
2242 2217 2340 2270 οὐκ
2371 2213 2600 2292 ἔχουσαν
2642 2218 2703 2272 τὸ
2734 2216 2912 2272 νικοῦν
2949 2217 3120 2294 εὑρεῖν
3148 2224 3268 2280 τοῖς
3319 2220 3614 2292 ὁμοτιμοις
3647 2223 3784 2292 (66).

2122 2308 2293 2380 ’Όπερ
2325 2307 2427 2380 γὰρ
2460 2305 2546 2360 ἐπὶ
2576 2311 2684 2360 τῶν
2716 2312 2984 2381 σταθερῶν
3022 2305 3228 2362 ὑδάτων
3273 2308 3489 2382 ὁρῶμεν
3547 2303 3782 2380 συμϐαῖ-

2121 2415 2235 2464 νον,
2292 2394 2416 2448 ὅταν
2464 2395 2638 2470 ψηφὶς
2689 2394 2997 2468 ἐμπεσοῦσα
3045 2395 3263 2471 κέντρον
3324 2395 3565 2472 γένηται,
3617 2394 3785 2451 ἄλλοι

2124 2482 2205 2536 ἐπ’
2248 2483 2406 2555 ἄλλῳ
2453 2483 2657 2545 κύκλος
2713 2482 3056 2559 ἐγειρόμενος
3105 2485 3193 2538 καὶ
3243 2489 3485 2559 συνεχῶς
3537 2483 3787 2562 έπιφρίσ-

2123 2593 2230 2626 σων
2275 2573 2356 2626 ἀεὶ
2408 2571 2524 2626 λόει
2570 2575 2660 2628 τὸν
2712 2571 2926 2643 ἔξωθεν·
2985 2578 3147 2628 τοῦτο
3195 2574 3285 2628 καὶ
3343 2573 3490 2645 αὖτῷ
3523 2596 3616 2646 μοι
3650 2596 3787 2646 συμ-

2125 2656 2354 2732 ϐέϐηκεν
2408 2659 2681 2737 ἄντικρυς.
2731 2664 2802 2717 Τὸ
2840 2663 2932 2735 μὶν
2959 2662 3045 2717 ἐπὶ
3075 2661 3200 2717 νοῦν
3232 2661 3390 2735 ἦλθε,
3422 2662 3484 2718 τὸ
3520 2661 3577 2718 δὲ
3606 2663 3785 2718 ἐπεισ-

2123 2750 2282 2820 ῆλθε,
2312 2753 2372 2805 τὸ
2419 2749 2476 2806 δὲ
2533 2753 2911 2827 ὑπεχώρησεν·
2959 2752 3048 2806 καὶ
3096 2753 3285 2825 κάμνω
3337 2753 3461 2828 περὶ
3502 2754 3600 2822 τὴν
3631 2751 3784 2828 αἶ’ρε-

2123 2862 2230 2909 σιν,
2280 2842 2360 2896 ἀεὶ
2407 2846 2504 2895 τοῦ
2554 2837 3063 2917 προκαταλαϐόντος
3105 2845 3218 2915 (67)
3253 2843 3672 2916 ὑπεξισταμένου
3702 2841 3785 2915 τῷ

2124 2928 2478 3006 έπεισρὲοντι.

2194 3116 2266 3163 Κ”
2299 3109 2388 3170 Τίς
2426 3111 2518 3182 μὲν
2565 3111 2666 3185 γὰρ
2719 3109 2926 3164 ἐκείνου
2979 3110 3103 3186 περὶ
3151 3111 3219 3166 τὰ
3274 3111 3427 3165 κοινᾶ
3485 3108 3786 3166 σπουδαιό-

2123 3218 2311 3273 τερος;
2343 3199 2425 3260 τίς
2457 3196 2513 3253 δὲ
2542 3199 2608 3252 τὰ
2640 3199 2779 3253 οἷ’κοι
2811 3198 3256 3276 φιλοσοφώτερος
3307 3202 3444 3272 (68),
3472 3196 3657 3268 ἐπειδὴ
3691 3199 3785 3254 καὶ

361 3312 598 3388 quidem
621 3305 757 3379 ipsi,
787 3309 840 3358 et
870 3301 1134 3360 domum,
1157 3298 1213 3348 et
1233 3307 1372 3363 opes
1397 3290 1546 3388 satis
1569 3286 1815 3388 amplas,
1838 3291 2013 3388 Deus:

2131 3289 2272 3342 οἶκον
2323 3286 2566 3363 ἐμέρισεν
2620 3287 2784 3359 αὐτῷ,
2817 3288 2907 3342 καὶ
2956 3295 3145 3356 κτῆσιν
3192 3287 3522 3363 σύμμετρον,
3556 3289 3583 3343 ὁ
3613 3290 3787 3344 πάντα

363 3375 468 3478 qui
497 3375 700 3458 omnia
727 3400 880 3450 recte
912 3405 978 3444 ac
1009 3384 1160 3441 varie
1189 3379 1580 3445 administrat,
1603 3376 1849 3447 largitus
1877 3375 2014 3432 est?

363 3467 504 3562 Quis
543 3483 919 3561 pauperibus,
955 3479 1061 3533 hoc
1099 3480 1208 3542 est,
1251 3469 1659 3562 abjecti‘ssimae
1707 3467 1856 3562 parti
1904 3483 2017 3562 ρει-

362 3554 844 3650 turis,-cui-idem
877 3569 1121 3624 debetur
1148 3563 1353 3630 honor,
1385 3558 1472 3614 vel
1497 3556 1691 3613 animo
1710 3554 2023 3610 condolen-

362 3646 615 3739 tior,'vel
649 3678 828 3720 manu
888 3654 1100 3727 largior
1145 3658 1202 3707 et
1243 3646 1576 3723 profusior?
1624 3646 1769 3700 Nam
1820 3661 2019 3700 revera

364 3735 649 3832 tanquam
677 3753 998 3809 alienorum
1036 3745 1321 3799 bonorum
1354 3743 1717 3810 procurator,
1750 3736 1821 3789 de
1848 3735 2018 3789 bonis

366 3825 827 3918 suis-cogitabat,
859 3848 1185 3908 pauperum
1228 3827 1487 3898 inepiam
1539 3841 1718 3895 quam
1767 3825 2018 3878 maxime

366 3915 613 4014 poterat,
638 3930 976 3990 sublevans,
1002 3939 1106 3978 nec
1138 3916 1437 3990 superflua
1457 3916 1762 3978 duntaxat,
1786 3915 1887 3967 sed
1916 3929 2014 3968 ne-

368 4002 626 4086 cessaria
645 4034 876 4094 quoque
893 4016 953 4070 in
976 4027 1104 4067 eam
1124 4025 1246 4065 rem
1263 4007 1590 4073 insumens,
1605 4003 1758 4074 quod
1774 4002 2016 4072 quidem

364 4114 671 4176 charitatis
700 4126 836 4177 erga
860 4118 1149 4178 pauperes
1199 4095 1642 4171 apertissimum
1703 4109 2014 4162 argumen-

361 4213 493 4265 tum
523 4211 632 4271 est,
665 4203 1006 4273 partemque
1038 4194 1207 4259 dans,
1260 4203 1375 4242 non
1429 4189 1654 4254 septem
1704 4182 2011 4273 duntaxat,

360 4296 522 4354 velut
551 4272 885 4348 Salomonis
916 4283 1006 4338 lex
1037 4276 1363 4352 praescribit
1394 4275 1676 4340 ",verum
1701 4272 1750 4325 si
1774 4275 2013 4325 octavus

360 4387 536 4443 etiam
571 4379 891 4440 accederet,
923 4389 995 4428 ne
1030 4370 1120 4424 hic
1152 4376 1341 4423 tamen
1375 4363 1628 4420 restricti
1676 4378 1742 4415 ac
1791 4360 2012 4415 sordidi

359 4471 542 4530 animi
575 4467 716 4524 vitio
746 4464 1042 4526 laborans,
1068 4458 1168 4513 sed
1192 4455 1468 4510 libentius
1495 4469 1603 4508 sua
1627 4451 2009 4522 profundeus,

361 4578 535 4638 quam
569 4557 666 4615 alii
696 4553 1042 4626 acquirant:
1076 4547 1376 4603 vinculum
1406 4549 1463 4597 et
1519 4540 1859 4597 electionem
1899 4540 2011 4594 tol-

357 4630 701 4718 lens“(hoc
739 4647 846 4711 est,
883 4645 946 4695 ut
1003 4637 1240 4709 quidem
1294 4633 1666 4703 interpretor,
1725 4630 2010 4684 tenacita-

357 4750 497 4810 tem,
544 4744 601 4797 et
642 4732 1097 4808 explorationem
1142 4726 1294 4796 ejus,
1347 4723 1445 4795 qui
1500 4726 1847 4791 accepturus
1899 4723 2007 4788 est,

357 4839 513 4894 sitne
541 4827 813 4886 videlicet
842 4823 1080 4896 dignus,
1114 4820 1340 4884 necne),
1393 4831 1459 4870 ac
1510 4813 1831 4868 murmuris
1880 4827 2006 4866 ver-

424 4980 468 5016 "
499 4974 686 5033 Eccle.
717 4988 796 5039 x1,
827 4970 881 5024 2.
959 4966 1003 5001 ⁵⁸
1037 4966 1148 5020 lsa.
1181 4977 1336 5027 Lvm,
1367 4960 1422 5012 9.

423 5121 539 5192 (61)
568 5106 1130 5192 Νεανιερσασραι,ρῐ·.
1169 5107 1219 5192 t,
1251 5098 1630 5192 νεανιεόεέθεξὶ.

890 5184 986 5241 Sic
1020 5183 1158 5250 Reg.
1186 5170 1306 5243 bm,
1334 5181 1454 5230 tres
1485 5173 1666 5238 Colb.,
1693 5171 1788 5225 Or.
1818 5172 1868 5239 1,
1892 5170 2012 5224 Jes.

353 5259 574 5327 Inledq
607 5259 856 5332 παρεθέν.
2001 5311 2013 5330 ν

396 5336 534 5424 ,(6ἶξ)
569 5333 715 5387 Μετὰ
764 5328 982 5382 τούτου.
1025 5327 1204 5394 Regg.
1258 5337 1310 5389 ι,
1361 5319 1484 5385 bm,
1533 5320 1592 5372 et
1639 5314 1735 5370 Or.
1791 5314 1842 5380 1,
1898 5331 1994 5384 μετ

353 5424 538 5460 αυτου.

423 5477 534 5543 (64)
565 5471 785 5528 Πλεῖον.
809 5471 962 5543 Tres
992 5465 1186 5543 (1011).ι
1214 5467 1271 5517 et
1300 5462 1576 5543 Montaocq
1608 5454 1839 5543 πλείων.

557 5544 620 5600 Ἡ
654 5539 872 5613 ἀπορία,
907 5541 1044 5616 Ρερρςς
1079 5555 1131 5600 a,
1163 5532 1401 5616 άπειρία,
1424 5556 1458 5616 ’‹‹
1494 5532 1810 5616 imperitia;
1838 5548 1866 5616 υ

565 5617 644 5672 Τὸ
675 5600 858 5667 νικοῦν
897 5600 1066 5682 εὑρεῖν
1105 5611 1222 5667 τοῖς
1273 5600 1596 5732 Emeritam.—
1623 5602 1762 5670 Reg.
1799 5602 1919 5665 bm,
1953 5600 2010 5653 et

443 5728 446 5732 _
472 5691 491 5732 1
545 5688 609 5732 τὸ
640 5688 804 5732 νικῶν
829 5681 1043 5732 [bene].
1067 5681 1225 5732 Idem
1257 5679 1422 5732 Rem.
1487 5693 1568 5732 m.
1591 5679 1648 5730 et
1675 5677 1797 5726 tres
1820 5669 2005 5732 Colb.,

350 5669 609 5758 prlii—:13
640 5688 804 5758 νικῷν
829 5669 1043 5758 [bene].
1067 5681 1225 5758 idem
1257 5669 1422 5758 Beg._,
1444 5669 1568 5758 lim,
1591 5669 1797 5758 et__tres
1820 5669 2005 5758 {lo-1b.,

348 5752 400 5808 ἂν
430 5746 548 5822 τοῖς
581 5746 907 5831 ὁμο-τιμαῖς,
941 5746 1224 5824 [optime].
1256 5746 1420 5816 Quod
1451 5748 1536 5804 sic
1574 5746 1793 5819 optime
1823 5746 2002 5798 inter-

2125 3375 2310 3438 καλῶς
2330 3376 2420 3431 καὶ
2450 3376 2718 3438 ποικίλως
2735 3376 3041 3449 οἰκονομῶν
3073 3377 3201 3440 Θεός
3228 3395 3241 3446 ;
3273 3378 3363 3439 Τίς
3397 3375 3454 3433 δὲ
3484 3379 3786 3450 πένησι,τῷ

2127 3465 2456 3539 ἀτιμωτάτῳ
2493 3465 2641 3540 μέρει
2669 3472 2769 3535 τῆς
2801 3465 3074 3539 ὁμοτίμου
3105 3466 3340 3544 φύσεως,
3385 3467 3420 3535 ἣ
3448 3468 3548 3535 τὴν
3595 3468 3780 3541 ψυχὴν

2128 3555 2626 3628 συμπαθέστερος,ἣ
2652 3557 2749 3622 τήν
2782 3560 2945 3630 χεῖρα
2975 3552 3361 3629 δαψιλέστερος
3387 3575 3400 3622 ;
3431 3560 3509 3626 τῷ
3531 3549 3644 3609 ὄντι
3676 3557 3779 3629 γάρ

2128 3645 2202 3706 ὡς
2235 3645 2529 3715 οἰκονόμος
2558 3643 2870 3719 ἀλλοτρίων
2907 3643 3164 3699 διενοεῖτο
3197 3645 3320 3716 περί
3351 3649 3456 3698 τῶν
3481 3643 3781 3713 ἰδίων,ἐπι-

2126 3734 2398 3810 κουφίζων
2429 3735 2528 3802 τὴν
2561 3734 2744 3788 πενίαν
2769 3734 2846 3796 εἷς
2879 3731 3126 3806 δύναμιν,
3159 3733 3248 3787 καὶ
3273 3731 3683 3804 δαπανώμενος,
3717 3731 3780 3786 οὐ

2125 3829 2242 3885 τοῖς
2289 3829 2565 3899 περιττοῖς
2620 3823 2812 3895 μόνον,
2863 3820 3008 3877 ἀλλὰ
3066 3820 3132 3891 δὴ
3178 3823 3267 3875 καὶ
3297 3826 3415 3883 τοῖς
3447 3821 3782 3894 ἀναγκαίοις,

2126 3913 2266 3988 ἥπερ
2308 3910 2374 3980 δὴ
2420 3912 2722 3989 σαφεστάτη
2775 3909 3160 3989 φιλοπτωχίας
3206 3909 3500 3980 ἀπόδειξις,
3549 3911 3638 3964 καὶ
3696 3907 3783 3964 δι-

2128 4000 2259 4060 δοὺς
2295 3999 2507 4075 μερίδα,
2541 4001 2601 4056 οὐ
2632 4007 2750 4063 τοῖς
2783 4001 2917 4055 ἐπτὰ
2969 4001 3156 4074 μόνον,
3205 4002 3343 4055 κατά
3384 4003 3482 4068 τήν
3533 4005 3630 4054 τοῦ
3677 4007 3780 4054 Σο-

2128 4092 2412 4163 λομῶντος
2460 4091 2804 4164 νομοθεσίαν,
2860 4089 2987 4145 ἀλλ’
3021 4090 3071 4145 εἷ’
3114 4087 3408 4166 προσέλθοι
3440 4089 3529 4144 καὶ
3560 4086 3780 4163 ὄγδοος,

2129 4178 2272 4253 μηδὲ
2311 4181 2532 4235 ἐνταῦθα
2565 4178 3097 4254 μικρολογούμενος,
3139 4177 3267 4234 ἀλλ’
3316 4176 3474 4247 ἥδιον
3526 4179 3781 4232 ἀποκτώ-

2129 4291 2313 4342 μενος,
2374 4271 2408 4338 ἣ
2467 4268 2800 4340 κτωμένους,
2863 4266 3070 4330 ἄλλους
3135 4268 3492 4343 γινώσκομεν·
3545 4267 3774 4341 ἀναιρῶν

2125 4357 2428 4430 σύνδεσμον
2477 4355 2564 4412 καί
2624 4356 2966 4432 χειροτονίαν
3029 4356 3182 4432 (ὅπερ
3243 4356 3367 4430 ἐμοὶ
3412 4354 3628 4411 δύναται
3688 4376 3774 4426 μι-

2122 4447 2416 4523 κρολογίαν
2467 4447 2556 4500 καὶ
2609 4445 2928 4517 δοκιμασίαν
2983 4451 3078 4501 τοῦ
3129 4447 3472 4520 Αηψομένου,
3531 4446 3676 4506 ὅστις
3722 4464 3782 4498 τε

2123 4537 2384 4609 ἄξιος,καί
2410 4537 2556 4598 ὅστις
2581 4535 2642 4590 οὕ
2668 4539 2851 4611 [68¹’]),
2875 4535 2963 4590 καὶ
2993 4536 3058 4612 ῥῆ
3071 4557 3143 4608 μα
3174 4540 3492 4610 γογγυσμοῦ
3528 4536 3663 4606 μετὰ
3681 4539 3780 4602 τῆς

2123 4625 2440 4689 ἐπιδόσεως.
2491 4628 2663 4700 ’Ὸπερ
2709 4627 3014 4700 πάσχουσιν
3045 4626 3097 4679 οἱ
3127 4621 3360 4694 πολλοὶ,
3391 4621 3628 4684 διδόντες
3663 4624 3780 4694 μὶν,

2040 4688 2180 4772 Βτὸ
2215 4714 2272 4771 δὶ
2329 4714 2630 4790 προθύμως
2691 4713 2752 4767 οὐ
2812 4713 3220 4789 προστιθέντες·
3283 4711 3313 4767 ὅ
3368 4718 3466 4767 τοῦ
3523 4712 3784 4788 παρέχειν

2126 4805 2311 4880 μεῖζόν
2362 4804 2472 4860 ἐστι
2523 4804 2613 4858 καὶ
2662 4804 3010 4880 τελεώτερον.
3058 4801 3263 4874 [ΙολΛῷ
3290 4804 3392 4879 γὰρ
3427 4801 3641 4878 βέλτιον
3673 4804 3785 4875 (69)

2121 5099 2384 5168 pretatur
2411 5091 2569 5168 Elius
2599 5108 2611 5146 :
2639 5113 2668 5142 «
2700 5107 2803 5146 nec
2835 5091 2976 5168 quid
3021 5095 3258 5164 praastet
3288 5091 3549 5146 invenire
3583 5093 3782 5162 queat,

2126 5164 2261 5223 eum
2295 5166 2494 5221 omnia
2523 5164 2642 5236 sint
2673 5164 2937 5236 aequalia.
2967 5185 2994 5212 ››

2197 5241 2310 5311 (67)
2343 5224 2882 5311 Προκαταλαϐόντος.
2937 5235 3077 5307 Reg.
3131 5252 3183 5299 a,
3239 5235 3333 5290 Or.
3373 5236 3422 5301 1,
3472 5224 3785 5307 προλαϐόν-

2122 5330 2818 5454 τοῗέὸϐμῒξιλοσοφώτερος.
2859 5377 3083 5454 (ειλΕᾳιιὶ
3127 5377 3400 5454 justiqye
3443 5374 3782 5454 t_enacior..n

2195 5445 2338 5523 (68")
2369 5445 2642 5505 Verha'in
2669 5445 3582 5523 parenthesiinclusa,'Seholion
3617 5445 3786 5501 nobis

2121 5521 2250 5607 esse
2279 5525 2576 5607 videntur,
2609 5521 2763 5594 quod
2797 5539 2827 5577 e
2860 5522 3123 5594 margine
3155 5522 3284 5578 cod.
3319 5537 3430 5576 ms.
3465 5521 3523 5576 in
3560 5525 3785 5574 textum

2121 5599 2441 5668 irrepserit.
2476 5595 2634 5649 EDIT.

2191 5669 2302 5741 (69)
2345 5663 2552 5737 Πολλῷ
2600 5666 2700 5741 γὰρ
2758 5661 2996 5738 βέλτιον,
3050 5665 3332 5722 Praeclara
3378 5663 3501 5720 hac
3549 5665 3788 5720 senten-
