  <div class='ocr_page' id='page_1' title='image "/cluster/home/n/w/nwhite01/storage/ocr_20150623/35:no.1/coo.31924054869320/510.png"; bbox 0 0 4090 6402; ppageno 0'>
   <div class='ocr_carea' id='block_1_1' title="bbox 315 434 470 494">
    <p class='ocr_par' dir='ltr' id='par_1_1' title="bbox 315 434 470 494">
     <span class='ocr_line' id='line_1_1' title="bbox 315 434 470 494; baseline 0 0"><span class='ocrx_word' id='word_1_1' title='bbox 315 434 470 494; x_wconf 82' lang='grc'>1009</span> 
     </span>
    </p>
   </div>
   <div class='ocr_carea' id='block_1_2' title="bbox 1208 430 2805 494">
    <p class='ocr_par' dir='ltr' id='par_1_2' title="bbox 1208 430 2805 494">
     <span class='ocr_line' id='line_1_2' title="bbox 1208 430 2805 494; baseline 0.001 -4"><span class='ocrx_word' id='word_1_2' title='bbox 1208 431 1499 492; x_wconf 85' lang='lat' dir='ltr'>ORATIO</span> <span class='ocrx_word' id='word_1_3' title='bbox 1549 430 1760 492; x_wconf 77' lang='lat' dir='ltr'>XVIII.</span> <span class='ocrx_word' id='word_1_4' title='bbox 1796 463 1871 475; x_wconf 90' lang='lat'><strong>—</strong></span> <span class='ocrx_word' id='word_1_5' title='bbox 1905 433 2295 494; x_wconf 75' lang='lat' dir='ltr'>FUNEBRIS</span> <span class='ocrx_word' id='word_1_6' title='bbox 2341 431 2420 493; x_wconf 86' lang='lat' dir='ltr'><strong>IN</strong></span> <span class='ocrx_word' id='word_1_7' title='bbox 2463 432 2805 494; x_wconf 84' lang='lat' dir='ltr'>PATREM.</span> 
     </span>
    </p>
   </div>
   <div class='ocr_carea' id='block_1_3' title="bbox 3585 430 3744 492">
    <p class='ocr_par' dir='ltr' id='par_1_3' title="bbox 3585 430 3744 492">
     <span class='ocr_line' id='line_1_3' title="bbox 3585 430 3744 492; baseline 0.013 -2"><span class='ocrx_word' id='word_1_8' title='bbox 3585 430 3744 492; x_wconf 83' lang='lat'>1010</span> 
     </span>
    </p>
   </div>
   <div class='ocr_carea' id='block_1_4' title="bbox 310 556 1986 635">
    <p class='ocr_par' dir='ltr' id='par_1_4' title="bbox 310 556 1971 634">
     <span class='ocr_line' id='line_1_4' title="bbox 310 556 1971 634; baseline -0.002 -17"><span class='ocrx_word' id='word_1_9' title='bbox 310 556 448 617; x_wconf 76' lang='grc' dir='ltr'>⁸ἴναι</span> <span class='ocrx_word' id='word_1_10' title='bbox 525 558 614 616; x_wconf 82' lang='grc' dir='ltr'>διὰ</span> <span class='ocrx_word' id='word_1_11' title='bbox 660 561 788 622; x_wconf 83' lang='grc' dir='ltr'>τοὺς</span> <span class='ocrx_word' id='word_1_12' title='bbox 835 559 1013 633; x_wconf 78' lang='grc' dir='ltr'>ἀξίους</span> <span class='ocrx_word' id='word_1_13' title='bbox 1063 559 1270 634; x_wconf 82' lang='grc' dir='ltr'>ὀρεγειν</span> <span class='ocrx_word' id='word_1_14' title='bbox 1322 561 1411 614; x_wconf 81' lang='grc' dir='ltr'>καὶ</span> <span class='ocrx_word' id='word_1_15' title='bbox 1459 567 1576 622; x_wconf 81' lang='grc' dir='ltr'>τοῖς</span> <span class='ocrx_word' id='word_1_16' title='bbox 1623 561 1885 634; x_wconf 74' lang='grc' dir='ltr'>ἀναξίοις,</span> <span class='ocrx_word' id='word_1_17' title='bbox 1936 562 1971 629; x_wconf 70' lang='grc' dir='ltr'><strong>ἢ</strong></span> 
     </span>
    </p>
   </div>
   <div class='ocr_carea' id='block_1_5' title="bbox 2085 556 3741 635">
    <p class='ocr_par' dir='ltr' id='par_1_5' title="bbox 2089 562 3741 635">
     <span class='ocr_line' id='line_1_5' title="bbox 2089 562 3741 635; baseline 0.001 -18"><span class='ocrx_word' id='word_1_18' title='bbox 2089 563 2227 618; x_wconf 90' lang='lat' dir='ltr'>bum</span> <span class='ocrx_word' id='word_1_19' title='bbox 2261 579 2393 617; x_wconf 92' lang='lat' dir='ltr'>cum</span> <span class='ocrx_word' id='word_1_20' title='bbox 2428 562 2757 635; x_wconf 76' lang='lat' dir='ltr'>largitione.</span> <span class='ocrx_word' id='word_1_21' title='bbox 2794 564 2854 618; x_wconf 90' lang='lat' dir='ltr'><strong>Id</strong></span> <span class='ocrx_word' id='word_1_22' title='bbox 2900 564 3156 634; x_wconf 90' lang='lat' dir='ltr'>profecto</span> <span class='ocrx_word' id='word_1_23' title='bbox 3187 562 3481 634; x_wconf 80' lang='lat' dir='ltr'>plerisque</span> <span class='ocrx_word' id='word_1_24' title='bbox 3510 562 3741 630; x_wconf 89' lang='lat' dir='ltr'>accidit,</span> 
     </span>
    </p>
   </div>
   <div class='ocr_carea' id='block_1_6' title="bbox 311 647 1972 726">
    <p class='ocr_par' dir='ltr' id='par_1_6' title="bbox 311 647 1972 726">
     <span class='ocr_line' id='line_1_6' title="bbox 311 647 1972 726; baseline -0.002 -19"><span class='ocrx_word' id='word_1_25' title='bbox 311 652 442 712; x_wconf 77' lang='grc' dir='ltr'>τοὺς</span> <span class='ocrx_word' id='word_1_26' title='bbox 477 649 655 722; x_wconf 77' lang='grc' dir='ltr'>ἀξίους</span> <span class='ocrx_word' id='word_1_27' title='bbox 702 650 1016 726; x_wconf 78' lang='grc' dir='ltr'>ἀποστερεῖν</span> <span class='ocrx_word' id='word_1_28' title='bbox 1071 647 1177 703; x_wconf 82' lang='grc' dir='ltr'>δέει</span> <span class='ocrx_word' id='word_1_29' title='bbox 1226 653 1332 703; x_wconf 75' lang='grc' dir='ltr'>τῶν</span> <span class='ocrx_word' id='word_1_30' title='bbox 1379 650 1624 720; x_wconf 69' lang='grc' dir='ltr'>ἀναξίων.</span> <span class='ocrx_word' id='word_1_31' title='bbox 1676 651 1771 704; x_wconf 82' lang='grc' dir='ltr'>Καὶ</span> <span class='ocrx_word' id='word_1_32' title='bbox 1811 655 1972 704; x_wconf 71' lang='grc' dir='ltr'>τοῦτο</span> 
     </span>
    </p>
   </div>
   <div class='ocr_carea' id='block_1_7' title="bbox 318 737 1975 817">
    <p class='ocr_par' dir='ltr' id='par_1_7' title="bbox 318 737 1975 817">
     <span class='ocr_line' id='line_1_7' title="bbox 318 737 1975 817; baseline -0.001 -23"><span class='ocrx_word' id='word_1_33' title='bbox 318 741 453 795; x_wconf 76' lang='grc' dir='ltr'>εἶναι</span> <span class='ocrx_word' id='word_1_34' title='bbox 504 737 769 817; x_wconf 79' lang='grc' dir='ltr'>φαίνεται,</span> <span class='ocrx_word' id='word_1_35' title='bbox 819 740 881 793; x_wconf 90' lang='grc' dir='ltr'>τὸ</span> <span class='ocrx_word' id='word_1_36' title='bbox 931 746 1134 815; x_wconf 79' lang='grc' dir='ltr'>χρῆναι</span> <span class='ocrx_word' id='word_1_37' title='bbox 1183 739 1417 810; x_wconf 98' lang='grc' dir='ltr'>πέμπειν</span> <span class='ocrx_word' id='word_1_38' title='bbox 1463 741 1526 794; x_wconf 83' lang='grc' dir='ltr'>τὸ</span> <span class='ocrx_word' id='word_1_39' title='bbox 1576 740 1732 815; x_wconf 75' lang='grc' dir='ltr'>αρτον</span> <span class='ocrx_word' id='word_1_40' title='bbox 1786 740 1975 794; x_wconf 68' lang='grc' dir='ltr'>ἑαυτοῦ</span> 
     </span>
    </p>
   </div>
   <div class='ocr_carea' id='block_1_8' title="bbox 315 825 1972 902">
    <p class='ocr_par' dir='ltr' id='par_1_8' title="bbox 315 825 1972 902">
     <span class='ocr_line' id='line_1_8' title="bbox 315 825 1972 902; baseline -0.001 -19"><span class='ocrx_word' id='word_1_41' title='bbox 315 829 404 884; x_wconf 83' lang='grc' dir='ltr'>καὶ</span> <span class='ocrx_word' id='word_1_42' title='bbox 435 829 552 883; x_wconf 83' lang='grc' dir='ltr'>καθ’</span> <span class='ocrx_word' id='word_1_43' title='bbox 603 825 816 899; x_wconf 77' lang='grc' dir='ltr'>ὕδατος,</span> <span class='ocrx_word' id='word_1_44' title='bbox 868 827 941 890; x_wconf 86' lang='grc' dir='ltr'>ὡς</span> <span class='ocrx_word' id='word_1_45' title='bbox 994 827 1055 882; x_wconf 79' lang='grc' dir='ltr'>οὐ</span> <span class='ocrx_word' id='word_1_46' title='bbox 1088 829 1633 902; x_wconf 86' lang='grc' dir='ltr'>παρασυρησόμενον,</span> <span class='ocrx_word' id='word_1_47' title='bbox 1665 825 1789 882; x_wconf 75' lang='grc' dir='ltr'>οὐδὲ</span> <span class='ocrx_word' id='word_1_48' title='bbox 1837 829 1972 883; x_wconf 88' lang='grc' dir='ltr'>ἀπο-</span> 
     </span>
    </p>
   </div>
   <div class='ocr_carea' id='block_1_9' title="bbox 317 914 1972 991">
    <p class='ocr_par' dir='ltr' id='par_1_9' title="bbox 317 914 1972 991">
     <span class='ocr_line' id='line_1_9' title="bbox 317 914 1972 991; baseline -0.001 -18"><span class='ocrx_word' id='word_1_49' title='bbox 317 916 588 990; x_wconf 79' lang='grc' dir='ltr'>λούμενον</span> <span class='ocrx_word' id='word_1_50' title='bbox 636 921 716 988; x_wconf 77' lang='grc' dir='ltr'>τῷ</span> <span class='ocrx_word' id='word_1_51' title='bbox 748 914 943 988; x_wconf 84' lang='grc' dir='ltr'>δικαίῳ</span> <span class='ocrx_word' id='word_1_52' title='bbox 991 916 1197 970; x_wconf 78' lang='grc' dir='ltr'>τούτων</span> <span class='ocrx_word' id='word_1_53' title='bbox 1255 915 1506 990; x_wconf 76' lang='grc' dir='ltr'>ἐξεταστῇ</span> <span class='ocrx_word' id='word_1_54' title='bbox 1551 920 1686 991; x_wconf 89' lang='grc'>(70),</span> <span class='ocrx_word' id='word_1_55' title='bbox 1719 915 1844 972; x_wconf 85' lang='grc' dir='ltr'>ἀλλ’</span> <span class='ocrx_word' id='word_1_56' title='bbox 1893 917 1972 972; x_wconf 79' lang='grc' dir='ltr'>ἐν-</span> 
     </span>
    </p>
   </div>
   <div class='ocr_carea' id='block_1_10' title="bbox 310 1002 1966 1080">
    <p class='ocr_par' dir='ltr' id='par_1_10' title="bbox 310 1002 1966 1080">
     <span class='ocr_line' id='line_1_10' title="bbox 310 1002 1966 1080; baseline -0.001 -20"><span class='ocrx_word' id='word_1_57' title='bbox 310 1010 480 1068; x_wconf 71' lang='grc' dir='ltr'>ταῦθα</span> <span class='ocrx_word' id='word_1_58' title='bbox 509 1007 932 1076; x_wconf 70' lang='grc' dir='ltr'>καταντήσοντα,</span> <span class='ocrx_word' id='word_1_59' title='bbox 986 1002 1046 1058; x_wconf 73' lang='grc' dir='ltr'>οὗ</span> <span class='ocrx_word' id='word_1_60' title='bbox 1093 1005 1264 1058; x_wconf 77' lang='grc' dir='ltr'>πάντα</span> <span class='ocrx_word' id='word_1_61' title='bbox 1314 1005 1546 1059; x_wconf 90' lang='grc' dir='ltr'>κείσεται</span> <span class='ocrx_word' id='word_1_62' title='bbox 1601 1005 1664 1059; x_wconf 83' lang='grc' dir='ltr'>τὰ</span> <span class='ocrx_word' id='word_1_63' title='bbox 1709 1006 1966 1080; x_wconf 82' lang='grc' dir='ltr'>ἡμέτερα,</span> 
     </span>
    </p>
   </div>
   <div class='ocr_carea' id='block_1_11' title="bbox 313 1092 1969 1168">
    <p class='ocr_par' dir='ltr' id='par_1_11' title="bbox 313 1092 1969 1168">
     <span class='ocr_line' id='line_1_11' title="bbox 313 1092 1969 1168; baseline 0 -20"><span class='ocrx_word' id='word_1_64' title='bbox 313 1094 402 1148; x_wconf 78' lang='grc' dir='ltr'>καὶ</span> <span class='ocrx_word' id='word_1_65' title='bbox 439 1095 833 1162; x_wconf 67' lang='grc' dir='ltr'>ἀπαντήσονται</span> <span class='ocrx_word' id='word_1_66' title='bbox 868 1096 980 1166; x_wconf 88' lang='grc'>(71)</span> <span class='ocrx_word' id='word_1_67' title='bbox 1012 1092 1062 1146; x_wconf 80' lang='grc' dir='ltr'>ἐν</span> <span class='ocrx_word' id='word_1_68' title='bbox 1105 1098 1303 1168; x_wconf 77' lang='grc' dir='ltr'>καιρῷ,</span> <span class='ocrx_word' id='word_1_69' title='bbox 1338 1094 1432 1148; x_wconf 75' lang='grc' dir='ltr'>κᾶν</span> <span class='ocrx_word' id='word_1_70' title='bbox 1485 1097 1648 1166; x_wconf 81' lang='grc' dir='ltr'>ἡμεῖς</span> <span class='ocrx_word' id='word_1_71' title='bbox 1703 1095 1777 1166; x_wconf 79' lang='grc' dir='ltr'>μὴ</span> <span class='ocrx_word' id='word_1_72' title='bbox 1810 1099 1969 1148; x_wconf 74' lang='grc' dir='ltr'>τοῦτο</span> 
     </span>
    </p>
   </div>
   <div class='ocr_carea' id='block_1_12' title="bbox 313 1183 654 1254">
    <p class='ocr_par' dir='ltr' id='par_1_12' title="bbox 313 1183 654 1254">
     <span class='ocr_line' id='line_1_12' title="bbox 313 1183 654 1254; baseline 0 -18"><span class='ocrx_word' id='word_1_73' title='bbox 313 1183 654 1254; x_wconf 79' lang='grc' dir='ltr'>νομίζωμεν·</span> 
     </span>
    </p>
   </div>
   <div class='ocr_carea' id='block_1_13' title="bbox 2085 651 3744 724">
    <p class='ocr_par' dir='ltr' id='par_1_13' title="bbox 2085 651 3744 724">
     <span class='ocr_line' id='line_1_13' title="bbox 2085 651 3744 724; baseline 0.002 -19"><span class='ocrx_word' id='word_1_74' title='bbox 2085 653 2185 724; x_wconf 86' lang='lat' dir='ltr'>qui</span> <span class='ocrx_word' id='word_1_75' title='bbox 2230 653 2499 706; x_wconf 90' lang='lat' dir='ltr'>tribuunt</span> <span class='ocrx_word' id='word_1_76' title='bbox 2529 652 2788 722; x_wconf 88' lang='lat' dir='ltr'>quidem,</span> <span class='ocrx_word' id='word_1_77' title='bbox 2821 668 3023 708; x_wconf 90' lang='lat' dir='ltr'>verum</span> <span class='ocrx_word' id='word_1_78' title='bbox 3055 651 3163 708; x_wconf 92' lang='lat' dir='ltr'>hoc</span> <span class='ocrx_word' id='word_1_79' title='bbox 3195 668 3310 706; x_wconf 92' lang='lat' dir='ltr'>non</span> <span class='ocrx_word' id='word_1_80' title='bbox 3341 651 3646 721; x_wconf 84' lang='lat' dir='ltr'>adjiciunt,</span> <span class='ocrx_word' id='word_1_81' title='bbox 3679 657 3744 708; x_wconf 92' lang='lat' dir='ltr'>ut</span> 
     </span>
    </p>
   </div>
   <div class='ocr_carea' id='block_1_14' title="bbox 2085 740 3745 812">
    <p class='ocr_par' dir='ltr' id='par_1_14' title="bbox 2085 740 3745 812">
     <span class='ocr_line' id='line_1_14' title="bbox 2085 740 3745 812; baseline 0.001 -17"><span class='ocrx_word' id='word_1_82' title='bbox 2085 748 2354 812; x_wconf 87' lang='lat' dir='ltr'>prompte</span> <span class='ocrx_word' id='word_1_83' title='bbox 2385 757 2450 795; x_wconf 89' lang='lat' dir='ltr'>ac</span> <span class='ocrx_word' id='word_1_84' title='bbox 2482 740 2734 795; x_wconf 79' lang='lat' dir='ltr'>libenter</span> <span class='ocrx_word' id='word_1_85' title='bbox 2761 741 3046 805; x_wconf 82' lang='lat' dir='ltr'>tribuant,</span> <span class='ocrx_word' id='word_1_86' title='bbox 3081 741 3236 812; x_wconf 91' lang='lat' dir='ltr'>quod</span> <span class='ocrx_word' id='word_1_87' title='bbox 3269 745 3424 796; x_wconf 74' lang='lat' dir='ltr'>certe</span> <span class='ocrx_word' id='word_1_88' title='bbox 3463 741 3656 812; x_wconf 83' lang='lat' dir='ltr'>majus</span> <span class='ocrx_word' id='word_1_89' title='bbox 3688 745 3745 796; x_wconf 93' lang='lat' dir='ltr'>et</span> 
     </span>
    </p>
   </div>
   <div class='ocr_carea' id='block_1_15' title="bbox 2084 828 3744 902">
    <p class='ocr_par' dir='ltr' id='par_1_15' title="bbox 2084 828 3744 902">
     <span class='ocr_line' id='line_1_15' title="bbox 2084 828 3744 902; baseline 0.001 -18"><span class='ocrx_word' id='word_1_90' title='bbox 2084 830 2398 902; x_wconf 81' lang='lat' dir='ltr'>perfectius</span> <span class='ocrx_word' id='word_1_91' title='bbox 2447 836 2557 895; x_wconf 90' lang='lat' dir='ltr'>est,</span> <span class='ocrx_word' id='word_1_92' title='bbox 2590 845 2766 900; x_wconf 90' lang='lat' dir='ltr'>quam</span> <span class='ocrx_word' id='word_1_93' title='bbox 2803 831 3079 900; x_wconf 69' lang='lat' dir='ltr'>praebere.</span> <span class='ocrx_word' id='word_1_94' title='bbox 3128 828 3308 884; x_wconf 85' lang='lat' dir='ltr'>Multo</span> <span class='ocrx_word' id='word_1_95' title='bbox 3355 828 3513 884; x_wconf 91' lang='lat' dir='ltr'>enim</span> <span class='ocrx_word' id='word_1_96' title='bbox 3555 830 3744 886; x_wconf 84' lang='lat' dir='ltr'>satius</span> 
     </span>
    </p>
   </div>
   <div class='ocr_carea' id='block_1_16' title="bbox 2081 917 3741 990">
    <p class='ocr_par' dir='ltr' id='par_1_16' title="bbox 2081 917 3741 990">
     <span class='ocr_line' id='line_1_16' title="bbox 2081 917 3741 990; baseline -0.001 -17"><span class='ocrx_word' id='word_1_97' title='bbox 2081 924 2172 974; x_wconf 89' lang='lat' dir='ltr'>est</span> <span class='ocrx_word' id='word_1_98' title='bbox 2203 921 2273 974; x_wconf 91' lang='lat' dir='ltr'>ob</span> <span class='ocrx_word' id='word_1_99' title='bbox 2307 936 2426 984; x_wconf 87' lang='lat' dir='ltr'>eos,</span> <span class='ocrx_word' id='word_1_100' title='bbox 2455 919 2556 988; x_wconf 85' lang='lat' dir='ltr'>qui</span> <span class='ocrx_word' id='word_1_101' title='bbox 2587 917 2745 983; x_wconf 81' lang='lat' dir='ltr'>digni</span> <span class='ocrx_word' id='word_1_102' title='bbox 2779 924 2938 986; x_wconf 88' lang='lat' dir='ltr'>sunt,</span> <span class='ocrx_word' id='word_1_103' title='bbox 2962 917 3224 988; x_wconf 79' lang='lat' dir='ltr'>indignis</span> <span class='ocrx_word' id='word_1_104' title='bbox 3248 934 3486 989; x_wconf 88' lang='lat' dir='ltr'>quoque</span> <span class='ocrx_word' id='word_1_105' title='bbox 3519 918 3741 990; x_wconf 88' lang='lat' dir='ltr'>largiri,</span> 
     </span>
    </p>
   </div>
   <div class='ocr_carea' id='block_1_17' title="bbox 2082 1005 3742 1079">
    <p class='ocr_par' dir='ltr' id='par_1_17' title="bbox 2082 1005 3742 1079">
     <span class='ocr_line' id='line_1_17' title="bbox 2082 1005 3742 1079; baseline 0.001 -18"><span class='ocrx_word' id='word_1_106' title='bbox 2082 1025 2283 1079; x_wconf 90' lang='lat' dir='ltr'>quam,</span> <span class='ocrx_word' id='word_1_107' title='bbox 2319 1009 2461 1062; x_wconf 90' lang='lat' dir='ltr'>dum</span> <span class='ocrx_word' id='word_1_108' title='bbox 2497 1009 2818 1061; x_wconf 85' lang='lat' dir='ltr'>metuimus</span> <span class='ocrx_word' id='word_1_109' title='bbox 2851 1025 2921 1061; x_wconf 92' lang='lat' dir='ltr'>ne</span> <span class='ocrx_word' id='word_1_110' title='bbox 2953 1008 3024 1060; x_wconf 91' lang='lat' dir='ltr'>de</span> <span class='ocrx_word' id='word_1_111' title='bbox 3054 1005 3314 1075; x_wconf 79' lang='lat' dir='ltr'>indignis</span> <span class='ocrx_word' id='word_1_112' title='bbox 3345 1009 3489 1062; x_wconf 84' lang='lat' dir='ltr'>bene</span> <span class='ocrx_word' id='word_1_113' title='bbox 3520 1024 3742 1063; x_wconf 80' lang='lat' dir='ltr'>merea-</span> 
     </span>
    </p>
   </div>
   <div class='ocr_carea' id='block_1_18' title="bbox 2081 1096 3742 1166">
    <p class='ocr_par' dir='ltr' id='par_1_18' title="bbox 2081 1096 3742 1166">
     <span class='ocr_line' id='line_1_18' title="bbox 2081 1096 3742 1166; baseline -0.001 -15"><span class='ocrx_word' id='word_1_114' title='bbox 2081 1113 2236 1163; x_wconf 89' lang='lat' dir='ltr'>mur,</span> <span class='ocrx_word' id='word_1_115' title='bbox 2264 1096 2473 1166; x_wconf 87' lang='lat' dir='ltr'>dignos</span> <span class='ocrx_word' id='word_1_116' title='bbox 2505 1096 2681 1151; x_wconf 89' lang='lat' dir='ltr'>etiam</span> <span class='ocrx_word' id='word_1_117' title='bbox 2716 1096 2996 1150; x_wconf 79' lang='lat' dir='ltr'>beneficio</span> <span class='ocrx_word' id='word_1_118' title='bbox 3022 1096 3390 1150; x_wconf 81' lang='lat' dir='ltr'>defraudare.</span> <span class='ocrx_word' id='word_1_119' title='bbox 3414 1097 3604 1166; x_wconf 80' lang='lat' dir='ltr'>Atque</span> <span class='ocrx_word' id='word_1_120' title='bbox 3626 1097 3742 1151; x_wconf 88' lang='lat' dir='ltr'>huc</span> 
     </span>
    </p>
   </div>
   <div class='ocr_carea' id='block_1_19' title="bbox 2081 1183 3737 1256">
    <p class='ocr_par' dir='ltr' id='par_1_19' title="bbox 2081 1183 3737 1256">
     <span class='ocr_line' id='line_1_19' title="bbox 2081 1183 3737 1256; baseline 0 -16"><span class='ocrx_word' id='word_1_121' title='bbox 2081 1186 2369 1256; x_wconf 84' lang='lat' dir='ltr'>pertinere</span> <span class='ocrx_word' id='word_1_122' title='bbox 2419 1185 2668 1249; x_wconf 89' lang='lat' dir='ltr'>videtur,</span> <span class='ocrx_word' id='word_1_123' title='bbox 2723 1185 2876 1252; x_wconf 92' lang='lat' dir='ltr'>quod</span> <span class='ocrx_word' id='word_1_124' title='bbox 2937 1183 3016 1237; x_wconf 85' lang='lat' dir='ltr'>ait</span> <span class='ocrx_word' id='word_1_125' title='bbox 3064 1183 3384 1254; x_wconf 87' lang='lat' dir='ltr'>Scriptura,</span> <span class='ocrx_word' id='word_1_126' title='bbox 3419 1200 3632 1254; x_wconf 87' lang='lat' dir='ltr'>panem</span> <span class='ocrx_word' id='word_1_127' title='bbox 3680 1186 3737 1240; x_wconf 89' lang='lat' dir='ltr'>in</span> 
     </span>
    </p>
   </div>
   <div class='ocr_carea' id='block_1_20' title="bbox 313 1272 3736 1344">
    <p class='ocr_par' dir='ltr' id='par_1_20' title="bbox 313 1272 3736 1344">
     <span class='ocr_line' id='line_1_20' title="bbox 313 1272 3736 1344; baseline 0.001 -16"><span class='ocrx_word' id='word_1_128' title='bbox 313 1289 528 1343; x_wconf 89' lang='lat' dir='ltr'>aquam</span> <span class='ocrx_word' id='word_1_129' title='bbox 562 1289 795 1343; x_wconf 91' lang='lat' dir='ltr'>quoque</span> <span class='ocrx_word' id='word_1_130' title='bbox 826 1272 1182 1327; x_wconf 90' lang='lat' dir='ltr'>mittendum</span> <span class='ocrx_word' id='word_1_131' title='bbox 1215 1287 1343 1326; x_wconf 89' lang='lat' dir='ltr'>esse</span> <span class='ocrx_word' id='word_1_132' title='bbox 1363 1273 1443 1340; x_wconf 66' lang='lat' dir='ltr'>I‘9;</span> <span class='ocrx_word' id='word_1_133' title='bbox 1477 1290 1591 1327; x_wconf 87' lang='lat' dir='ltr'>non</span> <span class='ocrx_word' id='word_1_134' title='bbox 1627 1277 1690 1327; x_wconf 91' lang='lat' dir='ltr'>ut</span> <span class='ocrx_word' id='word_1_135' title='bbox 1720 1273 2104 1340; x_wconf 86' lang='lat' dir='ltr'>distrahatur,</span> <span class='ocrx_word' id='word_1_136' title='bbox 2142 1279 2242 1328; x_wconf 93' lang='lat' dir='ltr'>aut</span> <span class='ocrx_word' id='word_1_137' title='bbox 2275 1281 2471 1340; x_wconf 88' lang='lat' dir='ltr'>pereat</span> <span class='ocrx_word' id='word_1_138' title='bbox 2499 1275 2654 1344; x_wconf 89' lang='lat' dir='ltr'>apud</span> <span class='ocrx_word' id='word_1_139' title='bbox 2688 1276 2919 1344; x_wconf 79' lang='lat' dir='ltr'>justum</span> <span class='ocrx_word' id='word_1_140' title='bbox 2952 1273 3163 1327; x_wconf 89' lang='lat' dir='ltr'>harum</span> <span class='ocrx_word' id='word_1_141' title='bbox 3195 1288 3392 1326; x_wconf 89' lang='lat' dir='ltr'>rerum</span> <span class='ocrx_word' id='word_1_142' title='bbox 3422 1274 3736 1330; x_wconf 64' lang='lat' dir='ltr'>aestimato-</span> 
     </span>
    </p>
   </div>
   <div class='ocr_carea' id='block_1_21' title="bbox 313 1360 3738 1433">
    <p class='ocr_par' dir='ltr' id='par_1_21' title="bbox 313 1360 3738 1433">
     <span class='ocr_line' id='line_1_21' title="bbox 313 1360 3738 1433; baseline 0 -17"><span class='ocrx_word' id='word_1_143' title='bbox 313 1377 458 1424; x_wconf 90' lang='lat' dir='ltr'>rem,</span> <span class='ocrx_word' id='word_1_144' title='bbox 491 1360 592 1415; x_wconf 89' lang='lat' dir='ltr'>sed</span> <span class='ocrx_word' id='word_1_145' title='bbox 625 1377 690 1415; x_wconf 92' lang='lat' dir='ltr'>eo</span> <span class='ocrx_word' id='word_1_146' title='bbox 722 1362 1038 1432; x_wconf 88' lang='lat' dir='ltr'>perveniat,</span> <span class='ocrx_word' id='word_1_147' title='bbox 1073 1361 1172 1415; x_wconf 90' lang='lat' dir='ltr'>ubi</span> <span class='ocrx_word' id='word_1_148' title='bbox 1222 1361 1420 1416; x_wconf 85' lang='lat' dir='ltr'>omnia</span> <span class='ocrx_word' id='word_1_149' title='bbox 1469 1368 1672 1416; x_wconf 88' lang='lat' dir='ltr'>nostra</span> <span class='ocrx_word' id='word_1_150' title='bbox 1713 1361 2176 1431; x_wconf 90' lang='lat' dir='ltr'>collocabuntur,</span> <span class='ocrx_word' id='word_1_151' title='bbox 2210 1367 2387 1432; x_wconf 89' lang='lat' dir='ltr'>atque</span> <span class='ocrx_word' id='word_1_152' title='bbox 2436 1363 2497 1416; x_wconf 88' lang='lat' dir='ltr'>in</span> <span class='ocrx_word' id='word_1_153' title='bbox 2543 1366 2808 1433; x_wconf 90' lang='lat' dir='ltr'>tempore</span> <span class='ocrx_word' id='word_1_154' title='bbox 2855 1363 3182 1426; x_wconf 89' lang='lat' dir='ltr'>occurrent,</span> <span class='ocrx_word' id='word_1_155' title='bbox 3217 1365 3519 1431; x_wconf 85' lang='lat' dir='ltr'>utcunque</span> <span class='ocrx_word' id='word_1_156' title='bbox 3565 1360 3738 1416; x_wconf 85' lang='lat' dir='ltr'>aliter</span> 
     </span>
    </p>
   </div>
   <div class='ocr_carea' id='block_1_22' title="bbox 315 1450 744 1506">
    <p class='ocr_par' dir='ltr' id='par_1_22' title="bbox 315 1450 744 1506">
     <span class='ocr_line' id='line_1_22' title="bbox 315 1450 744 1506; baseline -0.005 0"><span class='ocrx_word' id='word_1_157' title='bbox 315 1450 744 1506; x_wconf 85' lang='lat' dir='ltr'>existimemus.</span> 
     </span>
    </p>
   </div>
   <div class='ocr_carea' id='block_1_23' title="bbox 385 1551 1965 1628">
    <p class='ocr_par' dir='ltr' id='par_1_23' title="bbox 385 1551 1965 1628">
     <span class='ocr_line' id='line_1_23' title="bbox 385 1551 1965 1628; baseline 0.001 -20"><span class='ocrx_word' id='word_1_158' title='bbox 385 1556 508 1612; x_wconf 82' lang='lat' dir='ltr'>KA&#39;.</span> <span class='ocrx_word' id='word_1_159' title='bbox 535 1555 605 1608; x_wconf 87' lang='grc' dir='ltr'>Τὸ</span> <span class='ocrx_word' id='word_1_160' title='bbox 639 1551 698 1616; x_wconf 53' lang='grc' dir='ltr'>ἃ</span> <span class='ocrx_word' id='word_1_161' title='bbox 724 1553 1018 1610; x_wconf 84' lang='grc' dir='ltr'>κάλλιστόν</span> <span class='ocrx_word' id='word_1_162' title='bbox 1064 1576 1122 1609; x_wconf 90' lang='grc' dir='ltr'>τε</span> <span class='ocrx_word' id='word_1_163' title='bbox 1169 1555 1258 1609; x_wconf 82' lang='grc' dir='ltr'>καὶ</span> <span class='ocrx_word' id='word_1_164' title='bbox 1313 1554 1591 1628; x_wconf 81' lang='grc' dir='ltr'>μέγιστον,</span> <span class='ocrx_word' id='word_1_165' title='bbox 1623 1554 1705 1608; x_wconf 74' lang='grc' dir='ltr'>ὅτι</span> <span class='ocrx_word' id='word_1_166' title='bbox 1755 1559 1833 1626; x_wconf 80' lang='grc' dir='ltr'>τῷ</span> <span class='ocrx_word' id='word_1_167' title='bbox 1873 1577 1965 1628; x_wconf 87' lang='grc' dir='ltr'>με·</span> 
     </span>
    </p>
   </div>
   <div class='ocr_carea' id='block_1_24' title="bbox 315 1641 1965 1721">
    <p class='ocr_par' dir='ltr' id='par_1_24' title="bbox 315 1641 1965 1721">
     <span class='ocr_line' id='line_1_24' title="bbox 315 1641 1965 1721; baseline 0.001 -25"><span class='ocrx_word' id='word_1_168' title='bbox 315 1641 624 1718; x_wconf 75' lang='grc' dir='ltr'>γαλοψύχῳ</span> <span class='ocrx_word' id='word_1_169' title='bbox 654 1649 862 1718; x_wconf 78' lang='grc' dir='ltr'>προσῆν</span> <span class='ocrx_word' id='word_1_170' title='bbox 912 1643 999 1697; x_wconf 85' lang='grc' dir='ltr'>καὶ</span> <span class='ocrx_word' id='word_1_171' title='bbox 1052 1644 1115 1698; x_wconf 85' lang='grc' dir='ltr'>τὸ</span> <span class='ocrx_word' id='word_1_172' title='bbox 1169 1643 1517 1721; x_wconf 77' lang='grc' dir='ltr'>ἀφιλότιμον.</span> <span class='ocrx_word' id='word_1_173' title='bbox 1570 1647 1732 1700; x_wconf 87' lang='grc' dir='ltr'>’Όσον</span> <span class='ocrx_word' id='word_1_174' title='bbox 1784 1642 1841 1698; x_wconf 72' lang='grc' dir='ltr'>δὲ</span> <span class='ocrx_word' id='word_1_175' title='bbox 1879 1646 1965 1698; x_wconf 77' lang='grc' dir='ltr'>καὶ</span> 
     </span>
    </p>
   </div>
   <div class='ocr_carea' id='block_1_25' title="bbox 317 1727 1966 1809">
    <p class='ocr_par' dir='ltr' id='par_1_25' title="bbox 317 1727 1966 1809">
     <span class='ocr_line' id='line_1_25' title="bbox 317 1727 1966 1809; baseline 0 -24"><span class='ocrx_word' id='word_1_176' title='bbox 317 1732 454 1797; x_wconf 75' lang='grc' dir='ltr'>οἷον,</span> <span class='ocrx_word' id='word_1_177' title='bbox 489 1729 756 1801; x_wconf 71' lang='grc' dir='ltr'>δηλώσω)</span> <span class='ocrx_word' id='word_1_178' title='bbox 794 1727 1052 1808; x_wconf 77' lang='grc' dir='ltr'>ἔρχομαι·</span> <span class='ocrx_word' id='word_1_179' title='bbox 1087 1734 1160 1786; x_wconf 80' lang='grc' dir='ltr'>Τὰ</span> <span class='ocrx_word' id='word_1_180' title='bbox 1215 1735 1307 1806; x_wconf 74' lang='grc' dir='ltr'>μὲν</span> <span class='ocrx_word' id='word_1_181' title='bbox 1359 1733 1462 1809; x_wconf 72' lang='grc' dir='ltr'>γὰρ</span> <span class='ocrx_word' id='word_1_182' title='bbox 1498 1735 1761 1809; x_wconf 70' lang='grc' dir='ltr'>χρήματα</span> <span class='ocrx_word' id='word_1_183' title='bbox 1791 1735 1966 1797; x_wconf 77' lang='grc' dir='ltr'>κοινὰ,</span> 
     </span>
    </p>
   </div>
   <div class='ocr_carea' id='block_1_26' title="bbox 313 1819 1966 1897">
    <p class='ocr_par' dir='ltr' id='par_1_26' title="bbox 313 1819 1966 1897">
     <span class='ocr_line' id='line_1_26' title="bbox 313 1819 1966 1897; baseline 0 -23"><span class='ocrx_word' id='word_1_184' title='bbox 313 1820 469 1888; x_wconf 86' lang='grc' dir='ltr'>καὶὴ</span> <span class='ocrx_word' id='word_1_185' title='bbox 502 1819 780 1892; x_wconf 81' lang='grc' dir='ltr'>προθυμία</span> <span class='ocrx_word' id='word_1_186' title='bbox 825 1825 923 1875; x_wconf 74' lang='grc' dir='ltr'>τοῦ</span> <span class='ocrx_word' id='word_1_187' title='bbox 970 1822 1254 1897; x_wconf 73' lang='grc' dir='ltr'>παρέχειν,</span> <span class='ocrx_word' id='word_1_188' title='bbox 1289 1821 1433 1893; x_wconf 79' lang='grc' dir='ltr'>αὐτῷ</span> <span class='ocrx_word' id='word_1_189' title='bbox 1477 1843 1532 1876; x_wconf 85' lang='grc' dir='ltr'>τε</span> <span class='ocrx_word' id='word_1_190' title='bbox 1580 1822 1668 1876; x_wconf 84' lang='grc' dir='ltr'>καὶ</span> <span class='ocrx_word' id='word_1_191' title='bbox 1715 1826 1784 1895; x_wconf 80' lang='grc' dir='ltr'>τῇ</span> <span class='ocrx_word' id='word_1_192' title='bbox 1832 1824 1966 1894; x_wconf 87' lang='grc' dir='ltr'>ὁμο-</span> 
     </span>
    </p>
   </div>
   <div class='ocr_carea' id='block_1_27' title="bbox 2147 1555 3729 1627">
    <p class='ocr_par' dir='ltr' id='par_1_27' title="bbox 2147 1555 3729 1627">
     <span class='ocr_line' id='line_1_27' title="bbox 2147 1555 3729 1627; baseline 0.001 -16"><span class='ocrx_word' id='word_1_193' title='bbox 2147 1559 2293 1612; x_wconf 81' lang='lat' dir='ltr'>XXI.</span> <span class='ocrx_word' id='word_1_194' title='bbox 2329 1559 2487 1623; x_wconf 89' lang='lat' dir='ltr'>Quod</span> <span class='ocrx_word' id='word_1_195' title='bbox 2539 1563 2734 1613; x_wconf 91' lang='lat' dir='ltr'>autem</span> <span class='ocrx_word' id='word_1_196' title='bbox 2787 1558 3109 1612; x_wconf 87' lang='lat' dir='ltr'>maximum</span> <span class='ocrx_word' id='word_1_197' title='bbox 3161 1560 3218 1611; x_wconf 92' lang='lat' dir='ltr'>et</span> <span class='ocrx_word' id='word_1_198' title='bbox 3266 1555 3729 1627; x_wconf 89' lang='lat' dir='ltr'>pulcherrimum</span> 
     </span>
    </p>
   </div>
   <div class='ocr_carea' id='block_1_28' title="bbox 2079 1643 3732 1717">
    <p class='ocr_par' dir='ltr' id='par_1_28' title="bbox 2079 1643 3732 1717">
     <span class='ocr_line' id='line_1_28' title="bbox 2079 1643 3732 1717; baseline -0.002 -14"><span class='ocrx_word' id='word_1_199' title='bbox 2079 1653 2186 1717; x_wconf 81' lang='lat' dir='ltr'>est,</span> <span class='ocrx_word' id='word_1_200' title='bbox 2221 1648 2291 1701; x_wconf 85' lang='lat' dir='ltr'>ad</span> <span class='ocrx_word' id='word_1_201' title='bbox 2335 1647 2514 1700; x_wconf 87' lang='lat' dir='ltr'>animi</span> <span class='ocrx_word' id='word_1_202' title='bbox 2569 1645 3038 1717; x_wconf 82' lang='lat' dir='ltr'>magnitudinem</span> <span class='ocrx_word' id='word_1_203' title='bbox 3088 1643 3282 1716; x_wconf 74' lang='lat' dir='ltr'>gloriaa</span> <span class='ocrx_word' id='word_1_204' title='bbox 3332 1661 3567 1716; x_wconf 90' lang='lat' dir='ltr'>quoque</span> <span class='ocrx_word' id='word_1_205' title='bbox 3595 1661 3732 1700; x_wconf 88' lang='lat' dir='ltr'>con-</span> 
     </span>
    </p>
   </div>
   <div class='ocr_carea' id='block_1_29' title="bbox 2077 1734 3734 1807">
    <p class='ocr_par' dir='ltr' id='par_1_29' title="bbox 2077 1734 3734 1807">
     <span class='ocr_line' id='line_1_29' title="bbox 2077 1734 3734 1807; baseline -0.001 -17"><span class='ocrx_word' id='word_1_206' title='bbox 2077 1739 2366 1807; x_wconf 90' lang='lat' dir='ltr'>temptum</span> <span class='ocrx_word' id='word_1_207' title='bbox 2428 1737 2804 1805; x_wconf 86' lang='lat' dir='ltr'>adjungebat.</span> <span class='ocrx_word' id='word_1_208' title='bbox 2867 1736 3133 1798; x_wconf 85' lang='lat' dir='ltr'>Quantus</span> <span class='ocrx_word' id='word_1_209' title='bbox 3190 1738 3389 1788; x_wconf 90' lang='lat' dir='ltr'>autem</span> <span class='ocrx_word' id='word_1_210' title='bbox 3440 1739 3497 1788; x_wconf 91' lang='lat' dir='ltr'>et</span> <span class='ocrx_word' id='word_1_211' title='bbox 3541 1734 3734 1806; x_wconf 86' lang='lat' dir='ltr'>qualis</span> 
     </span>
    </p>
   </div>
   <div class='ocr_carea' id='block_1_30' title="bbox 2079 1821 3736 1892">
    <p class='ocr_par' dir='ltr' id='par_1_30' title="bbox 2079 1821 3736 1892">
     <span class='ocr_line' id='line_1_30' title="bbox 2079 1821 3736 1892; baseline 0 -14"><span class='ocrx_word' id='word_1_212' title='bbox 2079 1824 2272 1890; x_wconf 84' lang='lat' dir='ltr'>fuerit,</span> <span class='ocrx_word' id='word_1_213' title='bbox 2306 1826 2632 1879; x_wconf 84' lang='lat' dir='ltr'>ostendam.</span> <span class='ocrx_word' id='word_1_214' title='bbox 2668 1823 2944 1887; x_wconf 87' lang='lat' dir='ltr'>Quamvis</span> <span class='ocrx_word' id='word_1_215' title='bbox 2995 1824 3148 1876; x_wconf 91' lang='lat' dir='ltr'>enim</span> <span class='ocrx_word' id='word_1_216' title='bbox 3197 1838 3336 1892; x_wconf 90' lang='lat' dir='ltr'>opes</span> <span class='ocrx_word' id='word_1_217' title='bbox 3378 1821 3493 1892; x_wconf 87' lang='lat' dir='ltr'>ipsi</span> <span class='ocrx_word' id='word_1_218' title='bbox 3536 1827 3736 1878; x_wconf 89' lang='lat' dir='ltr'>essent</span> 
     </span>
    </p>
   </div>
   <div class='ocr_carea' id='block_1_31' title="bbox 317 1884 1986 1984">
    <p class='ocr_par' dir='ltr' id='par_1_31' title="bbox 317 1884 1970 1984">
     <span class='ocr_line' id='line_1_31' title="bbox 317 1884 1970 1984; baseline 0.002 -23"><span class='ocrx_word' id='word_1_219' title='bbox 317 1884 468 1982; x_wconf 65' lang='grc' dir='ltr'>ζύγιμ</span> <span class='ocrx_word' id='word_1_220' title='bbox 497 1884 631 1984; x_wconf 77' lang='grc' dir='ltr'>πρὸς</span> <span class='ocrx_word' id='word_1_221' title='bbox 661 1884 722 1963; x_wconf 70' lang='grc' dir='ltr'>τὸ</span> <span class='ocrx_word' id='word_1_222' title='bbox 752 1884 1055 1965; x_wconf 45' lang='grc' dir='ltr'>κάλλιστον’</span> <span class='ocrx_word' id='word_1_223' title='bbox 1082 1884 1524 1984; x_wconf 61' lang='grc' dir='ltr'>ἁμιλλωμένοις·</span> <span class='ocrx_word' id='word_1_224' title='bbox 1547 1917 1648 1980; x_wconf 82' lang='grc' dir='ltr'>τῆς</span> <span class='ocrx_word' id='word_1_225' title='bbox 1674 1884 1970 1972; x_wconf 73' lang='grc' dir='ltr'>ἐπιδόσεως</span> 
     </span>
    </p>
   </div>
   <div class='ocr_carea' id='block_1_32' title="bbox 2085 1884 3734 1984">
    <p class='ocr_par' dir='ltr' id='par_1_32' title="bbox 2085 1911 3734 1984">
     <span class='ocr_line' id='line_1_32' title="bbox 2085 1911 3734 1984; baseline 0 -18"><span class='ocrx_word' id='word_1_226' title='bbox 2085 1929 2214 1967; x_wconf 90' lang='lat' dir='ltr'>cum</span> <span class='ocrx_word' id='word_1_227' title='bbox 2249 1930 2425 1967; x_wconf 86' lang='lat' dir='ltr'>uxore</span> <span class='ocrx_word' id='word_1_228' title='bbox 2456 1930 2821 1980; x_wconf 89' lang='lat' dir='ltr'>communes,</span> <span class='ocrx_word' id='word_1_229' title='bbox 2846 1913 3104 1983; x_wconf 91' lang='lat' dir='ltr'>itemque</span> <span class='ocrx_word' id='word_1_230' title='bbox 3129 1911 3417 1984; x_wconf 83' lang='lat' dir='ltr'>largiendi</span> <span class='ocrx_word' id='word_1_231' title='bbox 3450 1914 3734 1982; x_wconf 91' lang='lat' dir='ltr'>prompti-</span> 
     </span>
    </p>
   </div>
   <div class='ocr_carea' id='block_1_33' title="bbox 313 1994 1972 2075">
    <p class='ocr_par' dir='ltr' id='par_1_33' title="bbox 313 1994 1972 2075">
     <span class='ocr_line' id='line_1_33' title="bbox 313 1994 1972 2075; baseline 0.001 -23"><span class='ocrx_word' id='word_1_232' title='bbox 313 1994 371 2052; x_wconf 73' lang='grc' dir='ltr'>δὲ</span> <span class='ocrx_word' id='word_1_233' title='bbox 399 1999 462 2051; x_wconf 88' lang='grc' dir='ltr'>τὸ</span> <span class='ocrx_word' id='word_1_234' title='bbox 494 1997 753 2052; x_wconf 84' lang='grc' dir='ltr'>πλεῖστον</span> <span class='ocrx_word' id='word_1_235' title='bbox 782 2002 852 2072; x_wconf 79' lang='grc' dir='ltr'>τῇ</span> <span class='ocrx_word' id='word_1_236' title='bbox 885 1998 1094 2069; x_wconf 77' lang='grc' dir='ltr'>ἐκείνης</span> <span class='ocrx_word' id='word_1_237' title='bbox 1145 2001 1293 2075; x_wconf 83' lang='grc' dir='ltr'>χειρὶ</span> <span class='ocrx_word' id='word_1_238' title='bbox 1342 2006 1602 2074; x_wconf 78' lang='grc' dir='ltr'>παρῆκεν,</span> <span class='ocrx_word' id='word_1_239' title='bbox 1645 1999 1718 2060; x_wconf 80' lang='grc' dir='ltr'>ὡς</span> <span class='ocrx_word' id='word_1_240' title='bbox 1751 1999 1972 2074; x_wconf 80' lang='grc' dir='ltr'>ἀρίστης</span> 
     </span>
    </p>
   </div>
   <div class='ocr_carea' id='block_1_34' title="bbox 311 2085 1968 2158">
    <p class='ocr_par' dir='ltr' id='par_1_34' title="bbox 311 2085 1968 2158">
     <span class='ocr_line' id='line_1_34' title="bbox 311 2085 1968 2158; baseline 0.001 -18"><span class='ocrx_word' id='word_1_241' title='bbox 311 2085 606 2158; x_wconf 69' lang='grc' dir='ltr'>οἰκονόμου</span> <span class='ocrx_word' id='word_1_242' title='bbox 655 2091 761 2140; x_wconf 80' lang='grc' dir='ltr'>τῶν</span> <span class='ocrx_word' id='word_1_243' title='bbox 811 2087 1079 2141; x_wconf 87' lang='grc' dir='ltr'>τοιούτων</span> <span class='ocrx_word' id='word_1_244' title='bbox 1125 2089 1215 2143; x_wconf 86' lang='grc' dir='ltr'>καὶ</span> <span class='ocrx_word' id='word_1_245' title='bbox 1267 2089 1600 2158; x_wconf 78' lang='grc' dir='ltr'>πιστοτάτης</span> <span class='ocrx_word' id='word_1_246' title='bbox 1634 2131 1646 2143; x_wconf 92' lang='grc'><strong>.</strong></span> <span class='ocrx_word' id='word_1_247' title='bbox 1697 2088 1852 2149; x_wconf 80' lang='grc' dir='ltr'>Τίνος</span> <span class='ocrx_word' id='word_1_248' title='bbox 1904 2087 1968 2156; x_wconf 73' lang='grc' dir='ltr'>δὴ</span> 
     </span>
    </p>
   </div>
   <div class='ocr_carea' id='block_1_35' title="bbox 311 2174 1970 2250">
    <p class='ocr_par' dir='ltr' id='par_1_35' title="bbox 311 2174 1970 2250">
     <span class='ocr_line' id='line_1_35' title="bbox 311 2174 1970 2250; baseline 0.002 -22"><span class='ocrx_word' id='word_1_249' title='bbox 311 2175 568 2249; x_wconf 85' lang='grc' dir='ltr'>γυναικὸς</span> <span class='ocrx_word' id='word_1_250' title='bbox 605 2175 773 2249; x_wconf 83' lang='grc' dir='ltr'>λέγω,</span> <span class='ocrx_word' id='word_1_251' title='bbox 809 2175 897 2230; x_wconf 82' lang='grc' dir='ltr'>καὶ</span> <span class='ocrx_word' id='word_1_252' title='bbox 948 2174 1086 2242; x_wconf 70' lang='grc' dir='ltr'>οἵας,</span> <span class='ocrx_word' id='word_1_253' title='bbox 1120 2177 1157 2250; x_wconf 69' lang='grc' dir='ltr'>ᾗ</span> <span class='ocrx_word' id='word_1_254' title='bbox 1195 2176 1335 2249; x_wconf 73' lang='grc' dir='ltr'>μηδὲ</span> <span class='ocrx_word' id='word_1_255' title='bbox 1381 2178 1444 2232; x_wconf 84' lang='grc' dir='ltr'>τὸ</span> <span class='ocrx_word' id='word_1_256' title='bbox 1496 2175 1843 2232; x_wconf 81' lang='grc' dir='ltr'>Ἀτλαντικὸν</span> <span class='ocrx_word' id='word_1_257' title='bbox 1876 2180 1970 2232; x_wconf 88' lang='grc' dir='ltr'>πέ-</span> 
     </span>
    </p>
   </div>
   <div class='ocr_carea' id='block_1_36' title="bbox 315 2263 1973 2342">
    <p class='ocr_par' dir='ltr' id='par_1_36' title="bbox 315 2263 1973 2342">
     <span class='ocr_line' id='line_1_36' title="bbox 315 2263 1973 2342; baseline 0.001 -22"><span class='ocrx_word' id='word_1_258' title='bbox 315 2263 502 2340; x_wconf 87' lang='grc' dir='ltr'>λαγος,</span> <span class='ocrx_word' id='word_1_259' title='bbox 536 2266 570 2332; x_wconf 71' lang='grc' dir='ltr'><strong>ἢ</strong></span> <span class='ocrx_word' id='word_1_260' title='bbox 604 2263 650 2319; x_wconf 69' lang='grc' dir='ltr'>ε⁹ί</span> <span class='ocrx_word' id='word_1_261' title='bbox 680 2285 732 2319; x_wconf 86' lang='grc' dir='ltr'>τι</span> <span class='ocrx_word' id='word_1_262' title='bbox 767 2263 912 2320; x_wconf 79' lang='grc' dir='ltr'>ἄλλο</span> <span class='ocrx_word' id='word_1_263' title='bbox 965 2271 1072 2320; x_wconf 77' lang='grc' dir='ltr'>τῶν</span> <span class='ocrx_word' id='word_1_264' title='bbox 1111 2267 1404 2342; x_wconf 82' lang='grc' dir='ltr'>μεγίστων,</span> <span class='ocrx_word' id='word_1_265' title='bbox 1444 2265 1667 2342; x_wconf 72' lang='grc' dir='ltr'>ἤρκεσεν</span> <span class='ocrx_word' id='word_1_266' title='bbox 1716 2267 1773 2322; x_wconf 83' lang='grc' dir='ltr'>ἂν</span> <span class='ocrx_word' id='word_1_267' title='bbox 1811 2269 1973 2322; x_wconf 86' lang='grc' dir='ltr'>ἀπαν-</span> 
     </span>
    </p>
   </div>
   <div class='ocr_carea' id='block_1_37' title="bbox 315 2351 1970 2432">
    <p class='ocr_par' dir='ltr' id='par_1_37' title="bbox 315 2351 1970 2432">
     <span class='ocr_line' id='line_1_37' title="bbox 315 2351 1970 2432; baseline 0.003 -26"><span class='ocrx_word' id='word_1_268' title='bbox 315 2351 618 2424; x_wconf 84' lang='grc' dir='ltr'>τλούμενον</span> <span class='ocrx_word' id='word_1_269' title='bbox 653 2371 666 2420; x_wconf 92' lang='lat'><strong>;</strong></span> <span class='ocrx_word' id='word_1_270' title='bbox 699 2358 956 2415; x_wconf 77' lang='grc' dir='ltr'>τοσοῦτος</span> <span class='ocrx_word' id='word_1_271' title='bbox 988 2351 1126 2430; x_wconf 78' lang='grc' dir='ltr'>ἔρως</span> <span class='ocrx_word' id='word_1_272' title='bbox 1155 2361 1252 2410; x_wconf 81' lang='grc' dir='ltr'>τοῦ</span> <span class='ocrx_word' id='word_1_273' title='bbox 1274 2356 1534 2432; x_wconf 78' lang='grc' dir='ltr'>παρέχειν</span> <span class='ocrx_word' id='word_1_274' title='bbox 1568 2356 1725 2430; x_wconf 73' lang='grc' dir='ltr'>αὐτῇ,</span> <span class='ocrx_word' id='word_1_275' title='bbox 1759 2357 1847 2410; x_wconf 87' lang='grc' dir='ltr'>καὶ</span> <span class='ocrx_word' id='word_1_276' title='bbox 1879 2357 1970 2411; x_wconf 73' lang='grc' dir='ltr'>οὕ-</span> 
     </span>
    </p>
   </div>
   <div class='ocr_carea' id='block_1_38' title="bbox 317 2440 1972 2520">
    <p class='ocr_par' dir='ltr' id='par_1_38' title="bbox 317 2440 1972 2520">
     <span class='ocr_line' id='line_1_38' title="bbox 317 2440 1972 2520; baseline 0.004 -26"><span class='ocrx_word' id='word_1_277' title='bbox 317 2461 426 2502; x_wconf 90' lang='grc' dir='ltr'>τως</span> <span class='ocrx_word' id='word_1_278' title='bbox 461 2440 711 2515; x_wconf 75' lang='grc' dir='ltr'>ἄμετρος·</span> <span class='ocrx_word' id='word_1_279' title='bbox 746 2443 779 2511; x_wconf 79' lang='grc' dir='ltr'>ἣ</span> <span class='ocrx_word' id='word_1_280' title='bbox 806 2444 904 2512; x_wconf 80' lang='grc' dir='ltr'>τήν</span> <span class='ocrx_word' id='word_1_281' title='bbox 938 2446 1353 2518; x_wconf 87' lang='grc' dir='ltr'>Σολομώντειον</span> <span class='ocrx_word' id='word_1_282' title='bbox 1381 2444 1616 2520; x_wconf 85' lang='grc' dir='ltr'>βδέλλαν</span> <span class='ocrx_word' id='word_1_283' title='bbox 1647 2445 1722 2507; x_wconf 77' lang='grc' dir='ltr'>εἷς</span> <span class='ocrx_word' id='word_1_284' title='bbox 1754 2446 1972 2500; x_wconf 83' lang='grc' dir='ltr'>τούναν-</span> 
     </span>
    </p>
   </div>
   <div class='ocr_carea' id='block_1_39' title="bbox 317 2529 1966 2610">
    <p class='ocr_par' dir='ltr' id='par_1_39' title="bbox 317 2529 1966 2610">
     <span class='ocr_line' id='line_1_39' title="bbox 317 2529 1966 2610; baseline 0.004 -26"><span class='ocrx_word' id='word_1_285' title='bbox 317 2529 432 2584; x_wconf 89' lang='grc' dir='ltr'>τίον</span> <span class='ocrx_word' id='word_1_286' title='bbox 494 2529 777 2602; x_wconf 77' lang='grc' dir='ltr'>ἐζήλωσε,</span> <span class='ocrx_word' id='word_1_287' title='bbox 835 2536 903 2605; x_wconf 76' lang='grc' dir='ltr'>τῇ</span> <span class='ocrx_word' id='word_1_288' title='bbox 954 2532 1177 2607; x_wconf 84' lang='grc' dir='ltr'>περὶτὸ</span> <span class='ocrx_word' id='word_1_289' title='bbox 1236 2540 1479 2610; x_wconf 82' lang='grc' dir='ltr'>κρεῖττον</span> <span class='ocrx_word' id='word_1_290' title='bbox 1538 2533 1814 2606; x_wconf 78' lang='grc' dir='ltr'>ἀπληστίᾳ</span> <span class='ocrx_word' id='word_1_291' title='bbox 1867 2536 1966 2603; x_wconf 74' lang='grc' dir='ltr'>τήν</span> 
     </span>
    </p>
   </div>
   <div class='ocr_carea' id='block_1_40' title="bbox 321 2618 1969 2700">
    <p class='ocr_par' dir='ltr' id='par_1_40' title="bbox 321 2618 1969 2700">
     <span class='ocr_line' id='line_1_40' title="bbox 321 2618 1969 2700; baseline 0.003 -27"><span class='ocrx_word' id='word_1_292' title='bbox 321 2618 397 2680; x_wconf 67' lang='grc' dir='ltr'>εἷς</span> <span class='ocrx_word' id='word_1_293' title='bbox 427 2619 489 2673; x_wconf 85' lang='grc' dir='ltr'>τὸ</span> <span class='ocrx_word' id='word_1_294' title='bbox 539 2624 727 2695; x_wconf 84' lang='grc' dir='ltr'>χεῖρον</span> <span class='ocrx_word' id='word_1_295' title='bbox 777 2624 890 2692; x_wconf 81' lang='grc'>(72)</span> <span class='ocrx_word' id='word_1_296' title='bbox 936 2624 1219 2693; x_wconf 77' lang='grc' dir='ltr'>νικήσασα,</span> <span class='ocrx_word' id='word_1_297' title='bbox 1265 2623 1355 2678; x_wconf 74' lang='grc' dir='ltr'>καὶ</span> <span class='ocrx_word' id='word_1_298' title='bbox 1401 2623 1562 2700; x_wconf 90' lang='grc' dir='ltr'>κόρον</span> <span class='ocrx_word' id='word_1_299' title='bbox 1619 2623 1722 2678; x_wconf 79' lang='grc' dir='ltr'>οὐκ</span> <span class='ocrx_word' id='word_1_300' title='bbox 1768 2622 1969 2699; x_wconf 81' lang='grc' dir='ltr'>ἔχουσα</span> 
     </span>
    </p>
   </div>
   <div class='ocr_carea' id='block_1_41' title="bbox 311 2708 1964 2787">
    <p class='ocr_par' dir='ltr' id='par_1_41' title="bbox 311 2708 1964 2787">
     <span class='ocr_line' id='line_1_41' title="bbox 311 2708 1964 2787; baseline 0.002 -25"><span class='ocrx_word' id='word_1_301' title='bbox 311 2713 412 2776; x_wconf 83' lang='grc' dir='ltr'>τῆς</span> <span class='ocrx_word' id='word_1_302' title='bbox 444 2708 567 2783; x_wconf 83' lang='grc' dir='ltr'>περὶ</span> <span class='ocrx_word' id='word_1_303' title='bbox 614 2709 675 2762; x_wconf 83' lang='grc' dir='ltr'>τὸ</span> <span class='ocrx_word' id='word_1_304' title='bbox 727 2709 782 2762; x_wconf 80' lang='grc' dir='ltr'>εὗ</span> <span class='ocrx_word' id='word_1_305' title='bbox 831 2715 1004 2764; x_wconf 77' lang='grc' dir='ltr'>ποιεῖν</span> <span class='ocrx_word' id='word_1_306' title='bbox 1050 2713 1378 2786; x_wconf 80' lang='grc' dir='ltr'>προθυμίας·</span> <span class='ocrx_word' id='word_1_307' title='bbox 1413 2714 1446 2780; x_wconf 77' lang='grc' dir='ltr'>ἢ</span> <span class='ocrx_word' id='word_1_308' title='bbox 1499 2714 1574 2785; x_wconf 84' lang='grc' dir='ltr'>μὴ</span> <span class='ocrx_word' id='word_1_309' title='bbox 1627 2711 1708 2766; x_wconf 76' lang='grc' dir='ltr'>ὅτι</span> <span class='ocrx_word' id='word_1_310' title='bbox 1758 2734 1821 2787; x_wconf 88' lang='grc' dir='ltr'>γε</span> <span class='ocrx_word' id='word_1_311' title='bbox 1867 2715 1964 2781; x_wconf 76' lang='grc' dir='ltr'>τήν</span> 
     </span>
    </p>
   </div>
   <div class='ocr_carea' id='block_1_42' title="bbox 311 2794 1968 2878">
    <p class='ocr_par' dir='ltr' id='par_1_42' title="bbox 311 2794 1968 2878">
     <span class='ocr_line' id='line_1_42' title="bbox 311 2794 1968 2878; baseline 0.004 -29"><span class='ocrx_word' id='word_1_312' title='bbox 311 2794 494 2850; x_wconf 84' lang='grc' dir='ltr'>οὐσίαν</span> <span class='ocrx_word' id='word_1_313' title='bbox 561 2798 790 2870; x_wconf 79' lang='grc' dir='ltr'>ἅπασαν,</span> <span class='ocrx_word' id='word_1_314' title='bbox 850 2797 947 2869; x_wconf 76' lang='grc' dir='ltr'>ὅση</span> <span class='ocrx_word' id='word_1_315' title='bbox 1009 2820 1068 2854; x_wconf 88' lang='grc' dir='ltr'>τε</span> <span class='ocrx_word' id='word_1_316' title='bbox 1124 2800 1190 2868; x_wconf 74' lang='grc' dir='ltr'>ἦν</span> <span class='ocrx_word' id='word_1_317' title='bbox 1243 2799 1452 2870; x_wconf 79' lang='grc' dir='ltr'>αὐτοῖς,</span> <span class='ocrx_word' id='word_1_318' title='bbox 1512 2802 1601 2855; x_wconf 87' lang='grc' dir='ltr'>καὶ</span> <span class='ocrx_word' id='word_1_319' title='bbox 1649 2800 1748 2872; x_wconf 77' lang='grc' dir='ltr'>ὅση</span> <span class='ocrx_word' id='word_1_320' title='bbox 1799 2822 1968 2878; x_wconf 89' lang='grc' dir='ltr'>προσ-</span> 
     </span>
    </p>
   </div>
   <div class='ocr_carea' id='block_1_43' title="bbox 308 2884 1962 2968">
    <p class='ocr_par' dir='ltr' id='par_1_43' title="bbox 308 2884 1962 2968">
     <span class='ocr_line' id='line_1_43' title="bbox 308 2884 1962 2968; baseline 0.005 -31"><span class='ocrx_word' id='word_1_321' title='bbox 308 2884 534 2959; x_wconf 85' lang='grc' dir='ltr'>εγένετο,</span> <span class='ocrx_word' id='word_1_322' title='bbox 570 2885 893 2961; x_wconf 77' lang='grc' dir='ltr'>μικροτέραν</span> <span class='ocrx_word' id='word_1_323' title='bbox 941 2890 1132 2962; x_wconf 74' lang='grc' dir='ltr'>ἡγεῖτο</span> <span class='ocrx_word' id='word_1_324' title='bbox 1182 2895 1284 2957; x_wconf 77' lang='grc' dir='ltr'>τῆς</span> <span class='ocrx_word' id='word_1_325' title='bbox 1335 2888 1539 2951; x_wconf 77' lang='grc' dir='ltr'>οἰκείας</span> <span class='ocrx_word' id='word_1_326' title='bbox 1571 2888 1801 2968; x_wconf 65' lang='grc' dir='ltr'>ἐφέσεως</span> <span class='ocrx_word' id='word_1_327' title='bbox 1829 2894 1962 2962; x_wconf 75' lang='grc'>(73)·</span> 
     </span>
    </p>
   </div>
   <div class='ocr_carea' id='block_1_44' title="bbox 309 2969 1964 3051">
    <p class='ocr_par' dir='ltr' id='par_1_44' title="bbox 309 2969 1964 3051">
     <span class='ocr_line' id='line_1_44' title="bbox 309 2969 1964 3051; baseline 0.005 -26"><span class='ocrx_word' id='word_1_328' title='bbox 309 2969 453 3027; x_wconf 77' lang='grc' dir='ltr'>ἀλλὰ</span> <span class='ocrx_word' id='word_1_329' title='bbox 480 2974 567 3028; x_wconf 80' lang='grc' dir='ltr'>καὶ</span> <span class='ocrx_word' id='word_1_330' title='bbox 602 2976 794 3043; x_wconf 66' lang='grc' dir='ltr'>ἑαυτὴν</span> <span class='ocrx_word' id='word_1_331' title='bbox 823 2976 910 3030; x_wconf 82' lang='lat' dir='ltr'>xui</span> <span class='ocrx_word' id='word_1_332' title='bbox 941 2977 1069 3038; x_wconf 78' lang='grc' dir='ltr'>τοὺς</span> <span class='ocrx_word' id='word_1_333' title='bbox 1116 2976 1315 3040; x_wconf 83' lang='grc' dir='ltr'>παῖδας</span> <span class='ocrx_word' id='word_1_334' title='bbox 1348 2978 1585 3051; x_wconf 68' lang='grc' dir='ltr'>ἑτοίμως</span> <span class='ocrx_word' id='word_1_335' title='bbox 1616 2978 1848 3034; x_wconf 76' lang='grc' dir='ltr'>ἀπέδοτο</span> <span class='ocrx_word' id='word_1_336' title='bbox 1881 2979 1964 3050; x_wconf 63' lang='grc' dir='ltr'>ἂν,</span> 
     </span>
    </p>
   </div>
   <div class='ocr_carea' id='block_1_45' title="bbox 307 3058 1960 3144">
    <p class='ocr_par' dir='ltr' id='par_1_45' title="bbox 307 3058 1960 3144">
     <span class='ocr_line' id='line_1_45' title="bbox 307 3058 1960 3144; baseline 0.006 -30"><span class='ocrx_word' id='word_1_337' title='bbox 307 3058 361 3115; x_wconf 79' lang='grc' dir='ltr'>εἷ’</span> <span class='ocrx_word' id='word_1_338' title='bbox 387 3083 504 3123; x_wconf 92' lang='grc' dir='ltr'>πως</span> <span class='ocrx_word' id='word_1_339' title='bbox 535 3062 679 3132; x_wconf 75' lang='grc' dir='ltr'>ἐνῆν,</span> <span class='ocrx_word' id='word_1_340' title='bbox 713 3065 740 3119; x_wconf 82' lang='grc' dir='ltr'>ὃ</span> <span class='ocrx_word' id='word_1_341' title='bbox 771 3065 860 3119; x_wconf 76' lang='grc' dir='ltr'>καὶ</span> <span class='ocrx_word' id='word_1_342' title='bbox 891 3064 1166 3128; x_wconf 86' lang='grc' dir='ltr'>πολλάκις</span> <span class='ocrx_word' id='word_1_343' title='bbox 1216 3066 1384 3137; x_wconf 80' lang='grc' dir='ltr'>αὐτῆς</span> <span class='ocrx_word' id='word_1_344' title='bbox 1419 3065 1688 3144; x_wconf 76' lang='grc' dir='ltr'>λεγούσης</span> <span class='ocrx_word' id='word_1_345' title='bbox 1733 3067 1960 3143; x_wconf 74' lang='grc' dir='ltr'>ἤκουσα,</span> 
     </span>
    </p>
   </div>
   <div class='ocr_carea' id='block_1_46' title="bbox 308 3147 1962 3232">
    <p class='ocr_par' dir='ltr' id='par_1_46' title="bbox 308 3147 1962 3232">
     <span class='ocr_line' id='line_1_46' title="bbox 308 3147 1962 3232; baseline 0.005 -28"><span class='ocrx_word' id='word_1_346' title='bbox 308 3147 445 3205; x_wconf 81' lang='grc' dir='ltr'>ὥστε</span> <span class='ocrx_word' id='word_1_347' title='bbox 494 3149 930 3223; x_wconf 67' lang='grc' dir='ltr'>έκδαπανηθῆναι</span> <span class='ocrx_word' id='word_1_348' title='bbox 977 3160 1098 3217; x_wconf 83' lang='grc' dir='ltr'>τοῖς</span> <span class='ocrx_word' id='word_1_349' title='bbox 1147 3156 1340 3227; x_wconf 86' lang='grc' dir='ltr'>πένησι</span> <span class='ocrx_word' id='word_1_350' title='bbox 1373 3200 1384 3212; x_wconf 94' lang='grc'><strong>.</strong></span> <span class='ocrx_word' id='word_1_351' title='bbox 1437 3156 1615 3232; x_wconf 77' lang='grc' dir='ltr'>Ταύτῃ</span> <span class='ocrx_word' id='word_1_352' title='bbox 1661 3158 1755 3220; x_wconf 74' lang='grc' dir='ltr'>τὰς</span> <span class='ocrx_word' id='word_1_353' title='bbox 1807 3159 1962 3228; x_wconf 81' lang='grc' dir='ltr'>ἡνίας</span> 
     </span>
    </p>
   </div>
   <div class='ocr_carea' id='block_1_47' title="bbox 2080 2001 3735 2074">
    <p class='ocr_par' dir='ltr' id='par_1_47' title="bbox 2080 2001 3735 2074">
     <span class='ocr_line' id='line_1_47' title="bbox 2080 2001 3735 2074; baseline -0.001 -19"><span class='ocrx_word' id='word_1_354' title='bbox 2080 2003 2246 2066; x_wconf 88' lang='lat' dir='ltr'>tudo,</span> <span class='ocrx_word' id='word_1_355' title='bbox 2278 2003 2491 2073; x_wconf 87' lang='lat' dir='ltr'>quippe</span> <span class='ocrx_word' id='word_1_356' title='bbox 2541 2003 2636 2073; x_wconf 90' lang='lat' dir='ltr'>qui</span> <span class='ocrx_word' id='word_1_357' title='bbox 2691 2003 2760 2057; x_wconf 92' lang='lat' dir='ltr'>de</span> <span class='ocrx_word' id='word_1_358' title='bbox 2805 2001 3202 2074; x_wconf 89' lang='lat' dir='ltr'>pulcherrima</span> <span class='ocrx_word' id='word_1_359' title='bbox 3259 2015 3491 2072; x_wconf 88' lang='lat' dir='ltr'>quaque</span> <span class='ocrx_word' id='word_1_360' title='bbox 3519 2003 3735 2056; x_wconf 85' lang='lat' dir='ltr'>virtute</span> 
     </span>
    </p>
   </div>
   <div class='ocr_carea' id='block_1_48' title="bbox 2083 2088 3733 2161">
    <p class='ocr_par' dir='ltr' id='par_1_48' title="bbox 2083 2088 3733 2161">
     <span class='ocr_line' id='line_1_48' title="bbox 2083 2088 3733 2161; baseline -0.001 -15"><span class='ocrx_word' id='word_1_361' title='bbox 2083 2092 2532 2156; x_wconf 87' lang='lat' dir='ltr'>contenderent;</span> <span class='ocrx_word' id='word_1_362' title='bbox 2568 2093 2847 2160; x_wconf 87' lang='lat' dir='ltr'>majorem</span> <span class='ocrx_word' id='word_1_363' title='bbox 2880 2096 3078 2145; x_wconf 90' lang='lat' dir='ltr'>tamen</span> <span class='ocrx_word' id='word_1_364' title='bbox 3099 2089 3226 2161; x_wconf 90' lang='lat' dir='ltr'>ipse</span> <span class='ocrx_word' id='word_1_365' title='bbox 3255 2088 3584 2161; x_wconf 79' lang='lat' dir='ltr'>largitionis</span> <span class='ocrx_word' id='word_1_366' title='bbox 3607 2106 3733 2160; x_wconf 88' lang='lat' dir='ltr'>par-</span> 
     </span>
    </p>
   </div>
   <div class='ocr_carea' id='block_1_49' title="bbox 2080 2177 3729 2252">
    <p class='ocr_par' dir='ltr' id='par_1_49' title="bbox 2080 2177 3729 2252">
     <span class='ocr_line' id='line_1_49' title="bbox 2080 2177 3729 2252; baseline -0.001 -17"><span class='ocrx_word' id='word_1_367' title='bbox 2080 2184 2197 2235; x_wconf 89' lang='lat' dir='ltr'>tem</span> <span class='ocrx_word' id='word_1_368' title='bbox 2231 2179 2303 2247; x_wconf 89' lang='lat' dir='ltr'>ei,</span> <span class='ocrx_word' id='word_1_369' title='bbox 2339 2185 2401 2234; x_wconf 87' lang='lat' dir='ltr'>ut</span> <span class='ocrx_word' id='word_1_370' title='bbox 2431 2181 2662 2252; x_wconf 80' lang='lat' dir='ltr'>optimae</span> <span class='ocrx_word' id='word_1_371' title='bbox 2694 2184 2750 2234; x_wconf 90' lang='lat' dir='ltr'>et</span> <span class='ocrx_word' id='word_1_372' title='bbox 2778 2178 3134 2234; x_wconf 62' lang='lat' dir='ltr'>fidelissima;</span> <span class='ocrx_word' id='word_1_373' title='bbox 3162 2177 3501 2248; x_wconf 90' lang='lat' dir='ltr'>hujusmodi</span> <span class='ocrx_word' id='word_1_374' title='bbox 3535 2194 3729 2234; x_wconf 89' lang='lat' dir='ltr'>rerum</span> 
     </span>
    </p>
   </div>
   <div class='ocr_carea' id='block_1_50' title="bbox 2082 2265 3728 2340">
    <p class='ocr_par' dir='ltr' id='par_1_50' title="bbox 2082 2265 3728 2340">
     <span class='ocr_line' id='line_1_50' title="bbox 2082 2265 3728 2340; baseline -0.001 -16"><span class='ocrx_word' id='word_1_375' title='bbox 2082 2269 2511 2340; x_wconf 82' lang='lat' dir='ltr'>dispensatrici,</span> <span class='ocrx_word' id='word_1_376' title='bbox 2545 2268 2931 2339; x_wconf 86' lang='lat' dir='ltr'>relinquebat.</span> <span class='ocrx_word' id='word_1_377' title='bbox 2967 2270 3150 2332; x_wconf 90' lang='lat' dir='ltr'>Quam</span> <span class='ocrx_word' id='word_1_378' title='bbox 3186 2272 3378 2321; x_wconf 89' lang='lat' dir='ltr'>autem</span> <span class='ocrx_word' id='word_1_379' title='bbox 3412 2270 3469 2320; x_wconf 91' lang='lat' dir='ltr'>et</span> <span class='ocrx_word' id='word_1_380' title='bbox 3496 2265 3728 2338; x_wconf 90' lang='lat' dir='ltr'>qualem</span> 
     </span>
    </p>
   </div>
   <div class='ocr_carea' id='block_1_51' title="bbox 2082 2355 3734 2428">
    <p class='ocr_par' dir='ltr' id='par_1_51' title="bbox 2082 2355 3734 2428">
     <span class='ocr_line' id='line_1_51' title="bbox 2082 2355 3734 2428; baseline -0.002 -14"><span class='ocrx_word' id='word_1_381' title='bbox 2082 2357 2387 2414; x_wconf 87' lang='lat' dir='ltr'>mulierem</span> <span class='ocrx_word' id='word_1_382' title='bbox 2421 2359 2568 2420; x_wconf 84' lang='lat' dir='ltr'>dico,</span> <span class='ocrx_word' id='word_1_383' title='bbox 2602 2357 2693 2412; x_wconf 89' lang='lat' dir='ltr'>cui</span> <span class='ocrx_word' id='word_1_384' title='bbox 2731 2372 2799 2412; x_wconf 90' lang='lat' dir='ltr'>ne</span> <span class='ocrx_word' id='word_1_385' title='bbox 2827 2356 3181 2411; x_wconf 87' lang='lat' dir='ltr'>Atlanticum</span> <span class='ocrx_word' id='word_1_386' title='bbox 3208 2355 3442 2427; x_wconf 83' lang='lat' dir='ltr'>quidem</span> <span class='ocrx_word' id='word_1_387' title='bbox 3466 2355 3734 2428; x_wconf 86' lang='lat' dir='ltr'>pelagus,</span> 
     </span>
    </p>
   </div>
   <div class='ocr_carea' id='block_1_52' title="bbox 2081 2444 3730 2519">
    <p class='ocr_par' dir='ltr' id='par_1_52' title="bbox 2081 2444 3730 2519">
     <span class='ocr_line' id='line_1_52' title="bbox 2081 2444 3730 2519; baseline -0.001 -16"><span class='ocrx_word' id='word_1_388' title='bbox 2081 2451 2184 2504; x_wconf 91' lang='lat' dir='ltr'>aut</span> <span class='ocrx_word' id='word_1_389' title='bbox 2212 2447 2258 2502; x_wconf 85' lang='lat' dir='ltr'>si</span> <span class='ocrx_word' id='word_1_390' title='bbox 2293 2447 2435 2519; x_wconf 89' lang='lat' dir='ltr'>quid</span> <span class='ocrx_word' id='word_1_391' title='bbox 2468 2446 2621 2502; x_wconf 86' lang='lat' dir='ltr'>aliud</span> <span class='ocrx_word' id='word_1_392' title='bbox 2659 2446 2984 2500; x_wconf 87' lang='lat' dir='ltr'>maximum</span> <span class='ocrx_word' id='word_1_393' title='bbox 3015 2450 3123 2513; x_wconf 89' lang='lat' dir='ltr'>est,</span> <span class='ocrx_word' id='word_1_394' title='bbox 3168 2446 3239 2500; x_wconf 90' lang='lat' dir='ltr'>ad</span> <span class='ocrx_word' id='word_1_395' title='bbox 3273 2444 3730 2501; x_wconf 83' lang='lat' dir='ltr'>exhauriendum</span> 
     </span>
    </p>
   </div>
   <div class='ocr_carea' id='block_1_53' title="bbox 2079 2533 3731 2607">
    <p class='ocr_par' dir='ltr' id='par_1_53' title="bbox 2079 2533 3731 2607">
     <span class='ocr_line' id='line_1_53' title="bbox 2079 2533 3731 2607; baseline -0.004 -14"><span class='ocrx_word' id='word_1_396' title='bbox 2079 2536 2348 2593; x_wconf 76' lang='lat' dir='ltr'>sufﬁcere</span> <span class='ocrx_word' id='word_1_397' title='bbox 2379 2535 2711 2607; x_wconf 84' lang='lat' dir='ltr'>potuisset?</span> <span class='ocrx_word' id='word_1_398' title='bbox 2740 2539 2960 2590; x_wconf 91' lang='lat' dir='ltr'>Tantus</span> <span class='ocrx_word' id='word_1_399' title='bbox 2981 2538 3223 2605; x_wconf 85' lang='lat' dir='ltr'>tamque</span> <span class='ocrx_word' id='word_1_400' title='bbox 3243 2533 3598 2589; x_wconf 90' lang='lat' dir='ltr'>immodicus</span> <span class='ocrx_word' id='word_1_401' title='bbox 3619 2533 3731 2605; x_wconf 91' lang='lat' dir='ltr'>ipsi</span> 
     </span>
    </p>
   </div>
   <div class='ocr_carea' id='block_1_54' title="bbox 2079 2623 3734 2696">
    <p class='ocr_par' dir='ltr' id='par_1_54' title="bbox 2079 2623 3734 2696">
     <span class='ocr_line' id='line_1_54' title="bbox 2079 2623 3734 2696; baseline -0.001 -16"><span class='ocrx_word' id='word_1_402' title='bbox 2079 2627 2271 2680; x_wconf 89' lang='lat' dir='ltr'>inerat</span> <span class='ocrx_word' id='word_1_403' title='bbox 2309 2625 2592 2696; x_wconf 85' lang='lat' dir='ltr'>largiendi</span> <span class='ocrx_word' id='word_1_404' title='bbox 2646 2624 2846 2679; x_wconf 89' lang='lat' dir='ltr'>amorl</span> <span class='ocrx_word' id='word_1_405' title='bbox 2883 2625 3040 2678; x_wconf 72' lang='lat'>344</span> <span class='ocrx_word' id='word_1_406' title='bbox 3070 2625 3204 2687; x_wconf 81' lang='lat' dir='ltr'>Quae</span> <span class='ocrx_word' id='word_1_407' title='bbox 3236 2623 3567 2678; x_wconf 89' lang='lat' dir='ltr'>Salomonis</span> <span class='ocrx_word' id='word_1_408' title='bbox 3599 2639 3734 2678; x_wconf 89' lang='lat' dir='ltr'>san-</span> 
     </span>
    </p>
   </div>
   <div class='ocr_carea' id='block_1_55' title="bbox 2079 2711 3736 2787">
    <p class='ocr_par' dir='ltr' id='par_1_55' title="bbox 2079 2711 3736 2787">
     <span class='ocr_line' id='line_1_55' title="bbox 2079 2711 3736 2787; baseline 0 -19"><span class='ocrx_word' id='word_1_409' title='bbox 2079 2715 2384 2787; x_wconf 81' lang='lat' dir='ltr'>guisugam</span> <span class='ocrx_word' id='word_1_410' title='bbox 2415 2715 2460 2750; x_wconf 78' lang='grc' dir='ltr'>⁸ο</span> <span class='ocrx_word' id='word_1_411' title='bbox 2504 2715 2562 2768; x_wconf 90' lang='lat' dir='ltr'>in</span> <span class='ocrx_word' id='word_1_412' title='bbox 2596 2713 2952 2768; x_wconf 88' lang='lat' dir='ltr'>contrarium</span> <span class='ocrx_word' id='word_1_413' title='bbox 3006 2711 3280 2766; x_wconf 61' lang='lat' dir='ltr'>aemulata</span> <span class='ocrx_word' id='word_1_414' title='bbox 3309 2714 3418 2779; x_wconf 76' lang='lat' dir='ltr'>est,</span> <span class='ocrx_word' id='word_1_415' title='bbox 3450 2711 3736 2768; x_wconf 87' lang='lat' dir='ltr'>nimirum</span> 
     </span>
    </p>
   </div>
   <div class='ocr_carea' id='block_1_56' title="bbox 2080 2801 3742 2876">
    <p class='ocr_par' dir='ltr' id='par_1_56' title="bbox 2080 2801 3742 2876">
     <span class='ocr_line' id='line_1_56' title="bbox 2080 2801 3742 2876; baseline -0.001 -18"><span class='ocrx_word' id='word_1_416' title='bbox 2080 2821 2182 2876; x_wconf 87' lang='lat' dir='ltr'>per</span> <span class='ocrx_word' id='word_1_417' title='bbox 2210 2802 2620 2874; x_wconf 85' lang='lat' dir='ltr'>inexplebilem</span> <span class='ocrx_word' id='word_1_418' title='bbox 2657 2803 2724 2858; x_wconf 87' lang='lat' dir='ltr'>ad</span> <span class='ocrx_word' id='word_1_419' title='bbox 2761 2803 2980 2858; x_wconf 89' lang='lat' dir='ltr'>bonum</span> <span class='ocrx_word' id='word_1_420' title='bbox 3014 2801 3420 2872; x_wconf 89' lang='lat' dir='ltr'>cupiditatem,</span> <span class='ocrx_word' id='word_1_421' title='bbox 3453 2801 3742 2856; x_wconf 86' lang='lat' dir='ltr'>insatura-</span> 
     </span>
    </p>
   </div>
   <div class='ocr_carea' id='block_1_57' title="bbox 2078 2889 3737 2960">
    <p class='ocr_par' dir='ltr' id='par_1_57' title="bbox 2078 2889 3737 2960">
     <span class='ocr_line' id='line_1_57' title="bbox 2078 2889 3737 2960; baseline -0.002 -12"><span class='ocrx_word' id='word_1_422' title='bbox 2078 2893 2251 2948; x_wconf 92' lang='lat' dir='ltr'>bilem</span> <span class='ocrx_word' id='word_1_423' title='bbox 2297 2893 2367 2947; x_wconf 91' lang='lat' dir='ltr'>ad</span> <span class='ocrx_word' id='word_1_424' title='bbox 2401 2892 2622 2946; x_wconf 85' lang='lat' dir='ltr'>malum</span> <span class='ocrx_word' id='word_1_425' title='bbox 2675 2891 3008 2946; x_wconf 87' lang='lat' dir='ltr'>aviditatem</span> <span class='ocrx_word' id='word_1_426' title='bbox 3059 2889 3320 2958; x_wconf 89' lang='lat' dir='ltr'>vincens,</span> <span class='ocrx_word' id='word_1_427' title='bbox 3353 2892 3634 2960; x_wconf 84' lang='lat' dir='ltr'>tantaque</span> <span class='ocrx_word' id='word_1_428' title='bbox 3665 2889 3737 2944; x_wconf 88' lang='lat' dir='ltr'>ad</span> 
     </span>
    </p>
   </div>
   <div class='ocr_carea' id='block_1_58' title="bbox 2077 2979 3740 3049">
    <p class='ocr_par' dir='ltr' id='par_1_58' title="bbox 2077 2979 3740 3049">
     <span class='ocr_line' id='line_1_58' title="bbox 2077 2979 3740 3049; baseline -0.001 -13"><span class='ocrx_word' id='word_1_429' title='bbox 2077 2984 2222 3037; x_wconf 90' lang='lat' dir='ltr'>bene</span> <span class='ocrx_word' id='word_1_430' title='bbox 2266 2983 2608 3035; x_wconf 88' lang='lat' dir='ltr'>merendum</span> <span class='ocrx_word' id='word_1_431' title='bbox 2662 2979 2960 3034; x_wconf 82' lang='lat' dir='ltr'>alacritate</span> <span class='ocrx_word' id='word_1_432' title='bbox 3007 2979 3270 3049; x_wconf 67' lang='lat' dir='ltr'>praedita,</span> <span class='ocrx_word' id='word_1_433' title='bbox 3306 2981 3369 3032; x_wconf 93' lang='lat' dir='ltr'>ut</span> <span class='ocrx_word' id='word_1_434' title='bbox 3389 2993 3457 3032; x_wconf 87' lang='lat' dir='ltr'>ea</span> <span class='ocrx_word' id='word_1_435' title='bbox 3486 2979 3740 3034; x_wconf 85' lang='lat' dir='ltr'>saturari</span> 
     </span>
    </p>
   </div>
   <div class='ocr_carea' id='block_1_59' title="bbox 2075 3066 3736 3142">
    <p class='ocr_par' dir='ltr' id='par_1_59' title="bbox 2075 3066 3736 3142">
     <span class='ocr_line' id='line_1_59' title="bbox 2075 3066 3736 3142; baseline -0.002 -16"><span class='ocrx_word' id='word_1_436' title='bbox 2075 3087 2190 3126; x_wconf 92' lang='lat' dir='ltr'>non</span> <span class='ocrx_word' id='word_1_437' title='bbox 2225 3076 2452 3142; x_wconf 82' lang='lat' dir='ltr'>posset;</span> <span class='ocrx_word' id='word_1_438' title='bbox 2507 3086 2634 3140; x_wconf 84' lang='lat' dir='ltr'>quae</span> <span class='ocrx_word' id='word_1_439' title='bbox 2667 3070 2922 3139; x_wconf 88' lang='lat' dir='ltr'>denique</span> <span class='ocrx_word' id='word_1_440' title='bbox 2949 3084 3062 3121; x_wconf 79' lang='lat' dir='ltr'>non</span> <span class='ocrx_word' id='word_1_441' title='bbox 3115 3082 3255 3138; x_wconf 88' lang='lat' dir='ltr'>opes</span> <span class='ocrx_word' id='word_1_442' title='bbox 3284 3066 3476 3122; x_wconf 84' lang='lat' dir='ltr'>solum</span> <span class='ocrx_word' id='word_1_443' title='bbox 3509 3083 3736 3134; x_wconf 83' lang='lat' dir='ltr'>omnes,</span> 
     </span>
    </p>
   </div>
   <div class='ocr_carea' id='block_1_60' title="bbox 2074 3156 3737 3232">
    <p class='ocr_par' dir='ltr' id='par_1_60' title="bbox 2074 3156 3737 3232">
     <span class='ocr_line' id='line_1_60' title="bbox 2074 3156 3737 3232; baseline 0.001 -18"><span class='ocrx_word' id='word_1_444' title='bbox 2074 3177 2221 3232; x_wconf 87' lang='lat' dir='ltr'>quas</span> <span class='ocrx_word' id='word_1_445' title='bbox 2250 3159 2337 3215; x_wconf 91' lang='lat' dir='ltr'>vel</span> <span class='ocrx_word' id='word_1_446' title='bbox 2371 3159 2441 3213; x_wconf 88' lang='lat' dir='ltr'>ab</span> <span class='ocrx_word' id='word_1_447' title='bbox 2473 3159 2642 3213; x_wconf 91' lang='lat' dir='ltr'>initio</span> <span class='ocrx_word' id='word_1_448' title='bbox 2676 3158 2904 3225; x_wconf 87' lang='lat' dir='ltr'>habuit,</span> <span class='ocrx_word' id='word_1_449' title='bbox 2937 3156 3025 3212; x_wconf 90' lang='lat' dir='ltr'>vel</span> <span class='ocrx_word' id='word_1_450' title='bbox 3061 3161 3266 3228; x_wconf 82' lang='lat' dir='ltr'>postea</span> <span class='ocrx_word' id='word_1_451' title='bbox 3286 3160 3603 3212; x_wconf 89' lang='lat' dir='ltr'>consecuta</span> <span class='ocrx_word' id='word_1_452' title='bbox 3627 3161 3737 3215; x_wconf 64' lang='lat' dir='ltr'>est,</span> 
     </span>
    </p>
   </div>
   <div class='ocr_carea' id='block_1_61' title="bbox 319 3236 1986 3323">
    <p class='ocr_par' dir='ltr' id='par_1_61' title="bbox 319 3236 1974 3323">
     <span class='ocr_line' id='line_1_61' title="bbox 319 3236 1974 3323; baseline 0.005 -29"><span class='ocrx_word' id='word_1_453' title='bbox 319 3236 454 3302; x_wconf 70' lang='grc' dir='ltr'>ὅλας</span> <span class='ocrx_word' id='word_1_454' title='bbox 504 3240 749 3320; x_wconf 69' lang='grc' dir='ltr'>ἐπαφῆκε</span> <span class='ocrx_word' id='word_1_455' title='bbox 798 3251 900 3313; x_wconf 82' lang='grc' dir='ltr'>τῆς</span> <span class='ocrx_word' id='word_1_456' title='bbox 946 3241 1261 3307; x_wconf 73' lang='grc' dir='ltr'>ἐπιδόσεως.</span> <span class='ocrx_word' id='word_1_457' title='bbox 1294 3247 1360 3303; x_wconf 89' lang='grc' dir='ltr'><strong>Ὃ</strong></span> <span class='ocrx_word' id='word_1_458' title='bbox 1399 3245 1488 3301; x_wconf 83' lang='grc' dir='ltr'>καὶ</span> <span class='ocrx_word' id='word_1_459' title='bbox 1539 3245 1974 3323; x_wconf 82' lang='grc' dir='ltr'>παραδείγματος</span> 
     </span>
    </p>
   </div>
   <div class='ocr_carea' id='block_1_62' title="bbox 2085 3236 3740 3323">
    <p class='ocr_par' dir='ltr' id='par_1_62' title="bbox 2087 3245 3740 3321">
     <span class='ocr_line' id='line_1_62' title="bbox 2087 3245 3740 3321; baseline -0.003 -15"><span class='ocrx_word' id='word_1_460' title='bbox 2087 3250 2406 3321; x_wconf 86' lang='lat' dir='ltr'>cupiditate</span> <span class='ocrx_word' id='word_1_461' title='bbox 2438 3265 2545 3303; x_wconf 87' lang='lat' dir='ltr'>sua</span> <span class='ocrx_word' id='word_1_462' title='bbox 2593 3249 2850 3302; x_wconf 89' lang='lat' dir='ltr'>minores</span> <span class='ocrx_word' id='word_1_463' title='bbox 2899 3246 3274 3301; x_wconf 84' lang='lat' dir='ltr'>existimabat</span> <span class='ocrx_word' id='word_1_464' title='bbox 3305 3263 3317 3301; x_wconf 91' lang='lat'>:</span> <span class='ocrx_word' id='word_1_465' title='bbox 3347 3246 3448 3301; x_wconf 88' lang='lat' dir='ltr'>sed</span> <span class='ocrx_word' id='word_1_466' title='bbox 3482 3245 3740 3318; x_wconf 87' lang='lat' dir='ltr'>seipsam</span> 
     </span>
    </p>
   </div>
   <div class='ocr_carea' id='block_1_63' title="bbox 320 3326 1973 3412">
    <p class='ocr_par' dir='ltr' id='par_1_63' title="bbox 320 3326 1973 3412">
     <span class='ocr_line' id='line_1_63' title="bbox 320 3326 1973 3412; baseline 0.005 -30"><span class='ocrx_word' id='word_1_467' title='bbox 320 3326 444 3401; x_wconf 78' lang='grc' dir='ltr'>ἐμοὶ</span> <span class='ocrx_word' id='word_1_468' title='bbox 495 3336 626 3406; x_wconf 70' lang='grc' dir='ltr'>γοῦν</span> <span class='ocrx_word' id='word_1_469' title='bbox 677 3337 922 3406; x_wconf 87' lang='grc' dir='ltr'>κρεῖττον</span> <span class='ocrx_word' id='word_1_470' title='bbox 971 3330 1436 3408; x_wconf 76' lang='grc' dir='ltr'>ὑπολαμϐάνεται.</span> <span class='ocrx_word' id='word_1_471' title='bbox 1483 3337 1553 3390; x_wconf 84' lang='grc' dir='ltr'>Τὸ</span> <span class='ocrx_word' id='word_1_472' title='bbox 1605 3337 1698 3408; x_wconf 74' lang='grc' dir='ltr'>μὲν</span> <span class='ocrx_word' id='word_1_473' title='bbox 1747 3338 1848 3412; x_wconf 72' lang='grc' dir='ltr'>γὰρ</span> <span class='ocrx_word' id='word_1_474' title='bbox 1899 3337 1973 3399; x_wconf 86' lang='grc' dir='ltr'>εἷς</span> 
     </span>
    </p>
   </div>
   <div class='ocr_carea' id='block_1_64' title="bbox 315 3422 1972 3501">
    <p class='ocr_par' dir='ltr' id='par_1_64' title="bbox 315 3422 1972 3501">
     <span class='ocr_line' id='line_1_64' title="bbox 315 3422 1972 3501; baseline 0.003 -28"><span class='ocrx_word' id='word_1_475' title='bbox 315 3422 578 3495; x_wconf 82' lang='grc' dir='ltr'>χρήματα</span> <span class='ocrx_word' id='word_1_476' title='bbox 614 3422 1026 3497; x_wconf 76' lang='grc' dir='ltr'>μεγαλόψυχον,</span> <span class='ocrx_word' id='word_1_477' title='bbox 1071 3424 1158 3478; x_wconf 77' lang='grc' dir='ltr'>καὶ</span> <span class='ocrx_word' id='word_1_478' title='bbox 1209 3431 1334 3500; x_wconf 88' lang='grc' dir='ltr'>παρ’</span> <span class='ocrx_word' id='word_1_479' title='bbox 1378 3422 1573 3486; x_wconf 79' lang='grc' dir='ltr'>ἄλλοις</span> <span class='ocrx_word' id='word_1_480' title='bbox 1618 3425 1680 3479; x_wconf 76' lang='grc' dir='ltr'>οὐ</span> <span class='ocrx_word' id='word_1_481' title='bbox 1711 3425 1972 3501; x_wconf 81' lang='grc' dir='ltr'>χαλεπῶς</span> 
     </span>
    </p>
   </div>
   <div class='ocr_carea' id='block_1_65' title="bbox 305 3507 1970 3582">
    <p class='ocr_par' dir='ltr' id='par_1_65' title="bbox 305 3507 1970 3582">
     <span class='ocr_line' id='line_1_65' title="bbox 305 3507 1970 3582; baseline 0.005 -21"><span class='ocrx_word' id='word_1_482' title='bbox 305 3507 454 3582; x_wconf 74' lang='grc' dir='ltr'>εὕροι</span> <span class='ocrx_word' id='word_1_483' title='bbox 501 3529 582 3570; x_wconf 87' lang='grc' dir='ltr'>τις</span> <span class='ocrx_word' id='word_1_484' title='bbox 629 3509 710 3579; x_wconf 75' lang='grc' dir='ltr'>ἂν,</span> <span class='ocrx_word' id='word_1_485' title='bbox 770 3510 867 3564; x_wconf 73' lang='grc' dir='ltr'>ὅσα</span> <span class='ocrx_word' id='word_1_486' title='bbox 919 3532 978 3565; x_wconf 88' lang='grc' dir='ltr'>τε</span> <span class='ocrx_word' id='word_1_487' title='bbox 1027 3511 1102 3572; x_wconf 77' lang='grc' dir='ltr'>εἰς</span> <span class='ocrx_word' id='word_1_488' title='bbox 1152 3514 1248 3574; x_wconf 75' lang='grc' dir='ltr'>τὰς</span> <span class='ocrx_word' id='word_1_489' title='bbox 1295 3515 1477 3574; x_wconf 68' lang='grc' dir='ltr'>κοινὰς</span> <span class='ocrx_word' id='word_1_490' title='bbox 1533 3514 1622 3567; x_wconf 81' lang='grc' dir='ltr'>καὶ</span> <span class='ocrx_word' id='word_1_491' title='bbox 1682 3514 1970 3576; x_wconf 84' lang='grc' dir='ltr'>πολιτικὰς</span> 
     </span>
    </p>
   </div>
   <div class='ocr_carea' id='block_1_66' title="bbox 305 3594 1971 3674">
    <p class='ocr_par' dir='ltr' id='par_1_66' title="bbox 305 3594 1971 3674">
     <span class='ocr_line' id='line_1_66' title="bbox 305 3594 1971 3674; baseline 0.006 -28"><span class='ocrx_word' id='word_1_492' title='bbox 305 3594 610 3650; x_wconf 86' lang='grc' dir='ltr'>ἀπόλλυται</span> <span class='ocrx_word' id='word_1_493' title='bbox 635 3595 990 3674; x_wconf 76' lang='grc' dir='ltr'>φιλοτιμίας,</span> <span class='ocrx_word' id='word_1_494' title='bbox 1024 3598 1123 3654; x_wconf 79' lang='grc' dir='ltr'>ὅσα</span> <span class='ocrx_word' id='word_1_495' title='bbox 1168 3621 1225 3654; x_wconf 91' lang='grc' dir='ltr'>τε</span> <span class='ocrx_word' id='word_1_496' title='bbox 1271 3605 1351 3672; x_wconf 77' lang='grc' dir='ltr'>τῷ</span> <span class='ocrx_word' id='word_1_497' title='bbox 1397 3605 1512 3671; x_wconf 86' lang='grc' dir='ltr'>Θεῷ</span> <span class='ocrx_word' id='word_1_498' title='bbox 1554 3599 1643 3656; x_wconf 76' lang='grc' dir='ltr'>διὰ</span> <span class='ocrx_word' id='word_1_499' title='bbox 1669 3606 1775 3656; x_wconf 77' lang='grc' dir='ltr'>τῶν</span> <span class='ocrx_word' id='word_1_500' title='bbox 1809 3606 1971 3672; x_wconf 88' lang='grc' dir='ltr'>πενή-</span> 
     </span>
    </p>
   </div>
   <div class='ocr_carea' id='block_1_67' title="bbox 295 3679 1968 3765">
    <p class='ocr_par' dir='ltr' id='par_1_67' title="bbox 295 3679 1968 3765">
     <span class='ocr_line' id='line_1_67' title="bbox 295 3679 1968 3765; baseline 0.004 -30"><span class='ocrx_word' id='word_1_501' title='bbox 295 3703 403 3736; x_wconf 88' lang='grc' dir='ltr'>των</span> <span class='ocrx_word' id='word_1_502' title='bbox 439 3679 755 3756; x_wconf 77' lang='grc' dir='ltr'>δανείζεται,</span> <span class='ocrx_word' id='word_1_503' title='bbox 802 3685 890 3740; x_wconf 86' lang='grc' dir='ltr'>καὶ</span> <span class='ocrx_word' id='word_1_504' title='bbox 948 3685 1085 3758; x_wconf 92' lang='grc' dir='ltr'>μόνα</span> <span class='ocrx_word' id='word_1_505' title='bbox 1138 3692 1256 3749; x_wconf 85' lang='grc' dir='ltr'>τοῖς</span> <span class='ocrx_word' id='word_1_506' title='bbox 1308 3687 1655 3742; x_wconf 83' lang='grc' dir='ltr'>ἀναλίσκουσι</span> <span class='ocrx_word' id='word_1_507' title='bbox 1709 3691 1968 3765; x_wconf 86' lang='grc' dir='ltr'>Θησαυρί-</span> 
     </span>
    </p>
   </div>
   <div class='ocr_carea' id='block_1_68' title="bbox 302 3772 1969 3848">
    <p class='ocr_par' dir='ltr' id='par_1_68' title="bbox 302 3772 1969 3848">
     <span class='ocr_line' id='line_1_68' title="bbox 302 3772 1969 3848; baseline 0.004 -23"><span class='ocrx_word' id='word_1_508' title='bbox 302 3776 464 3841; x_wconf 85' lang='grc' dir='ltr'>ζεται·</span> <span class='ocrx_word' id='word_1_509' title='bbox 497 3780 596 3842; x_wconf 80' lang='grc' dir='ltr'>τῆς</span> <span class='ocrx_word' id='word_1_510' title='bbox 631 3772 688 3828; x_wconf 74' lang='grc' dir='ltr'>δὲ</span> <span class='ocrx_word' id='word_1_511' title='bbox 730 3773 817 3829; x_wconf 79' lang='grc' dir='ltr'>ἐπὶ</span> <span class='ocrx_word' id='word_1_512' title='bbox 872 3775 1055 3848; x_wconf 86' lang='grc' dir='ltr'>τούτῳ</span> <span class='ocrx_word' id='word_1_513' title='bbox 1088 3778 1200 3848; x_wconf 86' lang='grc'>(74)</span> <span class='ocrx_word' id='word_1_514' title='bbox 1235 3773 1418 3847; x_wconf 80' lang='grc' dir='ltr'>δόξης,</span> <span class='ocrx_word' id='word_1_515' title='bbox 1465 3777 1564 3833; x_wconf 77' lang='grc' dir='ltr'>οὐκ</span> <span class='ocrx_word' id='word_1_516' title='bbox 1611 3774 1751 3832; x_wconf 68' lang='grc' dir='ltr'>ἔστιν</span> <span class='ocrx_word' id='word_1_517' title='bbox 1787 3775 1969 3833; x_wconf 79' lang='grc' dir='ltr'>ὅντινα</span> 
     </span>
    </p>
   </div>
   <div class='ocr_carea' id='block_1_69' title="bbox 299 3862 1966 3944">
    <p class='ocr_par' dir='ltr' id='par_1_69' title="bbox 299 3862 1966 3944">
     <span class='ocr_line' id='line_1_69' title="bbox 299 3862 1966 3944; baseline 0.004 -29"><span class='ocrx_word' id='word_1_518' title='bbox 299 3865 781 3938; x_wconf 75' lang='grc' dir='ltr'>παραχωρήσαντα</span> <span class='ocrx_word' id='word_1_519' title='bbox 854 3862 1056 3939; x_wconf 77' lang='grc' dir='ltr'>ῥᾳδίως</span> <span class='ocrx_word' id='word_1_520' title='bbox 1113 3865 1431 3939; x_wconf 75' lang='grc' dir='ltr'>εὑρίσκομεν</span> <span class='ocrx_word' id='word_1_521' title='bbox 1478 3909 1491 3922; x_wconf 92' lang='grc'><strong>.</strong></span> <span class='ocrx_word' id='word_1_522' title='bbox 1543 3871 1648 3920; x_wconf 74' lang='grc' dir='ltr'>Τοῦ</span> <span class='ocrx_word' id='word_1_523' title='bbox 1711 3867 1804 3939; x_wconf 76' lang='grc' dir='ltr'>μὲν</span> <span class='ocrx_word' id='word_1_524' title='bbox 1863 3870 1966 3944; x_wconf 78' lang='grc' dir='ltr'>γὰρ</span> 
     </span>
    </p>
   </div>
   <div class='ocr_carea' id='block_1_70' title="bbox 309 3947 1965 4031">
    <p class='ocr_par' dir='ltr' id='par_1_70' title="bbox 309 3947 1965 4031">
     <span class='ocr_line' id='line_1_70' title="bbox 309 3947 1965 4031; baseline 0.004 -27"><span class='ocrx_word' id='word_1_525' title='bbox 309 3947 568 4023; x_wconf 82' lang='grc' dir='ltr'>δαπανᾷν,</span> <span class='ocrx_word' id='word_1_526' title='bbox 619 3953 709 4008; x_wconf 81' lang='grc' dir='ltr'>καὶ</span> <span class='ocrx_word' id='word_1_527' title='bbox 763 3956 797 4022; x_wconf 77' lang='grc' dir='ltr'>ἡ</span> <span class='ocrx_word' id='word_1_528' title='bbox 853 3951 1139 4031; x_wconf 76' lang='grc' dir='ltr'>φιλοδοξία</span> <span class='ocrx_word' id='word_1_529' title='bbox 1184 3959 1301 4016; x_wconf 83' lang='grc' dir='ltr'>τοῖς</span> <span class='ocrx_word' id='word_1_530' title='bbox 1351 3954 1587 4016; x_wconf 88' lang='grc' dir='ltr'>πολλοῖς</span> <span class='ocrx_word' id='word_1_531' title='bbox 1635 3954 1862 4030; x_wconf 80' lang='grc' dir='ltr'>παρέχει</span> <span class='ocrx_word' id='word_1_532' title='bbox 1903 3958 1965 4011; x_wconf 80' lang='grc' dir='ltr'>τὸ</span> 
     </span>
    </p>
   </div>
   <div class='ocr_carea' id='block_1_71' title="bbox 299 4039 1963 4120">
    <p class='ocr_par' dir='ltr' id='par_1_71' title="bbox 299 4039 1963 4120">
     <span class='ocr_line' id='line_1_71' title="bbox 299 4039 1963 4120; baseline 0.004 -27"><span class='ocrx_word' id='word_1_533' title='bbox 299 4040 601 4114; x_wconf 78' lang='grc' dir='ltr'>πρόθυμον·</span> <span class='ocrx_word' id='word_1_534' title='bbox 653 4039 715 4096; x_wconf 81' lang='grc' dir='ltr'>οὗ</span> <span class='ocrx_word' id='word_1_535' title='bbox 766 4040 823 4098; x_wconf 71' lang='grc' dir='ltr'>δὲ</span> <span class='ocrx_word' id='word_1_536' title='bbox 870 4044 1076 4120; x_wconf 74' lang='grc' dir='ltr'>ἀφανὴς</span> <span class='ocrx_word' id='word_1_537' title='bbox 1115 4045 1230 4117; x_wconf 88' lang='grc'>(75)</span> <span class='ocrx_word' id='word_1_538' title='bbox 1262 4045 1296 4113; x_wconf 78' lang='grc' dir='ltr'>ἡ</span> <span class='ocrx_word' id='word_1_539' title='bbox 1331 4041 1598 4113; x_wconf 69' lang='grc' dir='ltr'>ἐπίδοσις,</span> <span class='ocrx_word' id='word_1_540' title='bbox 1644 4044 1754 4100; x_wconf 82' lang='grc' dir='ltr'>ἐκεῖ</span> <span class='ocrx_word' id='word_1_541' title='bbox 1782 4045 1870 4100; x_wconf 75' lang='grc' dir='ltr'>καὶ</span> <span class='ocrx_word' id='word_1_542' title='bbox 1904 4047 1963 4100; x_wconf 75' lang='grc' dir='ltr'>τὸ</span> 
     </span>
    </p>
   </div>
   <div class='ocr_carea' id='block_1_72' title="bbox 300 4126 960 4208">
    <p class='ocr_par' dir='ltr' id='par_1_72' title="bbox 300 4126 960 4208">
     <span class='ocr_line' id='line_1_72' title="bbox 300 4126 960 4208; baseline 0.009 -26"><span class='ocrx_word' id='word_1_543' title='bbox 300 4127 559 4204; x_wconf 86' lang='grc' dir='ltr'>παρέχειν</span> <span class='ocrx_word' id='word_1_544' title='bbox 590 4126 936 4208; x_wconf 73' lang='grc' dir='ltr'>ἀμϐλύτερον</span> <span class='ocrx_word' id='word_1_545' title='bbox 949 4177 960 4190; x_wconf 95' lang='grc'><strong>.</strong></span> 
     </span>
    </p>
   </div>
   <div class='ocr_carea' id='block_1_73' title="bbox 2087 3335 3744 3410">
    <p class='ocr_par' dir='ltr' id='par_1_73' title="bbox 2087 3335 3744 3410">
     <span class='ocr_line' id='line_1_73' title="bbox 2087 3335 3744 3410; baseline -0.002 -16"><span class='ocrx_word' id='word_1_546' title='bbox 2087 3355 2340 3410; x_wconf 90' lang='lat' dir='ltr'>quoque,</span> <span class='ocrx_word' id='word_1_547' title='bbox 2387 3338 2436 3392; x_wconf 90' lang='lat' dir='ltr'>si</span> <span class='ocrx_word' id='word_1_548' title='bbox 2487 3337 2609 3392; x_wconf 86' lang='lat' dir='ltr'>fieri</span> <span class='ocrx_word' id='word_1_549' title='bbox 2662 3337 2970 3408; x_wconf 87' lang='lat' dir='ltr'>potuisset,</span> <span class='ocrx_word' id='word_1_550' title='bbox 3002 3340 3059 3390; x_wconf 91' lang='lat' dir='ltr'>et</span> <span class='ocrx_word' id='word_1_551' title='bbox 3118 3335 3352 3400; x_wconf 87' lang='lat' dir='ltr'>liberos,</span> <span class='ocrx_word' id='word_1_552' title='bbox 3387 3339 3452 3389; x_wconf 90' lang='lat' dir='ltr'>ut</span> <span class='ocrx_word' id='word_1_553' title='bbox 3497 3351 3566 3390; x_wconf 81' lang='lat' dir='ltr'>ex</span> <span class='ocrx_word' id='word_1_554' title='bbox 3613 3335 3744 3406; x_wconf 87' lang='lat' dir='ltr'>ipsa</span> 
     </span>
    </p>
   </div>
   <div class='ocr_carea' id='block_1_74' title="bbox 2085 3422 3740 3498">
    <p class='ocr_par' dir='ltr' id='par_1_74' title="bbox 2085 3422 3740 3498">
     <span class='ocr_line' id='line_1_74' title="bbox 2085 3422 3740 3498; baseline -0.003 -15"><span class='ocrx_word' id='word_1_555' title='bbox 2085 3445 2237 3498; x_wconf 83' lang='lat' dir='ltr'>saepe</span> <span class='ocrx_word' id='word_1_556' title='bbox 2262 3427 2477 3491; x_wconf 88' lang='lat' dir='ltr'>audivi,</span> <span class='ocrx_word' id='word_1_557' title='bbox 2507 3431 2772 3498; x_wconf 83' lang='lat' dir='ltr'>prompte</span> <span class='ocrx_word' id='word_1_558' title='bbox 2795 3441 2859 3479; x_wconf 87' lang='lat' dir='ltr'>ac</span> <span class='ocrx_word' id='word_1_559' title='bbox 2891 3425 3160 3479; x_wconf 88' lang='lat' dir='ltr'>lubenter</span> <span class='ocrx_word' id='word_1_560' title='bbox 3179 3422 3559 3488; x_wconf 85' lang='lat' dir='ltr'>vendidisset,</span> <span class='ocrx_word' id='word_1_561' title='bbox 3586 3428 3650 3477; x_wconf 93' lang='lat' dir='ltr'>ut</span> <span class='ocrx_word' id='word_1_562' title='bbox 3679 3424 3740 3478; x_wconf 91' lang='lat' dir='ltr'>in</span> 
     </span>
    </p>
   </div>
   <div class='ocr_carea' id='block_1_75' title="bbox 2083 3512 3740 3586">
    <p class='ocr_par' dir='ltr' id='par_1_75' title="bbox 2083 3512 3740 3586">
     <span class='ocr_line' id='line_1_75' title="bbox 2083 3512 3740 3586; baseline -0.004 -16"><span class='ocrx_word' id='word_1_563' title='bbox 2083 3531 2408 3586; x_wconf 83' lang='lat' dir='ltr'>pauperum</span> <span class='ocrx_word' id='word_1_564' title='bbox 2465 3532 2610 3569; x_wconf 87' lang='lat' dir='ltr'>usus</span> <span class='ocrx_word' id='word_1_565' title='bbox 2659 3515 3143 3584; x_wconf 84' lang='lat' dir='ltr'>expenderentur.</span> <span class='ocrx_word' id='word_1_566' title='bbox 3177 3512 3323 3566; x_wconf 84' lang='lat' dir='ltr'>Huic</span> <span class='ocrx_word' id='word_1_567' title='bbox 3371 3515 3525 3566; x_wconf 88' lang='lat' dir='ltr'>totas</span> <span class='ocrx_word' id='word_1_568' title='bbox 3567 3512 3740 3583; x_wconf 84' lang='lat' dir='ltr'>largi-</span> 
     </span>
    </p>
   </div>
   <div class='ocr_carea' id='block_1_76' title="bbox 2080 3599 3739 3673">
    <p class='ocr_par' dir='ltr' id='par_1_76' title="bbox 2080 3599 3739 3673">
     <span class='ocr_line' id='line_1_76' title="bbox 2080 3599 3739 3673; baseline -0.002 -14"><span class='ocrx_word' id='word_1_569' title='bbox 2080 3605 2259 3659; x_wconf 85' lang='lat' dir='ltr'>tionis</span> <span class='ocrx_word' id='word_1_570' title='bbox 2283 3605 2541 3658; x_wconf 85' lang='lat' dir='ltr'>habenas</span> <span class='ocrx_word' id='word_1_571' title='bbox 2566 3603 2662 3657; x_wconf 91' lang='lat' dir='ltr'>ille</span> <span class='ocrx_word' id='word_1_572' title='bbox 2685 3603 3196 3673; x_wconf 73' lang='lat' dir='ltr'>permiserat.0um</span> <span class='ocrx_word' id='word_1_573' title='bbox 3220 3616 3472 3668; x_wconf 85' lang='lat' dir='ltr'>res,mea</span> <span class='ocrx_word' id='word_1_574' title='bbox 3497 3599 3739 3670; x_wconf 90' lang='lat' dir='ltr'>quidem</span> 
     </span>
    </p>
   </div>
   <div class='ocr_carea' id='block_1_77' title="bbox 2080 3687 3743 3761">
    <p class='ocr_par' dir='ltr' id='par_1_77' title="bbox 2080 3687 3743 3761">
     <span class='ocr_line' id='line_1_77' title="bbox 2080 3687 3743 3761; baseline -0.002 -16"><span class='ocrx_word' id='word_1_575' title='bbox 2080 3693 2387 3756; x_wconf 86' lang='lat' dir='ltr'>sententia,</span> <span class='ocrx_word' id='word_1_576' title='bbox 2424 3691 2579 3745; x_wconf 88' lang='lat' dir='ltr'>omni</span> <span class='ocrx_word' id='word_1_577' title='bbox 2630 3689 2898 3761; x_wconf 89' lang='lat' dir='ltr'>exemplo</span> <span class='ocrx_word' id='word_1_578' title='bbox 2930 3687 3300 3760; x_wconf 56' lang='lat' dir='ltr'>praestantior</span> <span class='ocrx_word' id='word_1_579' title='bbox 3330 3704 3396 3742; x_wconf 90' lang='lat' dir='ltr'>ac</span> <span class='ocrx_word' id='word_1_580' title='bbox 3427 3687 3743 3744; x_wconf 87' lang='lat' dir='ltr'>sublimior</span> 
     </span>
    </p>
   </div>
   <div class='ocr_carea' id='block_1_78' title="bbox 2078 3776 3740 3848">
    <p class='ocr_par' dir='ltr' id='par_1_78' title="bbox 2078 3776 3740 3848">
     <span class='ocr_line' id='line_1_78' title="bbox 2078 3776 3740 3848; baseline -0.002 -13"><span class='ocrx_word' id='word_1_581' title='bbox 2078 3785 2186 3836; x_wconf 89' lang='lat' dir='ltr'>est.</span> <span class='ocrx_word' id='word_1_582' title='bbox 2223 3781 2366 3834; x_wconf 87' lang='lat' dir='ltr'>Nam</span> <span class='ocrx_word' id='word_1_583' title='bbox 2401 3779 2582 3834; x_wconf 86' lang='lat' dir='ltr'>animi</span> <span class='ocrx_word' id='word_1_584' title='bbox 2617 3779 2850 3847; x_wconf 89' lang='lat' dir='ltr'>quidem</span> <span class='ocrx_word' id='word_1_585' title='bbox 2884 3778 2943 3832; x_wconf 93' lang='lat' dir='ltr'>in</span> <span class='ocrx_word' id='word_1_586' title='bbox 2969 3776 3237 3848; x_wconf 90' lang='lat' dir='ltr'>pecuniis</span> <span class='ocrx_word' id='word_1_587' title='bbox 3269 3776 3740 3846; x_wconf 89' lang='lat' dir='ltr'>magnitudinem</span> 
     </span>
    </p>
   </div>
   <div class='ocr_carea' id='block_1_79' title="bbox 2079 3863 3740 3940">
    <p class='ocr_par' dir='ltr' id='par_1_79' title="bbox 2079 3863 3740 3940">
     <span class='ocr_line' id='line_1_79' title="bbox 2079 3863 3740 3940; baseline -0.002 -16"><span class='ocrx_word' id='word_1_588' title='bbox 2079 3871 2231 3940; x_wconf 89' lang='lat' dir='ltr'>apud</span> <span class='ocrx_word' id='word_1_589' title='bbox 2293 3869 2439 3922; x_wconf 89' lang='lat' dir='ltr'>alios</span> <span class='ocrx_word' id='word_1_590' title='bbox 2498 3883 2732 3938; x_wconf 89' lang='lat' dir='ltr'>quoque</span> <span class='ocrx_word' id='word_1_591' title='bbox 2790 3866 2960 3921; x_wconf 83' lang='lat' dir='ltr'>facile</span> <span class='ocrx_word' id='word_1_592' title='bbox 3017 3866 3272 3936; x_wconf 89' lang='lat' dir='ltr'>reperire</span> <span class='ocrx_word' id='word_1_593' title='bbox 3318 3869 3429 3931; x_wconf 87' lang='lat' dir='ltr'>est,</span> <span class='ocrx_word' id='word_1_594' title='bbox 3474 3863 3594 3919; x_wconf 89' lang='lat' dir='ltr'>sive</span> <span class='ocrx_word' id='word_1_595' title='bbox 3640 3880 3740 3920; x_wconf 85' lang='lat' dir='ltr'>eas</span> 
     </span>
    </p>
   </div>
   <div class='ocr_carea' id='block_1_80' title="bbox 2077 3953 3738 4030">
    <p class='ocr_par' dir='ltr' id='par_1_80' title="bbox 2077 3953 3738 4030">
     <span class='ocr_line' id='line_1_80' title="bbox 2077 3953 3738 4030; baseline -0.002 -16"><span class='ocrx_word' id='word_1_596' title='bbox 2077 3963 2322 4030; x_wconf 84' lang='lat' dir='ltr'>spectes,</span> <span class='ocrx_word' id='word_1_597' title='bbox 2367 3974 2494 4028; x_wconf 61' lang='lat' dir='ltr'>quae</span> <span class='ocrx_word' id='word_1_598' title='bbox 2539 3957 2597 4010; x_wconf 90' lang='lat' dir='ltr'>in</span> <span class='ocrx_word' id='word_1_599' title='bbox 2647 3955 2914 4026; x_wconf 86' lang='lat' dir='ltr'>publicas</span> <span class='ocrx_word' id='word_1_600' title='bbox 2964 3959 3022 4009; x_wconf 92' lang='lat' dir='ltr'>et</span> <span class='ocrx_word' id='word_1_601' title='bbox 3068 3953 3335 4025; x_wconf 89' lang='lat' dir='ltr'>politicas</span> <span class='ocrx_word' id='word_1_602' title='bbox 3384 3954 3738 4025; x_wconf 88' lang='lat' dir='ltr'>cupiditates</span> 
     </span>
    </p>
   </div>
   <div class='ocr_carea' id='block_1_81' title="bbox 2075 4043 3739 4120">
    <p class='ocr_par' dir='ltr' id='par_1_81' title="bbox 2075 4043 3739 4120">
     <span class='ocr_line' id='line_1_81' title="bbox 2075 4043 3739 4120; baseline -0.002 -17"><span class='ocrx_word' id='word_1_603' title='bbox 2075 4048 2298 4120; x_wconf 89' lang='lat' dir='ltr'>perdite</span> <span class='ocrx_word' id='word_1_604' title='bbox 2329 4047 2735 4109; x_wconf 74' lang='lat' dir='ltr'>effunduntur,</span> <span class='ocrx_word' id='word_1_605' title='bbox 2766 4047 2885 4100; x_wconf 84' lang='lat' dir='ltr'>sive</span> <span class='ocrx_word' id='word_1_606' title='bbox 2917 4061 3046 4115; x_wconf 66' lang='lat' dir='ltr'>quas</span> <span class='ocrx_word' id='word_1_607' title='bbox 3070 4043 3186 4099; x_wconf 90' lang='lat' dir='ltr'>Deo</span> <span class='ocrx_word' id='word_1_608' title='bbox 3221 4059 3320 4114; x_wconf 90' lang='lat' dir='ltr'>per</span> <span class='ocrx_word' id='word_1_609' title='bbox 3351 4058 3638 4115; x_wconf 87' lang='lat' dir='ltr'>pauperes</span> <span class='ocrx_word' id='word_1_610' title='bbox 3661 4043 3739 4100; x_wconf 87' lang='lat' dir='ltr'>fe-</span> 
     </span>
    </p>
   </div>
   <div class='ocr_carea' id='block_1_82' title="bbox 2075 4132 3738 4206">
    <p class='ocr_par' dir='ltr' id='par_1_82' title="bbox 2075 4132 3738 4206">
     <span class='ocr_line' id='line_1_82' title="bbox 2075 4132 3738 4206; baseline -0.004 -13"><span class='ocrx_word' id='word_1_611' title='bbox 2075 4138 2202 4193; x_wconf 91' lang='lat' dir='ltr'>nori</span> <span class='ocrx_word' id='word_1_612' title='bbox 2235 4139 2472 4205; x_wconf 89' lang='lat' dir='ltr'>dantur,</span> <span class='ocrx_word' id='word_1_613' title='bbox 2508 4136 2762 4206; x_wconf 81' lang='lat' dir='ltr'>solaeque</span> <span class='ocrx_word' id='word_1_614' title='bbox 2793 4135 2887 4202; x_wconf 92' lang='lat' dir='ltr'>iis,</span> <span class='ocrx_word' id='word_1_615' title='bbox 2909 4132 3010 4204; x_wconf 88' lang='lat' dir='ltr'>qui</span> <span class='ocrx_word' id='word_1_616' title='bbox 3032 4149 3130 4188; x_wconf 89' lang='lat' dir='ltr'>eas</span> <span class='ocrx_word' id='word_1_617' title='bbox 3163 4133 3518 4204; x_wconf 83' lang='lat' dir='ltr'>expendunt,</span> <span class='ocrx_word' id='word_1_618' title='bbox 3538 4147 3738 4187; x_wconf 85' lang='lat' dir='ltr'>recon-</span> 
     </span>
    </p>
   </div>
   <div class='ocr_carea' id='block_1_83' title="bbox 302 4219 3732 4295">
    <p class='ocr_par' dir='ltr' id='par_1_83' title="bbox 302 4219 3732 4295">
     <span class='ocr_line' id='line_1_83' title="bbox 302 4219 3732 4295; baseline -0 -21"><span class='ocrx_word' id='word_1_619' title='bbox 302 4219 528 4275; x_wconf 86' lang='lat' dir='ltr'>duntur</span> <span class='ocrx_word' id='word_1_620' title='bbox 561 4237 573 4277; x_wconf 92' lang='lat'>:</span> <span class='ocrx_word' id='word_1_621' title='bbox 611 4227 669 4277; x_wconf 93' lang='lat' dir='ltr'>at</span> <span class='ocrx_word' id='word_1_622' title='bbox 699 4224 799 4295; x_wconf 91' lang='lat' dir='ltr'>qui</span> <span class='ocrx_word' id='word_1_623' title='bbox 832 4224 1078 4295; x_wconf 83' lang='lat' dir='ltr'>gloriam</span> <span class='ocrx_word' id='word_1_624' title='bbox 1109 4241 1178 4280; x_wconf 86' lang='lat' dir='ltr'>ex</span> <span class='ocrx_word' id='word_1_625' title='bbox 1208 4242 1276 4280; x_wconf 80' lang='lat' dir='ltr'>ea</span> <span class='ocrx_word' id='word_1_626' title='bbox 1306 4241 1366 4280; x_wconf 88' lang='lat' dir='ltr'>re</span> <span class='ocrx_word' id='word_1_627' title='bbox 1397 4225 1699 4282; x_wconf 90' lang='lat' dir='ltr'>collectam</span> <span class='ocrx_word' id='word_1_628' title='bbox 1747 4226 1912 4282; x_wconf 87' lang='lat' dir='ltr'>alteri</span> <span class='ocrx_word' id='word_1_629' title='bbox 1959 4228 2335 4292; x_wconf 85' lang='lat' dir='ltr'>concesserit,</span> <span class='ocrx_word' id='word_1_630' title='bbox 2371 4227 2525 4282; x_wconf 85' lang='lat' dir='ltr'>haud</span> <span class='ocrx_word' id='word_1_631' title='bbox 2579 4226 2660 4280; x_wconf 87' lang='lat' dir='ltr'>ita</span> <span class='ocrx_word' id='word_1_632' title='bbox 2710 4223 2878 4279; x_wconf 82' lang='lat' dir='ltr'>facile</span> <span class='ocrx_word' id='word_1_633' title='bbox 2925 4221 3304 4293; x_wconf 87' lang='lat' dir='ltr'>reperiemus.</span> <span class='ocrx_word' id='word_1_634' title='bbox 3340 4221 3620 4276; x_wconf 87' lang='lat' dir='ltr'>Permulti</span> <span class='ocrx_word' id='word_1_635' title='bbox 3651 4219 3732 4274; x_wconf 88' lang='lat' dir='ltr'>si-</span> 
     </span>
    </p>
   </div>
   <div class='ocr_carea' id='block_1_84' title="bbox 303 4310 3735 4389">
    <p class='ocr_par' dir='ltr' id='par_1_84' title="bbox 303 4310 3735 4389">
     <span class='ocr_line' id='line_1_84' title="bbox 303 4310 3735 4389; baseline 0 -26"><span class='ocrx_word' id='word_1_636' title='bbox 303 4310 540 4380; x_wconf 89' lang='lat' dir='ltr'>quidem</span> <span class='ocrx_word' id='word_1_637' title='bbox 574 4311 644 4366; x_wconf 90' lang='lat' dir='ltr'>ad</span> <span class='ocrx_word' id='word_1_638' title='bbox 680 4319 957 4384; x_wconf 89' lang='lat' dir='ltr'>sumptus</span> <span class='ocrx_word' id='word_1_639' title='bbox 989 4319 1259 4386; x_wconf 86' lang='lat' dir='ltr'>prompto</span> <span class='ocrx_word' id='word_1_640' title='bbox 1291 4315 1488 4371; x_wconf 88' lang='lat' dir='ltr'>animo</span> <span class='ocrx_word' id='word_1_641' title='bbox 1521 4316 1814 4372; x_wconf 88' lang='lat' dir='ltr'>faciendos</span> <span class='ocrx_word' id='word_1_642' title='bbox 1846 4317 1970 4372; x_wconf 91' lang='lat' dir='ltr'>sola</span> <span class='ocrx_word' id='word_1_643' title='bbox 2001 4317 2242 4373; x_wconf 90' lang='lat' dir='ltr'>honoris</span> <span class='ocrx_word' id='word_1_644' title='bbox 2291 4318 2607 4389; x_wconf 82' lang='lat' dir='ltr'>cupiditate</span> <span class='ocrx_word' id='word_1_645' title='bbox 2639 4315 2956 4369; x_wconf 88' lang='lat' dir='ltr'>ducuntur.</span> <span class='ocrx_word' id='word_1_646' title='bbox 2989 4311 3094 4366; x_wconf 91' lang='lat' dir='ltr'>Ubi</span> <span class='ocrx_word' id='word_1_647' title='bbox 3129 4315 3325 4366; x_wconf 91' lang='lat' dir='ltr'>autem</span> <span class='ocrx_word' id='word_1_648' title='bbox 3377 4310 3607 4382; x_wconf 86' lang='lat' dir='ltr'>largitio</span> <span class='ocrx_word' id='word_1_649' title='bbox 3639 4325 3735 4364; x_wconf 78' lang='lat' dir='ltr'>ar-</span> 
     </span>
    </p>
   </div>
   <div class='ocr_carea' id='block_1_85' title="bbox 303 4398 2234 4477">
    <p class='ocr_par' dir='ltr' id='par_1_85' title="bbox 303 4398 2234 4477">
     <span class='ocr_line' id='line_1_85' title="bbox 303 4398 2234 4477; baseline 0.005 -25"><span class='ocrx_word' id='word_1_650' title='bbox 303 4398 473 4455; x_wconf 91' lang='lat' dir='ltr'>bitris</span> <span class='ocrx_word' id='word_1_651' title='bbox 505 4406 684 4466; x_wconf 90' lang='lat' dir='ltr'>caret,</span> <span class='ocrx_word' id='word_1_652' title='bbox 718 4403 839 4456; x_wconf 89' lang='lat' dir='ltr'>illic</span> <span class='ocrx_word' id='word_1_653' title='bbox 871 4420 1104 4475; x_wconf 92' lang='lat' dir='ltr'>quoque</span> <span class='ocrx_word' id='word_1_654' title='bbox 1135 4404 1366 4477; x_wconf 89' lang='lat' dir='ltr'>largitio</span> <span class='ocrx_word' id='word_1_655' title='bbox 1397 4405 1748 4476; x_wconf 82' lang='lat' dir='ltr'>languescit,</span> <span class='ocrx_word' id='word_1_656' title='bbox 1780 4412 1838 4462; x_wconf 90' lang='lat' dir='ltr'>et</span> <span class='ocrx_word' id='word_1_657' title='bbox 1867 4407 2234 4463; x_wconf 89' lang='lat' dir='ltr'>obtunditur.</span> 
     </span>
    </p>
   </div>
   <div class='ocr_carea' id='block_1_86' title="bbox 377 4503 1986 4586">
    <p class='ocr_par' dir='ltr' id='par_1_86' title="bbox 377 4503 1959 4580">
     <span class='ocr_line' id='line_1_86' title="bbox 377 4503 1959 4580; baseline 0.003 -20"><span class='ocrx_word' id='word_1_658' title='bbox 377 4505 484 4560; x_wconf 87' lang='lat' dir='ltr'>KP.</span> <span class='ocrx_word' id='word_1_659' title='bbox 515 4507 575 4560; x_wconf 85' lang='grc' dir='ltr'><strong>Ἦ</strong></span> <span class='ocrx_word' id='word_1_660' title='bbox 613 4505 706 4576; x_wconf 75' lang='grc' dir='ltr'>μὶν</span> <span class='ocrx_word' id='word_1_661' title='bbox 749 4503 840 4558; x_wconf 80' lang='grc' dir='ltr'>οὖν</span> <span class='ocrx_word' id='word_1_662' title='bbox 885 4506 1008 4580; x_wconf 74' lang='grc' dir='ltr'>χεῖρ</span> <span class='ocrx_word' id='word_1_663' title='bbox 1055 4509 1315 4579; x_wconf 88' lang='grc' dir='ltr'>τοσαύτη·</span> <span class='ocrx_word' id='word_1_664' title='bbox 1366 4512 1455 4564; x_wconf 79' lang='grc' dir='ltr'>καὶ</span> <span class='ocrx_word' id='word_1_665' title='bbox 1505 4512 1571 4564; x_wconf 73' lang='grc' dir='ltr'>τὰ</span> <span class='ocrx_word' id='word_1_666' title='bbox 1619 4510 1795 4565; x_wconf 90' lang='grc' dir='ltr'>πλείω</span> <span class='ocrx_word' id='word_1_667' title='bbox 1842 4517 1959 4573; x_wconf 85' lang='grc' dir='ltr'>τοῖς</span> 
     </span>
    </p>
   </div>
   <div class='ocr_carea' id='block_1_87' title="bbox 2085 4503 3733 4586">
    <p class='ocr_par' dir='ltr' id='par_1_87' title="bbox 2143 4505 3733 4582">
     <span class='ocr_line' id='line_1_87' title="bbox 2143 4505 3733 4582; baseline -0.005 -14"><span class='ocrx_word' id='word_1_668' title='bbox 2143 4514 2308 4568; x_wconf 74' lang='lat' dir='ltr'>XXII.</span> <span class='ocrx_word' id='word_1_669' title='bbox 2343 4514 2530 4568; x_wconf 86' lang='lat' dir='ltr'>Tanta</span> <span class='ocrx_word' id='word_1_670' title='bbox 2578 4512 2814 4582; x_wconf 81' lang='lat' dir='ltr'>quidem</span> <span class='ocrx_word' id='word_1_671' title='bbox 2851 4527 2917 4566; x_wconf 90' lang='lat' dir='ltr'>ac</span> <span class='ocrx_word' id='word_1_672' title='bbox 2949 4508 3080 4564; x_wconf 88' lang='lat' dir='ltr'>talis</span> <span class='ocrx_word' id='word_1_673' title='bbox 3131 4507 3242 4563; x_wconf 86' lang='lat' dir='ltr'>fuit</span> <span class='ocrx_word' id='word_1_674' title='bbox 3281 4506 3445 4562; x_wconf 89' lang='lat' dir='ltr'>illius</span> <span class='ocrx_word' id='word_1_675' title='bbox 3475 4505 3733 4561; x_wconf 87' lang='lat' dir='ltr'>liberali-</span> 
     </span>
    </p>
   </div>
   <div class='ocr_carea' id='block_1_88' title="bbox 305 4589 1955 4674">
    <p class='ocr_par' dir='ltr' id='par_1_88' title="bbox 305 4589 1955 4674">
     <span class='ocr_line' id='line_1_88' title="bbox 305 4589 1955 4674; baseline 0.004 -28"><span class='ocrx_word' id='word_1_676' title='bbox 305 4589 476 4647; x_wconf 75' lang='grc' dir='ltr'>εἰδόσι</span> <span class='ocrx_word' id='word_1_677' title='bbox 522 4595 862 4667; x_wconf 78' lang='grc' dir='ltr'>παρήσομεν,</span> <span class='ocrx_word' id='word_1_678' title='bbox 914 4589 1071 4666; x_wconf 78' lang='grc' dir='ltr'>ὥστε,</span> <span class='ocrx_word' id='word_1_679' title='bbox 1106 4595 1226 4650; x_wconf 75' lang='grc' dir='ltr'>εἷ’τι</span> <span class='ocrx_word' id='word_1_680' title='bbox 1280 4597 1368 4651; x_wconf 81' lang='lat' dir='ltr'>xui</span> <span class='ocrx_word' id='word_1_681' title='bbox 1421 4601 1556 4670; x_wconf 83' lang='grc' dir='ltr'>ἡμῖν</span> <span class='ocrx_word' id='word_1_682' title='bbox 1608 4605 1955 4674; x_wconf 80' lang='grc' dir='ltr'>μαρτυρεῖται</span> 
     </span>
    </p>
   </div>
   <div class='ocr_carea' id='block_1_89' title="bbox 305 4681 1956 4761">
    <p class='ocr_par' dir='ltr' id='par_1_89' title="bbox 305 4681 1956 4761">
     <span class='ocr_line' id='line_1_89' title="bbox 305 4681 1956 4761; baseline 0.002 -25"><span class='ocrx_word' id='word_1_683' title='bbox 305 4685 576 4757; x_wconf 76' lang='grc' dir='ltr'>τοιοῦτον,</span> <span class='ocrx_word' id='word_1_684' title='bbox 607 4681 658 4754; x_wconf 78' lang='grc' dir='ltr'>ἐξ</span> <span class='ocrx_word' id='word_1_685' title='bbox 689 4681 897 4752; x_wconf 79' lang='grc' dir='ltr'>ἐκείνης</span> <span class='ocrx_word' id='word_1_686' title='bbox 945 4683 1081 4737; x_wconf 70' lang='grc' dir='ltr'>εἶναι</span> <span class='ocrx_word' id='word_1_687' title='bbox 1127 4689 1230 4752; x_wconf 81' lang='grc' dir='ltr'>τῆς</span> <span class='ocrx_word' id='word_1_688' title='bbox 1272 4692 1478 4761; x_wconf 80' lang='grc' dir='ltr'>πηγῆς,</span> <span class='ocrx_word' id='word_1_689' title='bbox 1530 4686 1779 4741; x_wconf 82' lang='grc' dir='ltr'>κάκείνου</span> <span class='ocrx_word' id='word_1_690' title='bbox 1827 4690 1956 4759; x_wconf 86' lang='grc' dir='ltr'>μοῖ-</span> 
     </span>
    </p>
   </div>
   <div class='ocr_carea' id='block_1_90' title="bbox 307 4769 1955 4848">
    <p class='ocr_par' dir='ltr' id='par_1_90' title="bbox 307 4769 1955 4848">
     <span class='ocr_line' id='line_1_90' title="bbox 307 4769 1955 4848; baseline 0.002 -22"><span class='ocrx_word' id='word_1_691' title='bbox 307 4791 402 4846; x_wconf 87' lang='grc' dir='ltr'>ραν</span> <span class='ocrx_word' id='word_1_692' title='bbox 430 4775 527 4828; x_wconf 67' lang='grc' dir='ltr'>τοῖ’»</span> <span class='ocrx_word' id='word_1_693' title='bbox 574 4771 860 4847; x_wconf 80' lang='grc' dir='ltr'>ὁεύματος.</span> <span class='ocrx_word' id='word_1_694' title='bbox 899 4771 989 4836; x_wconf 85' lang='grc' dir='ltr'>Τίς</span> <span class='ocrx_word' id='word_1_695' title='bbox 1039 4769 1097 4828; x_wconf 67' lang='grc' dir='ltr'>δὲ</span> <span class='ocrx_word' id='word_1_696' title='bbox 1143 4772 1279 4846; x_wconf 76' lang='grc' dir='ltr'>μετὰ</span> <span class='ocrx_word' id='word_1_697' title='bbox 1325 4779 1460 4830; x_wconf 78' lang='grc' dir='ltr'>Θεοῦ</span> <span class='ocrx_word' id='word_1_698' title='bbox 1511 4772 1744 4848; x_wconf 74' lang='grc' dir='ltr'>μᾶλλον,</span> <span class='ocrx_word' id='word_1_699' title='bbox 1793 4776 1829 4844; x_wconf 72' lang='grc' dir='ltr'><strong>ἢ</strong></span> <span class='ocrx_word' id='word_1_700' title='bbox 1875 4777 1955 4846; x_wconf 79' lang='grc' dir='ltr'>τῷ</span> 
     </span>
    </p>
   </div>
   <div class='ocr_carea' id='block_1_91' title="bbox 376 5005 1430 5077">
    <p class='ocr_par' dir='ltr' id='par_1_91' title="bbox 376 5005 1430 5077">
     <span class='ocr_line' id='line_1_91' title="bbox 376 5005 1430 5077; baseline 0.003 -15"><span class='ocrx_word' id='word_1_701' title='bbox 376 5006 422 5042; x_wconf 78' lang='grc'><strong><em>⁵⁸</em></strong></span> <span class='ocrx_word' id='word_1_702' title='bbox 449 5005 634 5064; x_wconf 89' lang='lat' dir='ltr'>Eccle.</span> <span class='ocrx_word' id='word_1_703' title='bbox 665 5022 744 5075; x_wconf 76' lang='grc' dir='ltr'>ιι,</span> <span class='ocrx_word' id='word_1_704' title='bbox 777 5007 830 5064; x_wconf 90' lang='grc'>1.</span> <span class='ocrx_word' id='word_1_705' title='bbox 904 5005 950 5045; x_wconf 74' lang='grc' dir='ltr'>⁸ο</span> <span class='ocrx_word' id='word_1_706' title='bbox 978 5007 1144 5066; x_wconf 87' lang='lat' dir='ltr'>Prov.</span> <span class='ocrx_word' id='word_1_707' title='bbox 1175 5023 1308 5077; x_wconf 79' lang='lat' dir='ltr'>xxx,</span> <span class='ocrx_word' id='word_1_708' title='bbox 1343 5008 1430 5066; x_wconf 85' lang='lat'>15.</span> 
     </span>
    </p>
   </div>
   <div class='ocr_carea' id='block_1_92' title="bbox 303 5256 1964 5330">
    <p class='ocr_par' dir='ltr' id='par_1_92' title="bbox 303 5256 1964 5330">
     <span class='ocr_line' id='line_1_92' title="bbox 303 5256 1964 5330; baseline 0.001 -17"><span class='ocrx_word' id='word_1_709' title='bbox 303 5256 386 5330; x_wconf 84' lang='lat' dir='ltr'>tia</span> <span class='ocrx_word' id='word_1_710' title='bbox 415 5260 572 5330; x_wconf 83' lang='lat' dir='ltr'>apud</span> <span class='ocrx_word' id='word_1_711' title='bbox 621 5259 1001 5315; x_wconf 82' lang='lat' dir='ltr'>Demosthen.</span> <span class='ocrx_word' id='word_1_712' title='bbox 1051 5259 1146 5330; x_wconf 85' lang='lat' dir='ltr'>0r.</span> <span class='ocrx_word' id='word_1_713' title='bbox 1192 5259 1261 5315; x_wconf 77' lang='lat' dir='ltr'>de</span> <span class='ocrx_word' id='word_1_714' title='bbox 1307 5259 1519 5318; x_wconf 83' lang='lat' dir='ltr'>Corona</span> <span class='ocrx_word' id='word_1_715' title='bbox 1549 5281 1566 5317; x_wconf 93' lang='lat'><strong><em>:</em></strong></span> <span class='ocrx_word' id='word_1_716' title='bbox 1599 5258 1823 5318; x_wconf 75' lang='grc' dir='ltr'>Βέλτιον</span> <span class='ocrx_word' id='word_1_717' title='bbox 1875 5258 1964 5315; x_wconf 83' lang='grc' dir='ltr'>διὰ</span> 
     </span>
    </p>
   </div>
   <div class='ocr_carea' id='block_1_93' title="bbox 303 5327 1962 5407">
    <p class='ocr_par' dir='ltr' id='par_1_93' title="bbox 303 5327 1962 5407">
     <span class='ocr_line' id='line_1_93' title="bbox 303 5327 1962 5407; baseline 0.004 -25"><span class='ocrx_word' id='word_1_718' title='bbox 303 5327 432 5388; x_wconf 80' lang='grc' dir='ltr'>τοὺς</span> <span class='ocrx_word' id='word_1_719' title='bbox 454 5327 661 5407; x_wconf 40' lang='grc' dir='ltr'>ῖᾲξίους</span> <span class='ocrx_word' id='word_1_720' title='bbox 702 5334 866 5403; x_wconf 83' lang='grc' dir='ltr'>τιμᾷν</span> <span class='ocrx_word' id='word_1_721' title='bbox 913 5330 1041 5407; x_wconf 55' lang='grc' dir='ltr'>τους</span> <span class='ocrx_word' id='word_1_722' title='bbox 1093 5329 1362 5404; x_wconf 77' lang='grc' dir='ltr'>ἀναξίους,</span> <span class='ocrx_word' id='word_1_723' title='bbox 1383 5332 1590 5407; x_wconf 34' lang='grc' dir='ltr'>Δῆ-τοὺς-</span> <span class='ocrx_word' id='word_1_724' title='bbox 1623 5333 1802 5407; x_wconf 82' lang='grc' dir='ltr'>ἀξίους</span> <span class='ocrx_word' id='word_1_725' title='bbox 1830 5333 1962 5407; x_wconf 88' lang='grc' dir='ltr'>ἀπο-</span> 
     </span>
    </p>
   </div>
   <div class='ocr_carea' id='block_1_94' title="bbox 309 5401 1959 5477">
    <p class='ocr_par' dir='ltr' id='par_1_94' title="bbox 309 5401 1959 5477">
     <span class='ocr_line' id='line_1_94' title="bbox 309 5401 1959 5477; baseline 0.007 -26"><span class='ocrx_word' id='word_1_726' title='bbox 309 5403 516 5477; x_wconf 69' lang='grc' dir='ltr'>στερεῖν</span> <span class='ocrx_word' id='word_1_727' title='bbox 565 5407 666 5477; x_wconf 84' lang='grc' dir='ltr'>τῆς</span> <span class='ocrx_word' id='word_1_728' title='bbox 718 5401 1109 5477; x_wconf 82' lang='grc' dir='ltr'>προσηκούσης</span> <span class='ocrx_word' id='word_1_729' title='bbox 1160 5401 1469 5475; x_wconf 76' lang='grc' dir='ltr'>τιμῆςδιὰ</span> <span class='ocrx_word' id='word_1_730' title='bbox 1513 5401 1959 5476; x_wconf 53' lang='grc' dir='ltr'>τοὺςάναξίους.</span> 
     </span>
    </p>
   </div>
   <div class='ocr_carea' id='block_1_95' title="bbox 313 5475 1964 5552">
    <p class='ocr_par' dir='ltr' id='par_1_95' title="bbox 313 5475 1964 5552">
     <span class='ocr_line' id='line_1_95' title="bbox 313 5475 1964 5552; baseline 0.005 -27"><span class='ocrx_word' id='word_1_731' title='bbox 313 5475 617 5552; x_wconf 32' lang='lat' dir='ltr'>{Praestat</span> <span class='ocrx_word' id='word_1_732' title='bbox 647 5475 918 5552; x_wconf 78' lang='lat' dir='ltr'>indignos</span> <span class='ocrx_word' id='word_1_733' title='bbox 954 5485 1190 5552; x_wconf 78' lang='lat' dir='ltr'>propter</span> <span class='ocrx_word' id='word_1_734' title='bbox 1209 5477 1419 5552; x_wconf 85' lang='lat' dir='ltr'>dignos</span> <span class='ocrx_word' id='word_1_735' title='bbox 1444 5479 1753 5552; x_wconf 84' lang='lat' dir='ltr'>honorare,</span> <span class='ocrx_word' id='word_1_736' title='bbox 1786 5475 1964 5552; x_wconf 83' lang='lat' dir='ltr'>quam</span> 
     </span>
    </p>
   </div>
   <div class='ocr_carea' id='block_1_96' title="bbox 311 5542 1966 5622">
    <p class='ocr_par' dir='ltr' id='par_1_96' title="bbox 311 5542 1966 5622">
     <span class='ocr_line' id='line_1_96' title="bbox 311 5542 1966 5622; baseline 0.004 -25"><span class='ocrx_word' id='word_1_737' title='bbox 311 5542 542 5614; x_wconf 87' lang='lat' dir='ltr'>dignos,</span> <span class='ocrx_word' id='word_1_738' title='bbox 602 5542 838 5616; x_wconf 75' lang='lat' dir='ltr'>proptér</span> <span class='ocrx_word' id='word_1_739' title='bbox 885 5542 1179 5620; x_wconf 79' lang='lat' dir='ltr'>indignos,</span> <span class='ocrx_word' id='word_1_740' title='bbox 1231 5542 1436 5605; x_wconf 54' lang='lat' dir='ltr'>m&#39;erito</span> <span class='ocrx_word' id='word_1_741' title='bbox 1485 5550 1706 5606; x_wconf 89' lang='lat' dir='ltr'>honore</span> <span class='ocrx_word' id='word_1_742' title='bbox 1737 5542 1966 5622; x_wconf 71' lang='lat' dir='ltr'>spolia-</span> 
     </span>
    </p>
   </div>
   <div class='ocr_carea' id='block_1_97' title="bbox 313 5630 458 5669">
    <p class='ocr_par' dir='ltr' id='par_1_97' title="bbox 313 5630 458 5669">
     <span class='ocr_line' id='line_1_97' title="bbox 313 5630 458 5669; baseline -0.034 0"><span class='ocrx_word' id='word_1_743' title='bbox 313 5630 394 5669; x_wconf 90' lang='lat' dir='ltr'>re.</span> <span class='ocrx_word' id='word_1_744' title='bbox 432 5637 458 5664; x_wconf 81' lang='grc'>›)</span> 
     </span>
    </p>
   </div>
   <div class='ocr_carea' id='block_1_98' title="bbox 389 5686 1967 5766">
    <p class='ocr_par' dir='ltr' id='par_1_98' title="bbox 389 5686 1967 5766">
     <span class='ocr_line' id='line_1_98' title="bbox 389 5686 1967 5766; baseline 0.005 -26"><span class='ocrx_word' id='word_1_745' title='bbox 389 5687 509 5766; x_wconf 38' lang='lat'>(70.1</span> <span class='ocrx_word' id='word_1_746' title='bbox 532 5687 837 5766; x_wconf 63' lang='grc' dir='ltr'>Ἐξεταστῇ.</span> <span class='ocrx_word' id='word_1_747' title='bbox 887 5686 982 5744; x_wconf 90' lang='lat' dir='ltr'>Sic</span> <span class='ocrx_word' id='word_1_748' title='bbox 1030 5690 1208 5764; x_wconf 85' lang='lat' dir='ltr'>Regg.</span> <span class='ocrx_word' id='word_1_749' title='bbox 1260 5709 1314 5762; x_wconf 89' lang='lat' dir='ltr'>a,</span> <span class='ocrx_word' id='word_1_750' title='bbox 1346 5695 1468 5766; x_wconf 90' lang='lat' dir='ltr'>bm,</span> <span class='ocrx_word' id='word_1_751' title='bbox 1518 5694 1614 5751; x_wconf 89' lang='lat' dir='ltr'>Or.</span> <span class='ocrx_word' id='word_1_752' title='bbox 1651 5695 1700 5765; x_wconf 88' lang='lat'>1,</span> <span class='ocrx_word' id='word_1_753' title='bbox 1743 5699 1852 5752; x_wconf 89' lang='lat' dir='ltr'>etc.</span> <span class='ocrx_word' id='word_1_754' title='bbox 1906 5695 1967 5749; x_wconf 91' lang='lat' dir='ltr'>In</span> 
     </span>
    </p>
   </div>
   <div class='ocr_carea' id='block_1_99' title="bbox 315 5756 738 5833">
    <p class='ocr_par' dir='ltr' id='par_1_99' title="bbox 315 5756 738 5833">
     <span class='ocr_line' id='line_1_99' title="bbox 315 5756 738 5833; baseline 0 -18"><span class='ocrx_word' id='word_1_755' title='bbox 315 5756 406 5816; x_wconf 79' lang='lat' dir='ltr'>ed.</span> <span class='ocrx_word' id='word_1_756' title='bbox 417 5801 432 5830; x_wconf 87' lang='lat'>,</span> <span class='ocrx_word' id='word_1_757' title='bbox 465 5756 738 5833; x_wconf 67' lang='grc' dir='ltr'>ἐξετασθῇ.</span> 
     </span>
    </p>
   </div>
   <div class='ocr_carea' id='block_1_100' title="bbox 2070 4595 3732 4672">
    <p class='ocr_par' dir='ltr' id='par_1_100' title="bbox 2070 4595 3732 4672">
     <span class='ocr_line' id='line_1_100' title="bbox 2070 4595 3732 4672; baseline -0.005 -14"><span class='ocrx_word' id='word_1_758' title='bbox 2070 4606 2163 4658; x_wconf 89' lang='lat' dir='ltr'>tas</span> <span class='ocrx_word' id='word_1_759' title='bbox 2192 4619 2203 4668; x_wconf 90' lang='lat'>;</span> <span class='ocrx_word' id='word_1_760' title='bbox 2238 4601 2524 4672; x_wconf 86' lang='lat' dir='ltr'>pluraque</span> <span class='ocrx_word' id='word_1_761' title='bbox 2575 4600 2750 4654; x_wconf 74' lang='lat' dir='ltr'>etiam</span> <span class='ocrx_word' id='word_1_762' title='bbox 2782 4599 3100 4654; x_wconf 86' lang='lat' dir='ltr'>scientibus</span> <span class='ocrx_word' id='word_1_763' title='bbox 3132 4597 3554 4667; x_wconf 87' lang='lat' dir='ltr'>relinquemus,</span> <span class='ocrx_word' id='word_1_764' title='bbox 3586 4595 3732 4651; x_wconf 88' lang='lat' dir='ltr'>adeo</span> 
     </span>
    </p>
   </div>
   <div class='ocr_carea' id='block_1_101' title="bbox 2068 4683 3729 4759">
    <p class='ocr_par' dir='ltr' id='par_1_101' title="bbox 2068 4683 3729 4759">
     <span class='ocr_line' id='line_1_101' title="bbox 2068 4683 3729 4759; baseline -0.002 -16"><span class='ocrx_word' id='word_1_765' title='bbox 2068 4694 2153 4759; x_wconf 86' lang='lat' dir='ltr'>ut,</span> <span class='ocrx_word' id='word_1_766' title='bbox 2189 4689 2237 4742; x_wconf 88' lang='lat' dir='ltr'>si</span> <span class='ocrx_word' id='word_1_767' title='bbox 2270 4688 2385 4743; x_wconf 88' lang='lat' dir='ltr'>tale</span> <span class='ocrx_word' id='word_1_768' title='bbox 2418 4688 2554 4759; x_wconf 89' lang='lat' dir='ltr'>quid</span> <span class='ocrx_word' id='word_1_769' title='bbox 2593 4705 2624 4741; x_wconf 80' lang='grc' dir='ltr'>τι</span> <span class='ocrx_word' id='word_1_770' title='bbox 2656 4687 2826 4742; x_wconf 85' lang='lat' dir='ltr'>nobis</span> <span class='ocrx_word' id='word_1_771' title='bbox 2858 4688 3372 4751; x_wconf 88' lang='lat' dir='ltr'>commemoretur,</span> <span class='ocrx_word' id='word_1_772' title='bbox 3396 4683 3541 4738; x_wconf 92' lang='lat' dir='ltr'>illud</span> <span class='ocrx_word' id='word_1_773' title='bbox 3572 4699 3641 4738; x_wconf 84' lang='lat' dir='ltr'>ex</span> <span class='ocrx_word' id='word_1_774' title='bbox 3663 4699 3729 4740; x_wconf 89' lang='lat' dir='ltr'>eo</span> 
     </span>
    </p>
   </div>
   <div class='ocr_carea' id='block_1_102' title="bbox 2069 4771 3729 4848">
    <p class='ocr_par' dir='ltr' id='par_1_102' title="bbox 2069 4771 3729 4848">
     <span class='ocr_line' id='line_1_102' title="bbox 2069 4771 3729 4848; baseline -0.004 -16"><span class='ocrx_word' id='word_1_775' title='bbox 2069 4776 2226 4832; x_wconf 86' lang='lat' dir='ltr'>fonte</span> <span class='ocrx_word' id='word_1_776' title='bbox 2274 4793 2646 4848; x_wconf 85' lang='lat' dir='ltr'>promanare,</span> <span class='ocrx_word' id='word_1_777' title='bbox 2693 4774 2970 4846; x_wconf 89' lang='lat' dir='ltr'>illiusque</span> <span class='ocrx_word' id='word_1_778' title='bbox 3001 4771 3268 4846; x_wconf 80' lang='lat' dir='ltr'>profluvii</span> <span class='ocrx_word' id='word_1_779' title='bbox 3318 4774 3542 4845; x_wconf 88' lang='lat' dir='ltr'>partem</span> <span class='ocrx_word' id='word_1_780' title='bbox 3575 4784 3729 4841; x_wconf 87' lang='lat' dir='ltr'>esse,</span> 
     </span>
    </p>
   </div>
   <div class='ocr_carea' id='block_1_103' title="bbox 2145 5253 3729 5335">
    <p class='ocr_par' dir='ltr' id='par_1_103' title="bbox 2145 5253 3729 5335">
     <span class='ocr_line' id='line_1_103' title="bbox 2145 5253 3729 5335; baseline -0.004 -19"><span class='ocrx_word' id='word_1_781' title='bbox 2145 5263 2260 5335; x_wconf 85' lang='lat'>(71)</span> <span class='ocrx_word' id='word_1_782' title='bbox 2307 5261 2751 5330; x_wconf 76' lang='grc' dir='ltr'>Ἀπαντήσονται.</span> <span class='ocrx_word' id='word_1_783' title='bbox 2801 5259 2940 5332; x_wconf 82' lang='lat' dir='ltr'>Reg.</span> <span class='ocrx_word' id='word_1_784' title='bbox 3001 5259 3119 5327; x_wconf 91' lang='lat' dir='ltr'>bm,</span> <span class='ocrx_word' id='word_1_785' title='bbox 3177 5264 3234 5314; x_wconf 88' lang='lat' dir='ltr'>et</span> <span class='ocrx_word' id='word_1_786' title='bbox 3287 5256 3382 5313; x_wconf 83' lang='lat' dir='ltr'>0r.</span> <span class='ocrx_word' id='word_1_787' title='bbox 3445 5256 3496 5326; x_wconf 83' lang='lat'>1,</span> <span class='ocrx_word' id='word_1_788' title='bbox 3553 5253 3729 5310; x_wconf 79' lang='grc' dir='ltr'>ἀπαν-</span> 
     </span>
    </p>
   </div>
   <div class='ocr_carea' id='block_1_104' title="bbox 2071 5334 2326 5403">
    <p class='ocr_par' dir='ltr' id='par_1_104' title="bbox 2071 5334 2326 5403">
     <span class='ocr_line' id='line_1_104' title="bbox 2071 5334 2326 5403; baseline 0.004 -16"><span class='ocrx_word' id='word_1_789' title='bbox 2071 5334 2326 5403; x_wconf 84' lang='grc' dir='ltr'>τήσοντα.</span> 
     </span>
    </p>
   </div>
   <div class='ocr_carea' id='block_1_105' title="bbox 2144 5395 3732 5530">
    <p class='ocr_par' dir='ltr' id='par_1_105' title="bbox 2144 5395 3732 5530">
     <span class='ocr_line' id='line_1_105' title="bbox 2144 5395 3732 5530; baseline -0.005 -71"><span class='ocrx_word' id='word_1_790' title='bbox 2144 5408 2257 5530; x_wconf 80' lang='grc'>(72)</span> <span class='ocrx_word' id='word_1_791' title='bbox 2319 5403 2410 5465; x_wconf 75' lang='grc' dir='ltr'>Εἷς</span> <span class='ocrx_word' id='word_1_792' title='bbox 2459 5405 2522 5458; x_wconf 87' lang='grc' dir='ltr'>τὸ</span> <span class='ocrx_word' id='word_1_793' title='bbox 2571 5407 2779 5479; x_wconf 79' lang='grc' dir='ltr'>χεῖρον.</span> <span class='ocrx_word' id='word_1_794' title='bbox 2839 5406 2978 5474; x_wconf 85' lang='lat' dir='ltr'>Reg.</span> <span class='ocrx_word' id='word_1_795' title='bbox 3039 5419 3093 5470; x_wconf 83' lang='lat' dir='ltr'>a,</span> <span class='ocrx_word' id='word_1_796' title='bbox 3152 5403 3209 5457; x_wconf 91' lang='lat' dir='ltr'>et</span> <span class='ocrx_word' id='word_1_797' title='bbox 3264 5399 3359 5456; x_wconf 80' lang='lat'>01&#39;.</span> <span class='ocrx_word' id='word_1_798' title='bbox 3422 5399 3473 5467; x_wconf 91' lang='lat'>1,</span> <span class='ocrx_word' id='word_1_799' title='bbox 3533 5395 3610 5460; x_wconf 68' lang='grc' dir='ltr'>εἷς</span> <span class='ocrx_word' id='word_1_800' title='bbox 3663 5395 3732 5452; x_wconf 79' lang='grc' dir='ltr'>τὰ</span> 
     </span>
     <span class='ocr_line' id='line_1_106' title="bbox 2172 5497 2269 5530; baseline 0 0"><span class='ocrx_word' id='word_1_801' title='bbox 2172 5497 2269 5530; x_wconf 75' lang='lat' dir='ltr'>om.</span> 
     </span>
    </p>
   </div>
   <div class='ocr_carea' id='block_1_106' title="bbox 2150 5497 3556 5620">
    <p class='ocr_par' dir='ltr' id='par_1_106' title="bbox 2150 5497 3556 5620">
     <span class='ocr_line' id='line_1_107' title="bbox 2150 5497 3556 5620; baseline -0.007 -17"><span class='ocrx_word' id='word_1_802' title='bbox 2150 5497 2269 5620; x_wconf 45' lang='grc' dir='ltr'>(ἐξ).</span> <span class='ocrx_word' id='word_1_803' title='bbox 2293 5550 2553 5620; x_wconf 18' lang='grc' dir='ltr'>Ἐφέσεωᾼς</span> <span class='ocrx_word' id='word_1_804' title='bbox 2589 5551 2760 5617; x_wconf 78' lang='lat' dir='ltr'>Regg.</span> <span class='ocrx_word' id='word_1_805' title='bbox 2796 5562 2847 5620; x_wconf 63' lang='grc' dir='ltr'>ᾳ,</span> <span class='ocrx_word' id='word_1_806' title='bbox 2882 5545 3000 5620; x_wconf 74' lang='lat' dir='ltr'>bm,</span> <span class='ocrx_word' id='word_1_807' title='bbox 3030 5544 3214 5620; x_wconf 76' lang='lat' dir='ltr'>Qr.1,</span> <span class='ocrx_word' id='word_1_808' title='bbox 3247 5539 3556 5612; x_wconf 81' lang='grc' dir='ltr'>ἐπιθυμίας.</span> 
     </span>
    </p>
   </div>
   <div class='ocr_carea' id='block_1_107' title="bbox 2150 5613 3304 5692">
    <p class='ocr_par' dir='ltr' id='par_1_107' title="bbox 2150 5613 3304 5692">
     <span class='ocr_line' id='line_1_108' title="bbox 2150 5613 3304 5692; baseline -0.005 -16"><span class='ocrx_word' id='word_1_809' title='bbox 2150 5613 2260 5692; x_wconf 77' lang='grc'>(74)</span> <span class='ocrx_word' id='word_1_810' title='bbox 2442 5617 2638 5692; x_wconf 71' lang='grc' dir='ltr'>τούτῳ.</span> <span class='ocrx_word' id='word_1_811' title='bbox 2660 5613 2846 5692; x_wconf 49' lang='grc' dir='ltr'>βῶσι,</span> <span class='ocrx_word' id='word_1_812' title='bbox 2875 5619 2925 5692; x_wconf 73' lang='grc'>1,</span> <span class='ocrx_word' id='word_1_813' title='bbox 2959 5615 3047 5692; x_wconf 57' lang='grc' dir='ltr'>ἐπί</span> <span class='ocrx_word' id='word_1_814' title='bbox 3074 5613 3304 5692; x_wconf 80' lang='grc' dir='ltr'>τούτων.</span> 
     </span>
    </p>
   </div>
   <div class='ocr_carea' id='block_1_108' title="bbox 2151 5684 3719 5767">
    <p class='ocr_par' dir='ltr' id='par_1_108' title="bbox 2151 5684 3719 5767">
     <span class='ocr_line' id='line_1_109' title="bbox 2151 5684 3719 5767; baseline -0.008 -19"><span class='ocrx_word' id='word_1_815' title='bbox 2151 5684 2260 5767; x_wconf 68' lang='grc'>(75)</span> <span class='ocrx_word' id='word_1_816' title='bbox 2290 5690 2362 5746; x_wconf 79' lang='grc' dir='ltr'>Οὖ</span> <span class='ocrx_word' id='word_1_817' title='bbox 2395 5689 2451 5767; x_wconf 59' lang='lat' dir='ltr'>Si</span> <span class='ocrx_word' id='word_1_818' title='bbox 2495 5684 2721 5767; x_wconf 60' lang='grc' dir='ltr'>ἀφανής.</span> <span class='ocrx_word' id='word_1_819' title='bbox 2774 5690 2868 5767; x_wconf 79' lang='lat' dir='ltr'>Sic</span> <span class='ocrx_word' id='word_1_820' title='bbox 2899 5689 3073 5746; x_wconf 87' lang='lat' dir='ltr'>Coisl.</span> <span class='ocrx_word' id='word_1_821' title='bbox 3108 5691 3158 5758; x_wconf 86' lang='lat'>1,</span> <span class='ocrx_word' id='word_1_822' title='bbox 3206 5690 3300 5742; x_wconf 87' lang='lat' dir='ltr'>Or.</span> <span class='ocrx_word' id='word_1_823' title='bbox 3338 5687 3388 5754; x_wconf 92' lang='lat'>1,</span> <span class='ocrx_word' id='word_1_824' title='bbox 3432 5684 3579 5754; x_wconf 84' lang='lat' dir='ltr'>Jes.,</span> <span class='ocrx_word' id='word_1_825' title='bbox 3609 5684 3719 5738; x_wconf 83' lang='lat' dir='ltr'>etc.</span> 
     </span>
    </p>
   </div>
   <div class='ocr_carea' id='block_1_109' title="bbox 2077 5757 2906 5838">
    <p class='ocr_par' dir='ltr' id='par_1_109' title="bbox 2077 5757 2906 5838">
     <span class='ocr_line' id='line_1_110' title="bbox 2077 5757 2906 5838; baseline -0.007 -16"><span class='ocrx_word' id='word_1_826' title='bbox 2077 5757 2304 5826; x_wconf 41' lang='lat' dir='ltr'>Ma&#39;lein</span> <span class='ocrx_word' id='word_1_827' title='bbox 2337 5766 2499 5832; x_wconf 85' lang='lat' dir='ltr'>edit.,</span> <span class='ocrx_word' id='word_1_828' title='bbox 2533 5757 2655 5816; x_wconf 74' lang='grc' dir='ltr'>οὐδὲ</span> <span class='ocrx_word' id='word_1_829' title='bbox 2680 5760 2906 5838; x_wconf 79' lang='grc' dir='ltr'>ἀφανής.</span> 
     </span>
    </p>
   </div>
   <div class='ocr_carea' id='block_1_110' title="bbox 2075 5496 2143 5552">
    <p class='ocr_par' dir='ltr' id='par_1_110' title="bbox 2075 5496 2143 5552">
     <span class='ocr_line' id='line_1_111' title="bbox 2075 5496 2143 5552; baseline 0 -23"><span class='ocrx_word' id='word_1_830' title='bbox 2075 5496 2143 5552; x_wconf 86' lang='grc' dir='ltr'>χε</span> 
     </span>
    </p>
   </div>
  </div>
