4090 6406
338 359 479 420 1011

1590 351 1652 411 S.
1701 350 2072 412 GREGOHII
2117 350 2513 413 TIIEOLOGI

3602 361 3762 423 1012

332 492 715 564 intelligatur.
747 491 889 558 Quis
920 494 1114 547 autem
1163 504 1426 561 unquam
1460 486 1647 558 magis
1679 501 1814 539 cum
1851 484 1990 547 Deo,

2130 482 2322 555 ἱήματι
2354 484 2693 560 προσήγαγεν
2721 487 2855 557 (76),
2888 484 2923 554 ἢ
2954 486 3051 549 τὰς
3080 488 3198 542 κατ’
3227 488 3391 544 αὐτοῦ
3422 492 3530 564 (77)
3578 488 3769 569 ὕϐρεις

331 583 421 638 vel
470 583 739 638 homines
780 582 1036 638 sacrario
1086 580 1319 644 obtulit,
1354 578 1440 632 vel
1475 579 1548 631 ob
1600 574 1848 645 injurias
1883 573 1999 645 ipsi

335 674 521 728 factas
571 673 692 728 zelo
740 674 975 735 exarsit,
1012 676 1111 725 aut
1164 684 1389 725 sacram
1425 682 1691 720 mensam
1743 663 2003 735 profanis

336 762 680 817 hominibus
712 755 844 816 cum
880 766 1039 815 metu
1075 756 1456 829 repurgavit?
1488 753 1631 820 Quis
1664 756 1788 824 pari
1821 751 2004 807 animi

338 851 622 905 ﬁrmitate
645 856 820 922 atque
852 848 1201 913 constantia,
1222 841 1844 918 paribusquejustitiae
1868 858 2005 912 pon-

339 941 602 1006 deribus,
626 940 715 994 vel
749 938 1177 994 controversias
1210 934 1578 1005 disceptavit,
1603 932 1693 988 vel
1726 931 2004 1001 improbi-

340 1033 518 1083 tatem
550 1030 682 1083 odio
714 1028 940 1092 habuit,
976 1026 1063 1080 vel
1096 1025 1369 1079 virtutem
1410 1024 1628 1077 honore
1660 1026 2007 1092 prosecutus

341 1125 451 1187 est,
480 1118 565 1172 vel
599 1117 854 1188 optimos
886 1116 1040 1170 viros
1064 1114 1385 1170 antetulit?
1414 1113 1555 1178 Quis
1581 1110 1703 1182 pari
1734 1108 2008 1164 facilitate

341 1207 722 1277 peccantibus
756 1206 995 1277 ignovit,
1030 1210 1131 1259 aut
1181 1209 1336 1258 recte
1383 1201 1764 1256 currentibus
1796 1214 2007 1254 cursus

344 1297 571 1351 socium
604 1312 667 1350 se
712 1294 1007 1366 praebuit?
1058 1294 1221 1360 Quis,
1256 1308 1389 1347 cum
1418 1296 1474 1345 et
1518 1291 1691 1360 virgea
1724 1294 1783 1343 et
1814 1286 2009 1342 baculi

342 1389 581 1454 tempus
610 1386 829 1456 Optime
864 1390 1079 1449 nosset,
1114 1382 1321 1437 baculo
1361 1387 1555 1435 tamen
1596 1378 1727 1450 plus
1757 1376 2009 1431 tribuit?

345 1476 527 1544 Cujus
554 1489 721 1543 porro
743 1472 896 1526 oculi
933 1471 1122 1542 magis
1149 1471 1220 1525 ad
1248 1468 1449 1524 ﬁdeles
1474 1474 1640 1523 terrae
1662 1468 1730 1534 δι,
1756 1471 1831 1533 et,
1859 1466 2012 1519 inter

2111 569 2544 641 ἐζηλοτύπησεν,
2594 574 2628 642 ἢ
2680 578 2787 628 τῶν
2844 575 3069 651 ἀνιέρων
3121 576 3213 631 σὺν
3267 574 3422 655 φόϐῳ
3468 582 3567 650 τήν
3618 583 3767 658 ἱερὰν

2114 658 2346 736 ἐκάθηρε
2376 662 2640 736 τράπεζαν
2678 690 2691 725 ς
2722 664 2813 724 Τίς
2860 660 2907 717 δ’
2950 664 3121 727 οὕτως
3170 666 3394 742 ἀρῥεπεῖ
3432 671 3644 745 γνώμῃ,
3678 672 3771 726 καὶ

2116 752 2376 821 σταθμοῖς
2410 748 2780 821 δικαιοσύνης,
2812 753 2845 821 ἣ
2875 750 3032 824 δίκην
3083 758 3195 825 (78)
3248 754 3472 831 ἔκρινεν,
3499 760 3535 827 ἢ
3580 761 3770 816 κακίαν

2116 837 2395 911 ἐμίσησεν,
2420 840 2453 908 ἢ
2488 839 2684 915 ἀρετὴν
2718 840 2997 916 ἐτίμησεν,
3030 845 3063 913 ἦ
3092 844 3215 907 τοὺς
3247 846 3498 917 ἀρίστους
3548 851 3773 925 προύτί-

2120 948 2335 1000 μησεν;
2379 929 2469 990 Τίς
2530 930 2625 1001 μὲν
2684 930 2827 985 οὕτω
2879 934 3216 1007 συγγνώμων
3265 941 3380 997 τοῖς
3431 937 3773 1013 ἀμαρτάναυ-

2118 1038 2222 1087 σιν,
2283 1018 2317 1086 ἢ
2371 1022 2490 1079 τοῖς
2552 1017 2882 1094 εὐδρομοῦσι
2932 1020 3282 1095 σύνδρομος;
3332 1025 3413 1086 τίς
3462 1023 3519 1080 δὲ
3559 1026 3773 1100 μᾶλλον

2120 1101 2323 1181 ῥάϐδου
2375 1107 2462 1160 καὶ
2520 1109 2816 1184 βακτηρίας
2867 1113 2978 1183 (79)
3029 1113 3214 1187 καιρὸν
3264 1112 3652 1187 ἐπιστάμενος,
3700 1120 3771 1190 τῇ

2124 1194 2390 1270 βακτηρίᾳ
2418 1195 2481 1249 τὸ
2512 1194 2680 1250 πλέον
2714 1195 2899 1269 ἔνεμεν
2926 1217 2939 1266 ;
2971 1197 3127 1261 Τίνος
3159 1197 3216 1253 δὲ
3247 1201 3300 1253 oi
3331 1204 3441 1272 (80)
3494 1201 3774 1279 ὀφθαλμοὶ

2124 1282 2337 1357 μᾶλλον
2373 1284 2459 1339 ἐπὶ
2502 1284 2631 1347 τοὺς
2679 1308 2907 1349 πιστους
2936 1294 3035 1356 τῆς
3088 1295 3211 1363 γῆς,
3259 1289 3387 1353 τούς
3439 1312 3497 1345 τε
3546 1291 3774 1364 ἄλλους,

2120 1373 2209 1427 καὶ
2242 1373 2358 1427 ὅσοι
2392 1379 2509 1445 Θεῷ
2543 1379 2703 1443 ζῶσιν
2734 1374 2785 1429 ἐν
2840 1373 3117 1448 μοναδικῷ
3169 1378 3275 1453 βίῳ
3316 1379 3407 1433 καὶ
3449 1377 3623 1455 eum,
3674 1388 3778 1456 γῆν

2119 1461 2208 1515 xui
2236 1465 2303 1516 τὰ
2322 1463 2447 1537 περὶ
2472 1464 2571 1531 τήν
2600 1466 2716 1536 (81)
2747 1471 2850 1537 γῆν
2884 1464 3241 1537 ἀτιμάσαντες
3275 1485 3288 1535 ;

347 1562 518 1629 alios,
550 1563 620 1617 ad
653 1578 753 1617 eos
788 1563 1133 1632 praesertim,
1166 1559 1267 1630 qui
1298 1559 1358 1613 in
1390 1555 1651 1613 solitaria
1683 1561 1740 1611 et
1771 1554 1977 1610 caelibe
2010 1552 2127 1609 vita
2162 1558 2272 1609 Deo
2303 1554 2525 1623 vivunt,
2558 1571 2624 1610 ac
2654 1560 2870 1611 terram
2902 1571 3114 1627 resque
3153 1562 3416 1615 terrenas
3450 1576 3551 1631 pro
3586 1559 3775 1615 nihilo

345 1651 622 1707 ducunt?

420 1740 617 1796 XXIII.
649 1739 777 1795 Jam
829 1738 963 1810 quis
1012 1737 1223 1808 magis,
1254 1742 1356 1791 aut
1386 1737 1602 1792 fastum
1650 1734 1801 1791 345
1851 1749 2007 1789 coer-

2190 1731 2305 1786 KI".
2341 1730 2436 1793 Τίς
2483 1729 2540 1786 δὲ
2587 1732 2779 1805 πλέον,
2810 1734 2844 1801 ἣ
2891 1733 3058 1811 τῦφον
3112 1733 3390 1806 ἐκόλασεν,
3440 1737 3475 1805 ἢ
3522 1757 3779 1792 ταπεινο-

349 1831 488 1895 cuit,
521 1834 625 1883 aut
657 1827 1055 1882 humilitatem
1088 1826 1325 1893 amavit,
1359 1841 1607 1895 eamque
1640 1841 1753 1878 non
1787 1824 1919 1878 ﬁcte
1944 1839 2010 1877 ac

348 1916 575 1982 leviter,
607 1916 1107 1987 quemadmodum
1153 1913 1421 1985 plerique
1468 1930 1539 1969 ex
1569 1913 1685 1976 his,
1719 1912 1821 1984 qui
1853 1928 2011 1966 nunc

345 2006 584 2061 virtutis
615 2005 835 2059 larvam
861 2005 1196 2075 praeferunt,
1220 2010 1395 2073 atque
1428 2002 1486 2057 in
1519 2003 1773 2073 speciem
1803 2001 1931 2056 sciti
1956 2006 2014 2055 et

347 2096 646 2167 elegantes
664 2098 825 2159 sunt,
845 2092 1221 2148 stultissimis
1244 2093 1445 2162 utique
1470 2089 1831 2145 mulierculis
1855 2089 2012 2144 haud

348 2182 692 2248 dissimiles,
725 2200 853 2255 quae
888 2182 1085 2237 nativa
1116 2181 1557 2253 pulchritudine
1584 2180 1905 2247 destitutae,
1939 2180 2011 2233 ad

348 2272 571 2328 colores
601 2272 971 2343 confugiunt,
1004 2277 1183 2341 atque
1218 2270 1462 2325 honeste
1493 2270 1928 2339 quodammodo
1959 2274 2017 2323 et

349 2367 571 2431 ornate,
597 2366 662 2415 ut
692 2363 776 2416 sic
808 2361 1038 2432 loquar,
1062 2366 1342 2430 tanquam
1376 2358 1435 2413 in
1468 2359 1713 2414 theatris
1736 2375 1798 2413 se
1817 2362 2014 2413 osten-

351 2454 498 2517 tant,
532 2451 604 2505 ob
630 2455 990 2505 venustatem
1020 2450 1363 2514 invenustee,
1387 2454 1565 2518 atque
1594 2448 1666 2501 ob
1696 2447 2013 2502 foeditatem

354 2540 738 2595 deformiores
758 2539 785 2594 ?
816 2538 940 2592 Non
971 2538 1130 2593 enim
1162 2537 1223 2592 in
1254 2542 1434 2606 veste,
1460 2537 1562 2592 sed
1597 2537 1653 2589 in
1681 2536 1861 2590 animi
1886 2553 2019 2591 con-

352 2628 590 2695 stantia,
619 2626 924 2683 humilitas
953 2627 1064 2698 ipsi
1088 2627 1200 2682 sita
1226 2632 1386 2693 erat;
1412 2642 1517 2681 nec
1536 2624 1667 2681 colli
1695 2625 2014 2696 depressio,

356 2722 458 2773 aut
486 2718 644 2773 vocis
689 2717 993 2783 demissio,
1026 2722 1129 2771 aut
1168 2715 1361 2770 vultus
1394 2714 1724 2779 inclinatio,
1753 2719 1854 2769 aut
1887 2733 2017 2786 pro-

354 2807 539 2863 missa
590 2807 795 2875 barba,
830 2812 931 2860 aut
979 2806 1190 2876 capitis
1221 2806 1292 2859 ad
1325 2812 1520 2859 cutem
1558 2820 1746 2874 usque
1777 2804 1892 2858 rasi
1922 2819 2017 2858 ex-

355 2896 606 2960 ornatio,
642 2902 743 2949 aut
774 2900 972 2950 certus
1023 2893 1329 2949 incedendi
1381 2894 1592 2948 modus
1623 2892 2019 2947 humilitatem

358 2986 699 3056 etfingebat,
735 3000 882 3055 quas,
918 2988 983 3037 ut
1028 2984 1101 3038 ad
1134 2984 1303 3038 breve
1335 2983 1628 3053 quoddam
1658 2989 1894 3051 tempus
1924 2997 2018 3036 ex-

357 3073 531 3145 primi
585 3078 854 3144 possunt,
890 3073 969 3127 ita
1020 3089 1195 3142 quam
1230 3070 1532 3126 celerrime
1564 3086 1691 3125 sese
1722 3071 2015 3141 produnt;
2050 3103 2093 3170 ρ

356 3160 505 3215 nihil
536 3161 690 3216 enim
727 3159 1070 3215 simulatum
1118 3166 1399 3214 constans
1425 3175 1490 3213 ac
1522 3157 1871 3213 diuturnum
1907 3164 2017 3213 est.

353 3249 572 3304 Verum
608 3248 728 3314 ille,
757 3254 813 3303 et
842 3251 956 3303 vita
979 3249 1231 3303 maxime
1264 3247 1562 3313 sublimis,
1589 3253 1646 3302 et
1676 3248 1873 3302 animo
1898 3264 2021 3319 per-

353 3354 533 3410 quam
569 3338 813 3392 humilis
844 3342 969 3393 erat
1003 3353 1016 3390 :
1050 3344 1107 3392 et
1138 3336 1377 3407 quidem
1416 3337 1487 3391 ad
1522 3336 1711 3406 ipsius
1741 3336 2016 3390 virtutem

352 3443 528 3482 nemo
559 3427 821 3497 aspirare
851 3430 1093 3497 poterat,
1126 3426 1194 3480 ad
1229 3426 1496 3496 ejusdem
1520 3432 1718 3480 autem
1751 3441 2020 3496 congres-

354 3532 488 3569 sum
539 3516 835 3587 perfacilis
880 3516 1158 3569 omnibus
1204 3514 1399 3568 aditus
1450 3514 1707 3584 patebat.
1760 3520 2020 3583 Cumque

354 3604 581 3676 vulgari
616 3611 673 3659 et
703 3606 919 3659 usitato
966 3603 1211 3658 vestitus
1241 3619 1452 3675 genere
1484 3608 1766 3669 uteretur,
1800 3620 1834 3658 a
1866 3606 2017 3657 fastu

352 3693 575 3749 scilicet
598 3711 665 3749 ac
696 3694 973 3749 sordibus
995 3710 1157 3763 mque
1187 3693 1532 3759 abhorrens,
1569 3692 1791 3747 ratione
1826 3698 2017 3747 tamen

350 3781 569 3837 interni
599 3782 931 3853 splendoris
957 3799 1138 3851 supra
1161 3780 1377 3836 multos
1400 3782 1767 3851 assurgebat.
1794 3782 1858 3836 Et
1881 3799 2017 3836 cum

349 3872 573 3926 ventris
606 3874 879 3926 morbum
905 3876 1083 3941 atque
1113 3870 1523 3941 inexplebilem
1556 3870 1919 3936 aviditatem,
1957 3878 2021 3926 ut

352 3963 403 4016 si
432 3962 565 4031 quis
614 3960 788 4027 alius,
825 3961 1094 4014 domaret
1137 3964 1194 4013 et
1240 3958 1675 4030 comprimeret,
1709 3960 1766 4013 id
1823 3964 2019 4014 tamen

354 4065 468 4104 non
502 4050 872 4117 ostentabat;
910 4048 1052 4102 illud
1089 4047 1351 4119 quidem,
1384 4054 1447 4102 ut
1476 4064 1539 4102 se
1570 4064 1784 4119 purum
1819 4055 2019 4102 custo-

354 4138 525 4204 diret,
561 4138 717 4192 istud
752 4154 907 4203 vero,
944 4152 1038 4204 ne,
1074 4137 1152 4189 rei
1188 4135 1441 4190 novitate
1469 4134 1720 4207 gloriam
1753 4146 2016 4207 captans,

354 4226 553 4282 animo
602 4226 926 4281 efferretur.
960 4224 1187 4281 Etenim
1233 4224 1493 4279 hominis
1543 4224 1781 4295 quidem
1814 4226 2022 4280 mundi

384 4330 387 4335 ’
431 4354 475 4389 δι
508 4352 664 4408 Psal.
698 4368 751 4418 α,
777 4352 832 4407 6.

2120 1818 2391 1895 φροσύνην
2450 1822 2753 1895 ἠγάπησε,
2812 1823 2905 1877 καί
2966 1823 3165 1893 ταύτην
3224 1830 3323 1878 οὐκ
3378 1823 3726 1888 ὲπιπλάστως
3766 1868 3789 1894 ,.

2122 1905 2248 1962 οὐδὲ
2281 1908 2330 1981 ἐξ
2364 1908 2659 1979 ἐπιπολῆς,
2692 1910 2768 1972 ὡς
2816 1912 2870 1965 οἱ
2915 1909 3122 1968 πολλοὶ
3152 1917 3259 1967 τῶν
3306 1918 3398 1967 νῦν
3447 1935 3779 1990 προσποιου-

2127 1996 2300 2069 μὲνων
2348 1998 2690 2074 φιλοσοφεῖν,
2740 2000 2829 2054 καὶ
2880 2001 3090 2074 κομψοὶ
3134 2002 3197 2056 τὸ
3247 2002 3594 2079 φαινόμενον,
3644 2004 3782 2059 κατὰ

2120 2084 2215 2145 τὰς
2258 2085 2653 2163 ἀφρονεστάτας
2698 2092 2807 2143 τῶν
2862 2093 3156 2163 γυναικῶν,
3186 2090 3243 2144 αἲ
3294 2090 3593 2164 ἀποροῦσαι
3646 2091 3782 2147 κάλ-

2125 2171 2253 2234 λους
2308 2174 2513 2229 οἰκείου
2561 2178 2699 2250 πρὸς
2740 2178 2807 2231 τά
2865 2178 3140 2253 χρώματα
3193 2179 3629 2257 καταφεύγουσι,
3686 2181 3779 2235 καὶ

2125 2262 2226 2316 εἰσί
2256 2284 2397 2330 πως,
2430 2265 2505 2326 ὡς
2539 2264 2597 2319 ἂν
2634 2263 2845 2338 εἴποιμι
2880 2270 3010 2340 (82),
3050 2267 3292 2340 κοσμίως
3348 2268 3776 2345 θεατριζόμεναι,

2126 2348 2196 2405 δι’
2223 2352 2640 2427 εὐσχημοσύνην
2675 2354 3015 2430 ἀσχήμονες,
3066 2355 3155 2411 καὶ
3206 2354 3276 2411 δι’
3322 2357 3550 2434 αἶσχρπ
3581 2360 3693 2431 (83)
3724 2359 3780 2412 αἱ

2127 2440 2419 2516 σχρότεραι
2455 2460 2468 2510 ;
2503 2443 2576 2496 Οὐ
2609 2444 2712 2519 γὰρ
2757 2443 2809 2498 ἰν
2862 2445 3048 2514 ἐσθῆτι
3093 2447 3154 2499 τὸ
3203 2446 3447 2501 ταπεινὸν
3500 2449 3564 2515 ἦν
3609 2445 3779 2519 αὐτῷ,

2127 2529 2254 2585 ἀλλ’
2308 2529 2358 2585 ἐν
2425 2534 2613 2606 ψυχῆς
2671 2536 3096 2606 καταστήματι*
3157 2532 3282 2589 οὐδὲ
3337 2535 3529 2609 θρύψις
3586 2536 3723 2611 αὐχὲ
3756 2566 3782 2579 -

2126 2640 2217 2682 νος
2273 2622 2408 2692 (84),
2459 2623 2492 2690 ἢ
2541 2626 2726 2698 φωνῆς
2779 2624 2984 2700 ὕφεσις,
3016 2625 3379 2699 ἢπροσώπου
3430 2630 3600 2686 νεῦσις
3650 2627 3785 2697 (85),

2127 2710 2161 2776 ἣ
2196 2710 2357 2784 βάθος
2412 2710 2644 2781 ὑπήνης,
2676 2712 2711 2781 ἢ
2739 2712 2982 2789 κεφαλῆς
3030 2712 3081 2765 ἐν
3130 2717 3255 2788 χρῷ
3298 2712 3588 2786 κόσμησις,
3622 2715 3655 2783 ἢ
3688 2716 3785 2787 βα-

2131 2795 2390 2870 δίσματος
2422 2802 2556 2867 ἦθος
2586 2801 2649 2855 τὸ
2690 2803 2941 2856 ταπεινὸν
2986 2801 3317 2875 ὑπεκρίνετο,
3367 2802 3434 2857 τὰ
3478 2804 3615 2876 πρὸς
3666 2800 3788 2856 ὀλί-

2130 2909 2226 2962 γον
2258 2888 2598 2961 τυπούμενα,
2652 2888 2741 2943 καὶ
2784 2889 3019 2966 τάχιστα
3070 2888 3431 2965 ἐλεγχόμενκ’
3479 2898 3581 2945 πᾶν
3625 2891 3727 2967 γὰρ
3760 2891 3790 2946 ’ὃ

2129 2978 2523 3052 προσποιητὸν,
2557 2976 2683 3032 οὐδὲ
2718 2978 2976 3053 μόνιμον.
3025 2979 3185 3036 Ἀλλ’
3213 2980 3279 3049 ἦν
3315 2980 3342 3034 ὁ
3373 2977 3531 3041 αὒτὸς
3581 2977 3792 3053 ὑψηλό-

2128 3085 2287 3126 τατος
2325 3066 2419 3138 μὲν
2464 3066 2543 3138 τῷ
2756 3066 2882 3142 βίῳ,
2934 3063 3321 3130 ταπεινότατος
3376 3066 3433 3123 δὲ
3476 3072 3554 3139 τῷ
3583 3070 3793 3147 φρονή-

2135 3173 2282 3226 ματι·
2334 3154 2425 3208 καὶ
2471 3155 2571 3221 τήν
2622 3156 2716 3228 μὲν
2766 3156 2961 3229 ἀρετὴν
3013 3156 3334 3234 ἀπρόσιτος,
3363 3158 3463 3227 τήν
3508 3157 3789 3213 συνουσίαν

2129 3240 2187 3297 δὲ
2217 3242 2307 3297 καὶ
2339 3240 2459 3297 λίαν
2496 3244 2835 3320 εὐπρόσιτος.
2873 3246 2973 3303 Καὶ
3007 3249 3242 3317 συνήθης
3276 3247 3369 3319 μὲν
3400 3249 3499 3317 τὴν
3536 3242 3786 3322 ἀμπεχό-

2127 3354 2251 3401 νην,
2285 3331 2477 3403 ἐπίσης
2510 3333 2720 3409 φεύγων
2769 3334 2861 3390 καὶ
2907 3338 2970 3390 τὸ
3022 3334 3233 3410 ὑψηλὸν
3276 3336 3367 3391 καὶ
3411 3336 3474 3391 τὸ
3512 3336 3785 3391 ταπεινόν·

2129 3422 2262 3499 ὑπὲρ
2299 3421 2356 3478 δὲ
2386 3422 2632 3486 πολλοὺς
2663 3426 2762 3493 τὴν
2794 3422 2945 3480 ἔνδον
2985 3425 3370 3502 λαμπρότητα.
3405 3427 3507 3483 Καὶ
3555 3427 3788 3502 γαστρὸς

2127 3508 2305 3583 νόσον,
2340 3513 2428 3568 καὶ
2460 3513 2765 3584 ἀπληστίαν
2800 3512 3056 3588 δαμάζων
3094 3517 3211 3589 μὲν,
3246 3517 3291 3570 εἰ
3321 3517 3410 3570 καί
3458 3537 3541 3579 τις
3593 3514 3788 3588 ἄλλος,

2130 3600 2193 3655 οὗ
2224 3599 2400 3657 δοκῶν
2433 3600 2515 3657 δὲ’
2542 3604 2606 3658 τὸ
2638 3605 2731 3675 μὲν
2759 3602 2847 3658 ’ίνα
2889 3605 3213 3681 καθαίρηται
3256 3608 3369 3679 (87)
3400 3606 3462 3660 τὸ
3494 3603 3552 3660 δὲ
3581 3603 3673 3660 ’ίνα
3709 3606 3786 3677 μή

2132 3690 2495 3769 ὑπεφαίρηται
2531 3737 2544 3760 ,
2587 3692 2666 3765 τῷ
2723 3698 2895 3765 καινῷ
2950 3695 3273 3769 Θηρώμενος
3331 3693 3391 3748 τὰ
3449 3692 3735 3767 εὐδόκιμον
3772 3738 3786 3751 .

2132 3782 2430 3835 Πολιτικοῦ
2466 3783 2559 3855 μὲν
2592 3784 2696 3859 γὰρ
2748 3781 2902 3859 ἔργον
2952 3785 3082 3837 εῖναι
3129 3783 3301 3838 πάντα
3345 3788 3520 3838 ποιεῖν
3568 3783 3655 3837 καὶ
3690 3782 3785 3838 λέ-

2130 3890 2268 3944 γειν,
2303 3870 2352 3943 ἐξ
2404 3873 2477 3925 ὧν
2527 3870 2882 3945 εὐδοκιμήσει
2934 3873 3081 3949 παρὰ
3125 3879 3242 3935 τοῖς
3294 3871 3505 3943 ἔξωθεν,
3540 3874 3584 3945 ᾧ
3619 3870 3785 3945 μηδὲν

2132 3958 2243 4013 ἐστι
2290 3964 2388 4014 τοῦ
2445 3960 2714 4034 παρόντος
2760 3962 2882 4036 βίου
2938 3962 3347 4037 μακαριώτερον
3420 3965 3790 4034 πνευματικοῦ

2132 4047 2189 4103 δὲ
2222 4049 2312 4102 καὶ
2360 4054 2457 4104 τοῦ
2504 4052 2625 4114 καθ’
2670 4053 2843 4123 ἡμᾶς,
2892 4051 3028 4126 πρὸς
3076 4050 3131 4105 ἓν
3183 4050 3344 4123 μόνον
3400 4049 3645 4126 βλέπειν,
3684 4052 3781 4118 τὴν

2134 4138 2430 4212 σωτηρίαν,
2464 4140 2553 4194 xui
2587 4139 2615 4193 ’ὁ
2650 4142 2746 4211 μὲν
2780 4139 2839 4194 ἄν
2870 4140 2947 4201 εἷς
2973 4144 3134 4195 τοῦτο
3181 4140 3337 4217 φέρῃι
3386 4139 3524 4216 μέγα
3563 4136 3782 4208 οἴεσθαι,

2130 4224 2234 4281 ’ὁδ’
2278 4227 2337 4282 ἃν
2404 4230 2504 4299 μή,
2564 4225 2842 4283 διαπτύειν
2900 4229 2977 4291 ὡς
3029 4227 3263 4303 μηδενὸς
3483 4230 3649 4301 ἄξιυν·
3696 4230 3787 4282 xui

427 4477 536 4545 (76)
561 4475 656 4553 _'H_
696 4477 780 4553 τῷ
804 4474 1057 4553 ,βήματι-
1089 4473 1453 4553 προσήγαγεν.
1513 4496 1542 4525 ι(
1570 4474 1702 4553 _Vel
1742 4476 2013 4553 homines

2130 4496 2259 4536 oves
2304 4480 2655 4553 erudiuntur
2706 4486 2762 4536 et
2812 4487 3155 4553 pascuntur.
3190 4502 3218 4533 »
3271 4482 3331 4553 In
3364 4481 3543 4539 altero
3576 4478 3781 4553 ,Schol.

354 4547 611 4605 sacrario
637 4547 889 4616 ,obtulit.
944 4569 970 4595 ››
1004 4547 1259 4619 Mallem,
1285 4547 1319 4595 “‹‹
1353 4547 1629 4603 admovit.
1665 4570 1693 4597 ››
1742 4550 2017 4605 Testatur

357 4619 564 4676 Billius
597 4636 658 4674 se
705 4620 784 4674 ita
833 4620 1099 4686 vertisse,
1132 4636 1198 4675 eo
1229 4620 1381 4690 quod
1434 4620 1502 4673 ad
1537 4620 1745 4675 veteris
1795 4623 2015 4677 codicis

354 4693 681 4767 marginem
733 4693 855 4747 haec
898 4697 1070 4767 verba
1124 4692 1333 4767 legerit
1366 4709 1379 4747 :
1416 4690 1543 4767 ῌερὶ
1570 4691 1874 4767 ’κληρικῶν
1924 4695 2015 4747 καὶ

354 4761 511 4819 Θεοῦ
526 4764 857 4836 λειτουργῶν
912 4764 939 4815 ὁ
972 4761 1161 4836 λόγος.
1186 4761 1247 4816 ἀ
1277 4764 1355 4818 De
1386 4761 1616 4820 clericis
1646 4761 1719 4821 8.0-
1762 4768 1855 4820 Dei
1906 4767 2015 4821 mi-

354 4784 492 4819 υεου
526 4784 857 4836 Λειτουργων
912 4784 939 4815 ο
974 4784 1059 4817 ΛΟ*
1082 4784 1161 4824 ος.
1220 4785 1247 4816 ιι
1278 4784 1355 4818 U8
1386 4784 1616 4820 ΟΙΘῙῚΟΙΒ
1646 4784 1711 4821 80
1762 4784 1855 4820 υει
1906 4784 2015 4821 ml‘

350 4838 556 4895 nistris
606 4854 800 4893 sermo
833 4842 940 4892 est.
981 4861 1013 4910 ιιΔ
1052 4784 1251 4910 Itaque
1300 4836 2015 4910 quotiescunqueGrcgo-

352 4910 474 4982 rius
506 4910 668 4979 dicit,
699 4910 955 4982 τοὺςᾼτοῦ
1073 4906 1264 4982 ματος,
1290 4906 1398 4975 vel,
1428 4906 1556 4982 τοῦς
1590 4906 1712 4982 περὶ
1744 4908 1805 4962 τὸ
1842 4906 2013 4982 βῇμα,

351 4980 505 5035 idem
529 4973 749 5052 cetrae
800 4980 845 5034 si
882 4973 1119 5047 diceret,
1173 4973 1300 5039 τοῦς
1357 4973 1753 5051 πρεσϐυτέρους
1799 4973 2016 5052 καθτῷ

355 5055 470 5120 Θεῷ
528 5049 1002 5127 λειτουργοῦντας,
1063 5074 1091 5100 ‹‹
1144 5049 1511 5123 presbyteros
1565 5049 1633 5107 et
1678 5053 1778 5107 Dei
1838 5049 2012 5108 mini-

355 5128 507 5178 stros
518 5165 529 5177 .
566 5145 594 5171 »

428 5196 543 5263 (77)
574 5193 697 5265 Kut:
722 5194 913 5265 uinci}.
949 5199 1125 5265 Begg.
1174 5211 1226 5261 a,
1278 5193 1399 5259 bm,
1434 5192 1529 5248 Or.
1573 5196 1616 5265 I,
1651 5194 1775 5265 κατ’,
1812 5191 2013 5265 αὐτῶν.

432 5260 543 5386 (78)
575 5266 644 5319 Ἥ
676 5260 852 5349 ῥῖκην.
891 5260 1153 5353 Regg'.'a,
1200 5260 1319 5319 bm.
1356 5265 1450 5321 Or.
1491 5265 1538 5330 1,
1570 5264 1716 5337 Jes.,
1749 5264 1782 5333 ἢ
1816 5262 2013 5327 ὃέκαις,

452 5335 523 5385 ’79
602 5329 829 5386 Ῥαῦδου
901 5356 988 5386 και
1065 5335 1383 5386 ϐακτποίας.
1464 5336 1657 5386 Schol.
1722 5355 1734 5386 :
1795 5330 2013 5386 Ῥάϐδον

602 5329 829 5409 (Ρ-άϐδου
901 5329 1383 5409 καῗῗβακτηρίας,
1464 5329 1657 5409 Sehol.
1701 5329 1734 5392 ἐ
1773 5329 2016 5409 ’Ῥάϐδον

357 5405 1148 5480 νοήσειςιτὴννἐπιφερομένην
1193 5405 1311 5480 τροῖς
1362 5406 1728 5480 ἁμαρτάνουσι
1760 5406 2009 5480 πληγήν·

365 5468 772 5557 βακξηρίανζδξτ,
806 5468 1047 5557 λὸγὶκῶν
1086 5468 1409 5557 ,προϐάτωῶ
1435 5468 1625 5552 Λόγον,
1658 5479 1703 5549 ᾧ
1741 5480 1807 5533 τὰ
1845 5468 2016 5545 νοητὰ

358 5543 606 5623 πρόϐατα
654 5543 963 5623 ῥυθμίζεται
1014 5549 1101 5601 καὶ
1140 5543 1529 5621 ’ποιμαίνεταιί
1571 5575 1597 5599 ί(
1635 5543 1742 5605 P'er
1791 5543 2013 5623 virng

362 5630 562 5737 pmnas
592 5616 844 5674 inflictas
894 5616 1295 5691 peccatoribus
1326 5623 1658 5695 intelliges;
1692 5639 1795 5694 per
1835 5616 2014 5677 bacu-

389 5702 486 5737 um
537 5692 730 5737 autem
790 5707 1105 5737 nnrmnnam
1162 5694 1375 5737 nnihng
1422 5698 1725 5737 nnmnntnn
1772 5694 2014 5737 rnlirmin

389 5702 486 5740 um
537 5692 731 5743 autem
790 5707 1107 5758 sermones,
1162 5694 1375 5766 quibus
1422 5692 1725 5765 compotes
1772 5694 2016 5752 rationis

3575 4551 3627 4605 ἒν
3682 4571 3785 4625 γαρ

2127 4552 2343 4638 legi‘tur
2405 4569 2418 4607 :
2478 4552 2729 4629 Διαφέρει
2796 4547 3009 4679 ξάϐδου
3080 4552 3374 4681 ἓακτηρίω
3436 4554 3471 4621 ἡ
3528 4551 3627 4679 μὲν
3685 4571 3782 4625 γαρ

2127 4621 2391 4682 παιοεόει.
2428 4625 2459 4682 ἡ
2500 4620 2558 4678 δὲ
2608 4623 2790 4682 ὐπεοεί
2829 4643 2894 4679 ει·
2944 4650 2970 4675 ‹‹
3008 4626 3075 4682 Di
3123 4631 3209 4681 ert
3250 4626 3415 4682 virga
3445 4643 3480 4682 8.
3569 4623 3736 4682 aculo
3770 4641 3782 4678 :

2124 4620 2391 4701 παιδεύει,
2428 4625 2459 4692 ἡ
2500 4620 2894 4701 ὃὶ-’ὐπερείδειο
2944 4650 2970 4675 ‹‹
3008 4620 3209 4682 Diﬂ'ert
3250 4620 3415 4698 virga
3445 4620 3480 4682 8.

2127 4697 2229 4752 illa
2261 4696 2415 4751 enim
2448 4696 2720 4765 castigat,
2750 4698 2845 4754 hic
2874 4715 3008 4754 vero
3042 4696 3367 4753 sustentat:
3390 4718 3416 4747 »

2200 4765 2427 4842 (8O)70i.
2480 4770 2573 4824 Sic
2605 4771 2785 4842 Regg.
2838 4788 2891 4835 a,
2942 4771 3062 4842 bm,
3113 4776 3234 4826 tres
3278 4768 3464 4836 Colb.,
3499 4771 3556 4823 et
3602 4766 3697 4822 Or.
3732 4766 3783 4823 1.

2130 4842 2298 4896 Deest
2328 4841 2384 4893 in
2418 4842 2509 4896 ed.

2219 4912 2308 4979 81)
2341 4912 2470 4979 Τήν.
2505 4917 2674 4968 Deest
2702 4912 2762 4968 in
2794 4917 2889 4969 Or.
2924 4914 2973 4969 1.

2219 4912 2283 4966 81
2341 4912 2470 4979 Τήν.
2505 4917 2674 4968 Deest
2702 4912 2762 4968 in
2794 4917 2889 4969 Or.
2924 4914 2973 4969 1.

2198 4912 2309 5055 (82)
2339 4987 2424 5043 Ὡς
2458 4982 2516 5036 ἂν
2550 4979 2783 5056 ε’ίποιμι.
2836 4984 2964 5040 Haec
2995 5002 3041 5056 a7
3080 4982 3271 5052 Billio,
3305 4981 3391 5038 vel
3431 4985 3787 5056 a_typ_ogra-

2128 5053 2241 5126 pho
2276 5053 2893 5127 prietermissafDeest
2924 5059 2996 5115 ὣς
3029 5055 3086 5110 in
3120 5056 3259 5127 Reg.
3296 5072 3349 5121 a,
3383 5059 3439 5108 et
3464 5053 3560 5127 0r.
3597 5053 3650 5107 1.

2198 5123 2309 5200 (83)
2347 5126 2607 5200 Αἴσχρος.
2630 5129 2778 5200 Βοε.
2815 5130 2935 5195 bm,
2969 5128 3145 5200 Coisl.
3183 5123 3233 5193 1,
3266 5130 3362 5182 Or.
3400 5127 3449 5194 1,
3484 5123 3697 5200 αἶσχος)

2126 5267 2139 5280 ,
2193 5193 2543 5324 (184).Θρύὶβὶς
2584 5193 2838 5274 αὐχένος.
2889 5193 3144 5256 «Μοιιίε
3194 5193 3491 5268 fractaqUe
3540 5193 3786 5251 cervicis

2126 5284 2181 5323 1n
2232 5287 2379 5324 exxo.
2413 5292 2439 5319 ››

2125 5284 2379 5326 ιωιοχιο.
2413 5292 2439 5319 ))

2195 5343 2305 5408 (85)
2342 5343 2553 5399 Νεῦσις.
2589 5342 2726 5413 Reg.
2764 5343 2882 5403 bm,
2917 5345 3036 5396 tres
3077 5340 3262 5408 Colb.,
3293 5340 3391 5396 Or.
3428 5340 3477 5410 1,
3511 5333 3676 5398 δίσις.

2195 5414 2309 5483 (86)
2341 5414 2453 5482 Τῷ.
2487 5413 2576 5485 Sic
2612 5413 2747 5485 Reg.
2784 5431 2835 5469 a.
2872 5415 2933 5485 In
2968 5414 3057 5467 ed.
3090 5414 3276 5485 deest.

2341 5478 2823 5557 Κάθᾳίρηταιδίὸἱο
2854 5484 2946 5538 Or.
2984 5486 3032 5538 1.
3070 5485 3128 5537 In
3152 5484 3278 5557 Aed.,
3309 5478 3639 5557 καθαίρεται.

2195 5556 2307 5625 (88)
2339 5552 2618 5637 μηδεξέόςζ
2669 5556 2763 5637 Sic
2811 5556 2991 5637 Begg.
3046 5571 3098 5625 a,
3150 5555 3272 5637 b_m,
3322 5553 3538 5637 Omni,-
3573 5556 3682 5607 etc.
3711 5554 3783 5637 ‘I‘n

2122 5620 2238 5691 edi,
2274 5620 2370 5679 τοῦ
2419 5620 2673 5698 μηδενός.
2722 5620 3056 5684 Delcvimus
3085 5620 3200 5681 ’τοῦ
3231 5620 3580 5684 auctoritate
3626 5620 3783 5681 codi-

2125 5713 2282 5753 cum.
