4090 6430
366 395 526 463 1013.

1259 389 1557 452 ORATIO
1599 384 1814 446 XVIII.
1849 415 1926 428 -—
1953 382 2344 443 FUNEBRIS
2391 381 2468 440 IN
2512 381 2861 444 PATREM.

3635 388 3796 450 1014

366 523 456 580 διὰ
482 528 665 594 τοῦτο,
718 523 780 579 τὸ
815 525 909 597 μὶν
961 523 1242 596 ὁρώμεοον
1282 523 1394 594 (89)
1434 515 1736 590 ἀτιμάζειν,
1794 515 1942 575 ὃπως
1977 510 2020 567 δ’

2133 513 2429 569 illecebris
2477 513 2690 568 irretiti
2739 531 2867 571 esse
2892 516 3308 588 arbitrabatur,
3339 518 3496 576 dicta
3524 519 3793 593 factaque

363 613 424 669 ἂν
452 615 600 676 ἐντος
768 612 1036 668 κάλλιστα
1066 609 1211 686 ἔχοι,
1245 607 1407 664 τοῦτο
1443 608 1605 680 μόνον
1638 611 1878 660 σκοπεῖν.
1932 604 2022 657 καὶ

360 707 528 758 ταῦτα
557 702 679 777 περὶ
710 699 928 758 πολλοῦ
958 703 1253 766 ποιεῖσθαι,
1297 698 1346 768 ἐξ
1380 695 1451 752 ὧν
1487 696 1646 756 αὐτός
1677 716 1733 748 τε
1762 692 2022 748 πλείστου

365 794 510 862 ἄξιος
543 789 710 863 ἔσται,
743 791 986 852 καὶτοὺς
1021 789 1224 851 ἄλλους
1260 781 1400 860 ἕλξει
1428 785 1497 841 δι’
1545 787 1736 840 ἑαυτοῦ
1781 784 1917 858 πρὸς
1961 782 2022 836 τὸ

368 879 672 957 βέλτιστον.

2137 620 2244 658 sua
2281 602 2480 658 omnia
2510 603 2624 658 huc
2657 603 2890 670 referre,
2923 610 2989 660 ut
3019 606 3266 677 gloriam
3300 614 3357 664 et
3405 608 3783 681 splendorem

2135 693 2290 764 apud
2324 697 2549 748 exteros
2581 699 2956 764 assequatur,
2993 695 3210 769 quippe
3233 698 3332 768 qui
3367 700 3636 769 praesenti
3667 701 3789 757 vita

2135 780 2279 836 nihil
2313 782 2539 836 beatius
2572 797 2699 836 esse
2723 783 2898 837 ducat
2933 802 2943 839 :
2980 785 3307 856 spiritualis
3325 790 3520 842 autem
3544 792 3599 843 et
3619 788 3784 844 Chri-

2133 870 2519 937 stiani,unam
2544 875 2775 926 tantum
2807 872 3060 928 salutem
3091 875 3166 930 ob
3197 875 3398 932 oculos
3430 875 3544 932 sibi
3575 894 3783 949 propo-

363 990 520 1036 nere,
553 978 722 1043 atque
753 988 840 1039 ea,
876 987 1002 1042 quae
1035 971 1105 1025 ad
1140 969 1292 1025 hanc
1343 969 1584 1032 ducant,
1619 963 1856 1037 plurimi
1912 963 2118 1016 facere.
2156 977 2282 1031 quae
2315 966 2510 1015 autem
2555 961 2627 1016 ad
2678 979 2806 1017 eam
2867 963 3012 1017 nihil
3067 965 3392 1035 adjumenti
3425 966 3692 1032 afferant,
3720 972 3785 1024 ut

356 1060 513 1129 vilia,
547 1061 886 1130 nulliusque
921 1059 1110 1130 pretii,
1144 1056 1482 1128 aspernari;
1527 1056 1600 1110 ob
1650 1068 1899 1123 eamque
1931 1066 2191 1117 causam,
2226 1049 2283 1103 id
2313 1049 2571 1120 quidem,
2607 1051 2760 1120 quod
2797 1049 2856 1105 in
2887 1056 3185 1123 aspectum
3235 1054 3411 1124 cadit,
3445 1071 3549 1126 pro
3599 1055 3782 1111 nihilo

358 1153 586 1220 putare,
622 1149 679 1204 id
715 1154 912 1203 autem
945 1164 1130 1202 unum
1163 1150 1445 1218 spectare,
1478 1149 1652 1215 atque
1699 1143 1759 1196 in
1809 1157 1874 1196 eo
1921 1139 2241 1202 elaborare,
2276 1144 2339 1192 ut
2388 1141 2617 1193 interna
2649 1141 2869 1211 Optimo
2916 1146 2974 1196 et
3024 1141 3419 1212 pulcherrimo
3451 1149 3608 1200 statu
3643 1143 3781 1214 sint,

359 1253 545 1308 eaque
577 1238 770 1308 magni
811 1237 1122 1304 mstimare,
1156 1252 1225 1291 ex
1255 1235 1471 1306 quibus
1501 1238 1558 1288 et
1605 1232 1732 1304 ipse
1761 1247 1940 1301 quam
1993 1229 2253 1300 optimus
2303 1228 2539 1283 futurus
2569 1229 2665 1296 sit,
2699 1235 2755 1285 et
2785 1230 2931 1285 alios
2963 1231 3227 1302 exemplo
3278 1250 3386 1288 suo
3435 1233 3506 1288 ad
3557 1234 3782 1306 optima

358 1342 605 1398 quaeque
645 1331 1066 1397 pertracturus.

425 1416 542 1470 KA'.
605 1419 668 1466 ’Ὁ
725 1412 783 1468 δὲ
833 1412 1127 1468 κάλλιστον
1189 1417 1296 1467 τῶν
1374 1411 1580 1466 ἐκείνου
1649 1409 1738 1463 καὶ
1800 1405 2012 1462 ἰδιώτα-

351 1523 443 1557 τον
475 1504 605 1576 (91),
637 1505 728 1557 καὶ
761 1501 884 1557 οὐδὲ
913 1508 1030 1564 τοῖς
1057 1500 1296 1564 πολλοῖς
1329 1499 1716 1576 ἀγνοούμενον,
1767 1499 1801 1566 ἡ
1835 1495 2009 1551 ἀπλὸ-

353 1598 476 1663 τῆς,
528 1589 617 1646 xui
662 1593 726 1646 τὸ
768 1594 864 1646 τοῦ
916 1592 1084 1660 ἤθους
1132 1589 1330 1645 ἅὸολόν
1377 1610 1435 1644 τε
1481 1587 1569 1644 xui
1620 1586 2010 1660 ἀμνησίκακον.

357 1678 565 1742 Ἀλλος
617 1681 712 1752 μὲν
757 1683 860 1756 γὰρ
908 1678 1049 1736 ἄλλο
1101 1701 1152 1734 τι
1197 1684 1306 1735 τῶν
1354 1677 1603 1733 παλαιῶν
1741 1679 1847 1729 τῶν
1879 1676 2009 1729 νὲων

354 1770 769 1843 κατωρθωκέναι
846 1768 1174 1840 πιστεύεται,
1255 1770 1330 1830 ὡς
1409 1765 1630 1828 ἕκαστος
1701 1761 1892 1839 ἔτυχεν
1955 1763 2014 1818 ἐκ

2193 1407 2386 1463 XXIV.
2420 1409 2526 1463 Sed
2571 1409 2720 1464 inter
2750 1408 2949 1465 omnia
3006 1409 3194 1482 ipsius
3255 1417 3600 1468 ornamenta
3630 1414 3786 1469 nihil

2124 1513 2286 1567 usque
2317 1496 2654 1568 pulchrum,
2697 1499 2867 1569 eique
2920 1499 3245 1570 proprium,
3296 1517 3363 1555 ac
3413 1501 3781 1557 multitudini

2123 1586 2300 1642 etiam
2333 1588 2637 1656 cognitum
2670 1592 2815 1654 erat,
2849 1593 2913 1642 ut
2943 1588 3313 1660 simplicitas,
3347 1593 3405 1644 et
3436 1607 3628 1646 mores
3659 1591 3780 1646 doli

2124 1679 2410 1746 expertes,
2446 1681 2622 1747 atque
2651 1675 3001 1746 injuriarum
3052 1677 3288 1734 oblivio.
3345 1679 3574 1734 Etenim
3623 1680 3778 1736 alius

2125 1763 2365 1834 quidem
2398 1766 2776 1834 antiquorum
2789 1766 3292 1822 autrecentiorum
3306 1767 3616 1824 hominum
3639 1785 3772 1840 pro-

355 1862 489 1913 Θεοῦ
537 1858 764 1933 χάριτός
806 1879 951 1919 τινος
1001 1859 1330 1930 ἠξιωμένος.
1368 1851 1512 1926 Ἰὼϐ,
1544 1855 1608 1909 τὸ
1657 1852 1709 1908 ἐν
1759 1858 1876 1914 τοῖς
1908 1854 2013 1906 πά-

2128 1854 2254 1924 pria
2285 1854 2539 1924 quadam
2563 1854 2771 1909 virtute
2799 1855 3112 1910 emicuisse
3135 1857 3413 1922 creditur,
3445 1875 3549 1930 pro
3581 1875 3648 1913 ea
3665 1858 3777 1913 sci-

355 1947 472 2000 θυσι
504 1949 822 2023 καρτερικὸν
855 1948 942 2001 καὶ
975 1946 1256 2002 ἀνάλωτον
1285 1965 1298 1977 ·
1332 1947 1540 2014 Μωσῆς
1577 1944 1668 1997 xui
1720 1937 1910 2007 Δαῦἶδ,
1960 1942 2020 1994 τὸ

353 2041 548 2107 πρᾶον’
600 2034 866 2107 Σαμουὴλ
915 2036 978 2090 τὸ
1027 2035 1397 2111 χρηματίσαι,
1455 2031 1674 2108 βλέπων
1714 2032 1782 2084 τὰ
1813 2029 2019 2104 ἔμπρο-

355 2125 471 2178 σθεν
499 2143 510 2154 ·
548 2125 736 2185 Φινεὲς
766 2127 855 2178 τὸν
893 2122 1084 2193 ζῆλον,
1116 2124 1205 2200 ἀφ’
1245 2121 1307 2177 οῦ
1355 2122 1444 2177 καὶ
1500 2120 1859 2194 ὀνομάζεται·
1920 2121 2021 2172 1Ιὲ-

353 2235 483 2288 τρος
515 2215 604 2268 καὶ
657 2212 875 2275 Παῦλος
909 2217 1042 2284 (92),
1074 2215 1135 2267 τὸ
1178 2212 1427 2267 σύντονόν
1474 2216 1571 2265 τοῦ
1630 2209 2016 2284 κηρύγματος·

357 2303 410 2356 οἱ
438 2307 536 2357 τοῦ
567 2297 854 2358 Ζεϐεδαίου
883 2303 945 2356 τὸ
981 2301 1402 2380 μεγαλόφωνον,
1435 2299 1465 2354 ὅ
1498 2302 1612 2372 (93)
1640 2298 1730 2353 καὶ
1786 2300 2018 2372 βροντῆς

358 2390 511 2452 υἱοὺς
572 2390 766 2452 αὑτοὺς
844 2390 1316 2465 προσηγόρευσεν
1387 2388 1477 2443 καὶ
1536 2387 1588 2442 τί
1657 2387 1715 2440 ἂν
1767 2388 2018 2461 καταριθ-

365 2476 530 2549 μοίην
564 2479 676 2550 (94)
708 2477 980 2546 ἂπαντας;
1010 2477 1059 2531 ἐν
1095 2479 1198 2553 γὰρ
1232 2476 1430 2532 εἱδόκιν
1462 2478 1489 2531 ὁ
1521 2475 1709 2550 λόγος.
1745 2474 2016 2551 Στεφάνου

363 2563 422 2621 δὲ
469 2568 580 2639 (95)
640 2566 728 2620 καὶ
779 2571 874 2620 τοῦ
922 2565 1057 2639 ἐμοῦ
1106 2567 1332 2642 πατρὸς,
1384 2565 1536 2622 οὐδὲν
1585 2564 1778 2635 οὕτως⁹
1830 2564 1904 2626 ὡς
1955 2564 2017 2618 τὸ

362 2655 635 2731 ἆπόνηρον
684 2657 990 2731 γνώρισμα,
1041 2661 1093 2709 '0
1156 2657 1249 2729 μὲν
1331 2656 1434 2731 γὰρ
1510 2653 1636 2710 οὐδὲ
1693 2652 2018 2708 κινδυνεύων

361 2743 536 2817 ἆμίσει
573 2743 700 2806 τοὺς
763 2745 1093 2821 βάλλοντας,
1134 2745 1261 2800 ἀλλ’
1291 2743 1568 2814 ἐλιθάζετο
1627 2744 1739 2816 μὲν,
1798 2742 1928 2817 ὑπὲρ
1962 2739 2018 2796 δὲ

356 2839 465 2888 τῶν
498 2833 829 2902 λιθαζόντων
883 2831 1112 2909 ηὔχετο,
1163 2835 1236 2896 ὡς
1287 2837 1522 2907 Χριστοῦ
1579 2834 1850 2906 μαθητὴς,
1884 2832 2014 2906 ὑπὲρ

362 2919 429 2974 οῦ
459 2923 549 2976 καὶ
578 2922 640 2976 τὸ
672 2924 902 2996 πάσχειν
934 2926 999 2991 ἦν
1034 2923 1200 2994 αὐτῷ,
1240 2928 1424 2994 μεῖζον
1456 2927 1554 2976 τοῦ
1605 2922 1834 2975 θανάτου
1883 2940 2014 2993 καρ-

361 3016 623 3088 ποφορῶν
681 3016 760 3083 τῷ
816 3016 952 3083 Θεῷ,
1011 3013 1109 3080 τήν
1175 3012 1590 3088 μακροθυμίανο
1641 3015 1720 3082 τῷ
1747 3007 1803 3065 δὲ
1861 3008 2011 3064 οὐδὲν

361 3104 522 3173 μέσον
551 3103 616 3168 ἦν
669 3107 770 3170 τῆς
831 3099 1176 3171 ἆπιπλήξεως
1235 3101 1325 3155 καὶ
1372 3107 1472 3170 τῆς
1523 3100 1783 3178 ἀφέσεειρις,
1820 3101 1894 3161 ὡς
1931 3122 2015 3172 μι-

2129 1941 2267 1997 licet
2297 1945 2504 2013 gratia,
2537 1960 2714 2014 quam
2746 1944 2900 1998 346
2932 1944 3184 2015 quisque
3215 1961 3248 2000 a
3278 1946 3395 2001 Deo
3425 1952 3778 2003 consecutus

2131 2037 2238 2086 est.
2287 2033 2542 2088 Emicuit
2583 2033 2693 2088 Job
2741 2050 2955 2106 magna
3000 2034 3326 2105 invictaque
3368 2035 3425 2090 in
3471 2036 3646 2092 malis
3675 2055 3778 2108 pa-

2129 2120 2333 2174 tientia
2364 2121 2658 2192 “,Moyses
2688 2129 2747 2177 et
2775 2123 2955 2178 David
2987 2125 3443 2181 mansuetudine
3472 2127 3777 2196 53,Samuel

2127 2209 2439 2279 vaticiniis,
2494 2212 2647 2283 quod
2709 2212 2907 2266 futura
2952 2214 3374 2283 praenuntiaret
3415 2216 3477 2279 6‘,
3530 2216 3778 2273 Phinees

2127 2297 2248 2353 zelo
2279 2299 2345 2365 ⁵⁵,
2375 2316 2490 2370 quo
2523 2316 2796 2371 magnam
2830 2300 2942 2353 sibi
2968 2301 3186 2356 famam
3212 2305 3452 2373 peperit,
3484 2304 3692 2360 Petrus
3721 2311 3779 2361 et

2127 2387 2347 2442 Paulus
2407 2388 2587 2443 animi
2647 2388 3015 2444 contentione
3065 2390 3125 2444 in
3206 2391 3512 2464 Evangelio
3564 2396 3778 2465 pradi-

2129 2478 2313 2532 cando
2343 2478 2405 2547 δε,
2441 2477 2542 2532 lilii
2573 2478 2829 2532 Zebedmi
2860 2479 3395 2552 grandiloquentia,
3415 2484 3568 2537 unde
3598 2484 3775 2538 etfilii

2127 2569 2372 2622 tonitrui
2413 2568 2691 2640 appellati
2739 2574 2880 2624 sunt
2908 2572 2985 2632 57;
3019 2575 3075 2625 et
3104 2571 3243 2642 quid
3286 2588 3490 2627 omnes
3534 2589 3776 2628 enume-

2128 2674 2249 2712 rem
2272 2658 2299 2712 ?
2329 2660 2451 2712 Aud
2477 2675 2576 2713 eos
2619 2659 2799 2723 enim,
2841 2659 2940 2730 qui
2998 2659 3117 2714 haec
3149 2665 3384 2728 norunt,
3446 2661 3771 2718 orationem

2126 2745 2331 2801 habeo.
2365 2754 2442 2801 At
2473 2747 2835 2818 Stephanum
2875 2753 2932 2802 et
2963 2754 3186 2819 patrem
3221 2766 3417 2805 meum
3469 2751 3633 2806 nulla
3679 2769 3774 2808 res

2129 2835 2366 2905 perinde
2397 2836 2621 2891 nobiles
2651 2841 2707 2890 et
2737 2836 2998 2908 insignes
3027 2838 3313 2908 reddit,ae
3345 2855 3571 2894 morum
3591 2841 3778 2911 placi-

2126 2924 2277 2980 ditas
2309 2930 2365 2980 et
2396 2925 2748 2980 innocentia.
2785 2926 2886 2980 ille
2934 2927 3172 2998 quippe,
3205 2945 3310 2983 nec
3339 2928 3399 2982 in
3448 2929 3776 2999 periculum

2124 3014 2364 3084 quidem
2395 3013 2522 3068 vitae
2553 3015 2864 3082 adductus,
2897 3032 3017 3082 eos,
3051 3033 3086 3070 a
3115 3017 3332 3087 quibus
3362 3017 3774 3090 impetebatur,

2125 3104 2345 3168 oderat,
2377 3120 2578 3156 verum
2623 3121 2756 3157 cum
2791 3103 3171 3175 lapidaretur,
3223 3121 3327 3176 pro
3377 3104 3777 3177 lapidantibus

355 3194 494 3263 κροῦ
525 3189 615 3243 καὶ
645 3188 969 3245 κλέπτεσθαι
999 3190 1062 3245 τὸ
1093 3191 1300 3245 λυποῦν
1335 3195 1412 3263 τῷ
1459 3188 1619 3266 τάχει
1649 3198 1750 3260 τῆς
1797 3210 2016 3265 συγχω-

2128 3194 2329 3247 orabat
2356 3193 2420 3261 59,
2456 3198 2519 3246 ut
2548 3191 2764 3247 Christi
2796 3193 3146 3265 discipulus,
3169 3211 3271 3265 pro
3295 3211 3411 3266 quo
3442 3194 3619 3250 etiam
3649 3213 3776 3251 cru-

357 3281 589 3354 ρήσεως.

2125 3281 2348 3336 ciatum
2397 3282 2730 3349 suﬂ'erebat,
2783 3285 2974 3354 majus
3022 3283 3242 3354 aliquid
3311 3289 3497 3340 morte
3546 3284 3775 3342 Christo

356 3372 628 3441 offerens,
665 3389 877 3444 nempe
908 3372 1451 3446 longanimitatem;
1487 3373 1580 3429 hic
1610 3377 1804 3430 autem
1829 3372 2055 3427 nullum
2078 3373 2361 3444 temporis
2393 3379 2758 3428 momentum
2791 3374 2942 3429 inter
2972 3374 3439 3446 obiurgationem
3464 3380 3520 3430 et
3541 3376 3772 3433 veniam

355 3459 538 3516 ﬂuere
569 3461 934 3532 patiebatur;
971 3464 1113 3517 adeo
1147 3467 1210 3517 ut
1240 3463 1577 3535 ignoscendi
1612 3462 1905 3517 celeritate
1937 3477 2149 3516 mceror
2177 3478 2411 3532 quoque
2440 3463 2566 3532 ipse
2595 3479 2743 3533 pene
2774 3463 3197 3533 subriperetur.

426 3549 544 3602 KE'.
575 3551 708 3600 Θεοῦ
748 3548 841 3619 μὲν
894 3548 1060 3622 ὀργῆς
1121 3549 1343 3622 τρυγίαν
1375 3550 1496 3603 τινὰ
1542 3550 1631 3602 καὶ
1681 3547 2004 3619 πιστεύομεν

352 3634 442 3688 καὶ
475 3633 764 3706 ἅκούομεν,
813 3636 876 3688 τὸ
926 3633 1140 3707 λεῖμμα
1193 3639 1306 3708 (96)
1353 3643 1453 3705 τῆς
1501 3638 1637 3690 κατὰ
1684 3640 1790 3690 τῶν
1843 3637 2002 3705 ἀξίων

353 3726 640 3793 κινήσεως·
701 3721 888 3792 ἐπειδὴ
936 3722 1064 3784 Θεὸς
1117 3721 1446 3794 ὶκδικήσεων
1504 3724 1717 3799 Κύριος.
1781 3724 1843 3780 Ei
1901 3726 2004 3798 γὰρ

352 3813 442 3867 καὶ
492 3812 662 3868 κλίνει
714 3811 803 3867 διὰ
858 3812 1264 3891 φιλανθρωπίαν
1316 3812 1375 3867 ἐκ
1427 3817 1524 3867 τοῦ
1555 3813 1836 3884 ἀποτόμου
1867 3814 2002 3887 πρὸς

349 3906 413 3959 τὸ
461 3901 767 3976 ἐνδόσιμον,
826 3901 951 3959 ἀλλ’
1001 3902 1061 3957 οὐ
1108 3904 1280 3973 πάντη
1315 3909 1593 3979 συγχωρεῖ
1619 3909 1737 3966 τοῖς
1769 3905 2006 3980 ἁμαρτά-

349 4014 556 4058 νουσιν,
609 3993 701 4047 ’ἱνα
762 3994 836 4066 μὴ
895 3991 961 4066 τῇ
1004 3991 1344 4068 γρηστότητι
1401 3993 1587 4068 χείρος
1645 3993 2005 4069 γίνωνται.Ὁ

352 4079 411 4137 δὲ
442 4081 594 4137 οὐδεν
643 4083 926 4157 ὑπεκράτει
990 4085 1104 4156 (97)
1161 4086 1280 4144 τοῖς
1336 4082 1718 4153 παροξύνουσι,
1766 4082 2006 4157 καίτοιγε

355 4169 479 4226 οὐδὲ
533 4172 867 4226 παντάπασιν
926 4168 1165 4246 ἄτρωτος
1222 4174 1286 4240 ἦν
1348 4173 1527 4245 θυμῷ,
1576 4172 1671 4227 κάν
1703 4178 1818 4233 τοῖς
1847 4193 2004 4226 πνευ-

355 4266 602 4335 ματικοῖς
664 4259 901 4334 μάλιστα
950 4266 1029 4333 τῷ
1091 4264 1200 4334 (98)
1236 4259 1391 4334 ζήλῳ
1422 4263 1745 4335 νικώμενος·
1779 4264 1924 4331 πλὴν
1962 4259 2016 4316 εἷ’

347 4372 454 4406 που
511 4350 673 4426 τύχοι
718 4351 1220 4426 παρεσκευασμένος
1280 4351 1369 4405 καὶ
1419 4351 1786 4426 ὡπλισμένος,
1815 4353 1903 4408 καὶ
1933 4353 2007 4414 ὡς

350 4441 487 4512 πρὸς
533 4437 827 4493 ἀντίπαλον
877 4441 938 4494 τὸ
991 4439 1237 4508 λυπῆσον
1285 4440 1564 4517 πόρρωθεν
1591 4443 2008 4518 παρατεταγμέ-

350 4548 465 4588 νος.
499 4526 652 4581 Οὕτω
685 4524 741 4580 δὲ
771 4523 884 4580 οὐδ’
918 4525 977 4579 ἂν
1011 4527 1228 4600 μυριάσι
1267 4531 1615 4600 μετεκινήθη,
1648 4527 1806 4597 τὸ,δή
1843 4528 2009 4604 λεγό-

2186 3550 2350 3605 ΧΧν.
2381 3553 2459 3604 Ac
2492 3568 2597 3605 nos
2628 3552 2868 3621 quidem
2911 3553 3230 3622 quamdam
3281 3552 3378 3606 iraa
3427 3552 3633 3607 divinas
3665 3553 3768 3608 fee-

2116 3655 2240 3692 cem
2275 3641 2338 3703 59,
2372 3646 2430 3694 et
2459 3639 2776 3707 credimus,
2809 3645 2864 3693 et
2887 3641 3184 3707 audimus,
3210 3640 3319 3694 hoc
3362 3645 3471 3710 est,
3503 3657 3763 3698 commo-

2115 3727 2292 3783 tionis
2324 3728 2604 3782 adversus
2635 3745 2754 3791 eos,
2789 3727 2888 3799 qui
2927 3745 2994 3782 ea
3037 3729 3196 3797 digni
3228 3738 3387 3794 sunt,
3422 3731 3762 3799 residuum;

2115 3817 2594 3886 quandoquidem
2645 3821 2798 3870 Deus
2847 3817 3138 3872 ultionum
3187 3818 3473 3874 Dominus
3512 3820 3576 3873 7°.
3612 3819 3770 3874 Licet
3869 3870 3881 3884 ,

2115 3903 2270 3958 enim
2303 3922 2406 3976 pro
2440 3922 2548 3959 sua
2577 3905 2940 3976 benignitate
2966 3910 3141 3977 atque
3170 3906 3482 3964 clementia
3509 3926 3576 3963 ex
3609 3925 3768 3964 seve-

2116 3994 2285 4048 ritate
2317 3996 2385 4048 ad
2421 3992 2759 4048 facilitatem
2778 3998 2834 4048 et
2864 3993 3091 4048 veniam
3123 3994 3382 4060 inclinet,
3392 3997 3772 4067 peccantibus

2114 4087 2312 4138 tamen
2347 4099 2459 4137 non
2491 4083 2732 4137 omnino
2754 4082 3105 4154 ignoscit,ne
3135 4085 3498 4154 benignitate
3520 4086 3768 4140 deterio-

2117 4189 2209 4227 res
2242 4174 2403 4228 ﬁant.
2437 4179 2511 4226 At
2543 4177 2706 4243 pater
2735 4171 2806 4226 iis
2839 4190 2872 4226 a
2900 4172 3115 4243 quibus
3163 4175 3589 4245 concitabatur,
3623 4174 3770 4230 nihil

2118 4263 2571 4330 reservabat,vir
2602 4261 2814 4331 alioqui
2850 4264 2919 4316 ab
2953 4262 3267 4317 iracundia:
3289 4262 3630 4320 vulneribus
3651 4281 3768 4321 non

2118 4369 2358 4423 prorsus
2391 4352 2764 4419 immunis,ac
2795 4352 3115 4424 praesertim
3147 4352 3204 4406 in
3237 4352 3412 4409 rebus
3444 4355 3768 4425 spirituali-

2117 4443 2316 4508 bus,in
2348 4443 2560 4512 quibus
2585 4460 2616 4496 a
2644 4441 2764 4496 zelo
2795 4442 3172 4510 vincebatur;
3210 4441 3326 4498 nisi
3358 4445 3505 4500 forte
3525 4451 3769 4516 paratus

2117 4535 2176 4586 et
2200 4539 2465 4586 armatus
2495 4537 2671 4597 esset,
2722 4536 2900 4601 atque
2946 4532 3226 4586 adversus
3279 4532 3357 4599 id,
3403 4535 3560 4604 quod
3586 4535 3768 4591 mole-

357 4637 541 4689 μενον,
591 4615 680 4668 καὶ
718 4619 880 4668 τοῦτο
940 4612 1146 4668 ἐκείνου
1193 4613 1366 4689 γλυκὺ
1413 4618 1476 4670 τὸ
1525 4618 1714 4680 πάθος.
1782 4619 1844 4674 Ὁ
1915 4619 2010 4690 μὶν

2128 4619 2290 4673 stiam
2325 4619 2638 4672 allaturum
2671 4626 2816 4681 erat,
2832 4623 3116 4688 tanquam
3150 4621 3438 4676 adversus
3471 4622 3703 4679 hostem
3736 4643 3771 4680 a

353 4707 453 4782 γὰρ
485 4704 655 4777 θυμὸς
686 4705 746 4772 ἣν
779 4702 944 4774 αὐτῷ,
979 4701 1040 4756 ού
1069 4703 1204 4756 κατὰ
1234 4704 1332 4771 τήν
1380 4704 1647 4776 ὁμοίωσιν
1678 4710 1774 4758 τοῦ
1808 4701 2005 4782 ὄφεως,

354 4792 562 4850 ἔνδοθεν
595 4792 950 4870 ὑροσμύχων,
1003 4791 1092 4846 καὶ
1137 4792 1275 4865 πρὸς
1326 4791 1528 4864 ἄμυναν
1566 4793 1851 4868 εὐτρεπὴς,
1885 4791 2010 4847 οὐδὲ

354 4884 432 4946 εἷς
492 4884 659 4959 ὀργὴν
718 4883 928 4959 φθάνων
987 4881 1045 4936 ἐκ
1101 4885 1197 4935 τοῦ
1253 4882 1479 4956 πρώτου
1535 4884 1862 4955 κινήματος,
1918 4883 2008 4936 καὶ

352 4971 677 5035 ἀντιδόσεως
739 4969 939 5050 ἔφεσιν,
1000 4969 1145 5025 ἀλλᾶ
1209 4973 1344 5024 κατά
1391 4971 1453 5024 τὸ
1509 4970 1726 5048 κέντρον
1759 4980 1858 5040 τῆς
1914 4993 2006 5044 με-

2118 4707 2439 4776 longinquo
2474 4708 2800 4759 instructus
2830 4710 2888 4759 et
2933 4707 3261 4776 expeditus.
3295 4708 3391 4763 Sic
3443 4712 3601 4766 enim
3635 4728 3708 4768 ne
3737 4731 3773 4768 a

2120 4794 2482 4865 myriadibus
2517 4793 2778 4864 quidem,
2829 4798 2890 4847 ut
2920 4795 3034 4848 dici
3065 4794 3232 4864 solet,
3270 4803 3504 4853 emotus
3536 4801 3769 4871 fuisset,

2120 4884 2262 4954 quin
2293 4883 2493 4937 suavis
2525 4899 2759 4953 quoque
2792 4883 2887 4937 hic
2919 4882 3078 4938 illius
3126 4884 3309 4938 animi
3367 4891 3565 4942 motus
3622 4895 3768 4945 erat.

2121 4973 2303 5028 F'uror
2332 4972 2487 5027 enim
2523 4973 2633 5044 ipsi
2663 4989 2777 5028 non
2811 4974 3136 5028 secundum
3169 4973 3618 5036 similitudinem
3647 4995 3768 5035 ser-

422 5093 468 5127 ⁶²
492 5092 622 5148 Job.
673 5109 711 5160 1,
761 5091 851 5165 21.
924 5089 973 5165 {3
1012 5089 1190 5165 Num.
1252 5107 1354 5165 xu,
1413 5091 1489 5165 3A,
1528 5090 1692 5165 _Psal.
1753 5093 2019 5156 cxxx1,1.
2064 5091 2144 5165 f‘
2192 5089 2213 5144 Ι
2255 5090 2402 5165 Reg.
2454 5107 2538 5165 1x,
2579 5091 2633 5142 9.
2711 5090 2757 5123 6⁵
2786 5089 2958 5144 Num.
2991 5105 3160 5155 xxxv,
3190 5091 3244 5144 7.
3321 5091 3366 5125 ⁵⁸
3395 5091 3583 5148 Galat.
3615 5111 3679 5165 ιι,
3712 5096 3768 5152 7.

350 5165 394 5200 ⁸⁷
429 5165 603 5220 Marc.
641 5179 721 5233 In,
755 5162 842 5216 17.
919 5161 963 5197 ⁸⁸
992 5163 1116 5216 Act.
1150 5178 1251 5229 vn,
1282 5162 1372 5216 59.
1449 5162 1494 5197 ⁶⁹
1526 5162 1678 5218 Psal.
1713 5180 1897 5227 Lxxw,
1931 5165 1985 5218 9.
2063 5163 2107 5197 7°
2136 5161 2292 5217 Psal.
2323 5177 2485 5230 xum,
2522 5163 2568 5216 1.

425 5300 538 5372 (89)
567 5297 917 5372 ξορώμενον.Δ
934 5294 1028 5351 Sic
1059 5295 1262 5368 Regg.,
1297 5312 1329 5351 a
1373 5295 1496 5366 bm,
1545 5297 1662 5353 duo
1714 5296 1910 5365 Coisl.,
1945 5303 2003 5353 et

356 5367 452 5428 Or'.
487 5367 536 5424 ei
572 5367 639 5426 In.
666 5367 781 5441 ed.,
817 5367 1088 5441 opu'imvu.

432 5442 542 5512 (90)
573 5439 777 5512 Ἐντός.
811 5436 908 5495 ΟΤ.
940 5436 995 5512 ξΙ,
1027 5440 1094 5492 τὰ
1125 5436 1300 5500 ἐντός.

431 5506 545 5582 (91)
578 5509 909 5582 Ἰδιώτατον,
932 5511 1056 5582 Duo
1087 5511 1268 5582 Colb.,
1305 5506 1616 5577 ἷδιαίτατον,

431 5513 517 5581 (91
578 5513 909 5581 Ἰδιώτατον,
932 5513 1056 5567 Duo
1087 5513 1268 5582 Colb.,
1305 5513 1572 5564 ἰδιαίτατα

413 5513 585 5710 ἕτεΞέ
615 5578 832 5642 Παῦλος
881 5581 971 5635 καὶ
1051 5582 1275 5656 [Ιὲτρος.
1335 5581 1431 5638 Or.
1522 5585 1572 5650 1⁹

363 5660 585 5715 Πέτρος.

439 5722 551 5803 (93)
581 5727 666 5782 "o.
699 5725 798 5781 Or.
833 5724 884 5797 1,
918 5722 984 5797 ᾧ.

1652 5579 1867 5644 Παῦλος
1923 5580 2013 5637 xu‘i

2184 5297 2295 5369 (94)
2330 5294 2757 5370 Καταριθμοίην.
2793 5297 2974 5370 Οῐδζ1,
3007 5295 3474 5370 καταριθμοίμην.

2336 5364 2606 5448 Exegi/oo
2638 5364 2713 5448 ᾃέ.
2749 5371 2858 5436 etc,
2892 5368 2954 5422 In
3014 5364 3356 5438 nonnullis;
3405 5364 3672 5448 Στέφανον
3717 5371 3775 5430 δὶ

2119 5437 2208 5494 καὶ
2238 5437 2326 5494 τὸν
2363 5437 2492 5511 ἐμὸν
2522 5439 2743 5511 πατέρα.

2124 5515 2305 5638 ληωὸ)
2337 5516 2575 5583 Λεῖμμα.
2613 5513 2750 5579 Reg.
2785 5528 2837 5579 a,
2873 5512 3129 5568 secunda
3153 5514 3474 5583 manu,sed
3506 5515 3772 5588 antiqua,

2161 5605 2344 5638 ημμα.

2161 5605 2344 5638 ημιια.

2184 5605 2663 5731 ὶῶῗῗῖΥπεκράτει.
2679 5654 2840 5731 Reg,
2871 5671 2922 5710 a.
2941 5651 3249 5731 ᾖπεκράτᾳ.

2194 5727 2308 5800 (98)
2336 5730 2441 5796 Τῷ.
2479 5727 2642 5782 Deest
2674 5727 2734 5782 in
2766 5727 2906 5800 Reg.
2941 5727 3060 5796 bm,
3082 5727 3152 5786 'et
3176 5729 3271 5786 Or.
3306 5729 3356 5783 1.
