4090 6406
364 404 520 467 1017

1252 400 1542 463 ORATIO
1584 396 1803 464 XVIII.
1837 431 1915 444 —
1944 397 2337 462 FUNEBItIS
2381 399 2461 459 IN
2507 398 2859 461 PATREM.

3624 390 3785 460 1018

364 535 455 589 καὶ
481 534 543 589 τὸ
576 533 896 609 σύγγνωμον
928 530 1200 593 πολλάκις
1236 532 1371 606 μέγα
1416 532 1552 605 πρὸς
1600 529 1895 605 σωτηρίαν,
1927 529 2015 583 αἲ-

2136 547 2233 585 sus
2257 532 2463 595 fuerat,
2485 548 2557 586 ne
2583 547 2712 587 sera
2735 531 2971 603 quidem
2997 546 3062 585 ac
3083 530 3450 603 pedissequa,
3474 534 3541 585 ut
3562 530 3785 602 poetico

367 621 455 677 δοῖ
485 629 768 696 κατεῖργον
808 624 899 676 τὸν
948 619 1299 690 ἀδικήσαντα,
1343 620 1430 674 καὶ
1487 622 1711 695 μετάγον
1763 619 1838 679 είς
1886 617 2017 696 φίλ-

366 733 496 783 τρον
544 712 601 766 ἐκ
652 708 823 788 φόϐου
867 713 967 777 τήν
1016 709 1413 786 ἀσφαλεστέραν
1462 706 1690 765 εύνοιαν.
1745 705 2021 761 Ἐπαιδεύ-

367 812 534 869 θησαν
571 799 647 865 δὲ,
683 802 733 854 οἱ
787 801 880 871 μὲν
935 800 1037 853 ὑπὸ
1091 799 1232 872 βοῶν
1285 798 1660 875 ἀναῤῥιφέντες
1706 800 1773 869 τῇ
1820 795 2018 869 ζεύγλῃ

362 889 797 963 τετρυχωμένων
835 935 846 957 ,
902 889 993 941 καὶ
1052 888 1469 956 ἀπαντησάντων
1547 887 1755 961 ἀθρόως
1790 933 1803 955 ,
1864 883 2017 939 οὔπω

364 976 523 1031 τοῦτο
574 976 836 1052 πρότερον
888 978 1259 1039 πεπονθότων·
1296 978 1347 1030 οἱ
1403 975 1677 1047 δξῖπποις
1725 971 2015 1052 σφενδονη-

369 1068 545 1129 θέντες
578 1113 591 1134 ,
643 1067 731 1119 καὶ
783 1066 1221 1137 σ)μπατηθέντες
1258 1111 1271 1135 ,
1320 1071 1426 1120 τῶν
1489 1066 1908 1127 εύπειθεστάτων
1960 1085 2018 1117 τε

364 1156 455 1208 καὶ
495 1156 868 1229 ἡμερωτάτων
904 1174 917 1186 ⁸
972 1157 1021 1209 οἱ
1074 1153 1130 1209 δὲ
1175 1161 1427 1230 πυρετοῖς
1478 1156 1729 1230 ἀσχέτοις
1774 1152 2017 1221 καταλη-

364 1243 605 1319 φθέντες,
658 1245 744 1297 καὶ
799 1244 1116 1321 φαντασίαις
1164 1245 1235 1296 ὧν
1287 1241 1710 1316 τετολμήκασιν·
1745 1240 2017 1296 018w)-

364 1329 453 1385 λοι
488 1334 622 1405 (10)·
658 1330 797 1386 ἄλλο
826 1354 880 1386 τι
911 1330 1444 1407 παιδαγωγηθέντες,
1486 1333 1576 1387 καὶ
1633 1332 1889 1405 μαθόντες
1916 1332 2013 1398 τήν

365 1419 609 1487 ὑπακοὴν
643 1420 692 1492 ἐξ
727 1419 799 1474 ὧν
830 1418 1058 1483 ἔπαθον.

2127 620 2303 674 verbo
2335 624 2484 685 utar,
2518 622 2604 674 vis
2636 621 2737 674 illa
2763 620 3045 675 scelerum
3083 619 3254 674 ultrix
3288 621 3567 688 occurrit;
3602 621 3700 675 sed
3726 621 3783 675 in

2126 707 2255 778 ipso
2286 709 2386 762 irae
2415 709 2660 763 articulo
2685 710 2945 780 percussi
2972 715 3130 775 sunt,
3149 710 3539 781 resipuerunt,
3557 710 3625 763 ad
3652 725 3785 764 eum

2130 804 2523 863 accesserunt,
2557 799 2626 851 ad
2661 814 2853 869 genua
2888 798 3282 870 prociderunt,
3316 797 3542 852 veniam
3602 796 3787 866 impe-

2127 890 2377 951 trarunt,
2432 887 2676 957 pulchre
2706 887 2841 940 victi
2876 887 3295 953 discesserunt,
3330 890 3525 955 atque,
3555 888 3680 938 tum
3714 884 3785 939 ob

2128 975 2590 1045 castigationem,
2618 981 2742 1030 tum
2776 976 2849 1031 ob
2879 977 3133 1039 veniam,
3162 974 3433 1029 meliores
3468 974 3601 1028 facti
3626 977 3784 1027 sunt.

2129 1065 2280 1119 348
2315 1065 2798 1135 Quandoquidem
2835 1065 3009 1119 etiam
3043 1080 3299 1136 persaepe
3330 1064 3527 1134 magni
3563 1063 3633 1117 ad
3694 1078 3789 1117 sa-

2126 1152 2309 1208 lutem
2370 1154 2652 1209 momenti
2712 1159 2800 1207 est
2834 1170 3118 1207 noxarum
3151 1154 3522 1219 condonatio,
3556 1157 3622 1206 ut
3655 1167 3785 1224 quae

2126 1259 2282 1311 eum,
2317 1244 2415 1314 qui
2449 1244 2726 1313 injuriam
2760 1243 2985 1310 intulit,
3018 1244 3240 1315 pudore
3273 1246 3553 1310 coerceat,
3617 1248 3790 1311 atque

2127 1349 2160 1387 a
2219 1338 2377 1387 metu
2440 1333 2509 1387 ad
2557 1348 2838 1397 amorem,
2874 1333 2980 1387 hoc
3014 1340 3099 1387 est
3129 1332 3404 1386 tutiorem
3440 1329 3787 1385 benevolen-

2126 1421 2291 1487 tiam,
2326 1423 2615 1476 traducat.
2651 1421 2926 1493 Uastigati
2961 1437 3131 1493 porro
3171 1425 3331 1489 sunt,
3389 1419 3485 1473 alii
3546 1434 3781 1475 sursum

352 1496 560 1566 laetati
597 1526 630 1564 a
659 1510 846 1565 bobus
887 1511 1033 1581 jugo
1066 1512 1288 1565 vexatis
1319 1514 1373 1564 et
1406 1510 1662 1575 afflictis,
1696 1525 1762 1565 ac
1794 1514 2033 1581 repente
2064 1509 2528 1581 incursantibus,
2562 1526 2695 1564 cum
2730 1526 3033 1581 nunquam
3084 1509 3248 1580 prius
3299 1508 3407 1564 hoc
3460 1507 3606 1579 ipsis
3636 1507 3785 1561 acci-

362 1598 574 1665 disset;
609 1597 703 1652 alii
746 1601 817 1654 ab
867 1600 1058 1671 equis,
1091 1600 1269 1655 etiam
1320 1599 1823 1654 mansuetissimis
1870 1604 1926 1653 et
1978 1598 2554 1669 obsequentissimis,
2588 1599 2817 1654 excussi
2850 1602 2906 1654 et
2936 1598 3199 1670 protriti;
3252 1597 3349 1653 alii
3400 1595 3785 1651 intolerandis

361 1684 623 1741 febribus
656 1688 924 1758 correpti,
960 1694 1137 1759 atque
1167 1689 1396 1757 objecta
1430 1689 1753 1742 facinorum
1787 1703 2031 1743 suorum
2064 1688 2255 1759 specie
2287 1688 2648 1759 perturbati;
2693 1688 2789 1743 alii
2840 1688 2969 1743 aliis
3016 1689 3209 1743 modis
3239 1687 3474 1752 eruditi,
3504 1690 3683 1756 atque
3715 1701 3784 1740 ex

359 1772 475 1842 his,
511 1793 635 1841 «iure
670 1778 929 1847 perpessi
965 1779 1216 1841 fuerant,
1250 1777 1644 1832 obedientiam
1676 1776 1888 1832 edocti.

436 1864 554 1919 KE'.
590 1865 708 1938 Ἀρ’
740 1864 830 1917 οὗν
879 1866 941 1919 τὸ
990 1866 1083 1937 μὶν
1135 1864 1369 1926 έπιεικές
1419 1869 1680 1919 τοσοῦτον
1734 1864 1880 1935 αὖτῷ
1926 1862 2014 1918 καί

2195 1867 2410 1922 XXVII.
2445 1868 2554 1922 Sed
2590 1868 2766 1923 fuerit
2796 1884 2936 1923 sane
2962 1872 3127 1922 tanta
3157 1870 3375 1938 tanque
3406 1863 3621 1919 illustri
3663 1880 3791 1918 mo.

359 1950 503 2004 οὕτω
535 1953 835 2026 γνώριμον·
883 1952 1153 2015 ἐντελείας
1198 1957 1307 2025 (11)
1358 1951 1414 2007 δὲ
1462 1954 1551 2007 καὶ
1601 1960 1703 2021 τῆς
1734 1956 1845 2025 (12)
1891 1952 2015 2025 περὶ

359 2038 421 2091 τὸ
453 2041 715 2110 πρακτέον
768 2042 962 2116 ἀρετῆς
1007 2050 1247 2117 παρῆκεν
1301 2041 1468 2116 ἑτέρῳ
1513 2041 1577 2095 τὸ
1620 2040 1789 2095 πλέον
1821 2039 1967 2115 ἔχειν
2002 2061 2016 2110 ;

359 2127 433 2181 Οὐ
470 2130 564 2199 μὲν
596 2133 711 2183 οὸν·
748 2130 875 2185 ἀλλ’
913 2134 978 2199 ἦν
1013 2133 1041 2185 ὁ
1073 2132 1234 2193 αὐτὸς
1278 2131 1488 2205 ἥμερος
1544 2132 1657 2203 μὶν,
1707 2132 1751 2185 εἰ
1800 2131 1889 2185 καί
1936 2151 2019 2191 τις

359 2213 551 2281 ἄλλος,
596 2216 811 2293 ἐνεργὸς
860 2216 918 2273 δὲ
965 2219 1100 2275 κατὰ
1142 2220 1204 2274 τὸ
1252 2219 1482 2295 ἥμερον.
1519 2220 1622 2274 Δύο
1664 2220 1764 2295 γὰρ
1813 2220 2019 2274 τούτων

354 2304 428 2365 ὡς
469 2306 535 2359 τὰ
568 2304 758 2361 πολλὰ
811 2308 1143 2383 μαχομένων
1186 2306 1463 2378 ἀλλήλοις
1509 2310 1598 2363 καὶ
1648 2309 2020 2362 ἀντικαθιστα-

365 2394 565 2464 μένων,
618 2395 930 2465 ἁπλότητος
978 2398 1067 2451 καὶ
1116 2398 1490 2472 τραχύτητος,
1536 2398 1625 2452 καὶ
1675 2400 1773 2464 τῆς
1831 2398 1923 2469 μὶν
1958 2396 2021 2450 τὸ

368 2481 577 2556 ἥμερον
612 2482 851 2559 ἐχούσης
883 2488 1018 2558 μετὰ
1063 2491 1159 2541 τοῦ
1208 2487 1506 2562 ἀπράκτου,
1538 2494 1637 2555 τῆς
1690 2485 1747 2541 δὲ
1776 2488 1838 2541 τὸ
1882 2506 2021 2561 πρα-

372 2574 554 2625 κτικὸν
591 2570 720 2649 δίχα
748 2579 845 2628 τοῦ
877 2575 1288 2652 φιλανθρώπου,
1322 2576 1509 2647 ἐκείνῳ
1540 2575 1772 2644 συνῆλθε
1822 2578 2025 2648 θαυμα-

372 2660 503 2723 σίως
536 2663 836 2739 ἀμφότερα·
873 2667 1122 2740 πράττειν
1161 2666 1278 2738 μὲν,
1328 2667 1403 2727 ὡς
1453 2666 1709 2742 αὐστηρῷ
1762 2667 1896 2738 μετὰ
1923 2673 2021 2734 τῆς

371 2751 742 2821 ἡμερότητος·
780 2753 1021 2831 ὑφίεσθαι
1074 2752 1153 2820 δὲ,
1206 2755 1282 2816 ὼς
1332 2756 1591 2829 ἀπράκτῳ
1648 2757 1781 2827 μετᾶ
1817 2761 1916 2823 τῆς
1948 2754 2025 2809 έν-

368 2840 604 2912 τεΛείας,
654 2841 705 2895 ἐν
752 2844 1133 2917 προστασίαις,
1178 2843 1228 2898 ἐν
1282 2844 1630 2919 παῤῥησίαις,
1663 2844 1713 2898 έν
1757 2842 1857 2898 εἷ’δι
1889 2865 2023 2898 παν-

366 2932 420 2982 τι
455 2925 852 3005 κυϐερνήσεως.
887 2933 956 2985 Τὸ
986 2933 1089 3006 γὰρ
1119 2937 1216 2986 τοῦ
1264 2928 1438 3008 ὄφεως
1484 2929 1748 3011 φρόνιμον
1798 2933 1920 3010 περὶ
1960 2934 2024 2988 τὸ

369 3019 531 3071 κακὸν
594 3024 670 3089 τῷ
716 3027 818 3087 τῆς
889 3028 1206 3096 περιστερᾶς
1266 3022 1504 3097 ἀκεραίῳ
1562 3022 1682 3099 περῖ
1743 3024 1801 3076 τὸ
1856 3021 2026 3077 καλὸν

368 3106 650 3179 ἀναμίξας,
707 3106 828 3163 οὕτε
872 3110 935 3165 τὸ
995 3111 1260 3187 φρόνιμον
1320 3110 1465 3165 εἷάσε
1513 3116 1813 3186 κακοῦργον
1868 3112 2023 3185 γενέ·

365 3197 507 3262 σθαι,
540 3194 663 3251 οὕτε
691 3199 752 3251 τὸ
806 3198 1011 3254 άπλοῦν
1040 3200 1310 3269 )ἀνόητον“
1346 3199 1472 3255 ἀλλ’
1512 3201 1567 3255 ἓν
1602 3202 1798 3275 ἀρετῆς
1848 3200 2016 3269 εἶδος,

367 3284 442 3346 ὡς
496 3286 732 3357 μάλιστα
782 3287 923 3354 ἐνῆν,
961 3289 1009 3361 ἐξ
1051 3290 1373 3367 ἀμφοτέρων
1424 3286 1874 3363 ἀπηκριϐώσατο.
1922 3294 2023 3346 Τὸν

368 3369 434 3441 δὴ
484 3381 728 3431 τοιοῦτον
793 3378 887 3449 μὲν
935 3380 1219 3454 γεγονότα,
1275 3380 1418 3435 οὕτω
1462 3378 1519 3434 δὲ
1566 3388 1667 3449 τῆς
1720 3382 2020 3456 ἱερωσύνης

367 3466 698 3535 προστάντα,
746 3467 1004 3536 τοιαύτης
1038 3466 1095 3522 δὲ
1137 3470 1282 3543 παρά
1330 3475 1457 3523 πᾶσι
1513 3468 1675 3539 δόξης
1723 3470 2023 3544 τετυχηκό-

367 3571 452 3617 τα,
483 3551 535 3605 τί
567 3554 870 3623 θαυμαστὸν
904 3554 992 3608 καὶ
1026 3557 1269 3625 σημείων
1316 3557 1633 3625 ἀξιωθῆναι,
1670 3559 1755 3618 οἷς
1808 3554 2022 3632 βεϐαιοῖ

369 3639 497 3699 Θεὸς
525 3641 621 3706 τήν
653 3636 923 3695 εὐσέϐειαν
956 3660 969 3710 ;

2128 1972 2259 2011 rum
2310 1956 2624 2023 facilitate;
2670 1958 2961 2012 industria
2990 1972 3145 2025 vero,
3178 1971 3361 2027 eaque
3390 1954 3624 2020 virtute,
3657 1969 3785 2024 quae

2128 2045 2187 2099 in
2212 2046 2387 2101 rebus
2418 2047 2691 2115 gerendis
2721 2051 3155 2115 versatur,num
3190 2043 3467 2115 cuiquam
3496 2041 3593 2097 alii
3626 2042 3793 2097 cede-

2128 2134 2256 2189 bat?
2278 2134 2537 2188 Minime.
2560 2137 2773 2188 Verum
2808 2134 2964 2189 idem
2999 2135 3122 2203 ipse
3143 2138 3199 2188 et
3217 2132 3367 2188 lenis
3399 2148 3463 2187 ac
3496 2130 3785 2202 placidus,

2130 2227 2195 2277 ut
2224 2224 2271 2277 si
2305 2223 2437 2294 quis
2470 2222 2644 2286 alius,
2677 2228 2819 2290 erat,
2854 2229 2907 2277 et
2940 2223 3010 2277 ad
3047 2222 3339 2293 agendum
3372 2235 3640 2292 peraeque
3680 2234 3786 2289 ap-

2129 2316 2226 2366 tus
2285 2318 2341 2367 et
2397 2312 2718 2383 appositus.
2772 2312 3049 2377 Quamvis
3081 2310 3236 2365 enim
3269 2311 3356 2364 his
3390 2312 3517 2364 duae
3550 2325 3642 2365 res
3673 2308 3791 2363 fere

2131 2401 2285 2456 inter
2314 2418 2375 2457 se
2408 2406 2669 2472 pugnent
2699 2407 2753 2457 et
2782 2406 3178 2472 opponantur,
3212 2398 3564 2470 simplicitas
3614 2397 3787 2452 nimi-

2133 2507 2265 2545 rum
2323 2494 2379 2545 et
2434 2492 2741 2562 asperitas,
2774 2491 3074 2560 alteraque
3109 2488 3622 2544 mansuetudinem
3654 2502 3789 2541 cum

2132 2579 2345 2635 inertia
2374 2582 2747 2649 conjunctam
2790 2579 3019 2648 habeat,
3080 2578 3265 2633 altera
3320 2577 3495 2631 rebus
3554 2576 3788 2647 quidem

2135 2668 2409 2740 gerendis
2439 2673 2572 2737 apta
2604 2668 2699 2735 sit,
2720 2684 2923 2722 verum
2958 2667 3322 2721 humanitate
3357 2670 3571 2733 careat,
3595 2664 3654 2718 in
3689 2662 3789 2717 illo

2134 2762 2330 2813 tamen
2392 2757 2635 2812 mirifice
2693 2760 2812 2811 haec
2872 2758 2986 2811 duo
3045 2758 3104 2810 in
3157 2772 3339 2810 unum
3373 2756 3789 2815 convenerunt,

2136 2864 2344 2918 nempe
2372 2851 2435 2901 ut
2457 2852 2511 2901 et
2535 2851 2818 2917 tanquam
2851 2862 3023 2918 asper
3046 2862 3111 2900 ac
3142 2847 3454 2900 vehemens
3486 2843 3662 2897 rebus
3694 2858 3790 2913 ge-

2136 2938 2332 2991 rendis
2365 2953 2495 2991 cum
2533 2938 2985 2992 mansuetudine
3015 2935 3400 2995 incumberet.
3424 2941 3479 2987 et
3508 2936 3791 3001 tanquam

2136 3043 2169 3081 a
2201 3027 2374 3081 rebus
2406 3027 2676 3097 gerendis
2708 3025 2935 3080 alienus
2967 3042 3094 3080 sese
3125 3041 3258 3079 cum
3308 3022 3600 3077 industria
3653 3022 3790 3075 sub-

2137 3117 2413 3180 mitteret,
2474 3116 2530 3168 in
2593 3114 2881 3186 praesidiis
2913 3114 3188 3179 ferendis,
3221 3113 3282 3167 in
3314 3111 3688 3167 sermonibus
3721 3109 3793 3163 ab

2136 3205 2292 3261 omni
2329 3208 2485 3259 metu
2519 3203 2739 3270 liberis,
2773 3204 2830 3257 in
2862 3203 3022 3258 omni
3054 3202 3304 3273 denique
3352 3197 3793 3271 gubernationis

2135 3310 2364 3367 genere.
2391 3293 2536 3348 Nam
2572 3310 2702 3347 cum
2737 3294 3023 3365 serpentis
3057 3293 3124 3346 ad
3164 3291 3384 3346 malum
3420 3287 3793 3360 prudentiam

2134 3400 2267 3438 cum
2300 3383 2581 3438 columbae
2605 3384 2675 3437 ad
2705 3384 2923 3437 bonum
2955 3381 3337 3453 simplicitate
3368 3378 3793 3448 conjUnxisset,

2131 3471 2213 3526 ita
2246 3488 2306 3527 se
2336 3472 2713 3543 comparavit,
2748 3475 2814 3526 ut
2844 3488 2949 3526 nec
2980 3469 3354 3541 prudentiam
3391 3467 3447 3520 in
3500 3469 3793 3519 versutam

2132 3560 2590 3632 improbitatem,
2648 3576 2753 3613 nec
2814 3559 3256 3630 simplicitatem
3317 3556 3375 3609 in
3410 3554 3789 3610 stoliditatem

2132 3649 2486 3719 degenerare
2508 3650 2757 3715 sineret;
2792 3664 2989 3702 verum
3016 3662 3082 3700 ex
3114 3645 3423 3711 ambabus,
3449 3643 3639 3715 quoad
3670 3643 3796 3711 ejus

370 3729 493 3783 fieri
531 3736 773 3801 poterat,
809 3749 986 3787 unam
1040 3732 1275 3789 virtutis
1323 3736 1578 3806 speciem
1626 3737 1897 3802 efficeret,
1935 3737 2198 3792 numeris
2231 3738 2509 3793 omnibus
2550 3737 2865 3808 perfectam
2898 3742 2953 3791 et
2986 3734 3337 3790 absolutam.
3374 3734 3540 3788 Hunc
3591 3732 3792 3802 igitur,

370 3835 501 3873 cum
535 3821 710 3875 talem
744 3838 805 3877 se
837 3822 1204 3892 praebuisset,
1239 3829 1411 3895 atque
1458 3825 1540 3879 ita
1572 3826 1893 3880 sacerdotio
1927 3826 2274 3896 praefuisset,
2308 3831 2653 3897 tantamque
2684 3827 2838 3897 apud
2894 3840 3098 3880 omnes
3130 3822 3377 3897 gloriam
3414 3820 3792 3886 obtinuisset,

369 3910 509 3979 quid
546 3910 759 3965 mirum
795 3912 979 3982 signis
1012 3912 1208 3977 etiam,
1244 3915 1461 3983 quibus
1493 3914 1647 3969 Deus
1678 3915 1955 3985 pietatem
1991 3915 2321 3975 conﬁrmat.
2356 3915 2596 3987 dignum
2632 3916 2896 3970 habitum
2931 3914 3163 3969 fuisse?

444 3999 569 4052 KH'.
604 4000 697 4051 Ἔν
733 3996 787 4051 δὲ
835 4003 942 4053 τῶν
992 3997 1115 4074 περί
1165 4000 1361 4054 ἐκεῖνον
1411 4001 1720 4073 θαυμάτων·
1755 4006 2023 4074 ’Έκαμνεν

370 4082 664 4159 ἀρρωστίᾳ,
715 4087 803 4139 καὶ
854 4093 1114 4163 πονηρῶς
1167 4091 1286 4164 εἶχε
1322 4093 1420 4143 τοῦ
1470 4092 1751 4161 σώματος.
1814 4091 1916 4147 Καὶ
1972 4091 2025 4146 τί

368 4174 698 4244 θαυμαστὸν,
735 4175 779 4229 εί
809 4180 1175 4231 κακοπαθοῦσι
1226 4180 1314 4233 καὶ
1367 4180 1541 4253 ἅγιοι,
1578 4179 1684 4235 εἶ’τε
1716 4180 1791 4242 εἲς
1824 4182 2024 4253 κάθαρ-

374 4283 455 4315 σιν
503 4264 591 4317 καὶ
642 4272 737 4333 τῆς
790 4273 986 4339 μικρᾶς
1031 4267 1205 4339 ἰλύος,
1259 4266 1364 4323 εἴτε
1414 4269 1489 4331 εἰς
1549 4270 1777 4343 βάσανον
1828 4270 2028 4343 ἀρετῆς

368 4351 456 4405 καὶ
492 4358 679 4427 πεῖραν
722 4354 1071 4432 φιλοσοφίας,
1116 4355 1223 4412 εἴδετε
1272 4358 1347 4419 είς
1395 4356 1676 4413 παίδευσιν
1715 4365 1823 4416 τῶν
1873 4362 2027 4425 ἀσθε-

369 4439 629 4513 νεστέρων
662 4442 712 4493 ἐν
744 4442 969 4505 ἐκείνοις
1017 4446 1393 4515 μανθανόντων
1438 4450 1500 4502 τὸ
1548 4456 1848 4525 καρτερεῖν,
1880 4450 2027 4505 ἀλλὰ

373 4538 448 4597 μη
484 4527 725 4581 ἐκκακεῖν
774 4535 893 4591 τοῖς
926 4531 1147 4586 πάθεσιν

375 4615 465 4691 ρὸς
492 4616 558 4682 ἦν
591 4615 652 4669 τὸ
686 4616 839 4691 ἅγιον
894 4617 1084 4692 Πάσχα
1124 4622 1215 4673 καὶ
1266 4619 1595 4695 περιϐόητον
1641 4628 1777 4697 (13),
1806 4629 1842 4693 ἡ
1881 4626 2027 4701 βασί-

374 4702 534 4758 λισσα
561 4708 669 4759 τῶν
702 4708 923 4782 ἡμερῶν
970 4708 1177 4780 ἡμέρα,
1222 4710 1311 4763 καὶ
1358 4713 1392 4778 ἡ
1428 4711 1656 4786 λαμπρὰ
1702 4714 1789 4783 νὺξ
1823 4712 2028 4768 λύουσα

369 4794 432 4848 τὸ
461 4794 650 4853 σκότος
700 4802 799 4864 τῆς
845 4796 1132 4872 ἁμαρτίας,
1184 4800 1303 4853 καθ’
1336 4801 1395 4868 ἣν
1431 4803 1595 4873 ἡμεῖς
1645 4802 1748 4856 ὑπὸ
1776 4801 2027 4875 πλουσίῳ

372 4884 510 4959 φωτί
542 4884 641 4950 τήν
685 4888 955 4960 σωτηρίαν
1009 4888 1170 4958 ἡμῶν
1222 4887 1399 4942 αὐτῶν
1450 4890 1795 4963 ἑορτάζομεν,
1829 4892 2026 4964 καὶτῷ

370 4972 507 5048 φωτῖ
562 4970 630 5026 δι’
660 4974 809 5045 ἡμὰς
860 4975 1181 5049 νεκρωθέντι
1233 4980 1731 5055 συννεκρωθέντες,
1782 4980 1871 5034 καὶ
1928 4980 2023 5034 ἀν-

373 5062 645 5134 ισταμένῳ
678 5064 1123 5137 συνανιστάμεθα.
1176 5066 1434 5122 Ἐνταῦθα
1489 5068 1581 5140 μὲν
1634 5067 1700 5137 δὴ
1760 5075 1855 5125 τοῦ
1902 5091 2026 5125 και-

373 5154 469 5224 ροῦ
501 5152 562 5205 τὸ
590 5152 781 5213 πάθος·
831 5153 893 5205 τὸ
944 5150 999 5206 δὲ
1050 5154 1139 5222 ἢν,
1174 5155 1249 5215 ὡς
1301 5155 1352 5209 ἐν
1405 5157 1604 5233 βραχεῖ
1643 5156 2021 5234 διηγήσασθαι·

374 5241 609 5313 Πυρετὸς
644 5241 736 5312 μὲν
789 5239 1022 5317 σφοδρὸς
1069 5244 1157 5296 καὶ
1191 5241 1416 5312 διακαής
1463 5253 1566 5301 πᾶν
1597 5248 1659 5301 τὸ
1713 5249 1874 5323 βάθος
1906 5270 2025 5303 συν-

371 5326 617 5403 έφλεγεν,
652 5331 685 5398 ἡ
723 5327 780 5384 δέ
812 5327 1039 5404 δύναμις
1070 5331 1437 5406 ἐπελελοίπει,
1469 5340 1577 5391 τῶν
1604 5338 1790 5392 σιτίων
1827 5335 1884 5392 δὲ
1913 5341 2027 5411 (14)

443 5578 554 5721 Σ1Ο)
584 5576 807 5633 Ἄλλοι.
844 5581 1022 5707 Regg.
1058 5599 1111 5651 ιι,
1149 5584 1268 5647 bm,
1302 5585 1334 5639 3
1365 5585 1553 5663 Colb.,
1584 5587 1679 5657 Or,
1716 5590 1765 5656 1,
1798 5585 1992 5649 ἄλλος.

470 5652 552 5721 11)
588 5648 911 5714 ιΕντελείας.
996 5669 1167 5721 onne,
1202 5654 1530 5721 έντρεγείας,
1562 5664 1628 5716 ut
1656 5660 1992 5719 Bill.videtu

372 5648 911 5795 ιθέἐθιξντελείας.
933 5648 1167 5728 Nonne,
1202 5648 1628 5733 ἐν’τρεχείας,’⁷ῠι
1656 5648 1785 5717 Βὶη.
1805 5648 2034 5721 videtur

1184 4553 1197 4600 ;
1231 4537 1500 4607 Ἕκαμνεν
1553 4536 1666 4607 οὗν,
1699 4539 1788 4592 καὶ
1847 4540 1874 4591 ὁ
1907 4559 2027 4593 και-

2138 4540 2503 4596 becilliorum
2594 4540 3025 4607 eruditionem,

2206 4004 2451 4059 XXVlll.
2506 4005 2724 4059 Horum
2780 4020 2949 4075 porro
3001 4000 3443 4065 miraculorum,
3479 4015 3605 4071 qum
3637 3996 3695 4051 ln
3727 4013 3794 4051 co

2136 4094 2291 4148 edita
2312 4098 2470 4157 sunt,
2501 4094 2603 4147 hoc
2626 4108 2810 4147 unum
2838 4097 2923 4147 est
2947 4108 2959 4144 :
2986 4092 3185 4146 Morbo
3208 4090 3531 4155 laborabat,
3556 4104 3620 4141 ac
3644 4102 3795 4158 (egro

2135 4198 2374 4255 corpore
2407 4188 2546 4237 erat.
2568 4182 2714 4247 Quid
2749 4188 2943 4237 autem
2978 4180 3401 4247 mirandum,si
3436 4177 3619 4233 sancti
3656 4192 3798 4247 quo-

2138 4290 2251 4345 que
2281 4273 2387 4327 viri
2421 4273 2591 4328 malis
2624 4278 2984 4344 premantur,
3014 4270 3131 4325 sive
3154 4271 3224 4325 ad
3255 4268 3379 4323 limi
3413 4266 3792 4339 quantumvis

2136 4362 2329 4435 exigui
2362 4362 2790 4435 purgationem,
2826 4361 2945 4416 sive
2976 4362 3043 4416 ad
3072 4358 3308 4415 virtutis
3337 4352 3793 4429 explorationem

2135 4458 2191 4507 et
2223 4452 2604 4523 philosophiae
2638 4453 3077 4515 documentum,
3112 4449 3237 4504 sive
3261 4449 3512 4519 denique
3563 4446 3633 4499 ab
3684 4444 3794 4497 im-

3095 4538 3195 4609 qui
3261 4538 3319 4591 in
3386 4536 3505 4591 illis
3572 4534 3799 4587 fortiter

2137 4630 2380 4683 adversa
2438 4630 2725 4698 perferre,
2779 4632 2834 4682 et
2891 4626 3248 4681 calamitosis
3306 4627 3483 4679 rebus
3550 4622 3793 4676 minime

2136 4717 2326 4787 frangi
2360 4732 2423 4771 ac
2456 4716 2753 4771 debelitari
2786 4714 3179 4769 condiscunt?
3206 4713 3402 4767 Morbo
3428 4712 3608 4779 igitur
3639 4709 3794 4763 labo-

2135 4806 2322 4875 rabat,
2357 4821 2424 4858 ac
2454 4804 2641 4859 morbi
2673 4809 2907 4875 tempus
2946 4808 3070 4859 erat
3126 4806 3400 4858 sanctum
3458 4805 3515 4855 et
3570 4797 3794 4852 celebre

2136 4894 2289 4950 849
2324 4894 2564 4959 Pascha,
2586 4894 2709 4949 dies
2730 4894 2959 4949 dierum
2983 4908 3175 4961 rex,ac
3198 4889 3507 4961 splendida
3536 4887 3635 4941 illa
3659 4903 3791 4954 nox,

2134 4985 2355 5056 peccati
2388 4984 2662 5039 tenebras
2694 4983 2946 5053 solvens,
2979 4983 3040 5037 in
3073 4998 3186 5054 qua
3227 4996 3331 5035 nos
3388 4994 3522 5035 cum
3580 4991 3797 5046 magna

2134 5072 2380 5128 luminis
2438 5074 2605 5144 ecpia
2663 5072 2872 5128 salutis
2918 5076 3127 5127 nostrae
3159 5070 3374 5126 festum
3407 5066 3795 5144 celebramus!

2135 5167 2307 5233 atque
2339 5179 2472 5217 cum
2519 5166 2751 5217 mortua
2804 5178 2907 5233 pro
2965 5162 3133 5215 nobis
3191 5160 3315 5213 luce
3374 5161 3562 5212 morte
3619 5135 3799 5211 simu1

2136 5252 2347 5320 aﬂ‘ecti,
2408 5258 2465 5307 et
2523 5268 2656 5307 cum
2713 5252 2917 5306 eadem
2967 5251 3217 5306 excitata
3246 5246 3421 5304 simul
3453 5246 3796 5301 excitamur.

2137 5341 2254 5398 Hoc
2287 5345 2551 5413 tempore
2581 5341 2824 5397 morbus
2854 5340 3120 5413 urgebat.
3154 5339 3211 5395 Is
3242 5342 3465 5405 autem,
3509 5338 3575 5391 ut
3629 5335 3800 5389 breve

2242 5593 2327 5665 12)
2356 5593 2693 5665 Τῆςᾼᾊθεῐ
2724 5592 2783 5665 in
2814 5592 2952 5665 Reg.
2985 5590 3106 5647 bm.

2244 5648 2330 5739 13')
2364 5648 3365 5739 Dietedazov-ﬁes-‘fa.3995411169
3464 5736 3467 5737 ,
3614 5726 3691 5739 ,η

2242 5730 2328 5807 14)
2363 5730 2559 5791 Σιτίων
2593 5730 2669 5793 δέ.
2703 5730 2877 5795 ΕΟΪΒῘ.
2913 5736 2938 5794 1
2972 5730 3157 5805 addit,
3197 5732 3359 5804 ἅπαν,
3409 5753 3436 5783 ι(
3464 5730 3730 5787 omnino.
3765 5747 3793 5775 η
