4090 6424
398 390 546 452 1021
1275 389 1569 453 ORATIO
1613 388 1837 451 XVIII.
1866 420 1943 430 —
1975 387 2368 449 FUNEBRIS
2413 387 2493 447 IN
2539 388 2884 451 PATREM.
3654 390 3809 451 1022

395 523 648 597 ὑπηρετει
704 521 1040 597 προθύμως·
1098 523 1188 576 καὶ
1237 519 1295 583 ὅς
1525 521 1597 582 ὡς
1663 516 1931 592 βακτηρίᾳ
1968 521 2092 591 Tit}

2154 519 2441 588 subjicere
2469 519 2655 590 jubet.
2680 520 2787 583 Qui
2820 537 2953 576 cum
2986 537 3101 576 non
3134 522 3259 577 sine
3290 525 3527 593 stupore
3548 522 3803 591 adesset,

394 610 738 686 χειραγιυγίᾳ
766 612 1140 686 χρησάμενος,
1181 615 1429 682 μιμεῖται
1458 610 1547 664 τὸν
1600 608 1686 662 ἐπὶ
1734 612 1830 662 τοῦ
1882 602 2042 683 ὅρους

2155 612 2541 678 prompteque
2568 609 3011 679 obsequeretur,
3037 611 3161 681 ipse
3183 627 3359 665 manu
3388 614 3666 680 tanquam
3700 612 3801 665 ba-

395 699 623 753 Μωυσέα
666 703 799 772 (27),
853 700 942 753 καὶ
991 701 1088 760 τὰς
1142 699 1469 771 παρειμένας
1513 703 1703 773 χεῖρας
1757 696 1831 758 εἷς
1873 695 2041 769 εὐχὴν

2154 695 2284 750 culo
2310 697 2544 766 ductus,
2571 697 2825 769 Moysem
2854 698 3020 753 illum
3055 699 3110 753 in
3145 703 3341 754 monte
3372 704 3633 753 orantem
3668 699 3803 753 imi-

395 787 766 863 σχηματίσας,
810 787 1053 843 συντελεῖ
1083 788 1382 861 προθύμως
1414 789 1447 857 ἢ
1490 787 1749 860 προτιλεῖ
1789 789 1885 839 τοῦ
1931 786 2043 857 (28)

2153 789 2330 853 tatur,
2368 786 2681 857 fractisque
2713 804 2777 841 ac
2811 787 3129 843 debilitatis
3165 789 3438 844 manibus
3469 789 3538 843 ad
3589 790 3802 843 oratio-

395 876 531 931 λαοῦ
562 879 627 930 τα
662 879 951 951 μυστήρια,
986 876 1049 951 ρή
1065 897 1191 947 μασι
1228 876 1321 948 μὲν
1357 875 1567 951 ὀλίγοις
1597 876 1685 929 καὶ
1716 873 1864 934 ὅσοις
1898 871 2043 927 ἔσθε-

2155 890 2287 929 nem
2321 875 2677 944 compositis,
2713 876 2889 931 alacri
2926 878 3122 931 animo
3152 894 3285 932 cum
3318 876 3556 949 populo,
3582 876 3668 931 vel
3702 894 3804 948 pro

392 986 498 1030 νεν,
559 964 770 1036 διανοίᾳ
821 963 895 1029 δὲ,
949 965 1024 1027 ὡς
1076 964 1200 1037 ἐμοὶ
1248 962 1415 1035 δοκεῖ,
1465 964 1555 1018 καὶ
1588 963 1708 1017 λίαν
1736 962 2043 1034 τελεωτάτη

2154 963 2369 1034 populo
2403 965 2681 1035 mysteria
2710 966 2954 1036 peragit,
2990 966 3192 1036 paucis
3224 966 3480 1037 quidem,
3507 970 3563 1021 et
3592 966 3806 1037 quibus

393 1052 462 1126 (ὤ
490 1059 586 1108 τοῦ
620 1054 895 1124 θαύματος
923 1056 981 1127 l),
1016 1054 1138 1108 ἄνευ
1172 1056 1417 1127 βήματος
1451 1053 1536 1108 ἐπὶ
1592 1054 1861 1128 βήματος,
1923 1050 2042 1104 ἄνευ

2153 1056 2398 1123 poterat,
2422 1054 2631 1119 verbis,
2658 1060 2851 1109 mente
2884 1060 3099 1125 autem,
3126 1060 3191 1109 ut
3223 1055 3369 1109 mihi
3400 1056 3650 1120 videtur,
3676 1072 3803 1127 per-

391 1142 776 1213 θυσιαστηρίου
830 1144 1017 1212 θύτης,
1064 1144 1237 1217 ἱερεὺς
1284 1142 1473 1218 πόρρω
1521 1147 1628 1196 τῶν
1674 1140 2040 1212 τελουμένωνυ

2153 1156 2330 1211 quam
2354 1140 2612 1213 integra;
2647 1159 2766 1196 rem
2793 1144 3033 1198 miram!
3075 1143 3201 1198 sine
3233 1144 3486 1199 sacrario
3518 1144 3575 1197 in
3608 1159 3800 1199 sacra-

392 1231 481 1284 καὶ
527 1236 695 1286 ταῦτα
749 1239 928 1306 παρῆν
990 1231 1136 1303 αὐτῷ
1192 1232 1338 1305 παρὰ
1392 1235 1488 1284 τοῦ
1522 1232 1672 1306 ἁγίου
1702 1230 2037 1300 Πνεύματος,

2153 1228 2257 1296 rio,
2283 1230 2413 1285 sine
2434 1230 2602 1285 altari
2634 1232 2953 1296 sacriﬁcus,
2979 1234 3250 1287 sacerdos
3281 1249 3313 1286 a
3346 1232 3643 1303 mysteriis
3675 1249 3804 1303 pro-

392 1319 538 1390 αὐτῷ
596 1320 689 1391 μὶν
737 1320 1132 1394 γινωσκόμενα,
1180 1325 1297 1382 τοῖς
1344 1318 1573 1391 παροῦσι
1604 1317 1659 1373 δὲ
1690 1318 1795 1393 οὐχ
1826 1320 2042 1391 ὁρώμε-

2153 1318 2246 1371 cul
2274 1325 2553 1374 remotus.
2579 1322 2764 1389 Atque
2787 1320 2906 1374 haec
2927 1337 3160 1392 quoque
3181 1320 3263 1374 illi
3291 1338 3324 1376 a
3351 1322 3567 1392 Spiritu
3597 1326 3800 1376 sancto

390 1428 474 1462 να.
528 1410 661 1463 Εἶτα
705 1407 940 1463 ἐπειπὼν
982 1411 1048 1462 τὰ
1108 1416 1208 1477 τῆς
1255 1408 1603 1483 εὐχαριστίας
1653 1408 1871 1481 ῥηματα
1928 1408 2041 1480 (29)

2153 1407 2414 1473 aderant,
2450 1409 2560 1479 ipsi
2605 1409 2840 1479 quidem
2895 1411 3148 1481 cognita,
3183 1410 3570 1479 praesentibus
3602 1415 3799 1464 autem

394 1496 592 1568 οὕτως,
625 1497 700 1559 ὡς
734 1496 977 1565 σύνηθες,
1018 1497 1107 1551 καὶ
1137 1498 1227 1551 τὸν
1282 1495 1410 1551 λαὸν
1459 1494 1888 1572 κατευλογήσας,
1940 1494 2041 1550 πά-

2153 1495 2610 1568 haudquaquam
2646 1503 2964 1569 perspecta.
3014 1499 3241 1568 Postea,
3290 1515 3423 1553 cum
3473 1499 3797 1570 gratiarum

396 1584 481 1639 λιν
531 1593 630 1654 τῆς
678 1585 873 1654 κλίνης
916 1586 1142 1660 γίνεται,
1190 1593 1397 1663 τροφῆς
1446 1607 1504 1640 τε
1539 1584 1729 1659 μικρόν
1761 1607 1812 1639 τι
1841 1586 2042 1660 προσέ-

2153 1584 2397 1639 actionis
2429 1588 2623 1650 verba,
2656 1586 2736 1640 ita
2767 1592 2831 1641 ut
2859 1588 3220 1644 consuetudo
3253 1588 3380 1653 fert,
3436 1587 3796 1658 protulisset,

398 1696 556 1746 μενος
614 1677 747 1748 (30),
805 1676 893 1729 καὶ
952 1674 1120 1729 ὕπνου
1184 1670 1529 1748 μεταλαϐὼν,
1587 1673 1933 1729 ἀνακαλεῖται
1982 1676 2042 1729 τὸ

2153 1689 2219 1728 ac
2253 1675 2535 1744 populum
2581 1675 2993 1741 benedixisset,
3042 1676 3103 1730 in
3148 1676 3431 1731 lectulum
3481 1693 3687 1730 rursus
3739 1691 3801 1731 se

393 1768 642 1835 πνεῦμα’
715 1764 804 1818 καὶ
877 1769 996 1825 ταῖς
1071 1764 1205 1818 κατά
1288 1765 1477 1839 μικρὸν
1550 1765 1885 1837 προσθήκαις
1943 1766 2043 1831 τῆς

2154 1761 2683 1833 conjicit.Cumque
2702 1765 3005 1834 paululum
3023 1765 3302 1835 quiddam
3317 1765 3427 1821 cibi
3445 1764 3802 1832 admisisset,

395 1848 575 1923 ὑγείας
623 1854 734 1923 (31)
784 1851 1226 1922 συναυξηθείσης,
1278 1854 1313 1920 ἡ
1364 1852 1519 1918 καινή
1553 1858 1732 1925 παρῆν
1758 1854 1871 1923 (32)
1902 1850 2042 1924 ἡμέ-
2074 1899 2092 1925 1

2156 1867 2222 1904 ac
2244 1851 2434 1904 somni
2459 1851 2746 1923 particeps
2768 1853 2955 1907 factus
2982 1853 3209 1915 fuisset,
3237 1853 3510 1924 spiritum
3540 1859 3802 1921 revocat;

399 1899 573 1923 ⁷1⁷⁷⁷⁷*
624 1899 733 1923 \V‘I
789 1899 1226 1922 ⁷⁷⁷⁷’⁷ῚἾ”⁷”Ἶ“⁸)
1286 1899 1313 1920 Ἶ
1367 1899 1519 1918 "wn"
1562 1899 1626 1904 ’⁷⁷⁷
1673 1899 1725 1918 ⁷1⁷
1759 1899 1870 1923 \‘"I
1910 1899 2013 1924 ’ΠΕ-’⁷

395 1959 460 2014 pa
489 1946 590 2008 τῆς
622 1940 814 2013 ἑορτῆς
865 1942 947 2013 (ἣν
998 1940 1169 2002 οὕτως
1209 1939 1545 2012 ὀνομάζομεν
1577 1899 1800 2012 πρώτην
1847 1946 2043 2013 Κυρια-
2074 1899 2092 1965 1

2157 1899 2218 1904 "'
2246 1899 2434 1904 ““""
2459 1899 2552 1921 1'“
2571 1899 2746 1923 """l‘"
2769 1899 2954 1907 “""""“"
2985 1899 3209 1915 """'"""’
3237 1899 3510 1924 “¹Γ⁵⁸·“ν““⁵⁵
3541 1899 3623 1908 ’ν’
3643 1899 3766 1907 “’“”“’“
3789 1899 3802 1921 1

2156 1943 2444 2009 auctaque
2474 1940 2757 2011 paulatim
2788 1941 3059 2009 sanitate,
3102 1958 3237 1996 cum
3288 1959 3473 1997 novus
3519 1941 3619 1995 ille
3673 1941 3804 1996 festi

392 2028 513 2098 κήν,
568 2030 702 2099 μετά
757 2030 857 2096 τὴν
906 2027 1269 2098 ἀναστάσιμον
1314 2028 1513 2097 ταύτην
1567 2024 1829 2102 ἕχοντες)’
1862 2028 2044 2082 καὶτὸ

2156 2027 2279 2082 dies
2310 2026 2411 2097 (ita
2440 2046 2572 2084 eum
2606 2029 2990 2101 appellamus,
3038 2031 3191 2101 quod
3247 2035 3379 2102 post
3426 2031 3802 2086 resurrectio-

398 2118 536 2190 ιερὸν
571 2112 891 2170 καταλαϐὼν
927 2117 1017 2170 σὺν
1050 2118 1209 2170 παντὶ
1239 2122 1317 2188 τῷ
1362 2124 1461 2185 τῆς
1516 2114 1839 2186 Έκκλησίας
1896 2117 2044 2186 πλη-

2157 2132 2290 2171 nem
2306 2117 2668 2173 Dominicam
2692 2120 2950 2189 primum
2969 2136 3101 2174 eum
3121 2118 3621 2191 habeamus,)jam
3641 2120 3806 2175 ades-

398 2205 612 2281 ρώματι
674 2205 957 2280 έγκαινίζει
1000 2207 1099 2274 τὴν
1153 2205 1447 2279 σωτηρίαν,
1507 2206 1597 2259 καὶ
1646 2204 1758 2258 θύει
1788 2206 1855 2259 τὰ
1884 2225 2045 2281 χαρι-

2155 2210 2262 2273 set,
2296 2205 2354 2259 in
2396 2206 2679 2279 templum
2715 2225 2776 2262 se
2807 2209 3048 2276 confert,
3082 2226 3149 2263 ac
3182 2225 3315 2263 cum
3343 2210 3503 2263 omni
3536 2208 3802 2263 Ecclesiae

396 2296 611 2368 στήρια.
666 2295 763 2348 Καί
819 2295 910 2366 μοί
958 2316 1009 2348 τι
1057 2298 1218 2348 τοῦτο
1260 2298 1369 2367 (33)
1400 2295 1461 2349 τὸ
1493 2293 1645 2370 ἔργον
1676 2299 1771 2348 τοῦ
1802 2295 1925 2367 περὶ
1954 2295 2046 2349 τὸν

2155 2296 2431 2365 agmnine
2462 2295 2672 2350 salutis
2703 2297 2961 2351 encaenia
2990 2296 3264 2361 celebrat,
3310 2301 3483 2368 atque
3537 2298 3597 2351 in
3654 2296 3807 2368 grati

398 2382 642 2457 Ἐζεχίαν
679 2382 951 2454 θαύματος
986 2382 1084 2438 οὐκ
1124 2383 1445 2456 ἀτιμότερον
1503 2386 1654 2455 (34)·
1712 2385 1767 2437 ὅν
1820 2385 2046 2454 ἀσθενή-

2156 2384 2338 2438 animi
2373 2385 2860 2455 signiﬁcationem
2894 2385 3246 2440 sacrificium
3289 2387 3474 2441 offert.
3508 2388 3645 2451 Qum
3675 2386 3805 2456 qui-

400 2492 563 2526 σαντα
610 2472 698 2525 καὶ
759 2470 1035 2545 δεηθέντα,
1094 2475 1380 2548 προσθήκῃ
1441 2476 1582 2541 ζωῆς
1644 2474 1671 2527 ὁ
1705 2474 1835 2534 Θεὸς
1867 2470 2046 2543 ἐδόξα-

2156 2473 2285 2527 dem
2314 2491 2405 2528 res
2428 2474 2711 2529 miraculo
2744 2474 2865 2539 illo,
2889 2476 3043 2545 quod
3075 2474 3136 2528 in
3165 2475 3408 2530 Ezechia
3438 2476 3661 2530 editum
3693 2479 3804 2540 est,

399 2579 505 2614 σεν·
538 2560 627 2613 καὶ
660 2565 818 2615 τοῦτο
869 2560 1121 2637 ἐγνώρισε
1166 2565 1234 2634 τῇ
1286 2566 1409 2631 σκιᾷ
1444 2566 1551 2616 τῶν
1586 2556 1906 2635 ἀναϐαθμῶν
1950 2561 2043 2615 ἐπ-

2156 2578 2285 2617 meo
2317 2563 2554 2634 quidem
2587 2564 2833 2634 judicio,
2882 2580 3251 2635 nequaquam
3306 2564 3547 2619 inferior
3605 2564 3805 2619 haberi

395 2648 684 2723 αναχθείσῃ
716 2651 849 2722 (35),
882 2651 1019 2704 κατὰ
1047 2652 1144 2718 τὴν
1174 2649 1337 2704 αὐτοῦ
1364 2655 1462 2705 τοῦ
1496 2650 1757 2708 σωθέντος
1807 2651 2042 2721 αἶ’τησινσ

2155 2651 2327 2706 debet
2353 2668 2368 2718 ;
2403 2668 2597 2722 quem,
2621 2669 2752 2706 cum
2785 2652 2841 2706 in
2877 2653 3145 2707 morbum
3171 2653 3491 2717 incidisset,
3516 2658 3572 2707 et
3603 2663 3805 2724 prews

394 2737 534 2808 ὑμοῦ
564 2758 620 2790 τε
647 2741 715 2811 τῇ
750 2740 935 2814 χάριτι
965 2739 1053 2793 καὶ
1084 2744 1163 2811 τῷ
1199 2740 1414 2812 σημείῳ
1442 2741 1533 2794 τὸν
1572 2739 1797 2815 βασιλέα
1841 2746 2041 2813 τιμῶν,

2155 2739 2542 2809 adhibuisset,
2576 2746 2723 2795 Deus
2754 2741 2887 2796 vitae
2917 2740 3276 2797 incremento
3309 2742 3585 2808 donavit;
3625 2741 3804 2813 idque

387 2825 477 2878 καὶ
507 2828 576 2896 τῇ
622 2829 905 2902 προσθήκῃ
951 2835 1053 2896 τῆς
1103 2826 1316 2903 ἡμέρας
1356 2831 1453 2897 τὴν
1484 2833 1591 2884 τῶν
1626 2832 1849 2903 ἡμερῶν
1882 2850 2048 2904 προσ-

2153 2830 2431 2884 indicavit
2460 2846 2561 2900 per
2591 2834 2935 2885 retroactam
2969 2831 3257 2901 graduum
3301 2831 3593 2898 umbram,
3629 2834 3803 2901 prout

390 2916 565 2986 θήκην
600 2936 982 2988 πιστουςιενος.

2153 2920 2399 2990 petierat
2414 2920 2478 2989 ⁷³,
2495 2919 2592 2990 qui
2620 2918 2869 2975 salutem
2895 2920 3135 2991 accepit,
3155 2935 3349 2991 regem
3373 2918 3595 2975 scilicet
3615 2920 3805 2990 gratia

2153 3007 2328 3062 simul
2363 3013 2419 3061 et
2450 3009 2618 3079 signo
2652 3009 2968 3077 honorans,
3002 3013 3176 3079 atque
3206 3010 3353 3065 351
3394 3024 3495 3079 per
3524 3007 3638 3063 diei
3668 3023 3807 3079 aug-

2153 3102 2440 3172 mentum,
2472 3098 2699 3151 dierum
2733 3102 3115 3169 augmentum
3148 3098 3525 3153 confirmans.

465 3180 541 3237 A'.
572 3181 641 3233 Τὸ
674 3178 719 3234 δ’
750 3181 879 3235 αὐτὸ
926 3181 1015 3235 καὶ
1066 3181 1188 3257 περὶ
1237 3183 1336 3251 τὴν
1381 3182 1590 3258 μητέρα
1616 3184 1714 3252 τήν
1744 3183 1883 3256 ἐμὴν
1916 3205 2040 3237 συν-

2221 3186 2386 3241 XXX.
2426 3187 2578 3241 idem
2605 3191 2797 3241 autem
2824 3187 3176 3241 miraculum
3210 3188 3270 3242 in
3296 3192 3481 3242 matre
3505 3186 3805 3257 aliquanto

386 3270 593 3345 ηνέχθη
650 3272 849 3342 θαῦμα,
920 3270 980 3326 οὐ
1043 3273 1234 3347 μικρὸν
1292 3270 1549 3348 ὕστερον*
1608 3274 1754 3343 ἄξιον
1807 3271 1864 3327 δὲ
1897 3265 2092 3346 μηδὲ(

2153 3280 2282 3347 post
2322 3275 2582 3347 contigit,
2637 3276 2791 3346 quod
2853 3276 3031 3331 etiam
3088 3275 3284 3346 ipsum
3344 3290 3808 3331 commemorare

382 3364 544 3413 τοῦτο
602 3358 975 3434 παραδραμεῖν
1004 3380 1016 3392 ⁸
1076 3362 1278 3432 ταύτην
1325 3383 1382 3416 τε
1430 3363 1533 3437 γὰρ
1562 3363 1629 3417 τὰ
1662 3361 1843 3417 εἰκότα
1870 3364 2038 3435 τιμή-

2153 3381 2335 3437 operae
2366 3366 2617 3436 pretium
2652 3370 2761 3431 est,
2796 3370 2860 3420 ut
2889 3369 2947 3420 et
2975 3381 3104 3421 eam
3139 3366 3380 3432 honore,
3414 3366 3462 3421 si
3512 3383 3628 3437 qua
3667 3364 3803 3431 alia,

384 3468 573 3519 σομεν,
627 3447 775 3523 εἶθιτερ
826 3452 949 3504 τινὰ
996 3449 1154 3504 οὖσαν
1203 3458 1374 3523 τιμῆς
1424 3451 1594 3521 ἀξίαν,
1628 3451 1815 3523 ἐκείνῳ
1840 3472 1900 3506 τε
1931 3471 2040 3525 γα-

2153 3455 2411 3525 dignam,
2432 3458 2497 3509 ut
2524 3471 2627 3526 par
2648 3460 2754 3520 est,
2781 3454 3160 3519 honoremus,
3183 3459 3240 3510 et
3266 3456 3335 3509 ab
3358 3455 3457 3510 illo
3480 3472 3581 3525 per
3603 3470 3803 3509 narra-

386 3537 651 3608 ριούμεθα
681 3540 775 3603 τήν
808 3539 1093 3591 κοινωνίαν
1122 3541 1235 3611 (36)
1274 3544 1370 3592 τοῦ
1421 3536 1783 3613 διηγήματος.
1838 3541 2039 3595 "Ams-

2153 3543 2328 3597 tionis
2360 3544 2695 3598 societatem
2729 3544 2980 3613 gratiam
3021 3543 3308 3597 ineamus.
3364 3543 3521 3597 Hanc
3572 3558 3804 3612 quoque

383 3644 471 3676 ται
530 3623 783 3692 κάκείνης
842 3625 1118 3700 ἀρρωστία
1166 3632 1266 3694 τῆς
1326 3627 1497 3681 πάντα
1546 3635 1869 3702 καρτερικῆς
1902 3632 2035 3700 (37),

2153 3633 2390 3687 morbus
2412 3632 2653 3696 invadit,
2681 3633 2885 3686 fortem
2916 3649 2982 3687 ac
3004 3648 3345 3703 generosam
3378 3632 3595 3703 alioqui
3633 3632 3799 3686 femi-

381 3712 471 3766 καὶ
521 3712 790 3786 γενναίας,
835 3714 925 3767 καὶ
981 3713 1175 3767 ἀνόσου
1225 3716 1316 3768 τὸν
1368 3713 1575 3769 ἃπαντα
1616 3716 1839 3790 χρόνον.
1893 3716 2039 3771 Πολ-

2153 3737 2445 3791 nam,quae
2464 3737 2564 3791 per
2576 3735 2748 3773 omne
2762 3719 2893 3773 vitae
2905 3724 3134 3789 tempus
3147 3720 3805 3775 commodavaletudine

382 3798 494 3855 λῶν
529 3798 586 3855 δὲ
616 3797 782 3855 ὄντων
814 3806 921 3856 τῶν
956 3801 1298 3868 λυπούντων,
1325 3800 1415 3856 τίνα
1448 3804 1524 3875 μή
1580 3806 1781 3879 μακρὸν
1828 3804 2042 3859 ἀποτεί-

2153 3810 2357 3864 fuerat.
2376 3809 2437 3862 In
2460 3807 2660 3862 multis
2678 3813 2873 3862 autem
2898 3808 3223 3873 doloribus,
3238 3825 3309 3863 ne
3326 3825 3656 3863 sermonem
3682 3809 3805 3863 lon-

381 3912 458 3944 νω
493 3889 693 3964 λόγων,
729 3894 762 3960 ἡ
798 3894 910 3964 (38)
939 3890 1168 3968 ἀτροφία
1195 3889 1258 3945 τι)
1294 3891 1590 3966 βαρύτατον
1623 3895 1686 3961 ἦν
1713 3892 1801 3947 ἐπὶ
1834 3895 2036 3968 συχνὰς

2153 3898 2279 3968 gius
2300 3894 2791 3966 producam,nihil
2811 3896 3049 3965 perinde
3063 3913 3235 3967 grave
3250 3902 3568 3967 erat,atque
3586 3898 3801 3966 inedia,

378 3978 590 4055 ἡμέρας
639 3978 800 4034 τοῦτο
861 3981 1264 4054 κινδυνευούσῃ,
1332 3980 1421 4034 καὶ
1490 3978 1655 4053 μηδὲν
1718 3982 2038 4057 εὐρισκούσῃ

2153 4003 2265 4057 qua
2307 3986 2522 4040 multos
2561 3986 2685 4055 jam
2738 3985 2863 4039 dies
2903 3984 3227 4055 periculose
3259 3985 3585 4054 laborabat,
3619 3994 3803 4056 neque

372 4072 471 4121 τοῦ
502 4073 670 4123 κακοῦ
726 4068 1030 4144 φάρμακον.
1085 4074 1207 4132 [Ιῶς
1259 4070 1350 4124 οὗν
1396 4072 1577 4147 τρέφει
1626 4071 1831 4143 ταύτην
1865 4071 2035 4141 Θεός;

2153 4075 2327 4145 hujus
2375 4073 2514 4128 mali
2561 4074 2887 4128 remedium
2929 4073 3115 4127 ullum
3148 4074 3500 4129 inveniebat.
3535 4077 3798 4139 Quonam

375 4157 451 4213 Οὐ
502 4159 670 4230 μάννα
723 4159 932 4234 βρέξας,
984 4160 1058 4222 ὡς
1108 4160 1169 4213 τὸ
1212 4158 1382 4215 πάλαι
1430 4160 1510 4231 τῷ
1544 4160 1767 4234 Ἰσραήλ
1796 4180 1808 4193 ·
1846 4163 1880 4230 ἢ
1940 4161 2036 4217 πέ-

2153 4162 2329 4236 igitur
2356 4164 2530 4218 modo
2560 4162 2714 4218 Deus
2746 4179 2873 4217 eam
2907 4162 3060 4217 alit?
3090 4162 3213 4217 Non
3247 4179 3463 4217 manna
3493 4163 3699 4234 pluens
3732 4164 3796 4229 7‘,

440 4287 485 4320 ⁷³
520 4285 593 4341 IV
620 4286 759 4359 Reg.
794 4304 887 4359 xx,
916 4288 985 4357 9;
1019 4288 1129 4344 Isa.
1163 4304 1399 4357 xxxvm,
1432 4288 1486 4342 8.
1564 4289 1611 4323 7‘
1638 4289 1815 4345 Exod.
1852 4308 1965 4361 xw,
2005 4290 2092 4346 17.

449 4429 562 4507 (ἓξ)
595 4427 695 4507 Καὶ
728 4426 1233 4507 ὅςιοροηουιιὶε,
1266 4429 1355 4507 καὶ
1388 4431 1445 4507 ὁ..
1657 4502 1666 4507 _

2225 4434 2337 4504 (31)
2358 4431 2590 4507 Ὑγείας.
2612 4433 2765 4507 Reg.
2800 4434 2921 4502 bm,
2957 4430 3183 4506 ὑγιείας.

592 4497 853 4577 μωϋσέαέ
876 4501 1013 4577 Reg.
1038 4504 1173 4577 ραι,
1203 4507 1260 4556 et
1292 4502 1387 4557 ΟΡ.
1427 4504 1477 4569 1,
1511 4502 1742 4577 Μωσέω-

2218 4497 2329 4576 (32)
2355 4497 2632 4577 Ἡ’καινὴ
2691 4497 3104 4577 τῖαμῆνζοῐὸᾳι
3163 4511 3356 4561 Novus
3412 4507 3800 4563 solemnitatis

450 4566 990 4658 (28)Allrpro_~re).eih-.cg§
1038 4566 1193 4639 λαοῧ,
1227 4578 1338 4658 etc‘.
1365 4596 1392 4623 «
1428 4566 1536 4628 Pro
1570 4575 1784 4658 populo
1820 4578 2031 4658 myste-
2066 4596 2092 4658 Ι

2153 4566 2271 4631 dies
2303 4566 2523 4658 aderat,
2556 4566 2734 4658 quem
2767 4566 2887 4656 :sic'
2924 4576 3315 4658 appellamus,
3346 4579 3501 4658 quod
3538 4584 3667 4658 post
3699 4579 3801 4634 Re-

414 4592 557 4650 ¹(κιο)
592 4592 853 4650 υρουτεΛει
893 4592 990 4651 τωρ
1038 4592 1193 4639 Λαου,
1227 4592 1338 4626 etc.
1365 4596 1392 4623 ‹‹
1428 4592 1536 4628 ι’Γο
1570 4592 1784 4697 [ἷορωο
1820 4592 2031 4645 ῐῐιγειιθ-
2066 4596 2113 4658 D
2145 4592 2271 4631 (1188
2303 4592 2523 4642 aderat,
2560 4593 2734 4647 quem
2788 4594 2870 4631 810
2924 4592 3315 4647 appellamus,
3346 4592 3501 4648 quoa
3538 4592 3667 4649 post
3699 4592 3797 4634 tte-

379 4656 468 4695 rla
518 4647 760 4718 peragit.
790 4666 810 4692 ››
850 4640 1056 4697 Bllllus
1110 4659 1122 4696 :
1158 4665 1185 4691 «
1239 4647 1372 4718 ante
1420 4660 1573 4714 popu
1604 4662 1702 4718 um
1752 4647 2037 4718 mysteria
2147 4646 2527 4718 surrectionis
2551 4647 2915 4701 Dominicum
2943 4648 3117 4718 diem,
3146 4650 3399 4718 primum
3426 4650 3797 4705 Dominicum

379 4713 621 4783 peragit.
648 4711 681 4762 ἦ
710 4711 839 4802 Non
872 4718 1025 4767 recte
1057 4730 1071 4767 :
1106 4730 1216 4803 νρῑξ
1246 4714 1399 4797 θηυίιῃ
1422 4711 1717 4787 ⁷πρότελεῖν
1752 4711 1846 4770 hic
1875 4716 2031 4803 idem
2148 4717 2303 4799 hunc
2327 4718 2481 4803 diem
2505 4717 2847 4771 habeamus.
2876 4740 2903 4766 ››
2927 4711 3177 4803 Octavus
3200 4719 3430 4774 Pascha:
3454 4722 3596 4788 dies,
3622 4738 3797 4803 quem

383 4780 552 4860 sonat
582 4800 646 4838 ac
675 4782 1165 4860 apetoxaaeatjvo
1197 4780 1354 4860 λαοῦ,
1378 4807 1405 4834 ‹‹
1432 4780 1596 4860 orare
1627 4803 1729 4856 pro
1760 4785 2034 4856 populo,»

2153 4809 2177 4838 ι(
2208 4788 2265 4841 ἱη
2318 4788 2484 4843 Albis
2517 4804 2875 4860 nivocamus,
2927 4789 3081 4860 apud
3134 4790 3362 4845 Graecos
3418 4813 3439 4840 ιι
3498 4780 3796 4848 Dominica

371 4857 533 4935 _qu0_d_
564 4858 716 4935 apud
743 4856 1015 4935 eumdem
1040 4856 1393 4935 Gregorium
1412 4859 1718 4935 reperitur.
1743 4859 2030 4914 Caeterum
2146 4876 2343 4935 nova»
2378 4859 2807 4935 appellabatur.
2838 4856 2998 4935 Hanc
3030 4862 3389 4935 Dominicam
3425 4863 3639 4935 insigni
3672 4881 3797 4919 ora-

371 4927 430 4981 in
483 4927 701 4982 Monito
755 4928 1128 5005 probavimus
1159 4927 1503 5001 Gregorium
1557 4930 1849 4985 seniorem
1910 4947 2025 4987 non
2143 4931 2302 5005 tione
2334 4927 2647 5005 celebravit
2675 4932 3006 5005 Gregorius.
3040 4932 3181 4987 Vide
3212 4934 3306 4988 Or.
3341 4950 3488 4991 κων.

370 5016 702 5077 vere‘sacra
734 5000 1049 5077 peregisse.
1097 5074 1119 5077 Α
1242 5067 1254 5077 _
1477 5069 1486 5077 _
1624 5069 1676 5077 __
1913 5072 1990 5077 ___

2201 5004 2327 5077 _(33)
2360 5002 2477 5077 Καί
2514 5004 2607 5077 μοί
2642 5023 2705 5077 ,τι
2754 5000 2931 5077 τόὖτο.
2973 5008 3141 5077 Deest
3188 5025 3244 5077 τι
3292 5005 3348 5059 in
3406 5005 3544 5077 Reg.
3587 5005 3707 5076 bm,
3741 5011 3800 5063 et

448 5071 559 5141 (29)
610 5067 1003 5147 'Emindlv'_ti
1034 5074 1154 5147 ftﬁc
1207 5067 1550 5147 εὐχαριστίας
1612 5069 1848 5147 ῥήματα.
1913 5072 2031 5147 Bil-

2153 5067 2332 5131 lribus
2364 5067 2524 5147 Colb:
2558 5074 2729 5147 Coisl_.
2765 5076 3005 5147 thabet
3041 5073 3129 5127 καί
3158 5074 3244 5129 τοί
3282 5097 3324 5129 τι
3354 5067 3542 5129 τοῦτῦ.

375 5140 491 5197 lius
526 5140 594 5218 τῇ(
628 5161 765 5218 cum»
809 5143 1175 5218 eucharistiae
1207 5140 1381 5199 verba
1412 5140 1620 5218 effatus
1651 5140 1825 5218 eeset.
1858 5165 1893 5218 »_
1914 5144 2029 5200 Ve-

2213 5149 2323 5217 (34)
2355 5146 2637 5217 Θαύματος
2665 5145 2768 5199 οὐκ
2797 5146 3141 5218 ἀτιμότερον.
3174 5148 3267 5203 Sic
3301 5149 3439 5218 Reg.
3476 5150 3595 5203 bm.
3622 5149 3716 5204 Or.
3747 5153 3793 5218 1,

377 5231 505 5291 ru_m
543 5214 802 5291 in_not_i_s
846 5216 1137 5291 _observat.
1173 5230 1275 5291 per
1310 5237 1337 5265 «
1368 5216 1733 5291 eucharistiae
1781 5215 2028 5291 verba,»
2138 5214 2283 5289 Jes.,
2318 5224 2426 5275 etc.
2460 5214 2551 5274 Sir.
2584 5221 2706 5291 ipse
2751 5214 2900 5291 legit
2937 5214 3163 5287 Billius,
3199 5222 3309 5275 etsi
3361 5214 3458 5273 οὒκ
3515 5223 3573 5275 in
3623 5214 3796 5277 editis

378 5284 466 5340 vel
496 5302 563 5339 ea
608 5285 860 5358 intelligi
911 5304 1105 5357 posse,
1139 5285 1352 5354 quibus
1400 5287 1759 5343 consecratio
1808 5288 2030 5358 perﬁci-
2141 5284 2312 5346 desit.

374 5361 503 5437 tur;
538 5354 623 5411 vel
655 5374 740 5423 ea,
777 5354 993 5426 quib—us
1037 5354 1146 5437 sub
1200 5358 1386 5413 Missae
1437 5360 1609 5437 linem
1643 5377 1676 5414 a
1706 5354 2027 5437 sacerdote,

2153 5434 2175 5437 _
2210 5362 2324 5437 (35)
2356 5356 2710 5437 έΑν-αϐαθμῶν
2739 5359 3143 5437 *ἐπαναχθείστμ
3193 5366 3332 5434 Reg.
3385 5363 3506 5432 bm,
3542 5362 3788 5437 βαθμῶν.

373 5427 445 5506 οἱ)
486 5436 926 5506 sacrosanctum
975 5429 1237 5506 epulum,
1270 5435 1391 5506 _Deo.
1430 5430 1630 5503 gratiee
1682 5427 2024 5506 agebantur;

2153 5427 2311 5489 30ile
2350 5436 2399 5491 1.
2435 5427 2899 5506 ἐπαναδιιχθέισῃ.

371 5498 502 5576 llaec
538 5500 826 5576 posterior
857 5498 1140 5576 expositio
1172 5501 1305 5576 ipsi,
1341 5501 1414 5576 ob
1436 5498 1532 5571 ea,
1568 5518 1693 5576 quae
1724 5498 1797 5556 de
1828 5505 2027 5576 populi

2209 5507 2320 5573 (36)
2356 5505 2468 5571 Τὴν
2502 5498 2806 5560 κοινωνίαν.
2840 5498 3014 5559 Cois].
3048 5507 3096 5568 1,
3124 5502 3194 5576 τῇ
3225 5502 3501 5573 κοινωνίᾳ.

374 5568 779 5650 benedictione
826 5568 958 5626 moi
1004 5568 1311 5645 subjungit
1342 5568 1679 5645 Gregorius,
1713 5568 2027 5646 magis—ar-
2148 5646 2171 5650 Α
2208 5568 2321 5648 (37)
2352 5568 2705 5650 Καρτερικῆς,
2741 5578 2833 5631 Sic
2865 5579 3009 5650 Reg.)
3033 5568 3299 5648 bm,'tres
3327 5568 3510 5642 (301b,,
3532 5574 3707 5631 Cois].
3733 5578 3786 5641 1,

375 5640 634 5723 “492-.-.
748 5711 757 5723 .
988 5713 1010 5723 -
1114 5640 1131 5645 ⁷
1231 5640 1350 5723 ⁷...
1459 5640 1485 5645 ⁷
1614 5640 1671 5723 ,⁷
1815 5640 1843 5646 ⁷

2153 5640 2317 5723 ³τῇξὲ
2351 5640 2459 5723 βιό·
2479 5640 2559 5723 ,ἰὴ
2591 5640 2705 5723 edo.
2735 5640 3074 5723 ωρτερξιῆςε

589 5711 955 5788 Προσέμινος.
988 5713 1053 5775 In
1084 5714 1409 5790 nonnullis,
1438 5714 1820 5794 προσιέμενος.

2153 5665 2233 5703 Jr.
2266 5665 2317 5716 1,
2351 5665 2459 5704 etc.
2500 5665 2559 5704 in
2591 5665 2705 5720 eu.,
2735 5665 3074 5778 καρτερινης,

2208 5720 2322 5793 (38)
2350 5719 2436 5777 Ἠ.
2471 5720 2564 5779 Slc
2596 5721 2691 5779 Or.
2722 5723 2772 5779 1.
2835 5738 2872 5777 n
2903 5721 3020 5793 ed.,
3050 5718 3106 5791 ἢ.
