4090 6478
257 416 411 481 1023

1494 426 1561 489 8.
1609 425 1983 488 GREGORII
2025 425 2420 489 THEOLOGI

3509 426 3671 489 1024

252 557 322 609 ut
376 552 517 610 olim
573 554 795 626 lsraeli,
846 560 950 629 agt
992 563 1219 630 petram
1254 560 1550 632 frangens,
1581 563 1648 613 ut
1679 557 1899 614 sitienti
1930 608 1938 625 λ

2052 576 2141 630 ραν
2196 555 2379 634 ῥήξας,
2433 556 2527 613 ’ίνα
2582 559 2798 635 πηγάσῃ
2855 556 2973 630 λαῷ
3032 556 3300 632 διψῶντι·
3359 559 3396 628 ἢ
3447 557 3664 634 κόραξιν

256 642 470 713 p0pulc
502 660 718 715 aquam
752 646 1022 703 funderet
1041 649 1103 718 ⁷⁵,
1137 654 1239 703 aut
1271 666 1372 721 per
1401 665 1601 705 corvos
1633 664 1903 720 pascens,

260 736 325 785 ut
355 732 522 789 illum
554 733 737 789 Ellam
770 736 835 803 ⁷⁸,
889 741 992 792 aut
1044 754 1143 808 per
1186 739 1528 810 prophetam
1562 738 1621 792 in
1655 737 1909 794 sublime

261 826 497 891 raptum
529 821 775 894 satians,
808 830 873 878 ut
899 824 1197 881 Danielem
1242 831 1431 896 antea,
1468 843 1601 882 cum
1648 827 1800 881 fame
1848 826 1909 880 in

262 908 394 964 lacu
426 917 791 982 premeretur
819 915 881 967 π.
934 915 1195 978 Quonam
1226 916 1408 989 igitur
1437 918 1656 971 modo?
1702 917 1909 971 Visum

262 1002 353 1054 est
384 999 518 1069 ipsi,
553 1016 667 1069 me,
707 1018 880 1071 quem
930 1002 1344 1060 charissimum
1394 1006 1645 1062 habebat
1702 1008 1912 1076 (neque

263 1087 420 1144 enim
442 1105 797 1160 queinquam
825 1090 1004 1146 alium
1029 1098 1319 1161 nostrum,
1345 1111 1418 1149 ne
1449 1095 1507 1150 in
1538 1094 1762 1150 somnis
1785 1093 1913 1164 qui-

265 1177 419 1244 dem,
446 1178 591 1232 mihi
622 1181 1003 1251 praeterebat),
1033 1188 1205 1237 noctu
1239 1188 1476 1256 repente
1505 1183 1916 1255 supervenien-

266 1269 406 1332 tem,
439 1282 573 1321 cum
605 1267 882 1332 canistro,
914 1270 1286 1344 panibusque
1324 1273 1618 1345 imprimis
1650 1273 1917 1329 candidis

266 1371 372 1427 pro
403 1371 530 1411 meo
562 1372 722 1411 more
754 1358 1096 1428 benedictis,
1131 1367 1304 1433 atque
1333 1379 1504 1418 cruce
1533 1362 1914 1435 consignatis,

269 1459 398 1499 eam
429 1443 666 1513 aluisse,
698 1451 756 1501 et
788 1448 1171 1521 confcrtasse,
1202 1468 1269 1506 ac
1300 1452 1384 1507 sic
1414 1452 1562 1509 vires
1591 1452 1917 1525 collegisse.

268 1532 338 1589 Et
368 1538 523 1589 certe
555 1540 845 1591 nocturna
874 1536 974 1593 illa
1002 1537 1147 1595 visio
1177 1542 1440 1597 veritatis
1470 1558 1619 1613 opus
1661 1546 1803 1597 erat.
1836 1543 1919 1596 Ab

266 1638 334 1678 eo
365 1623 519 1678 enim
553 1634 815 1697 tempore
846 1627 918 1681 ad
967 1644 1030 1683 se
1059 1630 1251 1697 rediit,
1285 1648 1568 1703 spemque
1620 1630 1920 1687 meliorem

270 1712 553 1782 concepit.
590 1714 653 1768 Id
692 1719 891 1771 autem
922 1723 1122 1788 aperto
1151 1724 1207 1774 et
1238 1721 1546 1792 perspicuo
1576 1726 1923 1792 argumento

271 1801 654 1857 manifestum
687 1810 794 1859 est.
829 1810 976 1861 Nam
1009 1823 1144 1862 cum
1178 1809 1458 1879 postridie
1490 1826 1662 1865 mane
1690 1811 1761 1864 ad
1794 1825 1920 1865 eam

2015 646 2282 715 ἑστιάσας,
2316 647 2390 709 ὡς
2421 646 2513 702 τὸν
2554 645 2745 705 Ἡλιαν
2781 647 3004 703 ἐκεῖνον·
3035 649 3071 717 ἢ
3103 650 3360 726 προφήτῃ
3395 648 3667 722 μεταρσίῳ

2015 736 2266 810 κορέσας,
2325 737 2400 798 ὡς
2450 738 2541 791 τὸν
2588 735 2793 804 Δανιὴλ
2840 737 3106 812 πρότερον
3160 736 3211 793 έν
3247 738 3435 809 λάκκῳ
3463 735 3672 808 λιμώτ-

2014 845 2195 880 τοντα.
2219 824 2346 878 Τίνα
2378 824 2435 879 δὲ
2462 825 2663 901 τρόπον
2691 844 2704 893 ;
2738 823 2956 895 Ἔδοξεν
2990 825 3088 898 ἐμὲ
3136 827 3227 880 τὸν
3279 825 3414 890 αὐτῆ
3479 823 3672 901 φίλτα-

2017 934 2109 969 τον
2162 916 2517 989 (προετιμᾶτο
2566 914 2669 990 γάρ
2713 917 2874 987 ἡμῶν
2921 912 3092 976 ἄλλος
3135 917 3250 984 (39)
3291 912 3403 969 οὐδ’
3437 913 3487 969 ἰν
3525 913 3669 967 ὀνεί-

2023 1006 2144 1079 ρῳ),
2177 1004 2388 1075 ἀθρόως
2436 1003 2724 1059 ἐπιστάντα
2766 1004 2975 1073 νυκτὸς,
3030 1004 3164 1077 μετὰ
3209 1008 3393 1071 κανοῦ,
3444 1004 3532 1057 καὶ
3579 999 3672 1077 ἅρ-

2019 1113 2129 1147 των
2185 1098 2292 1147 τῶν
2347 1092 2773 1167 λαμπροτάτων,
2825 1092 3182 1165 ἐπευξάμενόν
3240 1113 3297 1147 τε
3327 1092 3533 1163 αὐτοῖς,
3584 1090 3675 1145 καὶ

2025 1181 2407 1259 σφραγίσαντα,
2461 1182 2639 1256 ὥσπερ
2690 1182 2849 1259 φίλον
2901 1185 3059 1253 ἡμῖν,
3110 1181 3298 1258 θρέψαι
3347 1202 3405 1236 τε
3446 1180 3535 1235 καὶ
3570 1180 3676 1255 ῥῶ-

2026 1292 2138 1340 σαι,
2183 1275 2271 1325 καί
2320 1277 2640 1346 συναγαγεῖν
2686 1273 2784 1341 τὴν
2837 1269 3085 1344 δύναμιν.
3137 1271 3234 1324 Καὶ
3280 1273 3314 1339 ἡ
3357 1276 3458 1338 τῆς
3489 1269 3681 1330 νυκτὸς

2028 1357 2175 1434 ὄψις,
2224 1359 2377 1436 ἔργον
2424 1363 2489 1429 ἧν
2544 1360 2804 1430 ἀληθείας
2832 1380 2843 1392 ·
2898 1359 2947 1433 ἐξ
2979 1359 3184 1414 ἐκείνου
3216 1361 3318 1435 γὰρ
3348 1360 3540 1427 ἑαυτῆς
3591 1360 3678 1433 γί-

2027 1471 2170 1505 νεται
2217 1450 2308 1504 καὶ
2354 1456 2454 1519 τῆς
2504 1450 2876 1524 χρηστοτέρας
2937 1445 3199 1511 ἐλπίδος·
3261 1452 3338 1519 τῷ
3391 1451 3556 1502 τοῦτο
3590 1443 3685 1514 δῆ-

2030 1536 2127 1594 λον
2162 1541 2273 1612 (40)
2304 1538 2514 1613 έναργεῖ
2541 1539 2630 1593 καὶ
2661 1542 2874 1616 φανερῷ
2928 1540 3039 1607 (41)
3081 1535 3442 1613 γνωρίσματι.
3502 1536 3681 1589 Ἐπει-

2032 1626 2099 1695 δὴ
2131 1628 2231 1704 γὰρ
2260 1634 2361 1697 τῆς
2392 1630 2602 1703 ἡμέρας
2649 1622 3043 1696 ἐπιλαϐούσης,
3105 1625 3356 1681 εἰσελθὼν
3397 1624 3520 1679 τότε
3548 1624 3684 1701 πρὸς

2032 1717 2200 1787 αὐτὴν
2262 1712 2501 1793 ὄρθριος,
2560 1720 2777 1790 πρῶτον
2834 1717 2927 1789 μὲν
2980 1714 3334 1794 φαιδροτέραν
3382 1715 3417 1783 ἢ
3450 1713 3680 1788 πρόσθεν

2034 1805 2357 1880 ἐθεασάμην·
2418 1804 2621 1879 ἔπειτα,
2670 1810 2787 1867 πῶς
2833 1808 2869 1874 ἠ
2929 1804 3043 1875 νὺξ,
3074 1804 3164 1859 καὶ
3196 1803 3322 1858 ὅτου
3356 1801 3555 1871 δέοιτο,
3616 1803 3684 1857 τὰ

269 1888 599 1962 ingressus,
632 1893 889 1964 primum
923 1895 1257 1953 hilariorem
1305 1913 1456 1966 eam,
1504 1915 1682 1969 quam
1732 1903 1923 1954 antea.

2052 1898 2239 1966 ξυνήθη
2305 1894 2368 1964 δὴ
2425 1900 2592 1951 ταῦτα
2649 1894 3064 1966 ἐπυνθανόμην·
3154 1892 3229 1947 Σύ
3292 1914 3358 1966 με
3433 1890 3681 1965 ἔθρεψας,

272 1980 709 2051 conspexissem
735 2000 748 2050 ;
781 1984 992 2041 deinde
1022 1984 1143 2040 hac
1174 1993 1460 2044 consueta
1490 2004 1502 2042 :
1549 1987 1622 2044 Ut
1652 2006 1712 2044 se
1747 1992 1917 2043 noctu

269 2067 597 2135 habuisset,
627 2087 811 2142 ecqua
860 2090 920 2128 re
965 2091 1114 2146 cpus
1166 2077 1422 2144 haberet,
1475 2078 1917 2149 quaesivissem;

269 2158 357 2214 Tu
390 2174 507 2226 me,
542 2162 844 2230 respondit
873 2162 995 2232 illa,
1047 2181 1078 2218 o
1129 2165 1228 2232 ﬁli,
1286 2173 1555 2239 prompte
1601 2169 1920 2223 admodum

273 2263 339 2303 ac
372 2247 618 2319 benigne
649 2248 866 2320 aluisti,
892 2257 949 2307 et
981 2259 1181 2324 postea
1214 2272 1405 2327 rogas,
1428 2257 1634 2327 ecquid
1659 2257 1926 2313 valeam?

272 2352 552 2408 perquam
577 2340 807 2410 egregie
835 2346 893 2395 et
918 2343 1113 2412 quieta
1143 2349 1355 2400 mente.
1384 2346 1687 2417 Simulque
1716 2346 1925 2417 capitis

272 2428 423 2480 nutu
456 2425 599 2480 mihi
629 2428 852 2484 ancilla
883 2430 1314 2501 signiﬁcabant,
1345 2451 1416 2490 ne
1445 2435 1926 2501 contradicerem,

277 2513 381 2569 sed
415 2513 615 2570 statim
646 2532 989 2589 responsum
1027 2521 1129 2576 hoc
1159 2524 1503 2593 acciperem,
1529 2540 1620 2591 ne,
1646 2525 1932 2596 patefacta

276 2601 542 2668 veritate,
566 2620 814 2662 maerore
843 2615 1337 2668 consternaretur.
1362 2612 1555 2669 Unum
1586 2614 1779 2670 adhuc
1811 2630 1932 2670 am-

277 2690 468 2747 bobus
500 2709 813 2751 commune
846 2697 1189 2770 adiungam.

352 2780 548 2837 XXXI.
584 2783 729 2839 Cum
760 2783 1112 2844 Alexandria
1163 2807 1264 2862 per
1320 2808 1482 2848 mare
1519 2792 1931 2850 Parthenicum

279 2868 343 2925 in
373 2869 654 2928 Graeciam
685 2874 1019 2946 navigarem
1061 2878 1430 2950 (navigabam
1464 2888 1658 2938 autem
1690 2885 1748 2938 in
1779 2882 1933 2954 {Egi-

284 2975 411 3014 neea
442 2960 595 3030 navi,
628 2961 1036 3035 intempestivo
1069 2984 1309 3037 prorsus
1347 2974 1627 3043 tempore,
1678 2977 1742 3027 ut
1789 2973 1935 3027 mihi

285 3047 370 3104 sic
399 3050 686 3106 suadebat
709 3053 1037 3125 cupiditas;
1070 3074 1206 3113 nam
1238 3060 1295 3115 id
1320 3076 1412 3115 me
1442 3062 1528 3116 vel
1552 3064 1805 3117 maxime
1825 3063 1937 3117 im-

285 3136 556 3209 pellebat,
593 3141 749 3211 quod
805 3142 863 3197 in
917 3150 1128 3202 nautas
1168 3148 1315 3203 mihi
1347 3149 1666 3207 familiares
1695 3152 1936 3207 incidis-

285 3226 476 3297 sem);
527 3229 681 3285 852
726 3246 883 3299 cum,
915 3233 1177 3305 inquam,
1212 3239 1568 3311 navigarem,
1602 3240 1937 3312 paululum-

2032 1985 2218 2063 φησὶν,
2273 1985 2319 2039 ὧ
2371 1985 2581 2053 τέκνον,
2644 1982 2791 2056 μάλα
2849 1981 3084 2055 ἑτοίμως
3119 1982 3208 2036 καὶ
3258 1981 3682 2059 φιλανθρώπως,

2031 2072 2220 2130 ἔπειτα
2268 2072 2471 2146 ἐρωτᾷς
2528 2073 2613 2143 τὸ,
2668 2078 2786 2135 πῶς
2844 2070 3069 2148 ἔχοιμι;
3113 2070 3233 2126 λίαν
3266 2069 3450 2133 καλῶς
3478 2090 3538 2126 τε
3593 2068 3685 2124 καὶ

2030 2163 2287 2240 γαληνῶς
2344 2165 2476 2237 (42).
2538 2163 2635 2217 Καὶ
2693 2162 2806 2235 ἅμα
2862 2160 3143 2216 κατένευον
3202 2161 3257 2214 αἱ
3305 2157 3687 2235 θεραπεῦτριαι

2031 2254 2168 2329 πρὸς
2199 2257 2359 2308 τοῦτο
2396 2254 2471 2325 μὴ
2508 2251 2841 2323 ἀντιτείνειν,
2876 2248 3002 2305 ἀλλ’
3034 2250 3269 2322 ἑτοίμως
3304 2246 3552 2324 δέχεσθαι
3590 2247 3691 2315 τὴν

2034 2342 2339 2418 ἀπόκρισιν·
2421 2342 2497 2415 μὴ
2565 2340 2766 2413 ἀθυμίᾳ
2838 2333 3235 2411 καταϐληθείη,
3308 2334 3693 2413 γυμνωθείσης

2033 2439 2133 2502 τῆς
2172 2431 2449 2502 ἀληθείας.
2483 2434 2577 2486 Ἕν
2607 2427 2681 2485 ἔτι
2715 2431 3014 2504 προσθήσω
3051 2432 3159 2483 τῶν
3208 2432 3398 2484 κοινῶν
3448 2425 3692 2505 ἀμφοτέ-

2040 2542 2175 2599 ροις.

2114 2793 2242 2847 ΛΔ’.
2277 2785 2506 2843 Πλέοντί
2541 2807 2633 2860 μοι
2689 2784 2753 2842 τὰ
2809 2785 3129 2862 Παρθενικὸν
3173 2785 3287 2858 (43)
3318 2780 3558 2858 πέλαγος
3592 2780 3697 2836 ἀπὸ

2040 2886 2142 2949 τῆς
2194 2874 2616 2953 Ἀλεξανδρέων,
2668 2875 2755 2931 ἐπὶ
2805 2878 2905 2945 τὴν
2956 2872 3215 2930 Ἐλλάδα·
3250 2871 3442 2929 ἔπλεον
3479 2870 3536 2927 δὲ
3564 2891 3698 2925 παν-

2043 2967 2220 3029 τελῶς
2268 2964 2369 3037 ἔξω
2415 2972 2516 3036 τῆς
2566 2964 2734 3041 ὥρας,
2781 2964 2925 3020 οὕτω
2954 2969 3051 3020 τοῦ
3080 2964 3248 3019 πόθου
3280 2962 3578 3029 πείθοντος,
3613 2957 3702 3014 ἐπὶ

2046 3058 2178 3125 νηὸς
2212 3055 2505 3132 Αἰγιναίας·
2536 3060 2700 3110 τοῦτο
2731 3054 2836 3131 γάρ
2871 3074 2938 3127 με
2969 3054 3059 3108 καὶ
3095 3051 3329 3126 μάλιστα
3371 3049 3703 3126 προῦτρεψεν

2048 3147 2124 3209 ὡς
2176 3146 2395 3206 οἰκείοις
2451 3142 2871 3221 προσδραμόντα
2932 3148 3048 3204 τοῖς
3108 3142 3312 3212 ἄξουσι·
3372 3137 3596 3194 πλέοντι
3653 3135 3701 3191 δ’

2053 3233 2169 3305 οὗν,
2202 3236 2276 3298 ὡς
2313 3233 2500 3309 ὀλίγον
2536 3234 2877 3309 ἀνήχθημεν,
2913 3230 3086 3294 δεινὸς
3119 3229 3414 3304 συμπίπτει
3468 3227 3707 3302 χειμὼν,

288 3330 404 3386 que
425 3316 552 3386 jam
584 3320 1103 3390 processissemus,
1136 3327 1328 3397 gravis
1379 3333 1698 3399 tempestas
1744 3334 1938 3384 exorta

2052 3301 2163 3381 καὶν
2199 3324 2313 3379 οἷον
2369 3301 2484 3396 (4.4)
2538 3301 2891 3396 μήηπολλῶν
2937 3301 3199 3397 πρότερον
3236 3301 3593 3393 μνημονεόειν
3628 3317 3709 3370 εἴ·

288 3408 398 3471 est,
444 3411 502 3461 et
549 3408 750 3478 quales
781 3408 938 3465 haud
973 3412 1189 3470 multas
1223 3416 1386 3487 prius
1418 3418 1848 3485 meminissent,
1883 3422 1948 3474 ut

288 3492 544 3564 aiebant,
578 3497 677 3567 qui
711 3514 939 3555 mecum
975 3501 1353 3560 vehebantur.
1404 3507 1501 3562 Hic
1551 3524 1688 3562 cum
1741 3524 1947 3563 omnes

288 3599 663 3641 communem
697 3592 942 3645 mortem
978 3597 1326 3663 metuerent,
1361 3596 1503 3651 mihi
1539 3602 1741 3652 contra
1790 3614 1948 3653 mors

291 3672 501 3729 animaa
533 3678 817 3746 majorem
850 3680 1223 3738 formidinem
1257 3684 1555 3741 afferebat.
1604 3687 1667 3741 In
1720 3688 1948 3759 pericu-

289 3759 416 3816 lum
450 3763 609 3820 enim
641 3764 823 3821 miser
851 3784 1146 3842 veneram,
1181 3789 1253 3828 ne
1284 3790 1397 3829 non
1436 3774 1706 3831 initiatus
1753 3793 1784 3831 e
1832 3775 1953 3832 vita

294 3850 680 3920 discederem,
715 3856 1081 3921 spiritualem
1114 3878 1331 3932 aquam
1369 3864 1522 3920 inter
1572 3865 1847 3922 exitiosae
1896 3871 1953 3921 et

293 3942 631 3998 mortiferas
660 3961 847 4000 [Inuus
894 3948 1256 4007 desiderans.
1309 3955 1384 4007 Ac
1434 3954 1679 4025 proinde
1735 3955 1953 4011 clama-

292 4029 454 4096 bam,
489 4032 892 4101 obsecrabam,
924 4037 1095 4093 breve
1136 4042 1433 4111 quoddam
1484 4044 1765 4115 temporis
1818 4060 1952 4115 spa-

294 4118 444 4174 tium
468 4123 808 4193 expetebam
835 4141 847 4180 :
880 4127 1328 4186 conclamabant
1347 4133 1546 4197 etiam,
1571 4133 1630 4188 in
1654 4134 1955 4189 communi

297 4207 433 4263 licet
461 4211 590 4266 vita:
621 4212 994 4281 descrimine,
1029 4217 1129 4287 qui
1161 4219 1337 4275 simul
1373 4220 1747 4292 navigabant,
1782 4221 1867 4276 sic
1896 4226 1959 4277 ut

299 4314 407 4352 nec
436 4299 680 4368 quidam
734 4318 764 4356 e
811 4306 1159 4361 necessariis
1196 4324 1378 4379 asque,
1412 4309 1659 4365 humani
1690 4310 1959 4365 videlicet

302 4385 586 4459 ho.~pites,
620 4394 795 4460 atque
825 4406 894 4446 ex
940 4394 1216 4463 periculis
1268 4398 1339 4452 ad
1389 4399 1960 4454 commiserationem

301 4474 536 4530 eruditi.
569 4478 682 4532 Hoc
712 4495 883 4549 porro
916 4496 1022 4553 ego
1053 4483 1290 4553 quidem
1324 4486 1610 4558 patiebar,
1642 4487 1960 4559 compatie-

299 4562 522 4618 bantur
551 4569 745 4620 autem
778 4574 1051 4638 parentes
1082 4571 1219 4643 mei,
1252 4590 1356 4645 per
1384 4580 1738 4631 nocturnum
1768 4576 1961 4631 visum

2054 3435 2179 3491 χον,
2213 3413 2287 3474 ὡς
2315 3408 2571 3491 ῐφασκον,
2606 3413 2659 3466 o't
2690 3410 3084 3484 συμπλέοντες.
3128 3410 3348 3464 Πάντων
3385 3405 3440 3462 δὲ
3467 3407 3558 3461 τὸν
3592 3426 3708 3491 κοι-

2055 3489 2141 3559 νδν
2175 3489 2393 3557 θάνατον
2430 3498 2777 3573 δεδοικότων,
2821 3501 2849 3553 ὁ
2878 3507 2979 3569 τῆς
3020 3503 3206 3575 ψυχῆς
3250 3500 3313 3566 ἦν
3365 3497 3489 3570 ἐμοὶ
3547 3489 3709 3573 φοϐε-

2061 3594 2317 3670 ρώτερος.
2376 3588 2748 3646 Ἐκινδῦνευον
2806 3590 2907 3667 γὰρ
2939 3588 3129 3652 ἅθλιος
3160 3584 3417 3642 ἀπελθεῖν
3475 3584 3561 3640 καὶ
3592 3583 3709 3638 ἀτέ-

2060 3683 2270 3753 λεστος,
2319 3685 2505 3745 ποθῶν
2554 3680 2617 3735 τὸ
2664 3679 3024 3752 πνευματικὸν
3067 3675 3212 3753 ὕδωρ
3244 3676 3295 3731 ἐν
3323 3680 3439 3736 τοῖς
3473 3676 3713 3753 φονικοῖς

2061 3769 2237 3827 ὕδασι.
2291 3769 2388 3824 Καὶ
2437 3772 2550 3843 (45)
2597 3766 2687 3823 διὰ
2727 3773 2890 3824 τοῦτο
2941 3763 3137 3840 ἐϐόων,
3186 3764 3443 3836 ἱκέτευον,
3488 3761 3713 3818 ἐπόθουν

2067 3861 2263 3937 μικρὰν
2324 3858 2683 3935 προθεσμίαν·
2735 3857 2825 3912 καὶ
2884 3851 3149 3911 συνεϐόων
3211 3855 3263 3908 οἱ
3322 3850 3713 3923 συμπλέοντες,

2060 3949 2151 4004 καὶ
2180 3953 2342 4004 τοῦτο
2375 3947 2426 4003 έν
2458 3953 2575 4009 τοῖς
2606 3951 2811 4008 κοινοῖς
2841 3944 3134 4014 κινδύνοις,
3184 3943 3258 4005 ὡς
3291 3939 3416 3997 οὐδὲ
3446 3946 3551 3995 τῶν
3602 3939 3718 3993 ἐπι-

2063 4036 2295 4109 τηδείων
2345 4037 2510 4107 τινὲς,
2563 4036 2701 4106 ξένοι
2754 4032 3155 4112 φιλάνθρωποι,
3205 4033 3269 4087 τὸ
3302 4034 3581 4106 συναλγεῖν
3618 4048 3717 4101 μα-

2064 4126 2248 4189 θόντες
2308 4125 2367 4181 ἐκ
2419 4129 2527 4180 τῶν
2588 4122 2875 4179 κινδύνων.
2930 4127 3099 4177 Τοῦτο
3156 4118 3393 4197 ἔπασχον
3448 4119 3540 4192 μὲν
3587 4117 3716 4192 ἐγὼ,

2067 4212 2404 4290 συνέπασχον
2457 4212 2514 4269 δὲ
2558 4215 2611 4268 οἱ
2656 4214 2999 4288 γεννήτορες,
3050 4209 3139 4266 διὰ
3183 4215 3499 4285 νυκτερινῆς
3531 4226 3721 4285 φαντα-

2068 4304 2188 4366 σίας
2214 4308 2311 4359 τοῦ
2341 4300 2596 4359 κινδύνου
2631 4300 2974 4376 μετέχοντες,
3007 4298 3097 4354 καὶ
3129 4300 3234 4354 ἀπὸ
3281 4305 3388 4373 γῆς
3438 4292 3715 4367 ἐϐοήθουν,

2068 4396 2175 4448 τῶν
2238 4393 2495 4465 κυμάτων
2553 4389 2618 4445 δι’
2675 4389 2845 4466 εὐχῆς
2896 4385 3312 4460 κατεπᾴδοντες,
3372 4387 3445 4448 ὡς
3502 4384 3714 4460 ὕστερον

2071 4476 2445 4555 συμϐαλόντες
2504 4478 2743 4557 ἔγνωμεν
2801 4480 2891 4534 τὸν
2944 4479 3154 4555 καιρὸν,
3205 4476 3363 4547 ἢνίκα
3411 4473 3722 4544 ἐπανήλθο-

2077 4592 2192 4646 μεν.
2250 4574 2419 4627 Τοῦτο
2466 4576 2556 4626 καί
2585 4572 2723 4643 ἡμῖν
2756 4566 3031 4641 ἐδήλωσεν
3060 4567 3224 4630 ὕπνος
3256 4567 3548 4639 σωτήριος,
3581 4563 3724 4618 ἐπει-

302 4652 566 4725 periculo
589 4655 1030 4728 participanles,
1054 4668 1232 4731 atque
1252 4679 1283 4718 e
1304 4669 1460 4719 terra
1481 4680 1650 4735 cpem
1674 4664 1938 4722 terebant

2070 4658 2137 4733 δή
2195 4681 2331 4717 ποτε
2375 4664 2565 4718 τοῦτον
2600 4656 2864 4737 ἔγνωμεν,
2899 4657 3092 4732 μικρόν
3124 4656 3410 4718 ὑπανέντος
3448 4657 3548 4710 τοῦ
3594 4650 3728 4707 κλύ-

303 4742 421 4798 vim
457 4742 747 4800 ﬂuctuum
778 4746 1052 4818 precibus
1074 4750 1237 4807 velut
1263 4753 1654 4822 incantantes,
1680 4755 1964 4826 quemad-

2076 4753 2269 4815 δωνος.
2327 4750 2604 4827 Ἐριννύος
2655 4751 2771 4824 (46)
2828 4747 3085 4825 ἰκράτουν
3137 4746 3267 4824 ἆγὼ,
3308 4739 3539 4823 φοϐερὸν
3603 4740 3726 4817 βλε-

378 4898 422 4934 τδ
453 4898 632 4956 Exod.
660 4916 800 4969 xvn,
829 4901 884 4956 6.
961 4903 1005 4938 7°
1036 4904 1112 4960 ΙΙΙ
1144 4904 1285 4979 Reg.
1319 4922 1459 4977 xvn,
1489 4908 1544 4964 6.
1621 4910 1664 4944 ⁷⁷
1694 4909 1841 4968 Dan.
1871 4927 1991 4979 xw,
2019 4908 2109 4967 33.

379 5061 487 5133 (39)
519 5059 750 5147 Ἄλλος.
784 5066 1144 5147 _Sic.‘_Regg.
1197 5088 1251 5141 a,
1302 5071 1426 5144 bm,
1476 5072 1651 5131 Coisl.
1685 5076 1737 5147 1,
1779 5073 1874 5132 Or.
1910 5075 1960 5147 1,

303 5132 604 5210 Bas_.,_etc.
639 5138 701 5191 In
734 5132 1090 5210 οᾶ.,,ἅλλωῖζ

379 5206 494 5287 (£0)
522 5209 610 5276 Τῷ
636 5212 797 5287 τοῦτο
836 5206 1042 5287 δῆλον.
1076 5214 1185 5269 Pro
1232 5216 1331 5286 τῷ,
1364 5217 1521 5287 quod
1576 5215 1724 5272 nihil
1758 5218 1853 5273 hic
1884 5218 1968 5273 8i-

352 5277 590 5333 niﬁcare

307 5292 590 5402 gmucare
646 5292 885 5366 potest,_
912 5292 1025 5341 nisi
1084 5292 1288 5353 addas,
1337 5307 1394 5362 γε

334 5352 486 5426 orte,
510 5348 620 5426 ".231,
656 5351 764 5418 vel,
792 5373 953 5426 19010
986 5353 1045 5410 δὶ
1076 5354 1203 5426 δῆλ.
1237 5359 1394 5414 EDIT.

529 5424 775 5505 εἴξανερῷ,
805 5424 976 5505 Cpisl.
1014 5430 1038 5483 1
1075 5419 1141 5505 et
1165 5429 1297 5505 Bas.
1333 5430 1556 5505 addunt
1595 5430 1857 5505 γενέσθαι.

362 5491 496 5571 ..(42)
530 5490 695 5578 Μάλά
731 5490 1124 5578 ἑτοίμως-,καὶ
1177 5490 1642 5578 φιλανθρῴπωςλ.
1667 5576 1675 5578 _
1700 5501 1819 5578 λίαν
1874 5521 1968 5578 κα-

315 5555 431 5646 λῶς
452 5555 520 5646 ,π
548 5562 636 5615 καὶ
669 5555 943 5646 γοεληνῶς.
972 5555 1050 5646 Ut
1082 5555 1236 5630 recte
1272 5555 1504 5632 incedat
1533 5555 1859 5646 6141116βῶ
1889 5574 1970 5630 le-

318 5632 571 5709 gendum
604 5632 931 5709 putamus,
991 5642 1124 5699 licet
1182 5646 1348 5701 codd.
1409 5653 1465 5702 et
1522 5648 1611 5703 ed.
1666 5632 1967 5702 habeant:

502 5698 852 5795 ὶτοίέωιςκαὶ
876 5698 1201 5795 γόιλτζνᾶὂς.ζ
1378 5698 1643 5795 καλῶς-τε
1668 5698 1973 5795 ἷιᾶἷῷᾇᾶν-

323 5774 577 5843 θρώπως.
634 5774 860 5849 Billius,
890 5774 1131 5846 'omissc
1169 5787 1279 5846 hoc
1326 5774 1635 5865 posteriori
1683 5774 1971 5865 membra,

2076 5072 2335 5144 primum
2366 5070 2439 5125 ad
2472 5071 2720 5124 matrem
2752 5066 3029 5137 referens,
3054 5065 3139 5121 sic
3165 5063 3341 5147 vertit
3373 5081 3386 5119 :
3416 5084 3443 5113 «
3465 5064 3730 5151 prompte

2078 5142 2396 5188 nrlmnrlnm
2430 5145 2487 5188 et
2505 5138 2826 5188 trannuilln
2846 5138 3082 5188 vultu.»
3103 5135 3260 5188 Elias
3290 5151 3393 5188 nro
3423 5133 3730 5188 φιλανθρω-

2077 5135 2399 5200 admodum
2430 5145 2487 5197 et
2505 5138 2826 5212 tranquillo
2846 5135 3082 5195 vultu.»
3103 5135 3260 5192 Elias
3290 5151 3393 5208 pro
3423 5135 3731 5211 φιλανθρώ-

2077 5234 2197 5275 πως
2228 5213 2406 5286 habet
2447 5209 2695 5286 ἡμέρως,
2720 5213 2874 5286 quod
2929 5211 3026 5286 ad
3052 5209 3239 5286 ﬁlium
3290 5207 3483 5286 refert.
3512 5206 3731 5261 Verum

646 5278 1028 5362 potest,_nis_i_
1080 5278 1604 5362 ρᾱιιίιιεᾙγὲνέσθαι,
1653 5290 1969 5360 legendum
2078 5287 2202 5343 haac
2234 5278 2907 5362 ultima_iverba'réctius
2939 5282 3210 5362 videntur
3240 5278 3446 5362 matris
3495 5292 3732 5362 respon-

2082 5376 2239 5424 sum,
2271 5375 2399 5430 qute
2442 5356 2823 5430 interrogata,
2853 5380 2873 5406 α
2910 5354 3206 5426 quomodo
3240 5369 3303 5408 se
3329 5351 3560 5420 haheat,
3586 5371 3615 5400 »
3647 5365 3733 5404 re-

2082 5428 2351 5504 spondet.
2388 5428 2755 5504 «‘Opti‘meL»

2298 5494 2651 5575 Παρθενικόν.
2816 5494 3221 5575 1,“Παρθένιον.

2152 5567 2266 5649 (44)
2301 5567 2647 5649 Οῖόνᾎζεεε,
2683 5567 2832 5649 οξίων.
2868 5567 3030 5649 E011.

2152 5638 2265 5715 (45)
2298 5642 2416 5699 Καί.
2448 5644 2542 5717 Sic
2558 5638 2667 5700 “or.
2694 5645 2772 5717 1.,
2790 5643 2963 5717 Deest
2992 5641 3051 5717 in
3076 5638 3174 5717 _ed.
3682 5707 3710 5717 ν

2177 5708 2262 5787 46)
2324 5713 2642 5791 Ἐριννύος.-
2684 5713 2915 5791 βοὴο1.,
2984 5708 3259 5783 Δαίμονος
3335 5708 3733 5780 τιμωρητικοῦ,

2083 5811 2111 5842 «ι
2146 5785 2473 5848 ᾶωωοιλὸω
2504 5785 2823 5847 crudelem.
2849 5806 2878 5835 υ
