4090 6426
330 446 483 507 1025

327 578 558 647 πούσης,
607 576 696 631 καὶ
740 572 1073 643 ἀπειλούσης
1123 572 1213 626 τὸν
1265 569 1508 626 κίνδυνον
1546 590 1557 601 ·

328 670 463 739 ἡμῖν
499 670 679 743 σαφῶς
713 667 747 733 ἡ
779 663 869 733 νὺξ
905 661 1223 737 ὑπέγραψεν.
1256 659 1471 722 ’Ἀλλος
1521 657 1693 714 ἐδόκει
1734 663 1843 714 τῶν
1888 657 1985 731 ἐμ-

332 755 608 811 πλεόντων
643 754 731 823 (ἦν
767 750 824 806 δὲ
854 756 980 812 παῖς
1011 752 1124 822 (47)
1170 753 1277 803 τῶν
1330 747 1692 803 εὐνουστάτων
1744 746 1867 819 ἐμοὶ
1899 745 1989 801 καί

335 844 632 922 φιλτάτων,
666 841 753 895 καὶ
798 838 1315 914 ὑπεραγωνιώντων,
1367 837 1541 899 οὕτως
1591 836 1860 911 ἔχοντος),
1892 836 1991 903 τὴν

341 921 550 1007 μητέρα
601 932 701 998 τὴν
751 929 886 1002 ἐμὴν
942 921 1199 982 ἐπιϐᾶσαν
1243 933 1344 995 τῆς
1396 924 1689 995 θαλάσσης,
1746 926 1835 979 καὶ
1888 931 1989 993 τῆς

338 1023 469 1092 νηὸς
502 1015 815 1092 λαϐομένην
854 1016 1085 1087 ἐξέλκειν
1120 1014 1321 1082 ταύτην
1356 1014 1442 1089 ἐπὶ
1492 1017 1590 1083 τήν
1644 1020 1769 1088 γῆν,
1805 1013 1864 1067 οὐ
1898 1012 1989 1066 σὺν

338 1109 537 1180 πολλῷ
582 1113 660 1180 τῷ
709 1106 881 1180 πόνῳ.
938 1105 1034 1160 Καὶ
1074 1106 1107 1173 ἡ
1161 1098 1283 1179 ὄψις
1336 1103 1661 1158 ἐπιστεύετο’
1714 1105 1991 1177 ἡμεροῦτο

339 1200 508 1274 γὰρὴ
568 1197 829 1267 θάλασσα,
888 1196 979 1249 καὶ
1038 1190 1221 1253 Ῥόδος
1282 1193 1426 1269 εἶχεν
1488 1195 1637 1264 ἡμᾶς
1698 1192 1888 1245 αὐτίκα
1930 1192 1991 1245 ού

340 1285 483 1341 πολὺ
508 1287 570 1341 τὸ
601 1285 652 1339 ἐν
703 1285 850 1358 μέσῳ
898 1282 1402 1351 κακοπαθήσαντας.
1453 1281 1688 1335 Έκείνου
1731 1284 1827 1334 τοῦ
1877 1301 1992 1335 κιν-

341 1374 500 1430 δύνου
529 1374 617 1429 καὶ
657 1376 820 1445 ἡμεῖς
870 1370 1047 1446 δῶρον
1099 1370 1395 1445 γεγόναμεν
1423 1389 1435 1401 ⁸
1488 1368 1991 1443 καθυποσχύμενοι,

340 1466 383 1519 εἷ
415 1464 744 1535 σωθείημεν,
777 1464 925 1534 ἡμᾶς
958 1458 1154 1521 αὐτοὺς
1184 1464 1262 1531 τῷ
1294 1464 1429 1531 Θεῷ,
1464 1459 1553 1513 καὶ
1586 1455 1880 1519 δεδωκότες
1918 1457 1994 1515 ὡς

341 1555 454 1627 (48)
482 1552 736 1620 ἀπεσώθη
748 1572 861 1623 μεν.

1209 437 1499 500 ORATIO
1542 435 1757 500 XVIII.
1792 472 1869 483 -
1898 435 2293 500 FUNEBRIS
2338 439 2419 499 IN
2465 438 2819 501 PATREM.

3588 438 3611 500 1
3624 442 3744 504 026

1618 569 1818 640 ταύτην
1876 569 1976 646 γὰρ
2009 588 2060 651 Α
2096 574 2332 627 modum
2366 580 2588 644 postea,
2616 576 2909 631 subducta
2935 577 3215 647 temporis
3237 578 3479 647 ratione,
3504 578 3745 632 domum

2097 661 2311 716 reversi
2342 663 2741 733 cognovimus.
2776 664 2835 717 Id
2870 665 3047 719 etiam
3079 665 3249 719 nobis
3280 664 3557 720 salutaris
3587 681 3747 720 som-

2099 768 2211 805 nus
2243 750 2538 820 indicavit,
2572 767 2704 806 cum
2738 753 2977 808 tandem
3009 753 3326 825 aliquando
3352 770 3511 819 eum,
3547 755 3748 808 remit-

2098 844 2255 895 tente
2308 839 2581 894 nonnihil
2656 846 3028 911 tempestate,
3087 842 3471 912 cepissemus.
3507 842 3742 897 Furiam

2099 928 2254 982 enim
2289 927 2433 982 mihi
2470 932 2662 983 tenere
2682 930 2938 999 videbar,
2963 929 3321 985 horrendum
3346 930 3575 985 vultum
3607 947 3752 1001 pra:-

2103 1018 2404 1083 ferentem,
2438 1034 2503 1072 ac
2536 1017 2859 1087 periculum
2911 1019 3280 1073 minitantem
3321 1036 3333 1074 :
3390 1019 3541 1074 hanc
3596 1018 3751 1075 enim

2103 1122 2215 1160 nox
2247 1111 2442 1176 aperte
2470 1106 2639 1160 nobis
2670 1106 3078 1162 adumbrabat.
3112 1107 3275 1162 Alius
3316 1124 3383 1162 ex
3428 1109 3758 1165 vectoribus

2102 1193 2271 1265 (puer
2301 1193 2351 1248 is
2382 1200 2506 1249 erat
2537 1194 2822 1265 singulari
2855 1211 2993 1266 erga
3024 1212 3118 1250 me
3160 1196 3354 1250 studio
3402 1201 3459 1250 et
3506 1197 3758 1252 benevo-

2103 1282 2303 1349 lentia,
2338 1298 2585 1353 meaque
2620 1299 2799 1337 causa
2826 1283 3206 1339 vehementer
3234 1284 3463 1352 anxius,
3497 1300 3631 1339 cum
3680 1285 3764 1341 ita

2105 1387 2167 1425 se
2198 1387 2289 1425 res
2326 1371 2607 1441 haberet.)
2641 1376 2887 1425 matrem
2931 1388 3120 1426 meam
3156 1372 3268 1427 sibi
3298 1373 3495 1428 videre
3524 1373 3761 1428 videba-

2104 1464 2220 1530 tur,
2253 1476 2383 1530 quae
2414 1476 2575 1514 mare
2605 1459 2893 1531 ingressa,
2946 1460 3295 1531 prehensam
3348 1478 3553 1516 navem
3606 1462 3762 1517 haud

2106 1564 2320 1620 magno
2378 1549 2577 1604 labore
2626 1550 2697 1602 ad
2745 1555 2961 1605 terram
3012 1551 3391 1620 pertraheret.
3445 1551 3764 1621 Fidemque

342 1642 676 1699 inveniebat
707 1642 827 1695 hac
857 1640 1021 1697 visio.
1057 1640 1382 1696 Sedabatur
1425 1637 1580 1694 enim
1623 1653 1805 1707 mare,
1837 1638 2156 1707 statimque
2220 1637 2366 1692 citra
2414 1637 2661 1692 multam
2709 1655 3030 1693 aerumnam
3080 1638 3346 1694 Rhodum
3395 1639 3759 1710 appulimus.

347 1734 534 1803 Hujus
567 1730 680 1804 ipsi
712 1730 953 1803 periculi
988 1733 1208 1785 donum
1239 1728 1593 1785 exstitimus.
1630 1727 1701 1782 Ut
1729 1727 1885 1781 enim
1919 1743 2026 1782 nos
2054 1726 2172 1781 Deo
2205 1742 2573 1793 voveramus,
2606 1727 2655 1782 si
2686 1726 3005 1782 discrimen
3039 1730 3450 1798 eil'ugeremus,
3481 1728 3566 1783 ita
3598 1733 3762 1801 post-

348 1838 528 1894 quam
560 1819 873 1887 evasimus,
909 1836 1015 1874 nos
1046 1819 1097 1873 ei
1130 1819 1305 1873 etiam
1338 1817 1491 1872 dono
1523 1816 1815 1871 dedimus.

418 1915 539 1964 AB'.
566 1908 641 1961 Τὰ
674 1907 767 1980 μὲν
802 1904 868 1975 δὴ
901 1907 1057 1960 κοινὰ
1083 1910 1326 1960 τοιαῦτα.
1362 1904 1538 1959 Πάλαι
1587 1900 1643 1957 δὲ
1675 1905 1828 1974 οἶμαι
1872 1903 1997 1956 θαυ-
2029 1908 2033 1971 ξ

2176 1904 2385 1961 XXXII.
2422 1904 2553 1960 Haec
2597 1905 2838 1976 quidem
2886 1911 3053 1962 erant
3106 1906 3341 1979 utrique
3396 1908 3761 1965 communia.

354 1998 539 2071 μάζειν
582 1997 728 2057 τινάς
776 2000 881 2049 τῶν
930 1996 996 2049 τὰ
1046 1993 1251 2050 ἑκείνου
1301 1998 1483 2069 σαφῶς
1529 1992 1863 2068 ἐγνωκότων,
1917 1992 2000 2045 ὅτι

349 2085 474 2161 περί
509 2086 602 2159 μὲν
632 2083 838 2139 τούτων
896 2082 1038 2138 οὕτω
1087 2081 1547 2157 καταγεγόναμεν,
1580 2081 1654 2143 ὡς
1700 2079 1837 2153 μόνα
1866 2079 2002 2155 πρὸς

350 2175 620 2253 εὐφημίαν
656 2172 896 2248 ἔχοντες·
930 2180 1028 2242 τῆς
1062 2170 1119 2227 δὲ
1148 2176 1256 2227 τῶν
1305 2176 1509 2247 καιρῶν
1559 2168 1875 2245 δυσχερείας
1904 2171 2004 2237 τὴν

354 2267 575 2338 μνήμην
635 2263 929 2335 ἀνεθὲμεθα
988 2265 1151 2335 (49),
1210 2262 1344 2335 πρὸς
1412 2259 1505 2322 οὓς
1562 2260 2004 2332 παραταξάμενος

351 2353 557 2414 ἐκεῖνος
617 2352 879 2430 φαίνεται,
932 2350 1112 2426 ὥσπερ
1158 2350 1193 2418 ἢ
1244 2350 1597 2425 ἀγνοήσαντες
1636 2352 1823 2420 ταῦτα,
1856 2349 1889 2416 ἦ
1926 2349 1999 2419 μὴ

357 2440 570 2515 μεγάλα
596 2438 911 2513 νομίζοντες
944 2442 1079 2511 (50).
1128 2439 1269 2514 Φέρε
1300 2436 1389 2491 οὖν
1431 2437 1520 2491 καὶ
1550 2441 1718 2491 ταῦτα
1755 2438 2003 2511 προσθῶ-

358 2551 452 2602 μεν
503 2534 620 2590 τοῖς
671 2529 1017 2604 εἰρημένοις·
1070 2529 1325 2602 ’Πνεγκεν
1380 2528 1406 2580 ὁ
1456 2527 1574 2590 καθ’
1618 2529 1765 2598 ἡμᾶς
1815 2526 2002 2600 καιρὸς

354 2623 570 2694 πρῶτον
600 2619 787 2689 κακὸν,
822 2620 975 2689 οἶμαι
1029 2614 1085 2671 δὲ
1131 2617 1219 2670 καὶ
1262 2618 1597 2685 τελευταῖον,
1628 2616 1718 2669 τὸν
1769 2614 2003 2668 ἀποστά-

354 2730 453 2777 την
486 2708 706 2762 καὶτοῦ
739 2710 870 2761 Θεοῦ
914 2706 1002 2759 καὶ
1047 2709 1153 2759 τῶν
1207 2702 1487 2780 λογισμῶν
1540 2702 1782 2777 βασιλὲω
1822 2704 1880 2764 ’ὸς
1916 2724 2004 2775 μι-

358 2798 486 2873 κρὸν
543 2797 636 2869 μὶν
690 2792 846 2870 ἔργον
898 2796 1245 2870 ἡγησάμενος
1299 2795 1430 2847 εῖναι
1481 2792 1688 2868 Πέρσας
1736 2793 2007 2868 χειρώσα-

360 2888 500 2954 σθαι,
566 2884 706 2958 μέγα
763 2880 819 2938 δὲ
865 2884 927 2937 τὸ
988 2882 1344 2956 Χριστιανοὺς
1399 2884 1861 2957 παραστήσασθαι,
1919 2883 2008 2935 καὶ

361 2974 475 3046 ἅμα
514 2978 622 3027 τῶν
668 2972 905 3049 ἀγόντων
959 2972 1117 3027 αὐτὸν
1170 2969 1440 3044 δαιμόνων
1489 2976 1649 3025 τοῦτο
1694 2971 2007 3040 πειθόντων,

363 3060 515 3116 οὐδὲν
546 3059 685 3123 εἶδος
720 3057 963 3122 ἀσεϐείας
1008 3060 1249 3115 ἐνέλειπε
1296 3063 1431 3135 (51),
1476 3061 1695 3133 πείθων,
1745 3061 2010 3129 ἀπειλῶν,

363 3151 745 3229 σοφιζόμενος,
776 3146 951 3204 ἕλκων
986 3151 1122 3225 πρὸς
1155 3150 1359 3220 ἑαυτὸν,
1394 3148 1454 3205 οὐ
1482 3149 1641 3222 μόνον
1676 3150 1757 3213 οἷς
1791 3148 2011 3225 ἐτεχνά-

2112 1993 2311 2048 Mirari
2332 2001 2529 2050 autem
2543 1994 2900 2066 jampridem
2924 1995 3239 2052 nonnullos
3265 2012 3466 2053 eorum
3490 1998 3766 2065 arbitror,

2111 2082 2324 2153 quibus
2356 2100 2447 2139 res
2480 2082 2641 2139 illius
2673 2085 2939 2156 apprime
2968 2085 3213 2156 cognitae
3257 2091 3419 2155 sunt,
3473 2087 3614 2158 quid
3665 2088 3763 2157 ait,

2113 2187 2235 2238 cur,
2269 2187 2402 2227 cum
2443 2173 2502 2227 in
2550 2172 2643 2228 his
2674 2175 2851 2228 rebus
2881 2174 2964 2229 ita
2995 2190 3221 2230 moram
3252 2176 3585 2244 fecerimus,
3619 2194 3685 2232 ac
3715 2176 3769 2232 si

2112 2261 2237 2316 sola
2259 2261 2380 2316 haec
2410 2262 2480 2317 ad
2514 2260 2749 2316 laudem
2780 2262 3151 2329 haberemus,
3178 2264 3542 2319 difﬁcultatis
3568 2270 3768 2321 tamen

2111 2354 2466 2421 temporum,
2502 2352 2786 2406 adversus
2818 2367 2946 2421 quia
2978 2352 3105 2424 ipse
3137 2352 3293 2407 velut
3331 2354 3512 2409 aciem
3545 2354 3769 2410 instru-

2113 2440 2267 2494 xisse
2298 2439 2676 2511 conspicitur,
2710 2440 3067 2495 mentionem
3103 2441 3290 2496 facere
3334 2442 3766 2512 distulerimus,

2114 2528 2275 2585 velut
2300 2527 2349 2582 si
2382 2544 2449 2582 ea
2479 2530 2561 2584 vel
2596 2529 3083 2601 ignoraverimus,
3117 2531 3205 2585 vel
3256 2547 3369 2586 non
3422 2532 3502 2586 ita
3554 2548 3768 2603 magna

2115 2616 2659 2672 existimaverimus.
2698 2626 2816 2690 Age
2855 2618 3051 2687 igitur,
3088 2620 3205 2673 haec
3238 2636 3471 2690 quoque
3503 2622 3768 2691 superio-

2117 2707 2281 2762 ribus
2312 2708 2705 2778 adjungamus
2743 2725 2756 2762 :
2789 2707 2946 2762 Tulit
2976 2713 3176 2763 nostra
3205 2714 3345 2763 aetas
3376 2711 3654 2780 primum,
3688 2715 3764 2778 et,

2117 2802 2183 2851 ut
2231 2797 2455 2868 Opinor,
2491 2801 2856 2868 postremum
2888 2796 3135 2863 malum,
3168 2796 3278 2851 hoc
3308 2802 3417 2861 est,
3451 2798 3768 2869 imperato-

2119 2902 2262 2953 rem,
2296 2887 2397 2956 qui
2426 2891 2482 2941 et
2512 2904 2545 2940 a
2577 2886 2711 2955 Deo,
2737 2891 2792 2941 et
2821 2902 2855 2940 a
2888 2892 3077 2941 mente
3108 2887 3349 2952 defecit;
3392 2887 3491 2957 qui
3524 2903 3765 2958 parvum

2120 2975 2359 3046 quidem
2382 2992 2529 3045 opus
2553 2991 2680 3030 esse
2703 2975 3045 3040 arbitratus,
3074 2976 3278 3031 Persas
3305 2975 3552 3044 imperio
3579 2992 3686 3031 suo
3708 2992 3773 3032 ac

2121 3065 2327 3120 ditioni
2362 3064 2513 3120 358
2546 3064 2854 3133 subiicere,
2908 3080 3189 3135 magnum
3242 3069 3439 3119 autem
3495 3064 3775 3120 Christia-

2124 3171 2229 3210 nos
2261 3156 2319 3209 in
2349 3158 2699 3226 potestatem
2730 3153 3007 3224 redigere,
3043 3168 3176 3207 cum
3209 3152 3317 3222 ipsi
3353 3152 3529 3209 simul
3563 3154 3780 3209 damo-

366 3246 505 3311 ζετο,
539 3238 683 3295 ἀλλὰ
712 3242 799 3294 καὶ
851 3240 931 3302 οἷς
984 3235 1245 3309 ἐϐιάζετο.
1280 3239 1356 3298 Ού
1410 3242 1517 3313 μὴν
1570 3238 1751 3294 λαθεῖν
1804 3240 1919 3302 οἶός
1955 3260 2014 3294 τε

369 3331 397 3345 ,ρ
796 3329 807 3345 κ
898 3326 920 3345 τ.
1090 3330 1101 3345 .
1479 3334 1501 3345 -
1572 3327 1584 3345 ,
1736 3328 1746 3345 ν
1932 3325 2005 3345 ,m

2127 3262 2250 3313 nes,
2274 3261 2307 3299 a
2339 3244 2555 3315 quibus
2578 3243 2923 3307 ducebatur,
2948 3243 3029 3296 ita
3055 3242 3389 3307 suaderent,
3415 3241 3643 3296 nullum
3667 3241 3779 3296 im-

364 3331 431 3399 ἦν
461 3328 710 3384 κλέπτων
756 3329 845 3384 τὸν
894 3326 1141 3404 διωγμὸν
1192 3334 1527 3407 σοφιστικαῖς
1568 3327 1856 3399 ἐπινοίαις,
1890 3325 2016 3382 οὐδὲ

370 3420 475 3490 μὴν
510 3419 599 3472 καὶ
630 3422 875 3494 φανερῶς
924 3420 994 3489 τῇ
1044 3416 1327 3490 δυναστείᾳ
1375 3420 1687 3493 χρώμενος·
1715 3416 1783 3472 τίν’
1836 3418 1912 3471 ἑνί
1956 3436 2019 3491 γε

369 3512 446 3578 τῷ
477 3507 665 3581 τρόπῳ
695 3509 904 3568 πάντως
958 3506 1202 3579 ἁλῶμεν,
1236 3510 1270 3575 ἣ
1312 3508 1795 3581 κακουργηθὲντις,
1828 3509 1862 3575 ἣ
1902 3508 2019 3581 βια-

370 3594 604 3656 σθέντες.
636 3591 840 3649 Τοῦτον
892 3593 974 3653 τίς
1027 3592 1239 3665 μᾶλλον
1269 3594 1302 3662 ἢ
1332 3596 1754 3670 περιφρονήσας,
1782 3596 1816 3658 ἣ
1860 3614 2020 3648 κατα-

373 3679 538 3742 λύσας
588 3680 883 3753 εὑρίσκεται
919 3698 932 3747 ;
964 3682 1069 3747 Τῆς
1120 3684 1231 3752 (52)
1295 3682 1387 3753 μὶν
1439 3703 1530 3755 οῃν
1582 3684 2021 3759 περιφρονήσεως

375 3771 512 3845 πρὸς
543 3766 779 3830 πολλοῖς
838 3766 1031 3830 ἄλλοις
1082 3770 1251 3823 ἐκεῖνο
1310 3775 1563 3842 σημεῖον,
1596 3769 1647 3823 οἵ
1692 3792 1750 3825 τε
1786 3771 2022 3841 τοξόται,

374 3860 465 3913 καὶ
492 3860 518 3913 ὁ
545 3859 750 3913 τούτων
785 3858 1109 3933 στρατηγὸς,
1144 3857 1233 3919 οὓς
1283 3857 1482 3932 ἐπῆγεν
1534 3858 1738 3922 ἐκεῖνος
1785 3866 1902 3922 τοῖς
1948 3860 2025 3916 ἱε-

380 3954 494 4024 ροῖς
528 3945 697 4009 οἷ’κοις
748 3950 930 4019 ἡμῶν,
982 3947 1055 4008 ὡς
1087 3948 1121 4016 ἣ
1161 3947 1645 4021 παραληψόμενος,
1678 3950 1711 4018 ἣ
1739 3969 2028 4023 καταστρε-

378 4037 616 4111 ψόμενος
649 4040 784 4108 (53).
820 4034 1039 4105 Ἐπειδὴ
1064 4037 1168 4112 γὰρ
1190 4036 1427 4099 πολλοῖς
1449 4033 1777 4112 προσϐαλὼν
1813 4037 2028 4109 ἄλλοις,

379 4128 647 4188 κάνταῦθα
675 4128 801 4194 ἧκεν
850 4125 983 4197 μετὰ
1025 4130 1121 4180 τοῦ
1174 4123 1292 4179 ἴσου
1327 4128 1696 4203 φρονήματος,
1746 4126 1835 4181 καί
1859 4128 1921 4181 τὸ
1955 4128 2028 4182 ἱε-

384 4216 472 4289 ρὸν
516 4214 692 4283 ἐζήτει
749 4215 882 4287 μετὰ
928 4218 1034 4268 τῶν
1086 4216 1539 4291 προσταγμάτων,
1588 4221 1845 4271 τοσοῦτον
1893 4216 2033 4270 ἀπο-

384 4303 607 4378 σχέσθαι
637 4306 749 4377 (54)
780 4304 875 4358 τοῦ
926 4324 976 4357 τι
1026 4306 1458 4378 καταπράξασθαι
1491 4306 1563 4359 ὧν
1614 4302 1894 4377 ἐϐούλετο,
1930 4306 2032 4360 ὥσ-

382 4414 461 4461 τε,
496 4393 540 4445 εἷ
576 4394 651 4464 μὴ
686 4398 874 4455 θᾶττον
911 4391 1175 4463 ὑπεκλίθη
1212 4398 1290 4463 τῷ
1319 4393 1437 4465 ἐμῷ
1630 4396 1814 4471 πατρὶ,
1847 4396 1881 4463 ἣ
1911 4396 2037 4469 παρ’

388 4481 578 4533 ἑαυτοῦ
624 4481 821 4545 συνεὶς,
873 4479 908 4547 ἤ
959 4502 1105 4542 τινος
1156 4477 1662 4553 συμϐουλεύσαντος
1875 4484 2038 4539 ἀκού-

388 4587 505 4631 σας,
544 4565 639 4620 κέὶν
684 4566 811 4627 τοὺς
863 4565 1034 4628 πόδας
1084 4569 1285 4638 ξανθεὶς
1338 4569 1637 4645 ἀπηλλάγη
1691 4575 1823 4645 (57),
1859 4574 2041 4640 ζὲσαν-

386 4675 478 4716 τος
510 4654 591 4709 ἐπ’
620 4653 778 4707 αὐτὸν
814 4656 970 4726 θυμῷ
1016 4656 1105 4708 καὶ
1154 4654 1309 4726 ζήλῳ
1362 4657 1484 4729 περὶ
1513 4644 1614 4712 τοῦ
1664 4644 1791 4712 me
1832 4664 1929 4713 τοῦ
1961 4662 2040 4714 Is—
2072 4644 2117 4707 D

392 4742 547 4818 ρὲως.
582 4744 693 4813 Τὴν
727 4741 1017 4797 κατάλυσιν
1070 4741 1127 4797 δὲ
1178 4749 1296 4805 πῶς
1348 4743 1406 4798 ἄν
1452 4766 1534 4807 τις
1593 4745 1807 4818 μᾶλλον
1848 4748 2036 4826 φανείη

391 4832 967 4910 πραγματευσάμενος,
1104 4831 1346 4907 δημοσίᾳ
1391 4834 1486 4907 μὲν
1542 4833 1728 4910 εὐχαῖς
1775 4836 1865 4891 καὶ
1914 4835 2041 4908 δεή-

467 4978 579 5051 (47)
611 4980 768 5051 ῌαῖς.
800 4976 891 5030 Sic
941 4975 1141 5051 plures
1170 4978 1310 5050 Reg.
1358 4982 1417 5034 et
1462 4976 1648 5049 Colb.,
1682 4980 1797 5035 duo
1846 4980 2051 5051 Cois].,

397 5048 487 5103 Or.
528 5049 578 5113 1,
609 5048 754 5115 Jes.,
788 5052 896 5103 etc.
935 5051 1100 5104 Deest
1129 5050 1188 5104 in
1220 5048 1311 5105 ed.

404 5192 413 5201 .
473 5119 586 5245 (43)
616 5120 722 5179 Ὡς.
766 5121 861 5175 Sic
894 5121 1071 5193 Regg.
1114 5138 1166 5188 a,
1204 5122 1325 5186 bm,
1356 5119 1525 5176 Cois].
1558 5122 1612 5191 2,
1645 5126 1703 5177 et
1730 5122 1850 5179 Jes.
1886 5124 2057 5180 Deest

404 5209 459 5245 in
500 5208 529 5245 e
580 5234 592 5245 .

401 5209 459 5246 1D
500 5208 592 5246 BG.

475 5262 957 5337 (49)_’szt_lé).150a.
1005 5264 1181 5336 Regg.
1239 5281 1292 5336 a,
1348 5263 1469 5331 bm,
1521 5263 1694 5321 Cois].
1745 5266 1799 5336 3,
1852 5265 1947 5322 Or.
2002 5267 2055 5337 1,

401 5327 547 5399 Jes.,
570 5327 978 5405 ἀνεϐαλόμεθα.

476 5405 587 5474 (50)
620 5404 968 5477 Νομίζοντες.
1008 5412 1068 5460 In
1113 5404 1432 5477 nonnullis,
1465 5404 1803 5477 νομίσαντες.

620 5474 909 5531 Ἐνέλειπε.
950 5479 1087 5549 Reg.
1124 5496 1176 5545 a,
1216 5474 1449 5532 ἐνέλιπε.

408 5548 588 5672 mw?
616 5552 749 5614 Τῆς·
783 5550 876 5605 Sic
917 5548 1098 5621 Regg.
1129 5569 1181 5621 a,
1215 5551 1335 5615 bm,
1368 5554 1426 5604 et
1472 5548 1506 5600 2
1552 5548 1726 5605 Cois].
1763 5550 1939 5606 Prave
1969 5549 2059 5623 Τίς

500 5635 528 5672 e
580 5662 591 5672 .

500 5635 591 5673 en.

479 5690 584 5767 (53)
633 5693 718 5767 ᾬς
776 5689 811 5758 ἢ
871 5689 1362 5767 παραληψόμενος,
1422 5690 2058 5767 ἢ-καταστρεψόμενος,

408 5781 438 5813 ‹‹
469 5760 680 5819 Utve]
738 5777 837 5818 eas
896 5760 1207 5837 acciperet,
1269 5763 1365 5837 (ab
1422 5760 1695 5845 episcopo
1737 5760 2060 5838 "nimirum,

2128 3335 2362 3406 pietatis
2384 3350 2569 3405 genus
2594 3331 3091 3403 praetermittebat,
3108 3347 3265 3386 nunc
3282 3329 3611 3396 alliciendo,
3626 3345 3783 3385 nunc

2129 3421 2559 3485 comminando,
2588 3436 2747 3475 nunc
2772 3419 3047 3483 fallendo,
3072 3435 3230 3475 nunc
3250 3421 3424 3474 etiam
3450 3436 3563 3473 non
3589 3420 3783 3474 solum

2131 3510 2360 3566 callidis
2387 3510 2633 3573 artibus,
2652 3509 2750 3562 sed
2774 3507 2825 3561 vi
2849 3524 3083 3578 quoque
3105 3507 3372 3562 homines
3396 3508 3466 3561 ad
3490 3524 3552 3562 se
3569 3512 3788 3578 pertra-

2134 3599 2343 3653 hendo.
2372 3599 2485 3655 Nec
2510 3612 2643 3651 vero
2665 3596 2747 3650 ita
2775 3596 3026 3650 obscura
3049 3596 3176 3665 ejus
3198 3595 3443 3650 consilia
3464 3611 3592 3650 esse
3627 3600 3786 3666 pote-

2134 3692 2284 3751 rant,
2319 3687 2461 3756 quin
2495 3690 2799 3756 appareret
2845 3698 2979 3737 eum
3030 3684 3280 3737 versutis
3329 3700 3394 3739 ac
3446 3684 3787 3755 sophisticis

2136 3774 2400 3830 artiﬁciis
2447 3773 2907 3844 persecutionem
2957 3778 3190 3841 tegere;
3241 3789 3345 3826 nec
3398 3788 3631 3827 rursum
3683 3788 3787 3843 po-

2135 3864 2321 3918 tentia
2373 3878 2481 3916 sua
2538 3866 2733 3930 aperte
2792 3863 3084 3923 utebatur,
3126 3876 3242 3931 quo
3298 3877 3509 3932 nempe
3564 3860 3788 3916 utrovis

2139 3952 2313 4006 modo
2371 3966 2612 4020 prorsus
2668 3965 3030 4019 caperemur,
3079 3948 3167 4003 ve]
3225 3949 3491 4019 improbe
3542 3949 3789 4020 decepti,

2138 4040 2227 4095 vel
2275 4039 2479 4095 coacti.
2528 4037 2668 4101 Quis
2700 4054 2871 4108 porro
2903 4038 3247 4108 reperietur,
3281 4038 3379 4109 qui
3415 4038 3570 4093 hunc
3601 4037 3791 4110 magis

2143 4135 2245 4185 aut
2275 4126 2705 4199 contempserit,
2738 4132 2841 4181 aut
2870 4127 3231 4198 oppresserit
3254 4128 3281 4182 ?
3331 4126 3795 4199 Contemptionis

2145 4220 2404 4291 quidem,
2434 4217 2586 4272 inter
2616 4216 2803 4271 multa
2834 4216 2949 4271 alia
2978 4216 3165 4287 signa,
3189 4220 3367 4272 testes
3393 4221 3531 4271 sunt
3552 4216 3797 4288 sagitta-

2144 4308 2216 4363 rii
2250 4307 2354 4374 illi,
2389 4322 2711 4377 eorumque
2743 4307 3069 4377 praefectus,
3104 4322 3254 4377 quos
3283 4306 3341 4360 in
3387 4305 3662 4361 ecclesias
3692 4322 3796 4361 no-

2148 4402 2299 4452 stras
2331 4397 2678 4461 immiserat,
2713 4398 2777 4449 ut
2807 4411 2905 4450 eas
2933 4396 3021 4450 vel
3054 4396 3347 4452 deditione
3377 4395 3684 4466 acciperet,
3709 4393 3800 4450 vel

2150 4486 2331 4541 armis
2363 4486 2681 4555 subigeret.
2716 4483 2859 4538 Nam
2893 4500 3027 4538 cum
3073 4484 3292 4540 multos
3335 4484 3481 4540 alios
3531 4485 3798 4556 adortus,

2151 4574 2264 4628 huc
2287 4588 2519 4642 quoque
2548 4572 2670 4641 pari
2706 4587 2840 4625 cum
2873 4572 3118 4626 audacia
3142 4573 3397 4628 venisset
3425 4588 3490 4627 ac
3523 4589 3655 4629 cum
3688 4572 3802 4627 im-

2152 4660 2435 4731 peratoris
2461 4660 2635 4728 jussu
2668 4659 2955 4729 templum
2981 4660 3093 4713 sibi
3123 4661 3274 4714 tradi
3296 4666 3649 4731 exposceret,
3674 4665 3805 4718 tan-

2151 4755 2279 4803 tum
2314 4746 2502 4801 abfuit
2531 4751 2596 4800 ut
2626 4746 2923 4818 quidpiam
2948 4763 3173 4814 eorum,
3199 4764 3326 4818 quis
3356 4748 3647 4819 cupiebat,
3674 4766 3805 4821 per-

2155 4838 2371 4905 ficeret,
2405 4840 2490 4902 ut,
2524 4834 2637 4890 nisi
2672 4834 2825 4906 patri
2857 4852 3011 4901 meo,
3042 4837 3132 4891 vel
3184 4841 3391 4908 suopte
3422 4836 3686 4905 consilio,
3717 4836 3809 4894 vel

2163 4982 2263 5034 aut
2314 4995 2347 5033 a
2398 4976 2621 5033 civibus
2670 4978 2958 5045 traditas),
3007 4978 3093 5034 vel
3144 4979 3298 5046 illas,
3344 5001 3373 5029 ››
3422 4979 3495 5034 iis
3542 4979 3813 5045 obniten-r

2160 5052 2342 5117 tibus,
2380 5070 2401 5099 ι
2436 5055 2737 5105 everteret.
2770 5072 2797 5101 ››
2831 5050 3004 5106 Cois].
3042 5053 3090 5123 1,
3130 5051 3604 5124 κατασκεψάμενος
3660 5052 3813 5124 [per-

2165 5138 2359 5268 “Et?
2366 5125 2761 5268 1ᾏιποσχισθαι.
2797 5192 2976 5266 Regg.
3027 5210 3081 5263 ει,
3133 5194 3253 5259 bm,
3303 5192 3478 5249 Cois].
3528 5195 3583 5261 3,
3631 5197 3723 5251 Or.
3761 5195 3815 5268 ι,

2162 5261 2277 5323 Jes.
2290 5308 2302 5329 ,
2328 5261 2626 5329 ἀπέσχετο.

2239 5284 2302 5329 3.,
2337 5283 2471 5316 απεσ
2518 5283 2626 5318 ετο.

2239 5338 2351 5478 (55)
2384 5281 2645 5405 mxima.
2680 5335 2817 5425 Reg.
2851 5334 2972 5405 bm,
3003 5337 3082 5405 τῷ
3111 5338 3217 5407 μῷ.

2239 5410 2329 5478 (56
2435 5401 2983 5478 Συμϐουλευσαντος.
3071 5408 3168 5463 0r.

2435 5401 2983 5478 Eupéouleﬁo’avroc'.
3056 5401 3180 5463 ὈΤί
3256 5409 3321 5479 1,

2165 5499 2517 5624 το(57)ΠΤοὺς
2540 5544 2710 5609 πόδας
2741 5547 2947 5624 ξανθεὶς
2972 5547 3529 5624 Δἀπηλλάγη.-ΒὶΗίιΙε
3556 5549 3617 5624 In
3648 5550 3772 5624 Elia
3802 5565 3816 5603 :

2170 5648 2197 5674 ‹‹
2248 5621 2496 5694 pedibus
2546 5627 2828 5679 contusus
2888 5622 3149 5679 abiisset.
3196 5621 3228 5672 ι’
3271 5622 3545 5678 Mendose
3591 5621 3654 5677 in
3702 5622 3819 5692 ed.,

2168 5690 2520 5770 ἀπηλλάγης.

3407 5399 3651 5480 συμϐουλ
3665 5404 3821 5462 εύονο
