4090 6406
333 439 357 497 1
370 437 484 497 027

1575 425 1636 487 S.
1687 421 2060 487 GBEGORII
2107 420 2503 485 THEOLOGI

3594 430 3754 494 1028

330 570 644 639 cujusdam
676 564 1005 629 admonitu,
1057 562 1324 637 protinus
1372 562 1666 625 cessisset,
1720 558 1981 614 calcibus

2099 576 2207 609 σεσι
2239 552 2549 627 πανῖγξμοις
2607 553 2830 631 βάλλων
2876 556 2966 609 τὸν
3019 552 3327 632 αλτηριον,
3359 560 3448 613 καὶ
3500 558 3624 616 οὐδὲ
3655 564 3748 617 τὸν

327 659 501 714 etiam
535 674 720 713 census
750 658 1121 712 discessurus
1152 653 1363 718 fuerit;
1416 652 1497 706 ita
1548 651 1604 705 in
1656 648 1844 703 ullum
1893 648 1983 702 fu-

328 764 455 804 rore
487 763 551 805 ac
583 746 785 818 templi
818 745 940 801 zelo
964 744 1237 799 sacerdos
1266 739 1588 796 aestuabat!
1624 737 1765 801 Quis
1787 741 1981 792 autem

326 836 437 907 ipsi
474 836 716 891 exitium
752 836 939 905 magis
971 847 1343 903 comparasse
1374 828 1553 883 videri
1586 834 1782 899 queat,
1807 842 1982 897 quam

327 925 448 992 ille,
482 925 584 995 qui
620 923 850 996 publice
882 922 1120 994 quidem
1169 920 1502 989 conjunctis
1554 916 1730 973 totius
1781 913 1981 987 populi

322 1015 474 1071 votis
506 1018 564 1069 et
592 1012 861 1084 precibus
893 1012 1191 1081 impurum
1215 1009 1382 1063 illum
1405 1015 1461 1064 et
1481 1006 1833 1077 sacrilegum
1866 1006 1977 1059 im-

328 1106 570 1174 peteret,
604 1118 670 1156 ac
702 1117 773 1155 ne
804 1106 1039 1171 tempus
1073 1114 1307 1170 quoque
1334 1101 1657 1163 metueret;
1706 1094 1980 1165 privatim

325 1197 543 1260 autem,
568 1194 915 1245 nocturnam
950 1190 1229 1243 adversus
1260 1203 1395 1241 eum
1428 1185 1607 1241 aciem
1642 1187 1981 1255 opponeret,

326 1287 500 1352 atque
531 1285 588 1333 et
617 1279 782 1333 humi
808 1277 1076 1333 cubando
1106 1278 1319 1331 seniles
1342 1275 1474 1330 illas
1495 1280 1551 1329 et
1576 1274 1835 1329 roscidas
1858 1288 1981 1325 car-

322 1386 425 1425 nes
444 1369 775 1431 conficeret,
794 1372 853 1421 et
870 1366 1145 1438 lacrymis
1164 1366 1564 1436 pavimentum
1587 1362 1979 1434 perfunderet,

316 1461 374 1515 in
400 1475 622 1515 annum
648 1457 823 1513 etiam
849 1458 1029 1511 ferme
1053 1455 1371 1525 integrum,
1396 1453 1572 1523 idque
1597 1451 1649 1506 ei
1674 1451 1979 1515 duntaxat,

317 1548 408 1604 cui
444 1564 536 1602 res
567 1545 807 1602 occultae
840 1544 1083 1615 cognitae
1120 1550 1278 1607 sunt,
1312 1547 1621 1613 praestans,
1654 1540 1822 1594 nobis
1870 1555 1977 1594 au-

2093 645 2278 719 καιρὸν
2314 640 2736 717 εὐλαϐούμενος·
2776 642 2883 717 ἰδίᾳ
2915 643 2971 700 δὲ
2998 648 3098 715 τήν
3148 651 3460 721 νυκτερινὴν
3506 652 3748 726 παράτα-

2094 735 2170 805 ξιν
2202 735 2317 787 κατ’
2349 733 2512 787 αὐτοῦ
2560 729 3038 809 προϐαλλόμενος,
3085 736 3356 810 χαμευνίᾳ
3527 740 3620 811 μὲν
3652 742 3748 802 τὰς

2092 823 2315 898 γεραιὰς
2363 826 2471 896 (59)
2523 823 2723 885 ὲκείνας
2774 823 2864 878 καὶ
2910 821 3169 900 δροσερὰς
3217 826 3573 901 κατατρύχων
3615 829 3745 899 σάρ-

2092 932 2209 984 κας,
2244 910 2464 982 δάκρυσι
2499 910 2555 967 δὲ
2586 913 2847 987 πηγάζων
2880 913 2943 967 τὸ
2991 910 3210 991 ἔδαφος,
3266 920 3463 989 μικροῦ
3512 919 3623 990 (60)
3654 916 3743 971 καί

2094 1000 2172 1063 εἷς
2202 1000 2442 1055 ἐνιαυτὸν
2494 1000 2647 1056 δλον’
2699 1002 2789 1056 καὶ
2836 1007 2997 1056 τοῦτο
3048 1008 3126 1073 τῷ
3174 1006 3290 1075 (61)
3334 1008 3440 1058 τῶν
3490 1011 3741 1079 κρυπτῶν

2062 1091 2309 1165 ,γνώστῃ
2362 1090 2513 1163 μόνῳ
2563 1090 2899 1169 φιλοσοφῶν,
2933 1094 3080 1165 ἡμᾶς
3115 1090 3173 1146 δὶ
3220 1092 3500 1157 λανθάνειν
3532 1094 3743 1170 ἐπιχει-

2094 1184 2200 1255 ρῶν
2237 1178 2325 1234 διὰ
2352 1180 2415 1234 τὸ
2446 1178 2834 1249 ἀνεπίδεικτον,
2872 1177 3053 1257 ὥσπερ
3086 1177 3240 1259 ἔφην,
3269 1190 3369 1252 τῆς
3408 1181 3692 1247 εὐλαϐείας
3727 1204 3742 1255 ;

2091 1269 2190 1322 Καὶ
2243 1268 2424 1324 λαθὼν
2478 1268 2534 1323 ἂν
2586 1273 2652 1339 ἦν
2703 1272 3079 1341 παντάπασιν,
3128 1272 3172 1325 εἱ
3226 1274 3301 1344 μὴ
3354 1293 3485 1328 ποτε
3533 1274 3746 1347 ἁθρόως

2094 1356 2417 1413 ἐπεισελθὼν
2481 1358 2606 1435 ἐγὼ,
2664 1359 2755 1414 καὶ
2808 1362 2921 1433 (62)
2975 1359 3277 1436 χαμευνίας
3328 1357 3581 1434 σύμϐολα
3625 1364 3745 1417 θεα-

2092 1448 2346 1519 σάμενος,
2386 1448 2475 1502 καὶ
2523 1452 2630 1502 τῶν
2673 1448 2795 1523 περὶ
2847 1449 3004 1504 αὐτὸν
3056 1450 3388 1524 πυθόμενος,
3436 1451 3555 1507 τίνα
3600 1454 3747 1507 ταῦτ’

2091 1536 2181 1607 ἦν,
2215 1533 2380 1611 ἔγνων
2412 1544 2510 1606 τῆς
2540 1538 2733 1601 νυκτὸς
2761 1539 2825 1592 τὸ
2860 1542 3182 1613 μυστήριον.

316 1641 434 1693 tem
467 1637 540 1691 ob
571 1636 846 1707 pietatem
880 1634 951 1687 ab
982 1633 1393 1698 ostentatione,
1431 1636 1493 1685 ut
1535 1632 1657 1700 jam
1691 1628 1830 1693 dixi,
1862 1628 2139 1697 alienam,
2174 1627 2361 1683 celare
2390 1630 2676 1685 studens?
2713 1631 2791 1685 Ac
2840 1635 2990 1685 certe
3040 1632 3281 1687 omnino
3332 1632 3595 1703 celasset,
3631 1622 3745 1689 nisi

317 1726 448 1797 ipse
478 1723 796 1794 aliquando
826 1720 1164 1777 cubiculum
1197 1720 1395 1775 subito
1430 1719 1756 1790 ingressus,
1791 1714 2275 1786 chameuniaeque
2316 1716 2485 1787 signa
2524 1718 2923 1789 conspicatus,
2956 1723 3132 1790 atque
3160 1737 3230 1776 ex
3261 1721 3516 1792 quodam
3554 1722 3743 1793 ipsius

317 1813 562 1879 famulo,
595 1812 877 1882 quidnam
911 1811 1018 1865 hoc
1050 1815 1205 1865 esset
1235 1812 1633 1880 percontatus,
1667 1806 1856 1861 noctis
1888 1821 2170 1861 arcanum
2205 1805 2648 1861 intellexissem.

391 1902 637 1956 XXXIII.
670 1899 924 1955 Alteram
956 1900 1224 1969 ejusdem
1265 1897 1548 1967 temporis
1597 1896 1977 1966 ejusdemque
2006 1896 2054 1960 B

317 1989 680 2046 fortitudinis
712 1988 1110 2043 narrationem
1136 1986 1400 2057 accipite.
1424 1986 1694 2040 Caesareas
1717 1984 1869 2039 cives
1903 1984 1975 2037 de

316 2082 574 2153 episc0pi
625 2081 920 2134 creatione
977 2077 1131 2131 inter
1183 2092 1245 2131 se
1302 2074 1778 2131 contendebant:
1838 2088 1974 2126 nam

318 2171 465 2227 alter
485 2172 829 2235 excesserat,
856 2166 1001 2223 alter
1022 2165 1451 2237 requirebatur,
1476 2162 1742 2232 aerisque
1765 2160 1974 2215 seditio

319 2263 465 2325 erat,
497 2263 715 2328 etquae
748 2274 863 2312 non
896 2256 1064 2311 facile
1108 2254 1415 2324 comprimi
1461 2270 1527 2307 ac
1576 2250 1767 2306 sedari
1820 2251 1976 2305 854

323 2351 543 2420 posset.
567 2346 778 2401 Praeter
807 2346 863 2400 id
896 2344 1075 2409 enim,
1108 2345 1258 2414 quod
1294 2348 1503 2397 natura
1532 2358 1661 2407 sua,
1685 2339 1744 2393 in
1778 2339 1885 2393 hac
1917 2355 1976 2393 re

321 2437 667 2509 praesertim,
703 2437 775 2490 ob
810 2434 943 2489 fidei
978 2434 1261 2489 fervorem
1313 2433 1381 2486 ad
1437 2430 1784 2485 seditionem
1841 2445 1975 2499 pro-

300 2525 486 2581 ‘clivis
516 2530 605 2580 est
634 2542 702 2580 ea
741 2525 964 2593 civitas,
998 2524 1288 2578 cathedrae
1319 2522 1563 2592 insuper
1592 2518 1749 2573 illius
1782 2517 1975 2589 splen-

321 2618 429 2671 dor
457 2623 511 2670 et
540 2614 727 2687 gloria
758 2615 1041 2683 majorem
1074 2611 1467 2667 contentionis
1499 2608 1804 2664 cumulum
1838 2606 1980 2661 affe-

322 2706 506 2760 rebat.
540 2708 733 2775 Atque
763 2703 875 2757 hoc
907 2705 1062 2757 statu
1096 2719 1187 2757 res
1227 2704 1351 2755 erat
1384 2716 1395 2753 :
1453 2714 1519 2754 ac
1560 2697 1826 2752 nonnulli
1856 2695 1979 2767 epi-

324 2794 487 2865 scopi
521 2794 787 2859 aderant,
822 2797 886 2847 ut
916 2792 1241 2847 antistitem
1288 2790 1515 2845 darent.
1571 2788 1681 2843 Sed
1731 2804 1864 2841 cum
1918 2786 1977 2841 in

327 2881 525 2954 plures
579 2882 905 2937 sententias
966 2880 1285 2936 multitudo
1345 2877 1789 2944 distraheretur,
1850 2875 1978 2931 alii-

327 2988 442 3042 que
474 2970 655 3025 alium
689 2976 1099 3042 proponerent,
1131 2967 1632 3040 quemadmodum
1670 2966 1727 3019 in
1771 2964 1979 3036 hujus-

330 3060 488 3116 modi
519 3060 695 3115 rebus
726 3060 849 3114 fieri
883 3058 1205 3124 consuevit,
1229 3062 1401 3129 prout
1422 3056 1673 3127 quisque
1695 3055 1781 3109 vel
1805 3056 1979 3109 bene-

327 3148 581 3205 volentia
611 3164 750 3220 erga
780 3147 1059 3219 aliquem,
1082 3146 1168 3201 vel
1206 3148 1417 3217 pietate
1442 3162 1577 3217 erga
1603 3150 1777 3199 Deum
1810 3144 1981 3199 duce-

2158 1893 2279 1948 Al".
2313 1894 2536 1968 ’Έτερον
2589 1890 2646 1947 δὲ
2693 1892 2790 1948 τοῦ
2837 1894 2999 1949 αὐτοῦ
3046 1901 3239 1971 καιροῦ
3287 1897 3376 1951 καὶ
3423 1905 3524 1967 τῆς
3574 1897 3744 1967 αὐτῆς

2085 1977 2303 2053 ἀνδρίας
2335 1984 2449 2051 (63)
2500 1980 2773 2056 διήγημα·
2826 1983 3129 2053 ἐστασίαζεν
3163 1988 3195 2054 ἡ
3232 1989 3543 2061 Καισαρέων
3576 1987 3741 2049 πόλις

2084 2070 2207 2143 περὶ
2239 2065 2527 2144 προϐολὴν
2559 2071 2861 2147 ἀρχιερέως
2897 2076 3031 2145 (64),
3062 2078 3159 2127 τοῦ
3193 2075 3288 2146 μὶν
3331 2075 3737 2146 ὑπεξελθόντος,

2082 2162 2179 2213 τοῦ
2229 2156 2286 2212 δὲ
2333 2157 2786 2232 έπιζητουμὲνου,
2836 2161 2926 2215 καὶ
2981 2164 3015 2231 ὴ
3049 2164 3232 2224 στάσις
3286 2166 3485 2238 θερμὴ,
3519 2165 3606 2218 καὶ
3661 2166 3736 2238 μή

2088 2244 2271 2323 ῥᾳδίαν
2319 2248 2416 2315 τὴν
2470 2247 2622 2302 λύσιν
2678 2245 2896 2324 ἔχουσα.
2954 2250 3120 2304 Φύσει
3168 2272 3226 2305 τε
3274 2255 3374 2327 γάρ
3427 2251 3547 2325 περὶ
3578 2258 3739 2307 τοῦτο

2090 2336 2327 2409 μάλιστα
2358 2336 2661 2407 στασιώδης
2693 2342 2727 2407 ἡ
2760 2338 2947 2409 πόλις,
2999 2337 3087 2394 διὰ
3138 2343 3250 2413 (65)
3301 2341 3612 2414 θερμότητα
3650 2342 3740 2397 πί-

2086 2446 2275 2495 στεως,
2306 2425 2395 2479 καὶ
2426 2427 2487 2479 τὸ
2532 2430 2630 2494 τῆς
2678 2425 2940 2501 καθέδρας
2994 2427 3261 2501 ἐπίδοξον,
3294 2427 3472 2485 πλείω
3520 2433 3617 2499 τήν
3648 2454 3741 2509 φι-

2088 2513 2356 2569 λονεικίαν
2409 2515 2714 2591 εἰργάζετο.
2783 2522 2957 2571 Ταῦτα
3013 2521 3117 2589 ἦν,
3177 2520 3265 2572 καὶ
3323 2527 3569 2595 παρῆσαν
3631 2525 3741 2575 τῶν

2089 2604 2400 2658 ἐπισκόπων
2446 2605 2585 2667 τινὲς
2634 2606 2725 2659 τὸν
2782 2606 3041 2682 ἀρχιερέα
3096 2605 3380 2670 δώσοντες·
3443 2610 3516 2671 ὡς
3570 2607 3629 2664 δὲ
3667 2610 3743 2671 εἰς

2088 2692 2311 2755 πλείους
2357 2698 2454 2748 τοῦ
2505 2692 2688 2767 δήμου
2739 2692 3095 2769 διαιρεθέντος
3134 2741 3147 2767 ,
3198 2697 3285 2752 καὶ
3340 2696 3526 2753 ἄλλων
3575 2698 3745 2754 ἄλλον

2088 2780 2589 2859 προϐαλλομένων,
2622 2783 2752 2859 ὅπερ
2787 2784 2838 2839 έν
2871 2791 2986 2847 τοῖς
3014 2785 3290 2848 τοιούτοις
3320 2786 3471 2864 φιλεῖ
3519 2783 3746 2861 συμϐαί-

2087 2894 2218 2945 νειν,
2252 2874 2326 2935 ὡς
2355 2872 2577 2934 ἕκαστος
2610 2869 2797 2948 ἔτυχεν
2832 2875 2865 2942 ἢ
2894 2873 3078 2951 φιλίας
3125 2876 3260 2946 πρός
3312 2897 3458 2938 τινας
3513 2875 3677 2952 ἔχων,
3710 2880 3745 2946 ἢ

2086 2964 2223 3037 πρὸς
2272 2962 2400 3017 Θεὸν
2468 2957 2784 3033 εὐλαϐείας,
2835 2961 2991 3025 τέλος
3051 2968 3434 3043 συμφρονήσας
3485 2967 3513 3021 ὁ
3564 2964 3743 3038 δῆμος

2090 3054 2250 3123 ἄπας,
2282 3057 2389 3106 τῶν
2440 3053 2671 3127 πρώτων
2703 3054 2817 3127 (66)
2865 3053 2990 3129 παρ’
3038 3054 3221 3116 αὐτοῖς
3251 3052 3358 3123 ἕνα,
3388 3054 3491 3128 βίῳ
3527 3056 3619 3128 μὲν
3654 3054 3740 3128 ἐξ-

2090 3141 2425 3216 ειλεγμένον,
2461 3141 2614 3196 οῧπω
2658 3140 2713 3196 δὲ
2759 3146 2837 3213 τῷ
2888 3142 3015 3215 θείῳ
3067 3143 3394 3218 βαπτίσματι
3440 3165 3737 3222 κατεσφρα-

329 3240 503 3294 batur
536 3255 549 3292 :
599 3236 837 3292 tandem
893 3236 1056 3307 plebs
1099 3240 1220 3291 tota
1250 3252 1364 3290 uno
1395 3251 1686 3290 consensu
1719 3232 1981 3305 primarii

2099 3230 2351 3306 γισμένον
2384 3275 2398 3299 ,
2456 3236 2647 3285 τοῦτον
2705 3229 2904 3286 ἄκοντα
2960 3236 3427 3306 συναρπάσαντες,
3484 3235 3573 3288 καὶ
3633 3237 3747 3306 ἅμα

330 3326 554 3383 ordinis
582 3326 775 3381 virum
812 3342 1017 3388 unum,
1052 3324 1169 3378 vita
1198 3324 1433 3394 quidem
1468 3332 1523 3377 et
1568 3322 1829 3377 moribus
1860 3322 1983 3377 exi-

332 3417 542 3480 mium,
575 3414 773 3470 divino
804 3419 1001 3469 tamen
1032 3412 1326 3485 baptismo
1359 3412 1621 3467 nondum
1672 3413 1985 3482 consigna-

329 3512 478 3573 tum,
514 3504 760 3559 invitum
794 3509 849 3559 et
881 3508 1307 3574 repugnantem
1341 3502 1745 3573 corripientes,
1781 3500 1986 3556 simul-

330 3611 443 3665 que
481 3593 841 3649 militaribus
890 3592 1093 3663 copiis,
1145 3608 1272 3663 que:
1323 3596 1449 3646 tum
1499 3591 1557 3645 in
1610 3592 1753 3645 urbe
1800 3594 1988 3657 erant,

329 3700 499 3755 opem
532 3682 936 3751 efferentibus,
968 3680 1026 3735 in
1063 3680 1320 3736 sacrario
1354 3679 1734 3745 collocarunt,
1769 3684 1827 3733 et
1866 3679 1986 3749 epi-

330 3769 525 3841 scopis
557 3768 918 3837 obtulerunt,
942 3768 1013 3823 ab
1045 3768 1234 3838 iisque
1268 3773 1461 3839 petere
1491 3766 1896 3834 instituerunt,
1926 3770 1992 3820 ut

330 3875 462 3914 eum
522 3859 845 3924 initiarent,
897 3862 953 3912 et
1011 3858 1337 3913 antistitem
1388 3855 1840 3928 proclamarent,
1870 3857 1988 3909 vim

330 3947 566 4003 interim
600 3946 859 4003 suasioni
892 3947 1287 4002 admiscentes
1322 3963 1336 4001 :
1379 3963 1494 4001 non
1526 3946 1583 4000 id
1617 3947 1855 4016 quidem
1888 3946 1991 4001 ad-

331 4038 572 4093 modum
598 4038 858 4093 modeste
881 4040 1057 4107 atque
1078 4036 1419 4107 composite,
1444 4036 1764 4090 admodum
1792 4040 1989 4090 tamen

329 4127 423 4198 pie
455 4130 630 4197 atque
660 4126 951 4181 ardenter.
985 4125 1184 4195 Neque
1216 4124 1310 4178 hic
1341 4124 1680 4191 dicendum,
1713 4124 1990 4195 quisnam

329 4232 418 4285 eo,
450 4214 541 4269 vel
574 4213 803 4283 clarior,
836 4212 926 4269 vel
971 4214 1183 4285 pietate
1236 4212 1606 4284 praestantior
1654 4213 1943 4267 exstiterit
1976 4228 1989 4265 :

330 4305 389 4359 id
420 4309 655 4376 tempus
691 4304 967 4359 ostendit.
1002 4301 1149 4367 Quid
1180 4301 1335 4357 enim
1380 4302 1465 4368 ﬁt,
1516 4307 1572 4356 et
1620 4318 1735 4373 quo
1783 4301 1993 4356 seditio

331 4408 643 4464 progressa
664 4390 796 4447 est?
825 4390 1021 4445 Coacti
1052 4389 1137 4444 illi
1158 4406 1292 4445 eum
1328 4388 1736 4460 puriﬁcarunt,
1761 4389 1993 4444 antisti-

332 4486 450 4537 tem
508 4480 949 4549 renuntiarunt,
984 4480 1043 4534 in
1103 4479 1317 4534 throno
1375 4478 1759 4544 collocarunt,
1813 4497 1992 4535 manu

331 4576 529 4625 tamen
581 4570 797 4642 potius,
841 4586 1018 4641 quam
1070 4568 1368 4624 voluntate
1416 4568 1715 4640 animique
1759 4571 1988 4640 alfectu,

332 4660 489 4716 velut
519 4664 722 4732 postea
761 4659 1121 4715 declaratum
1161 4662 1268 4713 est.
1319 4662 1391 4713 Ut
1438 4659 1594 4714 enim
1644 4658 1984 4715 lubentibus

331 4748 548 4804 animis
578 4748 1002 4816 discesserunt,
1033 4764 1099 4803 ac
1129 4748 1479 4802 sententiam
1512 4764 1681 4803 suam
1726 4749 1787 4803 in
1831 4749 1983 4804 arbi-

333 4838 445 4893 trio
476 4855 585 4894 suo
615 4842 671 4893 et
703 4841 988 4910 potestate
1020 4837 1374 4905 habuerunt,
1398 4837 1710 4893 consilium
1742 4838 1896 4894 inter
1925 4856 1988 4895 se

323 4932 557 4994 ineunt,
590 4926 748 4983 haud
778 4927 899 4982 scio
939 4943 1011 4981 an
1047 4924 1303 4997 Spiritus
1334 4924 1617 4995 impulsu,
1652 4928 1751 4981 sed
1786 4927 1992 4983 ineunt

324 5017 548 5084 tamen,
582 5033 792 5089 nempe
826 5020 891 5071 ut
932 5013 1086 5071 nihil
1119 5029 1348 5083 eorum,
1382 5031 1510 5085 quas
1542 5020 1708 5086 gesta
1738 5016 1990 5087 fuerant,

397 5197 510 5267 (58)
548 5196 837 5269 Χαμευνίᾳ.
896 5198 989 5253 Sic
1046 5195 1222 5252 Cois].
1275 5196 1330 5261 1,
1383 5195 1527 5261 Jes.,
1576 5201 1685 5251 etc.
1741 5197 1803 5251 In
1864 5198 1981 5265 ed.,

325 5282 536 5339 χαμευν
548 5267 625 5321 ίαν
637 5267 654 5326 ’.

581 5340 691 5401 Τὰς
749 5338 984 5415 γεραιάς.

329 5407 505 5476 ραιάςζ

396 5482 509 5577 $29?
538 5484 775 5577 ἒὲέκρέλῖδ·
798 5482 1043 5577 ἐλεεῖ-ιω
1083 5475 1299 5577 in???“

418 5552 507 5625 6t)
538 5552 769 5625 T¢.'S_ic
798 5552 935 5625 Regi
966 5552 1092 5621 bm,
1121 5552 1322 5612 et'Jes.
1362 5558 1530 5608 Deest
1559 5552 1617 5608 in
1651 5555 1741 5609 ed.

396 5590 508 5699 i595
540 5590 1584 5699 ίςῖεῑιδῖεέέῖτιυεῖέέῗιξέῑΐεῖδῑῖξιξ.

394 5692 505 5770 (e3)
552 5692 843 5770 (Ἀνδρίας.
902 5698 996 5770 sic
1076 5692 1339 5770 plerique
1425 5695 1843 5770 codd._Coisl.
1922 5698 1975 5752 3.

394 5712 505 5760 (Οὐ)
572 5712 843 5820 ’Δνοὲιαιμ
902 5712 996 5753 Sic
1076 5712 1339 5770 plerlque
1428 5712 1599 5751 coua.
1668 5712 1843 5752 U018].
1922 5712 1975 5752 ὅ.

324 5762 381 5813 et
411 5762 503 5819 Or.
540 5768 591 5842 1,
625 5767 688 5822 ἀν
730 5764 895 5839 ρείας.
937 5768 1115 5827 Prave
1160 5771 1219 5826 in
1267 5768 1384 5838 ed.,
1415 5763 1723 5845 ἀνανδρίας,
1749 5791 1777 5819 ‹‹
1812 5769 1978 5845 igna-

1063 5340 1159 5396 ΟΡ.
1228 5340 1253 5392 1
1341 5342 1398 5394 et
1481 5338 1613 5407 alii,
1691 5339 1785 5401 τὰς
1872 5361 1981 5413 γη-

2098 3323 2490 3395 στρατιωτικῆς
2518 3321 2705 3395 χειρὸς
2754 3316 3179 3394 συλλαϐομένης
3225 3323 3408 3385 αὐτοῖς
3454 3329 3749 3393 τηνικαῦτα

2098 3406 2477 3480 ἐπιδημούσης
2528 3409 2615 3463 ἐπὶ
2667 3411 2729 3464 τὸ
2787 3410 2939 3484 βῆμα
2988 3408 3195 3485 ἔθεσαν,
3246 3412 3335 3466 καὶ
3382 3419 3499 3476 τοῖς
3532 3412 3750 3467 ἐπίσκό-

2096 3520 2221 3560 ποις
2246 3501 2618 3574 προσήγαγον,
2650 3497 2982 3568 τελεσθῆναί
3010 3521 3068 3555 τε
3096 3502 3279 3575 ἠξίουν
3329 3502 3419 3556 καὶ
3466 3508 3760 3577 κηρυχθῆ-

2096 3609 2202 3655 ναι,
2250 3590 2431 3642 πειθοῖ⁹
2485 3588 2602 3663 βίαν
2655 3589 3020 3661 ἀναμίξαντες·
3056 3589 3119 3645 ού
3171 3590 3290 3646 λίαν
3327 3592 3421 3664 μὶν
3464 3591 3757 3662 εὐτάκτως,

2099 3675 2220 3732 λίαν
2273 3675 2331 3732 δὲ
2372 3682 2578 3740 πιστῶς
2629 3678 2717 3732 καὶ
2769 3675 3068 3753 διαπύρως.
3125 3680 3401 3735 Κάνταῦθα
3460 3682 3559 3735 οὐκ
3616 3678 3757 3736 ἔστιν

2100 3766 2292 3839 εἷπεῖν,
2342 3766 2522 3822 ὅντινα
2572 3766 3007 3843 εύδοκιμώτερον
3043 3768 3249 3824 ἐκείνου
3294 3769 3383 3825 καί
3415 3765 3761 3826 θεοσεϐέστε-

2101 3877 2190 3932 ρον
2228 3854 2477 3927 διέδειξεν
2507 3858 2535 3911 ὁ
2570 3857 2785 3933 καιρός.
2818 3857 2878 3911 Τί
2927 3860 3028 3934 γὰρ
3078 3859 3308 3932 γίνεται,
3340 3859 3429 3914 καὶ
3477 3866 3576 3914 ποῖ
3620 3880 3756 3936 προ-

2098 3946 2263 4014 ἦλθεν
2292 3949 2326 4015 ἡ
2371 3946 2553 4007 στάσις
2587 3967 2599 4015 ;
2633 3942 3013 4017 Ἐὖιάσθησαν,
3062 3948 3290 4023 ἥγνισαν
3320 3994 3332 4018 ,
3381 3950 3707 4025 ἀνεκήρυξαν
3740 3997 3755 4020 ,

2101 4034 2189 4089 ἐπὶ
2246 4036 2335 4089 τὸν
2384 4035 2573 4106 θρόνον
2620 4032 2829 4108 ἔθεσαν,
2880 4037 3028 4112 χειρὶ
3084 4036 3299 4109 μᾶλλον
3345 4039 3380 4107 ἦ
3432 4040 3627 4114 γνώμῃ
3664 4039 3754 4094 καὶ

2104 4122 2334 4178 διαθέσει
2382 4123 2712 4196 πνεύματος·
2769 4122 3026 4195 ἐδηλώθη
3090 4124 3147 4180 δὲ
3202 4133 3318 4189 τοῖς
3382 4129 3517 4201 μετὰ
3568 4132 3754 4185 ταῦτα.

2102 4214 2188 4273 Ὠς
2218 4212 2320 4287 γὰρ
2353 4210 2752 4289 ἀπηλλάγησαν
2806 4212 3054 4286 ἅσμενοι,
3088 4216 3178 4269 καὶ
3229 4216 3462 4290 γνώμης
3508 4216 3753 4292 ἐγένοντο

2102 4303 2304 4376 κύριοι,
2359 4300 2567 4376 βουλὴν
2626 4300 2981 4377 βουλεύονται
3032 4302 3123 4357 σὺν
3170 4302 3473 4374 ἀλλήλοις,
3508 4306 3606 4361 οὐκ
3635 4302 3751 4360 οἶδα

2108 4390 2201 4462 μὲν
2235 4388 2279 4444 εἱ
2314 4392 2681 4461 πνευματικήν
2714 4394 2848 4461 (67),
2904 4390 3252 4465 βουλεύονται
3287 4391 3332 4448 δ’
3363 4393 3539 4467 ὅμως,
3592 4392 3754 4468 μηδὶν

2101 4479 2287 4555 κύριον
2347 4479 2594 4555 ἡγεῖσθαι
2638 4484 2744 4534 τῶν
2804 4480 3222 4556 πεπραγμένων,
3283 4480 3424 4555 μηδὲ
3469 4486 3570 4553 τήν
3605 4483 3762 4539 κατά-

2103 4589 2283 4622 στασιν
2346 4566 2627 4644 ἔγκριτονο
2690 4570 2788 4639 τήν
2846 4590 2905 4623 τε
2967 4569 3085 4644 βίαν
3145 4568 3533 4633 ἐπικαλοῦντες
3591 4572 3755 4643 αὐτῷ,

2104 4655 2271 4731 μηδὲν
2328 4659 2488 4725 ἦττον
2542 4658 2834 4732 βιασθέντι,
2879 4679 2969 4712 και
3031 4658 3291 4734 ῥημάτων
3349 4656 3755 4733 λαμϐανόμενοί

2094 4768 2278 4813 τινων,
2313 4747 2386 4808 ὡς
2437 4747 2742 4822 εἰρημένων
2793 4752 3092 4817 τηνικαῦτα
3138 4750 3562 4826 προπετέστερον
3595 4751 3630 4820 ἢ
3665 4772 3755 4805 σο-

2100 4837 2364 4914 φώτερον.
2400 4836 2476 4892 Οὐ
2515 4837 2621 4909 μὴν
2657 4837 2684 4891 ὁ
2720 4836 2883 4912 μέγας
2924 4836 3237 4913 ἀρχιερεὺς,
3270 4838 3355 4893 καὶ
3409 4836 3616 4901 δίκαιος
3646 4844 3752 4893 τῶν

2100 4926 2439 5001 πραγμάτων
2492 4925 2796 4997 ἐξεταστὴς,
2830 4927 2863 4994 ἢ
2904 4929 3228 5001 σζναπήχθη
3261 4934 3379 4990 τοῖς
3426 4933 3593 4984 ταῦτα
3626 4930 3753 5004 βου-

2105 5013 2448 5087 λευομένοις,
2498 5015 2533 5082 ἣ
2577 5015 2675 5083 τὴν
2728 5014 2959 5089 γνώμην
3010 5014 3264 5089 ἐπῄνεσεν
3301 5035 3314 5048 °
3368 5017 3493 5073 ἀλλ’
3546 5016 3751 5091 ἔμεινεν

2094 5214 2272 5252 νπω.»

2163 5267 2276 5351 (64)
2306 5267 2664 5352 Ἀρχιερέςιθις.
2701 5294 2720 5320 α
2773 5270 3003 5352 summi
3065 5271 3412 5352 sacerdotis,
3458 5294 3487 5321 »
3538 5272 3595 5327 id
3647 5277 3754 5346 est,

2096 5359 2123 5391 σι
2155 5340 2483 5411 episcopi.»
2507 5340 2647 5397 'Bill.
2675 5364 2703 5391 «
2739 5342 3184 5413 archiepiscopi,
3217 5365 3243 5392 »
3276 5340 3403 5415 quae
3452 5361 3557 5400 vox
3606 5340 3751 5401 non;

2091 5413 2233 5466 dum
2264 5419 2387 5466 erat
2418 5411 2475 5465 in
2505 5429 2638 5466 usu.

2505 5430 2638 5468 USU.

2162 5484 2271 5559 (65)
2306 5480 2420 5559 nisi.
2463 5483 2557 5539 Sic
2608 5485 2785 5559 Regg.
2820 5502 2874 5555 a,
2906 5486 3031 5550 bm,
3063 5483 3180 5539 duo
3227 5485 3429 5559 Coisl.,
3458 5487 3604 5556 Jes.,
3635 5494 3745 5545 etc.

2089 5558 2154 5609 In
2187 5556 2277 5609 ed.
2312 5556 2497 5610 deest.

2160 5626 2273 5697 (66)
2316 5630 2432 5698 Τῶν
2478 5625 2734 5698 πρώτων.
2786 5626 2881 5683 Sic
2928 5626 3104 5682 Coisl.
3162 5628 3213 5698 1,
3264 5628 3361 5684 0r.
3416 5630 3466 5697 1,
3519 5630 3639 5686 Jes.
3690 5634 3747 5688 et

2160 5646 2273 5697 (00)
2328 5646 2432 5679 ιων
2478 5647 2518 5679 π
2557 5646 2734 5683 ωτων.
2787 5646 2881 5683 blc
2928 5646 2978 5681 υ

2090 5696 2361 5772 C0mbcf._
2382 5700 2440 5754 In
2474 5646 2591 5765 δέ,
2619 5698 2712 5751 τὸν
2744 5701 2978 5772 πρώτον.

2162 5771 2268 5843 (67)
2302 5768 2364 5822 Εἰ
2396 5768 2796 5843 διϊνευματικπιςν.⁷
2820 5770 3027 5825 Billius
3062 5787 3073 5826 ξ
3104 5792 3131 5821 ‹‹
3162 5787 3236 5827 an
3267 5771 3594 5844 spirituale.
3619 5795 3649 5827 ››
