4090 6412
325 430 486 489 1021)

1227 418 1520 483 ORATIO
1562 410 1783 477 XVIII.
1824 440 1897 457 -ι
1927 409 2322 474 FUNEBRIS
2370 408 2450 469 IN
2492 408 2848 473 PATREM.

3590 418 3750 485 1030

313 556 551 626 ἀκλινὴς
580 557 668 611 καὶ
701 556 995 626 ἀηττητος,
1029 550 1181 608 οὐδὲν
1212 572 1273 626 γε
1302 552 1461 617 ⁵ἧττον
1494 547 1529 613 ἢ
1568 541 1707 617 μηδὲ
1740 539 1975 617 βιασθεὶς

2098 546 2282 596 ratum
2317 557 2382 594 ac
2416 542 2650 596 ﬁrmum
2686 558 2814 596 esse
2846 543 3146 613 ducerent,
3180 563 3282 600 nec
3314 548 3746 611 institutionem

315 646 491 709 ὅλως.
526 652 728 722 Χρῆναι
760 646 884 721 γὰρ,
913 650 1102 712 κοινῆς
1135 642 1247 713 (68)
1278 637 1444 708 οῧσης
1474 642 1574 704 τῆς
1620 632 1763 708 βίας,
1886 651 1978 722 κα-

311 717 686 811 τηγοροῦντας
763 717 1319 807 ἀντικατηγορεῖσθαι,
1391 725 1427 794 ἢ
1506 722 1753 811 ἀφιέντας
1832 717 1979 811 siqvis-

312 807 469 895 σθαι,
521 824 555 892 ἢ
617 822 678 877 τό
724 844 786 897 γε
835 819 1197 895 δικαιότερον,
1245 817 1373 889 μήτ’
1404 816 1517 886 (69)
1547 809 1797 887 ἆφιέντας
1832 807 1981 897 cipis-

310 914 457 969 σθαι.
515 911 575 966 Εἰ
640 896 748 983 μὲν
795 910 898 985 γὰρ
947 908 1143 970 αὐτοὺς
1203 911 1339 961 εῖναι
1396 901 1722 979 συγγνώμης
1771 896 1974 967 ἀξίους,

312 1001 562 1057 κάκεῖνον
614 1001 851 1061 πάντως⁶
908 998 952 1053 εἰ
998 996 1055 1053 δὲ
1091 994 1364 1069 μηδαμῶς
1397 992 1624 1058 ἶκεῖνον,
1659 989 1842 1063 σχολῇ
1873 986 1977 1059 γὰρ

315 1090 375 1145 ἂν
414 1089 631 1150 αὐτοὺς.
694 1086 898 1159 Πολλῷ
926 1088 1027 1163 γὰρ
1065 1083 1280 1160 βέλτιον
1313 1082 1469 1150 εἶναι,
1501 1074 1624 1133 τότε
1653 1073 1976 1163 κινδυνεύειν

312 1179 405 1232 καὶ
438 1176 741 1233 ἀντιτείνειν
781 1178 945 1251 μέχρι
971 1176 1187 1247 παντὸς,
1220 1174 1254 1242 ἢ
1307 1171 1528 1245 ὓστερον
1579 1161 1975 1234 ἐπιϐουλεύειν,

313 1268 413 1322 κᾶν
447 1267 624 1339 τούτῳ
654 1270 732 1337 τῷ
759 1250 933 1341 καιρῷ
967 1266 1078 1337 (70)
1115 1258 1541 1335 μάλιστα,ἡνίκα
1569 1255 1656 1310 καὶ
1688 1254 1784 1315 τὰς
1815 1250 1978 1312 οὖσας

312 1354 517 1432 ἓχθρας
545 1352 828 1409 καταλύειν
862 1350 1083 1426 ἄμεινον
1115 1354 1205 1420 ἦν,
1236 1351 1270 1419 ἣ
1297 1351 1391 1410 τὰς
1439 1346 1539 1401 ούκ
1569 1342 1728 1405 οὔσας
1760 1360 1977 1416 περινο-

316 1449 412 1499 εῖν·
449 1444 567 1518 εἶχε
594 1445 698 1519 γὰρ
730 1442 927 1505 οὕτως.

2085 629 2412 701 legitimam
2449 654 2462 685 :
2494 630 2612 684 vim
2660 630 2711 684 ei
2756 632 3118 704 objicientes,
3154 636 3252 705 qui
3307 654 3423 692 non
3455 641 3742 699 minorem

2084 717 2211 789 ipse
2242 718 2354 773 vim
2388 735 2602 789 passus
2639 719 2848 788 fuerat,
2873 738 2937 776 ac
2964 739 3263 780 sermones
3295 729 3577 798 quosdam
3603 732 3744 786 arri-

2086 810 2329 879 pientes,
2365 813 2429 861 ut
2477 807 2808 878 petulanter
2866 812 3056 883 magis
3101 829 3280 883 quam
3335 819 3629 888 sapienter
3675 838 3741 877 eo

2086 900 2350 967 tempore
2382 895 2660 967 prolatos.
2695 900 2766 952 At
2796 898 3064 971 antistes,
3092 907 3149 956 et
3172 920 3376 975 aequus
3408 923 3601 963 rerum
3635 927 3742 965 ws-

2087 985 2348 1049 timator,
2382 1001 2488 1039 nec
2519 1002 2655 1040 cum
2688 986 2781 1056 iis,
2812 990 2911 1059 qui
2946 989 3285 1059 hujusmodi
3312 995 3625 1053 consilium
3658 999 3748 1053 in-

2088 1074 2275 1139 ibant,
2292 1074 2584 1130 abductus
2606 1078 2714 1141 est,
2743 1092 2845 1130 nec
2877 1094 3078 1133 eorum
3103 1084 3455 1139 sententiam
3480 1102 3747 1159 compro-

2089 1163 2264 1229 bavit,
2299 1180 2500 1217 verum
2547 1170 2824 1219 constans
2875 1172 3045 1237 atque
3096 1168 3347 1227 invictus
3400 1178 3747 1249 permansit,

2089 1269 2202 1306 non
2239 1252 2438 1307 minus
2469 1268 2647 1323 quam
2681 1254 2728 1308 si
2764 1255 2925 1309 nulla
2955 1257 3194 1313 omnino
3219 1260 3304 1315 vis
3335 1261 3444 1333 ipsi
3479 1265 3747 1323 adhibita

2089 1340 2318 1395 fuisset.
2357 1340 2499 1396 Nam
2543 1358 2674 1397 cum
2707 1342 2793 1398 vis
2845 1347 3176 1403 communis
3223 1356 3398 1421 esset,
3432 1360 3743 1429 oporteret,

2089 1434 2287 1484 utaut
2335 1436 2683 1487 accusantes
2713 1433 2972 1488 vicissim
3024 1442 3460 1509 accusarentur,
3496 1448 3598 1498 aut
3635 1446 3736 1501 ab-

317 1536 611 1591 solventes
643 1518 1119 1599 absolverentur;
1167 1534 1287 1599 aut,
1321 1528 1477 1601 quod
1523 1524 1745 1597 justius
1794 1523 1938 1586 erat,
1971 1534 2043 1573 ne
2090 1518 2460 1574 absolventes
2492 1520 2730 1591 quidem
2781 1522 3238 1582 absolverentur.
3273 1527 3332 1582 Si
3382 1529 3540 1585 enim
3596 1533 3740 1605 ipsis

316 1625 485 1681 venia
517 1624 847 1688 deberetur,
881 1623 1086 1694 utique
1116 1624 1172 1677 et
1202 1619 1264 1675 ili
1301 1636 1312 1675 :
1349 1618 1440 1674 sin
1475 1615 1559 1670 illi
1592 1611 1754 1669 nullo
1786 1609 1958 1665 modo
2005 1607 2429 1679 ignoscendum
2471 1613 2644 1679 esset,
2681 1609 2865 1665 multo
2897 1617 3050 1667 certe
3099 1614 3297 1670 minus
3350 1617 3514 1689 ipsis.
3550 1622 3745 1696 Longe

316 1713 475 1768 enim
508 1712 695 1768 satius
756 1710 983 1781 fuisset,
1018 1718 1082 1765 ut
1114 1709 1221 1782 ipsi
1273 1712 1399 1763 tum
1449 1702 1734 1775 temporis
1784 1696 2110 1772 periculum
2143 1697 2392 1763 adirent,
2425 1701 2598 1769 atque
2631 1699 2701 1753 ad
2733 1703 3057 1756 extremum
3120 1718 3307 1774 usque
3365 1708 3739 1784 obsisterent,

316 1821 497 1875 quam
530 1808 594 1859 ut
624 1808 825 1877 postea
871 1802 1119 1858 insidias
1168 1800 1598 1871 compararent,
1632 1807 1816 1865 eoque
1858 1787 2024 1877 355,
2044 1788 2367 1859 praesertim
2399 1792 2681 1861 tempore,
2714 1806 2830 1861 quo
2862 1797 3000 1848 orta:
3022 1793 3151 1864 jam
3185 1794 3501 1854 inimicitiae
3549 1802 3748 1873 potius

315 1899 516 1950 essent
546 1875 923 1965 deponendas,
958 1907 1138 1964 quam
1173 1906 1333 1945 novae
1364 1884 1778 1958 excogitandae.
1813 1879 1904 1934 Sic
1935 1875 2092 1932 enim
2125 1894 2218 1931 res
2251 1894 2313 1932 se
2342 1877 2613 1934 habebat.

388 1983 509 2038 ΛΝ.
562 1987 745 2054 Παρῆν
808 1980 900 2053 μὲν
962 1980 989 2033 ὁ
1043 1976 1297 2054 βασιλεὺς
1348 1975 1565 2051 βρέμων
1602 1971 1967 2054 Χριστᾼιανοῖς,

2150 1966 2393 2022 XXXIV.
2427 1968 2646 2024 Aderat
2689 1970 3010 2042 imperator
3055 1972 3335 2032 adversus
3382 1977 3746 2040 Christianos

318 2066 388 2124 δι’
422 2069 598 2145 ἀργῆς
631 2052 687 2122 δὲ
711 2070 746 2137 ἡ
779 2052 1108 2143 χειροτονία,
1136 2064 1419 2135 ἠπειλεῖτο
1466 2059 1523 2116 δὲ
1570 2062 1597 2115 ὁ
1647 2052 1982 2130 προϐληθείς

321 2158 412 2213 ἐπὶ
474 2155 634 2233 ξυροῦ
688 2160 801 2231 (71)
851 2154 909 2210 δὲ
955 2158 990 2225 ἡ
1041 2153 1227 2226 πόλις,
1261 2154 1294 2222 ἢ
1328 2152 1517 2226 μηκέτ’
1549 2151 1685 2204 εἶναι
1719 2146 1853 2220 μετᾶ
1882 2145 1979 2213 τήν

318 2247 533 2322 ἡμέραν
568 2246 797 2317 ἐκείνην,
844 2247 1298 2321 ἣπερισωθῆναι,
1335 2242 1425 2297 καί
1474 2261 1623 2301 τινος
1675 2235 1979 2316 φιλανθρω-

318 2336 450 2397 πίας
493 2339 704 2410 τυχεῖν.
758 2332 1147 2408 Προσεγεγόνει
1205 2331 1309 2406 γὰρ
1360 2330 1439 2392 οἷς
1487 2327 1804 2404 παρώξυντο
1856 2322 1979 2395 περὶ

318 2432 426 2494 τῆς
468 2423 677 2498 Τύχης,
728 2421 780 2478 ἐν
837 2421 1015 2497 καιρῷ
1044 2429 1141 2491 τῆς
1169 2419 1422 2495 εὐτυχίας
1454 2415 1859 2493 περιλυθείσης,
1890 2412 1978 2467 καὶ

317 2516 352 2583 ἡ
407 2512 534 2588 περὶ
582 2514 672 2566 τὸν
724 2510 889 2586 ἄνδρα
918 2510 1260 2583 καινοτομία,
1296 2510 1369 2571 ὡς
1398 2513 1503 2563 τῶν
1554 2504 1832 2579 δημοσίων
1892 2524 1977 2557 σε·

318 2600 670 2675 συλημένων.
719 2603 931 2671 Ἐζήτει
965 2598 1021 2655 δὲ
1053 2602 1080 2654 ὁ
1109 2604 1207 2654 τοῦ
1240 2595 1424 2661 ἔθνους
1458 2595 1644 2671 ἅρχων
1675 2596 1703 2650 ’ὁ
1734 2616 1786 2649 τι
1819 2592 1977 2668 χαρί-

317 2712 475 2746 σαιτο
532 2695 611 2763 τῷ
663 2691 858 2765 καιρῷ,
911 2691 1156 2745 κάκεῖνον
1186 2688 1238 2744 τί
1272 2686 1475 2757 διαθείη
1509 2687 1695 2755 κακὸν,
1729 2681 1853 2738 οὐδὲ
1884 2683 1978 2737 ἅλ-

318 2780 439 2843 λως
470 2781 606 2856 πρὸς
642 2779 799 2835 αὐτὸν
834 2775 977 2855 ἔχων
1012 2777 1357 2849 ἐπιτηδείως,
1393 2774 1519 2831 ἀλλ’
1568 2776 1642 2837 ὡς
1675 2774 1726 2844 ἐξ
1752 2774 1977 2827 ἀντιπο-

318 2868 532 2930 λιτείας
567 2866 823 2945 διάφορος
858 2866 950 2925 ὢν.
986 2865 1203 2923 Ἐκάλει
1261 2864 1319 2921 δὶ
1376 2863 1442 2920 δι’
1500 2862 1801 2919 ἐπιστολῶν
1849 2860 1976 2923 τοὺς

316 2961 810 3032 χειροτονήσαντας
869 2957 943 3019 ὡς
999 2958 1502 3031 κατηγορήσοντας,
1536 2954 1635 3008 οὔκ
1665 2949 1742 3007 ἔτι
1802 2953 1977 3026 ἀπρα-

316 3044 573 3121 γμόνως,
607 3044 731 3100 ἀλλ’
769 3043 870 3115 ἤδη
904 3068 956 3100 τι
989 3045 1077 3100 καὶ
1109 3044 1343 3113 ἀπειλῆς
1386 3047 1500 3118 (72)
1554 3040 1978 3117 ωροστιθεὶς,ὡς

312 3140 483 3191 τοῦτο
516 3136 872 3197 ἀπαιτοῦντος
905 3138 1014 3209 (73)
1045 3139 1142 3190 τοῦ
1180 3134 1471 3210 βασιλέως.
1511 3133 1651 3190 Τότε
1680 3132 1856 3187 τοίνυν
1889 3128 1978 3185 καί

314 3224 461 3299 πρὸς
514 3224 670 3278 αὐτὸν
720 3222 985 3295 ἐλθούσης
1035 3223 1351 3297 ἑπιστοΛῆς,
1403 3220 1556 3278 οὐδὲν
1606 3220 1801 3289 δείσας,
1856 3217 1980 3276 οὐδὲ

320 3314 522 3390 μικρὸν
566 3313 809 3389 ἐπισχὼν
858 3316 1170 3389 (σκοπῶμεν
1218 3316 1319 3384 τήν
1365 3312 1689 3390 παῤῥησίαν,
1737 3311 1835 3381 ὅση
1888 3310 1977 3364 καὶ
2010 3339 2052 3407 C

320 3404 447 3477 μεθ’
496 3402 625 3458 ὅσου
670 3408 769 3457 τοῦ
817 3403 1148 3477 πνεύματος,
1200 3404 1257 3458 ἐκ
1285 3408 1392 3458 τῶν
1422 3399 1977 3473 ἀντεπεσταλμένων),

310 3495 536 3564 Ἡμεῖς,
613 3492 799 3565 φησὶν,
878 3494 923 3547 ὦ
1000 3495 1249 3567 κράτιστε
1323 3493 1550 3566 ἡγεμὼν
1647 3493 1781 3564 (74),
1856 3488 1983 3542 πάν-

320 3601 433 3634 των
468 3583 574 3633 τῶν
606 3580 993 3653 πραττομένων
1045 3578 1246 3655 ἔχομεν
1278 3579 1558 3652 ἐξεταστὴν
1601 3574 1693 3632 ἕνα
1736 3579 1827 3631 καὶ
1880 3577 1982 3651 βα-

323 3666 504 3733 σιλέα,
553 3667 641 3721 τὸν
690 3670 778 3720 νῦν
825 3665 1243 3739 πολεμούμενον
1271 3687 1281 3699 ·
1348 3666 1550 3728 ἐκεῖνος
1587 3666 1675 3720 καὶ
1735 3667 1832 3733 τὴν
1893 3668 1981 3718 νῦν

328 3756 560 3827 ἐξετάσει
591 3755 953 3831 χειροτονίαν,
988 3757 1047 3823 ἦν
1096 3755 1352 3829 ἔνθεσμον
1404 3757 1516 3828 (75)
1545 3754 1635 3809 καὶ
1685 3753 1849 3831 φίλην
1896 3753 1985 3807 αύ-

327 3851 407 3917 τῷ
438 3846 804 3917 πεποιήμεθα.
829 3846 981 3918 Ὑμῖν
1016 3842 1072 3899 δὲ
1104 3842 1243 3899 ἄλλο
1279 3844 1372 3917 μέν
1414 3865 1465 3899 τι
1528 3843 1801 3918 βιάζεσθαι
1852 3844 1985 3917 βου-

332 3935 611 4007 λομένοις,
644 3934 733 3989 καὶ
764 3936 902 3989 πάνυ
935 3933 1125 4010 ῥᾷστον
1152 3953 1165 3966 °
1205 3937 1367 3989 τοῦτο
1401 3931 1458 3989 δὲ
1489 3931 1665 3995 οὐδεὶς
1696 3935 1846 4005 ἡμᾶς
1877 3931 1983 4008 ἀφ-

332 4025 634 4096 αιρήσεται,
678 4024 741 4077 τὸ
791 4030 1127 4100 συνηγορεῖν,
1177 4023 1250 4085 ὡς
1299 4023 1475 4098 ὀρθῶς
1508 4022 1596 4078 καὶ
1630 4020 1853 4083 δικαίως
1884 4043 1984 4076 πε-

332 4112 691 4187 πραγμένοις,
749 4117 865 4175 τοῖς
923 4113 1348 4189 πεπραγμένοις·
1410 4113 1455 4167 εἷ
1516 4114 1591 4186 μὴ
1650 4112 1739 4167 καὶ
1794 4116 1983 4166 τοῦτον

332 4200 513 4270 θείητε
568 4202 656 4255 τὸν
718 4200 908 4275 νόμον,
964 4203 1079 4263 οἷος
1111 4205 1224 4270 (76)
1256 4200 1317 4256 ού
1351 4203 1567 4276 θεμιτὸν
1619 4201 1984 4277 παρακύπτειν

331 4290 406 4351 εἷς
464 4289 531 4344 τὰ
580 4290 843 4367 ἡμέτερα.
896 4294 1074 4349 Τοῦτο
1122 4292 1183 4346 τὸ
1227 4290 1458 4367 γράμμα
1504 4292 1593 4346 καὶ
1643 4291 1803 4353 αὐτὸς
1834 4289 1987 4345 ἐθαύ-

334 4400 496 4449 μασεν
531 4379 558 4432 ὁ
587 4376 897 4452 δεξάμενος,
932 4380 977 4435 εἰ
1007 4381 1096 4435 καὶ
1127 4382 1262 4449 πρὸς
1299 4378 1489 4455 ὀλίγον
1533 4378 1878 4456 ἐχαλέπηνεν,
1912 4381 1986 4443 ὡς

331 4466 382 4519 οἱ
434 4464 642 4519 πολλοὶ
705 4472 810 4520 τῶν
874 4471 984 4539 (77)
1041 4468 1109 4523 τὰ
1165 4468 1365 4522 ἐκείνου
1425 4467 1611 4530 καλῶς
1657 4464 1987 4544 γιγνωσκόν-

328 4558 435 4607 τῶν
472 4555 584 4625 (78)
615 4552 970 4627 ἀπήγγελλον
1000 4575 1011 4585 '
1042 4559 1208 4609 τοῦτο
1239 4558 1328 4609 καὶ
1376 4555 1647 4619 κασιλὲως
1678 4559 1777 4625 τὴν
1806 4558 1985 4632 ὁρμὴν

332 4636 541 4712 ἔστησε,
601 4642 690 4695 καὶ
748 4646 843 4696 τοῦ
900 4640 1152 4696 κινδύνου
1193 4645 1291 4712 τήν
1346 4643 1508 4698 πόλιν
1560 4646 1890 4717 ἀπήκλαξεν,
1923 4644 1985 4699 ού

2092 2055 2398 2124 fremens;
2458 2056 2608 2113 hanc
2651 2062 2848 2114 autem
2898 2060 3325 2119 ordinationem
3376 2066 3521 2123 irato
3572 2076 3746 2142 atque

2090 2143 2331 2200 incenso
2353 2147 2551 2201 animo
2580 2147 2815 2215 ferebat,
2841 2150 3040 2219 gravia
3068 2166 3201 2206 vero
3220 2153 3277 2207 in
3310 2171 3466 2223 eum,
3494 2159 3592 2228 qui
3617 2177 3746 2231 pro-

2094 2240 2287 2289 motus
2320 2236 2527 2303 fuerat,
2562 2237 2902 2292 minabatur
2933 2255 2947 2294 :
2981 2244 3155 2311 atque
3187 2240 3245 2296 in
3297 2248 3587 2301 novaculae
3620 2250 3744 2306 acie

2092 2322 2297 2379 civitas
2330 2329 2475 2391 erat,
2511 2330 2709 2380 utrum
2747 2333 2876 2397 post
2906 2327 3072 2383 illum
3097 2330 3251 2386 diem
3282 2348 3406 2389 esse
3431 2336 3743 2405 desineret,

2090 2428 2164 2466 an
2196 2428 2225 2466 e
2257 2412 2513 2484 periculo
2553 2415 2842 2482 evaderet,
2877 2420 3052 2488 atque
3090 2418 3477 2479 humanitatis
3524 2425 3745 2498 aliquid

2090 2506 2565 2571 consequeretur.
2620 2503 2706 2557 Ad
2750 2518 2884 2558 eum
2934 2505 3091 2559 enim
3141 2507 3422 2578 dolorem,
3456 2528 3631 2581 quem
3674 2516 3747 2571 ob

2096 2590 2357 2644 Fortunae
2405 2593 2691 2661 templum
2744 2592 3035 2648 felicitatis
3086 2598 3347 2667 tempore
3394 2600 3658 2657 dirutum
3692 2609 3750 2660 et

2089 2695 2379 2746 eversum,
2412 2681 2691 2752 capiebat,
2728 2682 2831 2735 viri
2885 2682 3043 2738 illius
3084 2686 3376 2743 ordinatio
3408 2692 3739 2759 accedebat,

2090 2785 2268 2838 quam
2300 2769 2667 2840 publicarum
2692 2787 2888 2826 rerum
2920 2773 3353 2831 convulsionem
3378 2794 3441 2833 ac
3471 2779 3627 2836 velut
3647 2798 3745 2837 ex-

2090 2858 2425 2929 pilationem
2455 2875 2584 2914 esse
2612 2859 3123 2932 interpretabatur.
3154 2864 3207 2918 Is
3238 2870 3457 2937 autem,
3481 2872 3579 2940 qui
3616 2887 3747 2941 pro-

2088 2946 2290 3002 vincia:
2337 2952 2601 3018 praeerat,
2635 2949 2890 3004 rationes
2942 2951 3299 3023 exquirebat,
3334 2957 3549 3026 quibus
3593 2963 3745 3016 tem-

2091 3036 2213 3107 pori
2249 3037 2695 3104 obsecundaret,
2728 3043 2902 3110 atque
2950 3040 3147 3110 ipsum
3184 3042 3335 3097 malo
3362 3044 3558 3117 aliquo
3592 3048 3750 3103 mul-

2091 3129 2259 3193 taret,
2294 3130 2360 3180 ut
2390 3126 2490 3197 qui
2524 3144 2625 3182 nec
2660 3126 2877 3199 alioqui
2906 3129 3096 3185 amico
3128 3147 3193 3185 ac
3226 3132 3503 3190 benevolo
3526 3136 3584 3191 in
3610 3155 3747 3195 eum

2091 3216 2287 3271 animo
2318 3220 2492 3284 esset,
2526 3231 2726 3271 verum
2776 3217 2848 3271 ob
2879 3219 3171 3275 contraria
3213 3221 3270 3275 in
3306 3224 3617 3294 republica;
3649 3230 3749 3283 ad-

2093 3304 2527 3361 ministratione
2550 3307 2746 3361 studia
2766 3307 2838 3361 ab
2869 3324 2934 3361 eo
2959 3308 3288 3365 dissideret.
3313 3312 3594 3376 Quocirca
3625 3333 3745 3382 eos,

2091 3410 2124 3448 a
2154 3394 2370 3465 quibus
2392 3395 2697 3449 ordinatus
2720 3395 2925 3465 fuerat,
2950 3396 3107 3453 velut
3125 3398 3321 3469 ipsum
3344 3409 3747 3475 accusaturos,

2092 3499 2194 3553 per
2218 3482 2444 3537 litteras
2477 3484 2829 3551 accersebat,
2856 3500 2968 3539 non
2994 3486 3121 3555 jam
3152 3485 3362 3543 leniter
3391 3494 3445 3545 et
3477 3493 3743 3564 remisse,

2092 3571 2190 3625 sed
2214 3571 2508 3625 minarum
2527 3572 2699 3626 etiam
2718 3571 2938 3642 aliquid
2962 3574 3315 3646 adjungens,
3330 3582 3611 3650 tanquam
3636 3582 3747 3637 im-

2094 3664 2324 3729 perator
2380 3659 2489 3713 hoc
2545 3659 2817 3730 exigeret.
2860 3663 3002 3714 Cum
3062 3662 3243 3734 igitur
3292 3670 3457 3735 pater
3513 3686 3748 3742 quoque

2094 3752 2217 3802 tum
2254 3748 2326 3801 ab
2371 3763 2436 3802 eo
2482 3747 2789 3818 epistolam
2822 3749 3159 3819 accepisset,
3194 3752 3337 3807 nihil
3370 3755 3609 3823 veritus,
3642 3776 3749 3816 nec

2096 3852 2318 3891 moram
2355 3835 2533 3890 ullam
2584 3835 2961 3907 interponens
3009 3838 3494 3913 (consideremus,
3529 3864 3748 3919 quaeso,

2095 3942 2163 3981 ex
2192 3925 2284 3995 iis,
2320 3941 2447 3995 quas
2480 3926 2807 3994 respondit,
2838 3933 3061 3997 quanta
3090 3928 3278 4000 ipsius
3309 3931 3367 3986 in
3401 3933 3647 3993 dicendo
3680 3937 3749 3993 li-

2096 4015 2313 4079 bertas,
2347 4018 2403 4068 et
2450 4018 2667 4084 quanto
2720 4031 2853 4069 cum
2888 4016 3095 4087 spiritu
3146 4020 3462 4089 conjuncta
3505 4024 3697 4097 fuerit)
3733 4043 3747 4082 :

2098 4104 2234 4171 Nos,
2267 4102 2479 4174 inquit,
2512 4104 2921 4174 potentissime
2968 4122 3199 4175 praeses,
3232 4125 3427 4165 rerum
3460 4115 3749 4183 omnium,

2098 4210 2225 4265 quae
2257 4196 2560 4264 geruntur,
2579 4208 2877 4248 censorem
2903 4211 3084 4249 unum
3116 4214 3181 4252 ac
3213 4214 3406 4270 regem
3443 4201 3750 4270 habemus,

2099 4283 2196 4355 qui
2217 4298 2373 4337 nunc
2391 4286 2786 4353 oppugnatur.
2808 4285 2862 4338 ls
2879 4289 2935 4339 et
2954 4291 3298 4356 praesentem
3322 4290 3751 4349 ordinationem

2098 4373 2403 4444 expendet,
2458 4388 2635 4442 quam
2696 4389 2801 4427 nos
2851 4374 2962 4430 rite
3016 4391 3080 4430 ac
3131 4374 3410 4449 legitime,
3470 4385 3645 4453 atque
3692 4388 3759 4438 ut

2099 4462 2211 4533 ipsi
2244 4466 2476 4532 gratum
2527 4465 2636 4527 est,
2668 4461 2933 4518 fecimus.
2975 4467 3086 4519 Vos
3137 4472 3333 4522 autem
3373 4468 3485 4525 alia
3516 4472 3755 4542 quidem

2098 4550 2298 4619 aliqua
2341 4550 2398 4602 in
2432 4565 2493 4601 re
2522 4550 2713 4616 nobis,
2747 4550 2795 4604 si
2845 4553 3080 4608 animus
3132 4554 3213 4609 ita
3258 4556 3478 4628 tulerit,
3515 4560 3634 4615 vim
3667 4562 3757 4617 af-

2099 4637 2247 4693 ferre
2290 4634 2563 4707 perfacile
2611 4637 2855 4705 potestis
2891 4658 2903 4693 :
2938 4641 2992 4692 id
3044 4647 3236 4697 autem
3273 4661 3443 4700 nemo
3495 4665 3757 4718 unquam

335 4728 557 4805 φαύλως
592 4727 637 4784 3'
668 4729 726 4785 ἂν
755 4731 1073 4806 προσθείην,
1104 4730 1188 4786 ὅτι
1218 4732 1307 4786 καὶ
1350 4738 1449 4801 τῆς
1501 4731 1765 4806 αἰσχύνης
1814 4735 1985 4805 ἡμᾶς.

2100 4725 2269 4780 nobis
2292 4702 2541 4790 adimet,
2576 4702 2718 4792 quin
2753 4741 2841 4791 ea,
2874 4743 3003 4796 qua:
3037 4729 3185 4784 facta
3215 4737 3375 4799 sunt,
3412 4738 3477 4788 ut
3507 4702 3757 4792 νέειεᾶ

333 4818 538 4874 Τούτου
576 4824 675 4875 τοῦ
714 4820 1113 4897 μικροπολίτου
1154 4822 1216 4876 τὸ
1249 4817 1425 4897 ἔργον,
1457 4820 1547 4875 καὶ
1576 4827 1679 4890 τῆς
1726 4818 1987 4896 καθέδρας

409 4945 550 5025 (68)ῌ
570 4952 791 5019 Κρινῆς.
843 4949 1037 5025 thol.
1076 4968 1086 5005 :
1121 4944 1989 5025 Δηλονότιμτῷχειροτονηθέντι,

409 4966 518 5016 too)
571 4966 791 5019 l\PW‘IK.
843 4966 1037 5005 boum.
1076 4968 1086 5005 :
1121 4966 1386 5018 ΔηΛονοτι
1416 4969 1497 5018 τῳ
1527 4966 1568 5076 γι

336 5014 428 5095 καῖ
459 5022 580 5095 τοῖς
611 5022 1049 5095 χειροτονήσασι.
1100 5044 1128 5073 ι(
1159 5023 1310 5077 Tum
1358 5020 1410 5076 ei
1444 5021 1526 5076 sci
1556 5040 1571 5077 ι

337 5092 511 5165 natus
544 5091 751 5165 fuerat,
782 5100 839 5148 et
866 5094 940 5148 iis
973 5094 1072 5165 qui
1104 5095 1534 5165 ordinaverant.
1568 5115 1597 5144 »

547 5164 706 5238 Μήτ’.
738 5160 879 5238 Reg.
917 5160 1037 5237 bm,
1072 5171 1127 5220 et
1157 5165 1253 5221 Or.
1287 5167 1336 5230 1,
1374 5160 1533 5238 μηδὲ,

374 5232 519 5351 0(⁸70)
551 5234 641 5307 Τῷ
669 5232 865 5312 καιριῖῖ.
923 5232 1101 5311 Regg.
1138 5255 1190 5305 ει,
1225 5238 1346 5304 bm,
1376 5232 1458 5292 'et
1501 5236 1595 5293 Or.
1648 5237 1699 5309 1,
1730 5239 1828 5289 τοῦ
1871 5256 1990 5290 και-

408 5322 458 5351 υ.

408 5322 437 5353 υ

407 5344 521 5445 (71)
590 5376 710 5450 Ἐπὶ
780 5379 959 5449 ξυροῦ.
1031 5404 1057 5431 ‹‹
1122 5383 1258 5445 Quae
1325 5378 1383 5432 in
1440 5394 1674 5433 summo
1735 5378 1993 5450 periculo

336 5450 498 5523 sunt,
534 5470 560 5496 »
593 5449 786 5523 inquit
838 5453 1065 5523 Billius,
1118 5474 1145 5503 υ
1178 5468 1263 5515 ea,
1300 5450 1646 5523 proverbiali
1679 5449 1992 5520 loeutione,

333 5521 721 5595 1n_nqve_gulea
768 5525 888 5579 acie
920 5521 1076 5580 stare
1119 5521 1425 5595 dicuntur.
1451 5521 1680 5595 »_,Illud
1716 5523 1990 5595 adagium

334 5589 426 5711 (ἐξέ
453 5590 527 5688 ab
558 5590 806 5650 Homero
837 5597 1098 5665 ductum,
1131 5595 1249 5667 qui,
1278 5594 1447 5651 Iliad.
1480 5592 1580 5650 lib.
1611 5612 1666 5665 x,
1700 5589 1992 5664 vers7173,

341 5747 448 5802 Νῦν
504 5750 606 5827 γὰρ
663 5749 730 5824 δὴ
788 5754 1073 5811 πάντεσσιν
1133 5752 1222 5810 ἐπὶ
1281 5753 1443 5832 ξυροῦ
1496 5749 1714 5809 ἵσταται
1789 5754 1994 5828 ἀκμῆς.

1578 5023 1669 5079 cet
1698 5023 1797 5094 qui
1840 5023 1993 5079 ordi-

2093 4815 2255 4885 juste
2306 4813 2475 4877 facta,
2528 4810 2955 4884 defendamus,
3008 4816 3120 4872 nisi
3152 4819 3298 4874 forte
3345 4819 3496 4875 hanc
3524 4838 3760 4895 quoque

2172 4945 2328 4999 Nunc
2357 4938 2509 4996 enim
2538 4940 2792 4997 omnibus
2840 4943 2901 4998 in
2943 4946 3221 5002 novaculae
3250 4949 3369 5004 acie
3395 4949 3508 5004 sita
3535 4966 3626 5006 res
3655 4956 3758 5009 est.

2192 5032 2285 5174 72)
2316 5025 2600 5097 ’Δπειλῆς.
2634 5031 2804 5087 Cois].
2841 5035 2891 5103 1,
2924 5031 3171 5095 ἀπειλάς.

2199 5105 2265 5158 73
2316 5100 2729 5163 Ἀπαιτοῦντος.
2781 5105 2952 5160 Coisl.
3003 5107 3056 5173 1,
3106 5107 3171 5160 ἀπ

2192 5035 2263 5085 72
2317 5035 2600 5097 ⁷Δπειλῆς.
2634 5035 2804 5087 Cois].
2841 5035 2891 5103 1,
2924 5035 3171 5095 ἀπειλάς.

2316 5100 2729 5163 Ἀπαιτοῦντος.
2781 5105 2952 5160 Coisl.
3003 5107 3056 5173 1,
3106 5103 3484 5178 ἀπειλοῦντος,
3519 5133 3547 5162 κ
3582 5112 3759 5170 mini.

2102 5175 2306 5233 tantis.
2345 5196 2369 5221 ν

2175 5248 2287 5324 (ιι)
2314 5244 2583 5324 ἰιγιμών-
2614 5245 2675 5324 .In
2710 5246 3085 5324 quibusdam.
3119 5246 3351 5324 ἥγεμονο

2176 5315 2283 5389 (75)
2334 5315 2831 5397 ‘XeL-pptovlav,_ﬁv
2876 5315 3240 5397 ἔνθεσμονξ’‹‹’
3290 5323 3759 5397 Qrdinatjonem,

2147 5388 2283 5446 uram
2334 5388 2613 5458 legitime,
2645 5411 2673 5439 ››
2725 5396 2834 5445 etc.
2886 5388 3186 5454 Quatenus
3235 5394 3478 5461 scilicet,
3514 5388 3758 5471 ἥγνισαν,

2103 5409 2429 5518 ἓνεκήρυεαν
2464 5456 2551 5512 ἐπὶ
2586 5458 2773 5518 θρόνον
2806 5457 3011 5518 ἔθεσαν.
3053 5488 3080 5515 α
3116 5466 3591 5518 nurificaverunt.
3626 5486 3757 5518 nro-

2137 5460 2429 5541 νεκήρυεαν
2464 5456 2773 5541 ἐπίθριόνον
2806 5457 3011 5541 ἔθεσαν,
3053 5488 3080 5515 α
3116 5456 3592 5537 ρυνὶἕίοδινθῑιιῐίί,
3624 5456 3757 5541 pro:

2105 5536 2523 5603 clamaverunt,
2554 5531 2854 5591 in'throno
2886 5531 3266 5594 collocarunt.
3300 5561 3330 5588 »

2175 5606 2267 5670 (76
2318 5601 2431 5662 Οἷς.
2467 5601 2604 5674 Reg.
2639 5621 2693 5669 a,
2725 5604 2818 5665 ὡς.

2176 5605 2288 5746 (77)
2319 5676 2466 5730 Τῶν.
2500 5675 2597 5746 Sic
2623 5678 2718 5730 Or.
2755 5679 2804 5732 1.

2195 5675 2288 5736 77)
2319 5676 2466 5730 Τῶν.
2500 5675 2593 5730 Sic
2623 5678 2718 5730 0r.
2755 5679 2804 5732 1.
2840 5677 3013 5735 Deest
3042 5680 3100 5736 in
3135 5682 3227 5736 ed.

2198 5744 2292 5819 78)
2322 5744 2763 5822 Διγνωσκόντων.
2795 5749 2935 5824 Reg.
2968 5752 3091 5825 bm,
3118 5748 3515 5830 γινωσκόντων.
