4090 6414
321 404 473 467 1031

316 805 528 860 ohatus
548 801 1153 872 sit,quemadmodum
1178 817 1246 855 ιχ
1268 797 1468 854 multis
1491 797 1977 867 intellectumgest,

1566 394 1628 458 S.
1682 395 1777 459 GR
1792 396 2053 457 EGORII
2105 392 2497 459 THEOLOGI

318 538 509 609 legem
567 532 865 601 statuatis,
898 528 1118 604 quibus
1150 549 1221 588 ne
1262 528 1321 585 in
1354 536 1583 586 nostras
1613 530 1852 601 quidem
1885 545 1974 584 res

2090 529 2155 582 τὰ
2183 524 2402 602 δεύτερα

316 624 649 698 prospicere
689 623 776 678 fas
809 626 916 677 est.
964 622 1080 677 Has
1108 622 1332 677 litteras
1380 619 1477 674 ille
1509 619 1686 674 etiam
1720 619 1845 689 ipse
1877 619 1980 673 ad-

321 715 571 771 miratus
600 716 710 777 est,
743 712 843 783 qui
875 712 1119 781 accepit,
1155 709 1384 765 etiamsi
1419 724 1735 780 parumper
1766 714 1982 763 stoma-

3596 400 3755 465 1032

2463 524 2705 603 ἔχοντος.
2768 528 2891 604 ⁷Δρ’
2951 526 3012 583 οὑ
3066 526 3264 602 πολλῷ
3328 530 3545 605 βέλτιον
3607 535 3757 589 οὕτω

2091 618 2412 692 πρωτεᾷειν,
2466 619 2499 686 ἢ
2546 617 2651 671 ἀπο
2699 622 2805 672 τῶν
2856 617 3211 692 ὑψηλοοέρων
3248 620 3456 695 θρόνων
3489 624 3753 697 φθέγγεσ-

2091 708 2199 779 θαι,
2234 706 2323 760 καὶ
2354 712 2567 781 κρατεῖν
2602 707 2652 761 ἐν
2682 710 2797 780 (79)
2819 713 2934 769 τοῖς
2984 710 3264 782 πράγμασι
3310 708 3523 781 μᾶλλον
3629 718 3752 774 τοῖς

2093 793 2181 849 ὸνο
2192 816 2348 869 μασιν
2383 815 2396 865 ;

317 894 418 966 qui
451 910 543 949 res
574 891 736 946 illius
768 889 1271 962 perspectissimas
1305 887 1614 943 habebant.
1647 889 1834 958 Atque
1866 886 1975 941 hoc
2007 890 2064 941 et
2104 887 2474 958 imperatoris
2508 890 2794 961 impetum
2826 889 3198 958 compressit,
3233 895 3291 944 et
3320 890 3614 947 civitatem
3648 910 3748 963 pe-

320 982 505 1038 riculo
534 980 821 1048 liberavit,
854 996 968 1034 non
1002 979 1153 1033 male
1183 984 1379 1034 autem
1412 977 1765 1041 addiderim,
1800 976 1957 1047 quod
1992 992 2099 1031 nos
2130 994 2363 1048 quoque
2413 979 2484 1033 ab
2534 979 2780 1034 infamia
2812 979 3147 1033 vindicavit.
3182 978 3300 1034 Hoc
3332 981 3552 1051 exiguae
3589 983 3749 1037 urbis

318 1070 574 1143 episcopi
605 1086 772 1139 opus,
807 1074 863 1122 et
893 1069 1179 1123 cathedras
1211 1068 1499 1122 secundas
1544 1066 1821 1134 tenentis.
1853 1073 2063 1120 Annon
2097 1072 2293 1121 autem
2344 1067 2531 1122 multo
2583 1067 2795 1123 melius
2844 1072 2934 1122 est
2984 1068 3378 1138 principatum
3413 1071 3495 1124 ita
3526 1077 3748 1137 tenere,

322 1177 500 1233 quam
534 1174 563 1213 e
594 1157 1039 1212 sublimioribus
1073 1157 1300 1211 thronis
1333 1154 1683 1219 declamare,
1717 1171 1783 1209 ac
1816 1156 1994 1209 rebus
2024 1155 2248 1225 potius,
2282 1173 2460 1227 quam
2505 1157 2868 1221 nominibus,
2902 1157 3266 1227 superiorem
3294 1157 3465 1212 esse?

390 1249 545 1305 356
589 1246 806 1302 XXXV.
856 1245 987 1301 Jam
1037 1247 1192 1317 quod
1243 1245 1303 1299 in
1364 1246 1526 1300 illius
1574 1246 1749 1300 rebus
1798 1246 1982 1314 gestis

318 1340 522 1395 ordine
552 1336 789 1408 quidem
842 1339 1203 1407 postremum
1237 1340 1345 1399 est,
1379 1337 1431 1389 vi
1481 1339 1678 1389 autem
1712 1340 1770 1388 et
1801 1332 1979 1387 facul-

317 1433 436 1484 tate
468 1426 726 1498 primum
777 1429 835 1479 et
881 1424 1232 1490 maximum,
1263 1424 1396 1493 quis
1428 1428 1548 1479 tam
1599 1425 1671 1479 ab
1704 1424 1843 1477 orbe
1876 1439 1978 1477 no-

315 1522 436 1573 stro
468 1521 727 1570 remotus
750 1519 857 1578 est,
885 1519 947 1567 ut
976 1512 1199 1569 nesciat
1227 1515 1249 1565 Ρ
1278 1512 1508 1567 Rursus
1539 1512 1744 1566 eadem
1776 1510 1979 1565 civitas

312 1605 579 1660 eamdem
610 1604 683 1658 ob
716 1618 960 1657 causam
1014 1601 1300 1656 seditione
1332 1601 1657 1665 laborabat,
1692 1618 1757 1655 eo
1802 1600 1976 1654 nimi-

318 1710 472 1760 rum,
508 1693 600 1747 cui
638 1698 791 1746 recte
822 1690 907 1745 vis
934 1690 1094 1745 illata
1125 1692 1332 1758 fuerat,
1367 1689 1670 1744 celerrime
1699 1690 1815 1744 vita
1843 1688 1977 1743 fun-

317 1787 409 1838 cto
441 1787 500 1837 et
518 1783 590 1836 ad
616 1781 821 1848 Deum,
850 1796 951 1850 pro
984 1796 1098 1850 quo
1132 1778 1359 1834 fortiter
1391 1795 1456 1833 ac
1479 1783 1717 1834 strenue
1749 1780 1807 1833 in
1840 1795 1974 1849 per-

318 1870 720 1927 secutionibus
752 1870 1102 1935 decertarat,
1138 1867 1413 1937 profecto.
1447 1870 1636 1938 Atque
1667 1884 1735 1923 ea
1766 1868 1973 1923 seditio

319 1964 541 2032 quanto
574 1957 762 2014 acrior
790 1964 849 2013 et
880 1958 1214 2023 ferventior,
1249 1963 1414 2012 tanto
1445 1956 1622 2012 etiam
1654 1956 1889 2012 stultior
1918 1960 1975 2012 et

2165 1245 2287 1299 AE'.
2325 1245 2386 1296 '0
2444 1241 2501 1299 δὲ
2556 1242 2869 1299 τελευταῖον
2930 1246 3022 1316 μὲν
3071 1249 3177 1299 τῶν
3219 1243 3426 1299 ἐκείνου
3484 1250 3551 1318 τῇ
3582 1247 3750 1317 τάξει,

2091 1337 2309 1405 πρῶτον
2370 1330 2427 1387 δὲ
2482 1336 2550 1406 τῇ
2613 1331 2838 1405 δυνάμει
2889 1333 2977 1388 καὶ
3024 1334 3299 1408 μέγιστον,
3332 1333 3414 1396 τίς
3445 1334 3618 1397 οὕτως
3653 1334 3755 1405 ἔξω

2088 1428 2189 1489 τῆς
2221 1427 2339 1485 καθ’
2368 1424 2515 1494 ἡμᾶς
2567 1422 2923 1495 οἷ’κουμινης,
2973 1422 3111 1475 ὥστε
3161 1424 3413 1497 ἀγνοεῖν;
3447 1426 3757 1494 Ἐστασίαζε

2089 1508 2255 1565 πάλιν
2285 1514 2318 1579 ἡ
2370 1511 2505 1579 αύτή
2554 1511 2719 1573 πόλις
2770 1511 2857 1566 ἰπὶ
2888 1517 3006 1573 τοῖς
3052 1511 3260 1580 αὐτοῖς,
3295 1514 3529 1588 τάχιστα
3584 1536 3754 1589 προσ-

2090 1597 2392 1675 ληφθέντος
2440 1604 2554 1673 (80)
2603 1606 2699 1655 τοῦ
2730 1601 2914 1662 καλῶς
2946 1604 3059 1672 (81)
3098 1602 3436 1675 βιασθέντος⁹
3491 1602 3579 1657 καὶ
3613 1606 3751 1677 πρὸς

2087 1690 2215 1743 θεὸν
2271 1692 2384 1762 (82)
2435 1689 2847 1763 ἐκὸημήσαντος
2894 1694 3033 1763 (83),
3070 1690 3202 1765 ὑπὲρ
3252 1689 3313 1744 οὗ
3346 1692 3601 1765 γενναίως
3659 1694 3749 1747 καὶ

2084 1776 2350 1854 ἀνδρικῶς
2383 1778 2434 1833 ἐν
2458 1786 2574 1841 τοῖς
2627 1778 2897 1853 διωγμοῖς
2945 1778 3280 1853 ἠγωνίσατο.
3331 1780 3429 1834 Καὶ
3478 1784 3512 1849 ἡ
3565 1783 3747 1844 στάσις

2084 1870 2173 1935 ἦν,
2224 1868 2336 1939 ὃσῳ
2368 1870 2694 1944 θερμοτέρα,
2730 1868 2969 1940 τοσούτῳ
2999 1868 3088 1922 καὶ
3142 1867 3481 1943 ἀλογωτέρα.
3532 1871 3605 1924 Οὐ
3645 1872 3747 1947 γὰρ

2084 1958 2340 2031 ἠγνοεῖτο
2368 1958 2431 2012 τὸ
2464 1956 2782 2031 ὑπεραῖρον,
2818 1956 2999 2031 ὣσπερ
3051 1953 3165 2011 οὐδ’
3197 1956 3247 2011 ἐν
3276 1957 3529 2032 ἀστράσιν
3560 1958 3743 2027 ἥλιος·

320 2048 633 2105 absurdior
681 2050 823 2102 erat.
880 2046 1003 2103 Non
1036 2046 1193 2102 enim
1237 2045 1623 2118 ignorabatur
1674 2044 1806 2117 quis
1836 2062 1974 2116 pris-

2090 2044 2235 2101 ἀλλά
2265 2045 2353 2100 καὶ
2387 2044 2509 2100 λίαν
2546 2043 2810 2115 ἐπίδηλον
2840 2049 2927 2115 ἦν,
2960 2050 3079 2107 τοῖς
3105 2066 3163 2101 τε
3195 2044 3389 2108 ἄλλοις
3440 2048 3626 2116 ἅπασι,
3657 2049 3747 2103 xui

319 2138 590 2206 celleret,
651 2135 1154 2207 quemadmodum
1223 2152 1326 2190 nec
1386 2134 1473 2191 sol
1534 2136 1686 2190 inter
1743 2133 1976 2202 sidera,

320 2228 421 2285 sed
468 2241 752 2299 perquam
810 2223 985 2279 etiam
1036 2224 1420 2295 conspicuum
1478 2228 1626 2292 erat,
1666 2241 1801 2278 cum
1846 2221 1977 2278 aliis

321 2315 618 2381 omnibus,
671 2320 798 2369 tum
844 2312 1243 2369 selectissimai
1294 2314 1620 2384 praesertim
1673 2330 1739 2367 ac
1787 2312 1976 2381 puris-

320 2410 482 2467 simas
534 2408 731 2480 pepuli
785 2405 953 2477 parti,
1002 2406 1112 2462 hoc
1157 2412 1246 2462 est
1276 2413 1333 2461 et
1380 2406 1453 2462 iis
1504 2406 1605 2478 qui
1654 2406 1835 2461 altare
1866 2405 1976 2459 cir-

320 2502 620 2554 cumstant
663 2501 720 2551 et
764 2496 1129 2551 nostratibus
1179 2495 1489 2565 Nazaraiis,
1548 2496 1764 2567 quibus
1813 2494 1974 2559 solis,

317 2588 405 2644 vel
438 2591 590 2643 certe
636 2585 1034 2656 potissimum,
1065 2584 1377 2639 electiones
1428 2584 1772 2655 hujusmodi
1818 2601 1975 2638 com-

318 2676 471 2731 mitti
502 2675 807 2747 oportebat
837 2673 946 2741 (sic
989 2673 1147 2729 enim
1180 2690 1486 2743 nunquam
1524 2674 1791 2728 Ecclesiis
1824 2672 1975 2727 male

314 2766 511 2835 esset),
545 2780 609 2817 ac
654 2780 769 2818 non
804 2763 877 2817 iis
927 2763 1027 2833 qui
1075 2762 1285 2833 opibus
1331 2781 1395 2817 ac
1423 2761 1684 2833 potentia
1733 2760 1973 2832 pollent,

315 2859 420 2909 aut
450 2853 638 2925 plebis
668 2852 915 2923 impetui
965 2856 1021 2907 et
1050 2852 1388 2917 temeritati,
1435 2858 1612 2923 atque
1642 2852 1819 2907 etiam
1854 2849 1972 2921 ple-

315 2943 583 2999 beiorum
612 2941 894 2996 vilissimo
925 2948 980 2995 et
1011 2940 1519 3012 contemptissimo
1542 2941 1773 3012 cuique.
1809 2941 1975 2994 Nunc

316 3049 450 3089 vero
483 3047 692 3104 parum
742 3033 927 3095 abest,
958 3032 1099 3100 quin
1136 3029 1439 3101 popularia
1470 3032 1716 3101 imperia
1748 3027 1973 3085 meliori

323 3121 530 3176 ordine
589 3136 655 3175 ac
720 3118 1033 3190 disciplina
1090 3124 1358 3174 constare
1412 3120 1763 3185 existimem,
1796 3134 1971 3189 quam

321 3214 543 3280 nostra,
577 3209 793 3281 quibus
824 3208 1019 3262 divina
1043 3207 1229 3279 gratia
1251 3213 1519 3262 omnium
1550 3225 1686 3263 voce
1707 3210 1975 3263 attribui-

317 3304 439 3368 tur,
466 3314 529 3353 ac
564 3314 655 3352 res
688 3296 1026 3367 hujusmodi
1050 3295 1258 3351 timore
1290 3296 1525 3363 melius,
1551 3314 1727 3367 quam
1753 3298 1977 3351 ratione

2089 2138 2185 2188 τοῦ
2218 2133 2354 2189 λαόὖ
2414 2134 2650 2208 μάλιστα
2699 2138 2810 2208 (84)
2842 2140 2919 2207 τῷ
2955 2134 3192 2210 ἐγκρίτῳ
3223 2147 3284 2190 τε
3311 2136 3401 2190 xui
3431 2140 3747 2212 καθαρωτά-

2088 2245 2189 2296 τῳ,
2226 2224 2350 2279 ὅσον
2380 2246 2439 2279 τε
2469 2226 2592 2300 περὶ
2619 2225 2682 2279 τὸ
2715 2227 2782 2298 βῆ
2796 2248 2870 2298 μᾳ
2902 2228 3035 2297 (85),
3070 2226 3159 2279 καὶ
3203 2224 3327 2279 ὅσον
3360 2225 3411 2279 ἐν
3461 2232 3575 2289 τοῖς
3635 2229 3749 2282 καθ’

2088 2316 2239 2386 ἡμᾶς
2270 2314 2581 2384 Ναζιραίοις
2612 2318 2747 2387 (86)·
2786 2314 2864 2391 ἐφ’
2898 2315 2981 2376 οἶς
3035 2312 3141 2369 ἔδει
3174 2317 3267 2375 τὰς
3317 2316 3567 2377 τοιαύτας
3616 2338 3749 2391 προ-

2089 2399 2258 2466 ϐολὰς
2292 2411 2521 2471 κεῖσθαι,
2559 2404 2770 2477 μόνοις,
2876 2404 2957 2458 ὅτι
2992 2403 3251 2476 μάλιστα,
3284 2405 3372 2458 xui
3405 2403 3556 2459 οὐδὲν
3589 2406 3644 2459 ἃν
3680 2410 3747 2476 ἣν

2085 2499 2203 2554 ταῖς
2258 2492 2609 2564 Ἐκκλησίαις
2659 2495 2843 2548 κακόν·
2896 2492 3044 2549 ἀλλὰ
3078 2498 3153 2567 μή
3196 2500 3314 2555 τοῖς
3348 2495 3749 2567 εὐπορωτάνοις

2083 2604 2142 2638 τι
2172 2585 2261 2637 xui
2320 2582 2733 2655 δυνατωτάτοις,
2802 2582 2837 2652 ἤ
2887 2605 3028 2661 (pop;
3076 2580 3258 2654 δήμου
3289 2584 3377 2638 καὶ
3409 2583 3623 2657 ἀλογίᾳ,
3656 2587 3746 2639 xui

2083 2672 2288 2727 τούτων
2341 2673 2513 2727 αὐτῶν
2572 2671 2808 2744 μάλιστα
2837 2679 2958 2734 τοῖς
3000 2672 3355 2733 εὐωνοτάτοις
3384 2676 3515 2745 (87).
3552 2679 3654 2727 Νῦν
3688 2673 3747 2729 δὲ

2083 2760 2380 2817 κινδυνεύω
2426 2765 2520 2824 τὰς
2580 2761 2848 2833 δημοσίας
2908 2762 3084 2836 ἀρχὰς
3145 2762 3546 2837 εὑτακτωτὲρας
3610 2764 3741 2819 ὑπο-

2086 2847 2384 2925 λαμϐάνειν
2413 2857 2520 2906 τῶν
2562 2852 2866 2925 ἡμετέρων,
2900 2852 2985 2912 αἱς
3013 2853 3047 2920 ἡ
3098 2848 3213 2904 θεία
3269 2854 3432 2926 ’χάρις
3483 2850 3743 2927 ἐπιφημί-

2087 2946 2231 3009 ζεται
2256 2959 2267 2971 ·
2319 2941 2409 2995 καὶ
2462 2939 2665 3016 βελτίω
2716 2944 2823 2995 τῶν
2861 2940 3124 2995 τοιούτων
3161 2937 3449 3009 διοικητὴν
3479 2936 3667 3017 φόϐον,
3699 2939 3737 3010 ἤ

2084 3028 2267 3104 λόγον.
2320 3030 2468 3083 Ἐπεὶ
2510 3028 2591 3091 τίς
2640 3030 2698 3083 ἃν
2750 3030 2832 3084 ἐπ’
2873 3027 3041 3084 ἀλλον
3075 3027 3213 3097 ἦλθε
3242 3033 3349 3082 τῶν
3383 3027 3439 3084 εὖ
3471 3030 3735 3107 φροτούν-

2082 3138 2213 3188 των,
2247 3117 2303 3171 σὲ
2330 3119 2655 3192 παραλιπὼν
2691 3121 2823 3189 (88),
2858 3118 2903 3171 ὦ
2950 3117 3063 3172 θεία
3115 3117 3205 3171 xui
3237 3117 3356 3190 ἱερὰ
3383 3117 3617 3195 κεφαλὴ,
3645 3120 3738 3173 τὸν

2086 3205 2173 3261 ἰπὶ
2229 3211 2336 3260 τῶν
2400 3211 2603 3281 χειρῶν
2658 3206 2853 3281 Κυρίου
2885 3205 3366 3283 ἐζωγραφημένον,
3398 3207 3489 3261 τὸν
3543 3208 3735 3282 ἄζυγα,

2083 3296 2174 3349 τὸν
2206 3294 2511 3366 ἀκτήμονα,
2546 3296 2634 3349 τὸν
2668 3296 2899 3369 ἄσαρκόν
2939 3300 3138 3369 μικροῦ
3169 3296 3258 3350 xui
3310 3296 3592 3369 ἀναίμονα,
3644 3297 3736 3351 τὸν

317 3386 717 3444 administrari
750 3385 1005 3440 credam.
1037 3384 1182 3439 Nam
1217 3384 1331 3440 nisi
1373 3385 1454 3439 ita
1485 3391 1659 3451 esset,
1695 3386 1966 3455 quisnam

2090 3384 2133 3438 ἓν
2164 3382 2348 3459 λόγοις
2387 3385 2521 3457 μετὰ
2544 3385 2634 3439 τὸν
2689 3383 2883 3459 Λόγον,
2934 3385 3025 3439 τὸν
3076 3385 3125 3439 ἐν
3176 3384 3501 3462 φιλοσόφοις
3550 3387 3737 3462 σοφὸν,

316 3494 473 3532 sana:
510 3474 746 3541 mentis,
782 3480 836 3529 te
867 3473 1091 3545 relicto,
1127 3491 1159 3529 ο
1209 3474 1475 3529 divinum
1528 3480 1585 3529 et
1615 3491 1849 3530 sacrum
1882 3493 1972 3530 ca-

313 3571 438 3638 put,
473 3564 543 3620 ad
594 3563 775 3619 alium
821 3580 882 3618 se
914 3562 1284 3629 contulisset,
1330 3568 1408 3631 te,
1458 3564 1722 3634 inquam,
1754 3563 1976 3641 relicto,

312 3655 410 3726 qui
442 3654 502 3708 in
536 3652 816 3708 manibus
869 3652 1101 3707 Domini
1151 3652 1417 3723 depictus
1446 3669 1528 3718 es,
1565 3654 1664 3723 qui
1697 3651 1975 3709 connubii

304 3744 519 3814 jugum
552 3740 763 3806 nescis,
800 3740 899 3811 qui
935 3740 1079 3796 nihil
1113 3742 1403 3812 possides,
1430 3742 1529 3812 qui
1561 3758 1733 3797 carne
1764 3760 1976 3813 prope-

316 3833 557 3887 modum
584 3835 640 3885 et
669 3831 959 3900 sanguine
992 3847 1179 3897 cares,
1226 3831 1331 3901 qui
1359 3829 1688 3885 litterarum
1718 3831 1890 3887 laude
1919 3836 1976 3887 et

309 3920 540 3992 eloquio
570 3925 701 3991 post
729 3918 984 3973 Verbum
1006 3921 1297 3974 secundas
1330 3925 1510 3985 tenes,
1533 3919 1686 3974 inter
1716 3920 1972 3990 philoso-

310 4009 459 4081 phos
504 4009 762 4081 sapiens,
795 4008 947 4063 inter
995 4008 1327 4063 mundanos
1385 4009 1607 4062 mundo
1640 4008 1971 4076 sublimior,

310 4097 531 4154 sodalis
562 4114 627 4152 ac
660 4095 859 4152 socius
892 4112 1082 4162 meus,
1115 4103 1311 4167 atque,
1347 4102 1411 4151 ut
1439 4095 1723 4151 audacius
1750 4096 1973 4167 aliquid

310 4188 526 4253 dicam,
562 4187 772 4241 animai
818 4203 958 4240 meae
984 4185 1325 4250 dimidium,
1361 4201 1426 4239 ac
1458 4184 1583 4238 vita:
1612 4190 1667 4240 et
1697 4185 1972 4241 doctrina)

308 4275 598 4332 consors?
636 4274 857 4329 Vellem
909 4274 1239 4329 libertatem
1289 4273 1474 4328 oratio
1523 4273 1784 4343 haberet,
1817 4276 1971 4345 apud

314 4364 460 4420 alios
493 4369 549 4419 te
583 4364 852 4435 pingens,
883 4380 949 4418 ac
983 4379 1097 4417 non
1130 4368 1186 4416 te
1217 4367 1502 4433 praesente
1534 4361 1655 4417 hinc
1684 4364 1970 4433 expende-

312 4459 537 4518 rentur,
573 4452 671 4508 ubi
702 4451 907 4507 laudes
930 4455 1061 4506 tuas
1090 4451 1298 4521 majori
1329 4466 1397 4506 ex
1428 4456 1591 4521 parte
1623 4450 1973 4508 imminuere

314 4559 510 4619 cogor,
563 4557 634 4597 ne
687 4541 747 4596 in
798 4539 1158 4595 adulationis
1206 4538 1602 4611 suspicionem
1650 4540 1969 4598 incurram.

316 4636 557 4699 Verum,
581 4635 647 4686 ut
676 4631 748 4687 ad
778 4630 1118 4686 institutum
1141 4645 1473 4685 sermonem
1507 4630 1763 4701 redeam,
1787 4632 1968 4703 Spiri-

409 4823 502 4895 79)
533 4822 641 4877 ’Ev.
677 4822 854 4895 Deest
880 4821 935 4876 in
968 4822 1109 4895 Reg.
1144 4838 1197 4890 a,
1230 4826 1287 4895 et
1317 4820 1413 4875 0r.
1450 4822 1499 4895 1τ

535 4888 1191 4969 ρροσληξρθέντοςλῐδιρςζέ
1230 4894 1349 4969 bal,
1382 4888 1821 4969 προληφθέντος,

389 4964 504 5091 (81)
535 4964 646 5022 Τοῦ
688 4964 892 5025 καλῶς.
944 4988 970 5014 ‹‹
1009 4966 1193 5045 Recte.
1229 4986 1255 5013 ›ι
1301 4964 1440 5047 Reg.
1474 4964 1595 5028 bm,
1626 4966 1723 5015 τοῦ
1771 4968 1971 5046 κακῶς,

389 5055 557 5091 mae.
593 5061 620 5087 »
662 5037 920 5091 Utraaue
950 5035 1119 5091 lectio
1165 5036 1396 5090 admitti
1448 5038 1677 5091 potest:
1731 5036 1971 5091 scilicet.

322 5062 348 5089 ‹‹
385 5035 557 5116 male.
593 5035 1141 5116 antraque-lectio
1165 5035 1677 5116 admittihpotesﬁ
1716 5036 1972 5116 ‘scilicet,

319 5107 525 5176 καλῶς,
563 5110 781 5165 ratione
814 5106 944 5165 fidei
998 5125 1063 5163 ac
1093 5106 1326 5162 virtutis
1374 5106 1534 5161 illius
1565 5106 1663 5174 qui
1699 5107 1973 5179 deposce-

322 5183 515 5247 batur,
548 5186 604 5235 et
634 5184 723 5236 cui
758 5184 844 5237 vis
868 5179 1258 5247 inferebatur;
1292 5181 1469 5237 κακῶς
1502 5184 1716 5247 autem,
1752 5182 1977 5237 ratione

319 5251 628 5322 popularis,
650 5254 966 5309 tumultus.

392 5319 502 5397 (82>
533 5320 683 5397 9562-
721 5332 858 5397 Res-
898 5325 1016 5389 bm.
1048 5319 1267 5397 Κύριονε

537 5386 1013 5466 Ἐξι-δημήέαντοςξ
1036 5386 1137 5449 Or:
1168 5395 1216 5461 1,
1253 5386 1373 5466 ὲνᾲδη
1386 5390 1459 5461 μή
1471 5410 1676 5452 σαντος.

394 5464 508 5535 (84)
539 5461 804 5521 Μάλιστα.
841 5473 1011 5522 Deest
1033 5467 1090 5520 in
1123 5466 1261 5535 Reg.
1299 5464 1418 5517 bm.

394 5532 699 5611 (85)_"Oe-_ov
730 5556 789 5589 τε
817 5537 940 5609 περὶ
984 5538 1045 5591 τὸ
1081 5532 1253 5611 βῆμᾶ,
1293 5535 1417 5611 __Iiic
1466 5532 1683 5600 clerici,
1715 5541 1774 5590 et
1804 5536 1840 5591 ii
1875 5537 1975 5607 qui

327 5605 711 5674 sacerdotalis
742 5605 1135 5666 sunt'ordinis
1166 5605 1597 5674 intelliguntur.

402 5672 876 5765 (EQ-$03331”:
925 5683 1074 5765 ὖμᾶς
1133 5672 1470 5765 Νοιζζιραίοιςἶ
1494 5676 1976 5765 1(2ANiistr82tibus

328 5741 638 5816 Nazaraais,
663 5764 689 5798 ι
717 5745 775 5803 id
800 5753 904 5821 est,
924 5775 952 5805 ‹‹
971 5741 1045 5813 iis
1074 5741 1284 5812 nostris
1308 5747 1642 5826 provincia,
1664 5770 1692 5800 »
1720 5749 1976 5825 quicum

2083 3473 2175 3527 τὸν
2209 3471 2260 3527 ἐν
2319 3478 2605 3545 κοσμικοῖς
2649 3473 3035 3545 ὑπερκόσμιον,
3088 3475 3177 3529 τὸν
3228 3473 3356 3545 ἐμὸν
3407 3475 3616 3549 ἑταῖρον
3648 3476 3739 3530 καὶ

2090 3562 2366 3634 συνεργὸν,
2417 3563 2508 3617 τὸν
2567 3565 2944 3637 συμμεριστῂν
3004 3570 3103 3632 τῆς
3164 3566 3372 3637 ψυχῆς,
3418 3561 3491 3617 ἵν’
3521 3563 3656 3618 εἷ’πω
3686 3585 3739 3619 τι

2083 3648 2519 3725 τολμηρότερον,
2578 3653 2665 3705 xui
2730 3651 2851 3726 βίου
2910 3652 3170 3706 κοινωνὸν
3221 3652 3309 3706 καὶ
3368 3650 3739 3722 παιδαύσεως;

2083 3734 2429 3811 Ἐϐουλόμην
2459 3738 2762 3814 ἐλευθερίαν
2798 3735 2941 3814 ἔχειν
2973 3741 3062 3794 τὸν
3109 3740 3294 3815 λόγον,
3346 3740 3396 3795 ἐν
3444 3739 3639 3803 ἄλλοις
3682 3762 3741 3796 σε

2086 3829 2329 3901 γραφῶν,
2363 3826 2509 3882 ἀλλὰ
2537 3830 2610 3898 μὴ
2658 3828 2926 3902 παρόντος
2975 3850 3069 3882 σου
3116 3830 3184 3883 τὰ
3221 3834 3447 3885 τοιαῦτα
3505 3829 3738 3899 1:551:qu-

2086 3917 2224 3985 σθαι,
2258 3916 2346 3969 καὶ
2372 3915 2615 3991 ὑφίεσθαι
2646 3918 2713 3970 τὰ
2760 3915 2937 3971 πλείω
2978 3914 3067 3970 διὰ
3114 3914 3404 3979 κολακείας
3459 3918 3732 3975 ὑπόνοιαν.

2085 4003 2241 4061 Ἀλλ’
2272 4005 2300 4058 ὂ
2335 4026 2429 4076 μοι
2480 4003 2653 4079 λέγειν
2702 4006 2730 4057 ὁ
2786 4002 2953 4079 λόγος
3004 4004 3251 4079 ὥρμησε,
3297 4007 3357 4059 τὸ
3388 4011 3607 4079 Πνεῦμα
3642 4008 3736 4079 μὲν

2084 4094 2202 4169 ᾔδει
2233 4095 2323 4148 τὸν
2358 4095 2548 4147 ἑαυτοῦ
2568 4096 2707 4167 (πῶς
2731 4093 2830 4169 γὰρ
2865 4093 2924 4147 οὐ
2950 4095 3323 4167 ;)·ἀντεστατει
3355 4093 3412 4149 δὲ
3443 4097 3470 4150 ὁ
3520 4095 3735 4173 ιρθόνος⁸

2081 4185 2144 4239 τὸ
2177 4182 2234 4238 δὲ
2263 4184 2359 4252 ὧν,
2394 4181 2725 4257 αἰσχύνομαι
2761 4182 2959 4258 λέγειν·
2997 4183 3105 4238 εἴθε
3136 4182 3193 4238 δὲ
3228 4182 3364 4255 μηδ’
3386 4186 3499 4257 (89)
3550 4182 3733 4239 αλλων

2085 4272 2357 4345 λεγόντων
2394 4271 2605 4325 ἀκούειν
2637 4274 2729 4339 ἦν,
2759 4271 2847 4325 xui
2881 4270 3300 4344 κωμῳδούντων
3347 4272 3625 4346 ἐπιμελῶς
3669 4274 3734 4327 τὰ

2083 4362 2343 4435 ἡμέτερα.
2378 4362 2554 4416 Τοῦτο
2590 4360 2683 4432 μὲν
2718 4360 2828 4427 οὖν,
2862 4362 3101 4436 καθάπερ
3135 4364 3185 4416 οἱ
3219 4364 3459 4434 ποταμοὶ
3488 4367 3594 4417 τῶν
3640 4381 3732 4415 πε-

2081 4451 2223 4526 τρῶν
2256 4450 2351 4511 τὰς
2385 4448 2436 4503 ἐν
2469 4449 2619 4521 μὲσῳ
2648 4452 2727 4520 τῷ
2764 4449 3023 4523 ῥεύματι,
3056 4448 3523 4527 παραδράμωμεν,
3556 4452 3736 4522 σιωπῇ

2081 4543 2350 4613 τιμῶντες
2381 4538 2449 4592 τὰ
2479 4536 2656 4606 λήθης
2690 4534 2827 4607 ἄξια’
2864 4536 3016 4592 αὐτοὶ
3075 4536 3132 4593 δὲ
3178 4541 3313 4614 πρὸς
3360 4540 3428 4594 τὰ
3465 4540 3585 4609 ἑξῆς
3644 4542 3741 4593 τοῦ

2086 4629 2259 4705 λόγου
2290 4625 2594 4703 προΐωμεν.

2005 4831 2053 4896 D
2088 4820 2297 4896 Basilio
2330 4818 2662 4896 v_ersati,vel
2690 4820 2761 4896 ab
2779 4835 2846 4875 eo
2878 4820 3305 4896 suntinstituti.
3333 4826 3409 4875 De
3436 4819 3741 4875 monachis

2088 4894 2181 4949 hic
2213 4893 2501 4964 praecipue
2534 4892 2754 4946 mentio
2786 4897 2894 4946 est.
2923 4892 3057 4947 lllos
3091 4894 3392 4947 Nazaraeos
3423 4898 3588 4964 vocat
3603 4901 3742 4964 Lire-

2085 4962 2549 5046 gorius,“utpote
2578 4969 2687 5046 Deo
2720 4970 3112 5046 consecratos.
3144 4988 3163 5012 «ι
3202 4965 3384 5046 Penes
3411 4962 3544 5018 illos
3562 4963 3739 5029 solos,

2087 5033 2281 5107 inquit
2310 5034 2484 5104 Elias,
2536 5033 2882 5102 huiusmodi
2914 5036 3191 5091 electione
3239 5035 3379 5091 sitas
3412 5051 3539 5090 esse
3570 5052 3741 5106 opor-

2084 5113 2261 5176 tebat,
2283 5124 2397 5162 non
2421 5107 2848 5176 copiosissimis
2865 5109 3198 5178 quibusque
3214 5112 3272 5162 et
3288 5107 3737 5178 potentissimis,

2084 5185 2142 5236 et
2172 5180 2329 5251 vulgi
2352 5178 2674 5251 temeritati
2708 5185 2884 5249 atque
2916 5181 3181 5235 stultitiae
3213 5179 3521 5235 committi.
3544 5201 3581 5251 7»

2159 5248 2690 5334 (Βῖλῖἒιόιιξθοτςιίτοιςἰ
2735 5274 2763 5301 ‹‹
2792 5248 3178 5334 Sicﬁappellat
3204 5269 3325 5334 eos,
3360 5252 3455 5323 qui
3489 5250 3559 5334 ad
3593 5266 3738 5334 quo-

2085 5321 2365 5379 rumlibet
2416 5321 2642 5389 laudes,
2678 5322 2867 5395 inquit
2897 5321 3074 5383 Elius,
3112 5323 3276 5379 facile
3321 5321 3389 5379 sev
3414 5322 3739 5387 conferunt,

2086 5412 2150 5449 ac
2184 5400 2440 5466 quaestus
2472 5395 2665 5466 exigui
2698 5411 2875 5451 causa
2906 5397 3206 5451 veritatem
3242 5395 3595 5466 adulterant.

2158 5464 2269 5538 (88)
2331 5465 2399 5538 Σὲ
2457 5464 2823 5538 παραλιπώνν
2862 5488 2893 5516 ‹‹
2953 5469 3032 5523 Te
3090 5467 3311 5523 relicto.
3373 5464 3667 5538 ))ASCh01.
3725 5480 3739 5518 :

2085 5534 2379 5613 Πρὸςτὸν
2458 5534 2987 5613 Μέγανηστρὲιρεται
3044 5539 3133 5592 καὶ
3199 5542 3367 5592 ταῦτα
3435 5534 3743 5613 λίγει-Βα-

2087 5609 2313 5683 σίλειον.
2353 5610 2495 5683 u_Ad
2541 5609 2824 5665 Basilium
2849 5609 3141 5683 Magnum
3173 5627 3451 5667 conversa
3480 5609 3743 5665 oratione

2085 5682 2207 5738 hazc
2240 5680 2517 5752 loquitur.
2552 5702 2581 5731 »

2156 5756 2271 5830 (89)
2302 5748 2471 5823 Μηδ’.
2505 5752 2647 5825 Reg.
2682 5753 2800 5824 bm,
2828 5751 2924 5809 ΟΡ.
2961 5755 3012 5822 1,
3050 5754 3197 5829 μήτ’.
