4090 6420
293 427 443 488 1033

1210 417 1503 481 ORATIO
1546 415 1763 481 XVIII.
1796 451 1874 465 -—
1903 415 2293 481 FUNEBRIS
2338 421 2416 481 IN
2465 421 2814 485 PATREM.

3555 431 3579 484 l
3594 425 3714 484 034

290 567 384 619 tus
415 560 654 634 quidem
689 562 877 626 norat,
911 556 1009 629 qui
1042 572 1187 612 suus
1241 559 1398 612 esset
1447 554 1678 627 (quidni
1711 554 1866 609 enim
1893 554 1940 625 7)
1973 557 2046 609 At
2102 554 2324 611 invidia
2379 557 2745 626 obsistebat;
2805 575 3059 630 quorum
3113 563 3323 626 autem,
3378 559 3571 614 dicere
3603 576 3716 630 pu-

293 651 389 706 det
416 667 427 706 :
464 654 641 720 atque
673 649 901 704 utinam
935 663 1040 702 nec
1071 662 1140 700 ex
1169 644 1419 700 aliorum
1453 661 1750 709 sermone,
1781 643 1881 714 qui
1913 659 2007 699 res
2038 649 2267 699 nostras
2301 646 2564 701 studiose
2594 647 3002 717 proscindunt,
3039 647 3095 703 id
3134 647 3336 703 audire
3364 647 3580 704 liceret.
3613 647 3721 703 Sed

293 740 432 808 haec,
493 744 558 794 ut
606 737 708 794 illa
765 737 929 792 ﬂuvii
986 752 1149 802 saxa,
1208 751 1334 805 quae
1389 734 1448 787 in
1529 732 1722 788 medio
1785 732 2006 787 ﬂuento
2081 738 2418 803 occurrunt,

2499 740 2938 806 praetereamus,
2999 741 3174 809 atque
3233 752 3320 806 ea,
3382 737 3529 794 357
3593 753 3721 808 quas

298 829 590 884 oblivione
622 827 801 898 digna
832 829 994 892 sunt,
1029 824 1263 880 silentio
1294 839 1631 894 premanus,
1664 826 1721 876 et
1754 822 1826 877 ad
1860 839 1946 889 ea,
1981 838 2108 893 qum
2143 822 2418 893 deinceps
2447 831 2794 895 sequuntur,
2827 827 3294 898 progrediamur.

366 917 479 984 Λζ’.
535 911 687 983 ’ᾘδει
748 913 813 967 τὰ
867 916 966 966 τοῦ
1039 909 1351 983 Πνεύματος
1428 905 1665 984 ἀκριϐῶς

298 1003 647 1076 ΙῘνεύματος·
704 1002 793 1056 καὶ
856 997 946 1054 διὰ
998 1005 1156 1053 τοῦτο
1221 996 1389 1072 μηδὲν
1447 998 1694 1053 ταπεινὸν
1742 1002 1956 1075 φρονεῖν

299 1091 439 1165 ᾤετο
497 1090 628 1163 δεῖν,
687 1089 827 1165 μηδὲ
873 1090 1009 1144 κατά
1054 1090 1328 1150 συστάσεις
1379 1091 1487 1159 (90)
1527 1088 1616 1142 καὶ
1648 1087 1956 1161 προλήψεις

303 1183 596 1256 μάχεσθαι,
647 1182 835 1256 χάριτι
883 1178 1048 1235 πλέον
1170 1182 1284 1249 Θεῷ
1310 1177 1574 1250 νέμοντας
1601 1196 1612 1207 ·
1648 1176 1793 1231 ἀλλὰ
1821 1176 1956 1249 πρὸς

297 1267 352 1324 ἓν
392 1267 612 1343 βλέπειν
651 1267 836 1339 μόνον,
868 1268 930 1322 τὸ
969 1271 1077 1321 τῶν
1112 1268 1453 1336 Ἐκκλησιῶν
1487 1261 1710 1343 ὄφελος,
1742 1265 1830 1319 καὶ
1861 1265 1959 1333 τήν

299 1360 488 1426 κοινὴν
515 1356 811 1431 σωτηρίαν.
847 1357 944 1410 Διά
985 1360 1146 1409 τοῦτο
1193 1352 1442 1431 ἔγραφεν,
1493 1353 1779 1424 ἐνουθέτει,
1837 1374 1958 1406 συν-

301 1448 513 1522 ήρμοζε
578 1447 668 1500 τὸν
723 1445 880 1518 λαὸν,
934 1443 1063 1506 τοὺς
1116 1442 1292 1519 ἱερέας
1345 1445 1479 1514 (9|),
1510 1440 1637 1503 τούς
1665 1463 1722 1496 τε
1753 1438 1958 1502 ἄλλους

302 1537 393 1590 καὶ
421 1533 538 1589 ὅσοι
569 1538 667 1589 τοῦ
702 1535 973 1610 βήματος,
1021 1530 1430 1606 διεμαρτύρετο,
1481 1529 1773 1608 ἐψηφίζετο
1825 1530 1959 1602 (92),

306 1623 637 1700 ἐχειροτόνει
695 1624 783 1678 καὶ
845 1625 1014 1696 μήπω
1075 1621 1302 1696 παρών·
1359 1617 1536 1674 ἐδίδου
1590 1623 1659 1692 τῇ
1702 1617 1872 1689 πολιᾷ
1900 1618 1963 1672 τὸ

306 1713 660 1782 ἐναυθεντεῖν,
715 1713 791 1774 ὡς
850 1710 1093 1777 οἰκείοις,
1128 1715 1245 1772 τοῖς
1274 1707 1615 1785 ἀλλοτρίοις.
1650 1708 1751 1764 Καὶ
1781 1707 1963 1779 τέλος,

308 1799 498 1871 ἐπειδὴ
554 1803 842 1870 κανονικήν
899 1797 1004 1856 ἔδει
1067 1801 1306 1876 γενέσθαι
1352 1799 1449 1866 τήν
1483 1797 1820 1873 γειροτονίαν
1855 1797 1969 1870 (93)

310 1892 478 1964 αὐτῷ,
509 1889 796 1953 λείποντος
827 1891 942 1952 ἐνὸς
973 1893 1085 1962 (94)
1114 1894 1193 1961 τῷ
1250 1888 1466 1963 ἀριθμῷ
1524 1891 1630 1941 τῶν
1695 1887 1970 1961 ἀνακηρυ-

312 1982 536 2052 ξοντων,
592 1984 689 2036 τοῦ
749 1976 1053 2054 σκίμποδος
1111 1979 1296 2032 ἑαυτὸν
1332 1975 1672 2046 ἀποσπάσας,
1705 1978 1850 2052 γήρᾳ
1879 1975 1969 2028 καὶ

310 2072 454 2143 νόσῳ
511 2069 965 2144 συντετριμμένος
1025 2070 1158 2140 (95),
1222 2065 1308 2120 ἐπὶ
1366 2067 1464 2133 τὴν
1515 2063 1676 2119 πόλιν
1709 2069 1970 2126 νεανικῶς

307 2159 451 2215 *ίεται
477 2177 488 2189 ·
530 2157 742 2232 μᾶλλον
777 2156 836 2211 δὲ
861 2157 1077 2234 φέρεται
1107 2153 1278 2231 νεκρῷ
1306 2155 1385 2225 τῷ
1417 2155 1652 2226 σώματι,
1681 2153 1769 2207 καὶ
1806 2153 1973 2228 μικρά

313 2251 531 2304 πνέοντι
558 2267 570 2279 ·
603 2246 770 2302 καλὸν
803 2245 1047 2323 ἐντάφιον
1080 2244 1247 2315 αὐτῷ,
1290 2242 1386 2296 κᾶν
1420 2240 1546 2296 εἷ’τι
1599 2241 1710 2296 δέοι
1761 2247 1969 2311 παθεῖν,

309 2340 413 2408 τὴν
461 2334 704 2405 σπουδὴν
750 2329 960 2404 ἐκείνην
1005 2330 1212 2396 ἔσεσθαι
1262 2331 1644 2404 πεπεισμένος.
1680 2331 1884 2386 Γίνεται
1919 2329 1977 2384 δέ

313 2450 368 2482 τι
426 2427 697 2488 κάνταῦθα
754 2429 981 2496 σημεῖον
1042 2422 1142 2476 οὐκ
1199 2420 1633 2493 ἀπιστούμενον·
1688 2421 1973 2474 Ῥώννυται

313 2521 395 2588 τῷ
452 2514 625 2586 πόνῳ,
683 2513 855 2581 νεάζει
915 2515 983 2584 τῇ
1042 2510 1338 2586 προθυμίᾳ,
1373 2510 1671 2582 οἰκονομεῖ,
1705 2511 1978 2585 παρατάσ-

317 2626 487 2673 σεται,
518 2603 728 2673 τίθησιν
764 2601 852 2656 έπὶ
882 2606 980 2656 τοῦ
1006 2601 1200 2674 θρόνου
1249 2602 1383 2673 (96),
1417 2601 1819 2672 προπέμπεται,
1881 2599 1979 2653 οὐκ

318 2691 399 2749 ἔτι
434 2691 580 2767 σορῷ
609 2693 687 2764 τῷ
732 2689 957 2766 φορείῳ,
987 2685 1211 2761 κιϐωτῷ
1243 2685 1300 2743 δὲ
1331 2688 1445 2760 θείᾳ
1476 2689 1844 2763 χρησάμενος.
1878 2690 1974 2742 Ἢν

315 2782 373 2839 δὲ
412 2780 530 2859 ἄρτι
567 2779 938 2856 μακροθυμίαν
980 2779 1212 2833 ἐπαινῶν
1246 2777 1584 2850 ἐπαυσάμην,
1635 2777 1836 2848 ταύτην
1898 2777 1978 2830 έν-

307 2873 492 2926 τιοῢθα
545 2870 634 2924 καὶ
692 2867 858 2923 πλέον
921 2865 1208 2925 δείκνυσιν.
1269 2866 1341 2920 Οὐ
1401 2868 1504 2940 γὰρ
1565 2865 1835 2944 φερόντων
1873 2871 1981 2921 τῶν

314 2958 768 3034 συλλειτουργῶν
819 2960 918 3026 τήν
966 2956 1226 3032 αἰσχύνην
1273 2963 1372 3024 τῆς
1417 2956 1610 3024 ἥττης,
1664 2957 1752 3009 καὶ
1797 2956 1896 3022 τήν
1926 2955 1976 3008 ἐν

311 3053 442 3110 τοῖς
478 3049 761 3122 πράγμασι
810 3051 907 3101 τοῦ
951 3045 1202 3120 γέροντος
1255 3042 1586 3111 δυναστείαν,
1618 3043 1707 3098 καὶ
1739 3041 1828 3098 διὰ
1856 3048 1981 3097 τοῦ-

313 3160 384 3194 το
421 3134 883 3212 δυσχεραινόντων
913 3134 1059 3206 αὐτῷ
1107 3135 1195 3188 καὶ
1242 3130 1704 3207 λοιδορουμένων,
1765 3130 1980 3208 ἴσχυσεν

319 3228 410 3288 οἶς
471 3224 744 3300 ἐκαρτέρει
802 3223 891 3278 καὶ
947 3222 1154 3277 τούτων
1216 3221 1464 3298 ὑπεράνω
1511 3220 1775 3296 γενέσθαι,
1831 3221 1984 3296 μέγι-

320 3337 453 3372 στον
507 3315 676 3388 εὑρὼν
726 3314 802 3376 εἰς
842 3311 1161 3388 συμμαχίαν
1195 3312 1292 3380 τὴν
1322 3311 1633 3383 ἐπιείκειαν,
1664 3310 1752 3365 καὶ
1783 3311 1846 3364 τὸ
1907 3312 1982 3384 μὴ

324 3401 724 3478 ἀντιλοιδορεῖν
781 3399 1207 3476 λοιδορούμενον
1232 3403 1368 3476 (97).
1400 3401 1460 3454 Τί
1489 3401 1590 3476 γὰρ
1623 3401 1756 3454 εἶναι
1789 3397 1984 3470 δεινὸν,

325 3495 375 3549 εί
432 3497 551 3553 τοῖς
604 3491 887 3565 πράγμασι
937 3493 1180 3561 νικήσας,
1224 3492 1375 3567 φέροι
1407 3493 1475 3561 τῇ
1506 3488 1732 3564 γλώσσῃ
1755 3490 1989 3560 νικώμε-

325 3601 446 3650 νος,
500 3582 798 3652 Τοιγαροῦν
851 3577 995 3631 οὕτω
1042 3577 1321 3637 κάκείνους
1371 3577 1485 3632 εἷλε
1513 3580 1581 3648 τῇ
1619 3575 1986 3649 μακροθυμίᾳ,

1749 910 1777 962 ὁ
1850 912 1948 962 τοῦ
1981 917 2034 982 Α
2135 910 2368 966 XXXVI.
2405 912 2588 968 Probe
2638 914 2861 970 sciebat
2908 915 2998 968 vir
3046 914 3374 987 spiritualis
3423 931 3552 987 quae
3593 913 3724 986 Spi-

2066 998 2213 1054 ritus
2245 1005 2411 1054 erant
2438 1017 2450 1067 ;
2487 1001 2560 1056 ob
2591 1001 2768 1074 idque
2801 1003 3091 1059 demissos
3120 1021 3326 1059 omnes
3379 1009 3437 1058 et
3466 1004 3727 1074 abjectos

2067 1089 2244 1143 animi
2280 1106 2490 1144 sensus
2522 1091 2886 1161 adjiciendos
2924 1110 3053 1148 esse
3075 1092 3402 1163 judicabat,
3455 1109 3560 1148 nec
3591 1108 3728 1146 con-

2067 1176 2376 1234 venticulis
2433 1185 2490 1234 et
2537 1180 2874 1252 anticipatis
2924 1181 3304 1252 opinionibus
3356 1181 3728 1247 certandum,

2069 1282 2174 1320 nec
2206 1265 2335 1337 plus
2367 1267 2568 1338 favori,
2601 1286 2776 1339 quam
2810 1275 2943 1340 Deo,
2977 1270 3359 1326 tribuendum
3385 1271 3524 1336 ;'sed
3547 1285 3729 1324 unam

2068 1358 2298 1409 tantum
2320 1355 2587 1411 Ecclesiae
2607 1357 2946 1425 utilitatem,
2963 1376 3030 1414 ac
3059 1373 3436 1414 communem
3461 1357 3730 1413 omnium

2070 1442 2320 1498 salutem
2349 1446 2421 1500 ob
2457 1445 2658 1502 oculos
2707 1446 3062 1518 ponendam.
3114 1448 3188 1502 Ac
3235 1447 3477 1519 proinde
3507 1445 3734 1502 litteras

2072 1532 2385 1597 scribebat,
2440 1535 2734 1602 monebat,
2795 1536 3145 1592 conciliabat
3196 1535 3503 1608 populum,
3544 1551 3738 1592 sacer-

2071 1622 2237 1677 dotes
2267 1626 2326 1677 et
2355 1621 2637 1695 reliquos,
2672 1629 2958 1696 quotquot
2994 1629 3160 1680 erant
3201 1624 3418 1694 clerici,
3467 1624 3740 1680 testimo-

2075 1710 2239 1765 nium
2272 1711 2521 1778 dicebat,
2555 1713 2902 1785 suffragium
2941 1714 3182 1780 ferebat,
3217 1714 3530 1770 ordinabat
3559 1713 3740 1769 etiam

2075 1799 2265 1853 adhuc
2297 1800 2534 1869 absens,
2566 1803 2854 1857 senectuti
2878 1803 2987 1858 hoc
3007 1804 3205 1872 dabat,
3229 1807 3294 1858 ut
3315 1806 3468 1875 apud
3493 1802 3739 1870 alienos,

2077 1892 2364 1958 tanquam
2395 1891 2549 1960 apud
2576 1907 2739 1958 suos,
2765 1892 3114 1947 auctoritate
3143 1896 3427 1947 uteretur.
3459 1891 3738 1962 Denique,

2079 1978 2360 2048 quoniam
2393 1978 2822 2035 ordinationem
2868 1982 3207 2036 canonicam
3255 1997 3384 2036 esse
3412 1981 3740 2052 oportebat,

2080 2082 2215 2121 cum
2249 2083 2402 2122 unus
2433 2085 2501 2122 ex
2537 2085 2741 2123 eorum
2791 2086 3058 2135 numero,
3091 2069 3190 2141 qui
3236 2071 3577 2141 episcopum
3610 2085 3742 2140 pro-

2081 2155 2387 2210 clamaturi
2418 2163 2603 2227 erant,
2629 2158 3083 2223 desideraretur,
3122 2162 3420 2214 senectute
3452 2163 3506 2213 et
3538 2159 3742 2214 morbo

2081 2245 2321 2315 fractus,
2356 2261 2385 2299 e
2415 2245 2628 2300 lectulo
2661 2263 2722 2301 se
2753 2247 3070 2315 abstrahit,
3105 2252 3284 2318 atque
3314 2248 3385 2302 ad
3421 2248 3626 2302 urbem
3658 2247 3747 2318 iu-

2082 2333 2255 2389 venili
2307 2334 2504 2406 vigore
2551 2337 2894 2404 contendit;
2943 2335 3033 2392 vel
3084 2336 3278 2408 potius
3331 2341 3565 2391 mortuo
3618 2351 3746 2391 cor-

2085 2439 2243 2495 pore,
2278 2439 2341 2477 ac
2373 2422 2682 2494 paululum
2732 2424 2994 2495 spirante
3046 2425 3250 2496 fertur,
3284 2425 3544 2496 praclari
3577 2425 3745 2480 fune-

2086 2513 2166 2568 ris
2198 2511 2320 2567 loco
2353 2513 2617 2568 studium
2641 2513 2800 2569 istud
2833 2532 2898 2570 ac
2920 2515 3283 2586 diligentiam
3318 2514 3430 2570 sibi
3463 2515 3582 2570 fore
3614 2530 3744 2586 per-

2087 2601 2362 2669 suadens,
2389 2601 2566 2657 etiam
2597 2603 2644 2656 si
2678 2601 2818 2673 quid
2841 2602 2979 2657 mali
3001 2603 3113 2674 ipsi
3147 2603 3384 2658 forluito
3407 2603 3745 2658 accidisset.

2088 2690 2191 2745 Hic
2220 2707 2452 2762 quoque
2484 2691 2720 2763 signum
2755 2692 3050 2762 quoddam
3083 2692 3297 2761 editur,
3329 2693 3422 2748 cui
3456 2692 3600 2747 ﬁdes
3635 2691 3747 2746 mi-

2089 2779 2245 2834 nime
2276 2780 2613 2850 abroganda
2658 2785 2766 2835 est.
2817 2781 2897 2835 Ex
2942 2780 3138 2836 labore
3190 2782 3368 2836 robur
3416 2783 3746 2851 comparat,

2089 2868 2388 2923 alacritate
2417 2868 2678 2939 vigescit,
2712 2869 3010 2940 negotium
3062 2870 3461 2936 administrat,
3498 2869 3568 2923 ad
3602 2885 3744 2923 con-

2090 2958 2315 3012 ﬂictum
2347 2972 2409 3011 se
2440 2961 2624 3027 parat,
2661 2957 2717 3010 in
2750 2957 2960 3012 throno
2998 2958 3262 3027 collocat,
3296 2959 3539 3013 domum
3573 2957 3748 3012 redu-

2091 3047 2262 3114 citur,
2295 3045 2580 3113 vehiculo,
2617 3048 2873 3117 nonjam
2907 3052 2972 3101 ut
3001 3046 3249 3114 tumulo,
3283 3047 3380 3102 sed
3415 3050 3480 3100 ut
3510 3063 3645 3101 arca
3665 3046 3749 3100 di-

2091 3135 2224 3190 vina
2256 3151 2420 3189 usus.
2454 3136 2638 3199 Quam
2692 3139 2887 3190 autem
2941 3135 3240 3191 lenitatem
3293 3136 3467 3190 modo
3511 3135 3751 3190 laudare

2095 3222 2263 3293 desii,
2297 3239 2424 3278 eam
2457 3223 2553 3278 hic
2586 3239 2820 3295 quoque
2852 3225 3106 3296 amplius
3136 3225 3576 3280 demonstravit.
3608 3227 3750 3280 Cum

2095 3313 2252 3370 enim
2310 3311 2498 3384 ipsius
2547 3311 2779 3385 collega:
2837 3313 3228 3370 contentionis
3285 3315 3471 3384 illius,
3529 3312 3587 3368 in
3639 3329 3757 3386 qua

2095 3400 2231 3457 victi
2286 3401 2536 3471 fuerant,
2587 3401 2996 3473 ignominiam,
3049 3420 3319 3474 eamque,
3371 3419 3548 3474 quam
3580 3417 3759 3458 senex

2097 3491 2196 3546 ille
2225 3490 2502 3545 omnibus
2539 3490 2596 3544 in
2650 3493 2824 3547 rebus
2877 3493 3197 3561 obtinebat,
3250 3490 3655 3547 auctoritatem
3701 3493 3760 3545 et

2099 3579 2422 3650 potentiam
2447 3579 2646 3649 iniquo
2678 3582 2874 3636 animo
2907 3582 3143 3648 ferrent,
3193 3581 3266 3635 ob
3298 3581 3475 3651 idque
3520 3579 3634 3652 ipsi
3666 3579 3757 3634 in-

327 3662 660 3744 προσλαόὼν
720 3665 808 3720 καὶ
865 3667 957 3720 τὸν
1010 3665 1210 3740 χρόνον
1259 3668 1356 3733 τῆς
1409 3666 1637 3740 γνώμης
1670 3664 1985 3739 σύμμαχον,

2102 3667 2252 3722 fensi
2303 3671 2521 3736 essent,
2579 3684 2646 3722 ac
2703 3668 2980 3724 conviciis
3032 3685 3168 3723 eum
3228 3668 3609 3735 incesserent,
3657 3683 3757 3724 eos

333 3757 476 3813 ὥστε
531 3755 924 3830 ἀπελογοῦντο,
985 3753 1376 3829 προσέπιπτον,
1432 3748 1868 3825 μεταϐάλλοντες
1916 3753 1990 3816 εἷς

332 3851 515 3919 θαῦμα
543 3847 642 3914 τήν
669 3845 1053 3920 ἀγανάκτησιν.
1115 3841 1449 3916 ᾚσχύνοντο
1506 3847 1623 3904 τοῖς
1680 3841 1987 3916 προτέροις,

329 3938 577 4012 ἐχρῶντο
631 3933 963 4009 πατριάρχῃ,
1023 3932 1113 3986 καὶ
1170 3931 1459 4006 νομοθέτῃ,
1509 3930 1600 3984 καὶ
1643 3928 1890 4005 δικαστῇ,
1925 3933 1988 3986 τὸ

334 4030 509 4099 μισεῖν
540 4022 958 4100 ἀπορρίψαντες.

2101 3772 2334 3827 quoque
2366 3754 2646 3827 patientia
2674 3773 2782 3811 sua
2830 3757 3146 3828 superavit,
3199 3757 3525 3812 maximum
3553 3754 3752 3811 subsi-

2099 3847 2263 3899 dium
2295 3849 2526 3911 nactus,
2560 3844 2780 3900 scilicet
2810 3847 3320 3902 mansuetudinem
3353 3849 3412 3902 et
3441 3847 3594 3917 quod
3629 3861 3754 3900 ma-

2096 3933 2326 3988 ledictis
2374 3933 2684 3988 lacessitus
2731 3933 3043 3988 maledicta
3086 3951 3202 3989 non
3252 3937 3560 4007 regereret.
3602 3931 3752 3999 Quid

2097 4022 2253 4078 enim
2282 4021 2394 4092 ipsi
2427 4037 2598 4092 grave
2645 4026 2820 4088 esset,
2853 4022 2924 4092 si,
2958 4039 3091 4078 cum
3138 4023 3315 4078 rebus
3344 4022 3601 4090 vicisset,
3633 4021 3755 4076 lin-

333 4123 453 4179 gua
482 4121 545 4161 se
573 4105 725 4162 vinci
758 4103 1102 4176 pateretur?
1152 4103 1544 4170 Quamobrem
1597 4101 1680 4157 sic
1737 4119 1836 4158 eos
1868 4119 2102 4176 quoque
2150 4102 2385 4157 lenitate
2416 4118 2524 4156 sua
2579 4106 2636 4157 et
2679 4103 2958 4174 patientia
3014 4103 3187 4174 cepit,
3218 4102 3399 4159 ascito
3432 4101 3756 4174 praesertim

331 4196 408 4252 ad
437 4195 740 4250 sententiae
775 4210 892 4248 suae
926 4192 1213 4248 auxilium
1278 4196 1562 4264 tempore,
1596 4196 1661 4245 ut
1691 4191 2152 4264 indignationem
2185 4191 2245 4246 in
2305 4190 2753 4246 admirationem
2813 4196 3235 4261 convertentes,
3268 4207 3397 4248 sese
3428 4191 3540 4264 ipsi
3589 4206 3762 4247 excu-

333 4289 552 4357 sarent,
611 4284 860 4357 genibus
915 4282 1068 4340 358
1130 4282 1599 4353 advolverentur,
1656 4282 1899 4353 pudore,
1955 4284 2027 4339 ob
2086 4301 2154 4339 ea
2209 4299 2338 4353 quae
2394 4281 2557 4354 prius
2614 4282 3000 4355 admiserant,
3055 4283 3554 4350 suﬁ'underentur,
3606 4279 3768 4351 abje-

335 4375 567 4446 ctisque
596 4373 770 4440 odiis,
805 4389 872 4428 eo
909 4372 1266 4444 patriarcha,
1299 4371 1636 4444 legislatore
1667 4375 1724 4426 et
1748 4372 1948 4442 judice
1977 4375 2300 4429 uterentur.

409 4462 526 4516 AZ'.
584 4464 690 4514 Τοῦ
744 4457 802 4512 δὲ
860 4457 1025 4512 αὐτοῦ
1085 4457 1257 4528 ζήλου
1305 4456 1395 4512 καί
1426 4461 1461 4526 ἡ
1493 4458 1630 4513 κατά
1655 4463 1766 4513 τῶν
1799 4460 2000 4534 αἱρετι-

419 4603 530 4675 (90)
565 4601 989 4675 ξυστάσεις.βὶε
1020 4601 1158 4673 Reg.
1193 4620 1246 4672 a,
1281 4603 1404 4668 bm,
1436 4604 1550 4658 duo
1581 4603 1782 4670 Coisl.,
1816 4606 1912 4659 0r.
1948 4606 2000 4659 1.

351 4677 413 4731 In
428 4670 534 4730 'ed'.
570 4673 723 4739 Palu,
757 4670 1081 4731 συστάσεως.

419 4747 525 4816 (9|)
557 4744 693 4805 Τοὺς
743 4742 938 4818 ἱερέας,
968 4749 1076 4818 etc.
1129 4742 1409 4818 Billius.«
1462 4742 1825 4818 Sacerdotes,
1876 4748 2004 4818 tum

350 4813 520 4888 alios,
553 4821 682 4872 tum
713 4813 812 4872 eos
844 4817 943 4888 qui
975 4815 1180 4888 altaris
1212 4818 1370 4867 sunt.
1397 4835 1424 4863 ››
1461 4813 1736 4888 Displicet
1766 4815 1886 4869 haec
1918 4817 2006 4870 in-

350 4885 914 4962 terpretatio,qua'si
933 4886 1163 4962 duplex
1187 4888 1362 4962 esset
1400 4885 1769 4962 sacerdotum
1801 4903 2008 4958 genus,

354 4956 600 5033 quorum
635 4960 731 5015 alii
758 4956 877 5016 sint
897 4956 1124 5022 altaris,
1151 4957 1247 5033 alii
1273 4973 1388 5010 non
1412 4957 1551 5012 sint.
1579 4956 1750 5033 Nam,
1771 4956 1834 5013 ut
1857 4967 2013 5013 recte

355 5030 626 5088 observat
647 5033 820 5101 Elias,
852 5050 951 5104 per
977 5055 1004 5082 ‹‹
1038 5030 1464 5104 sacerdotum»
1489 5030 1864 5104 vocabulum,
1897 5047 2011 5104 non

356 5105 513 5160 solos
537 5101 866 5161 sacerdotes
895 5103 1170 5173 intelligit
1193 5101 1542 5171 Gregorius;
1568 5102 1666 5156 sed
1697 5104 1872 5157 etiam
1897 5103 2017 5156 dia-

357 5195 558 5244 conos,
609 5176 1022 5241 subdiaconos,
1074 5175 1339 5238 lectores,
1373 5176 1485 5227 etc.
1511 5196 1536 5220 ‹‹
1572 5173 1871 5240 Quocirca,
1923 5176 2016 5229 in-

359 5251 510 5320 quit,
545 5250 750 5303 merito
782 5252 1152 5303 sacerdotum
1185 5244 1420 5320 nomine
1455 5261 1890 5320 sacrosomncs
1924 5264 2018 5300 or-

359 5315 527 5374 dines
567 5320 1028 5388 comprehendit.
1061 5323 1125 5372 ut
1171 5317 1273 5386 qui
1321 5315 1472 5370 sacri
1523 5318 1768 5389 catalogi
1827 5317 2020 5372 sint.»

364 5392 581 5446 Omnes
610 5394 790 5461 enim,
815 5397 942 5447 tum
975 5390 1307 5462 sacerdotes
1336 5392 1465 5442 tum
1498 5389 1713 5462 clerici,
1741 5406 1876 5444 cum
1907 5391 2026 5462 epi-

363 5459 1010 5588 slcolpo,tum:3quisque
1041 5463 1100 5517 in
1135 5459 1337 5517 ordine
1384 5475 1516 5528 suo,
1550 5461 1733 5516 sacris
1785 5459 2023 5533 operam

414 5551 446 5588 a
491 5551 562 5588 an
600 5577 612 5588 .

414 5539 612 5590 abant.

442 5606 553 5680 (92)
587 5603 933 5680 Ἑψηφίζετο.
962 5604 1167 5680 Billius
1203 5620 1269 5680 ιιι
1304 5602 1672 5680 decernebat.
1696 5624 1724 5654 »

440 5673 554 5748 (93')
588 5673 958 5751 Xeipo'rovtav.
1019 5699 1076 5751 «_
1109 5673 1572 5751 O_rdi_nationem,
1625 5675 2028 5751 consecratio-

374 5747 530 5806 nem.
554 5771 584 5800 »
617 5747 712 5805 Sic
741 5766 810 5806 ex
839 5764 1006 5806 sacro
1037 5747 1310 5805 Ecclesiae
1360 5762 1474 5802 usu
1517 5747 1885 5804 vertendum.
1921 5748 2030 5805 Mi-

704 5879 967 5947 Pa'raoc.
1015 5876 1127 5942 Gn.
1173 5872 1425 5940 XXXV.

2179 4459 2449 4516 XXXVII.
2482 4460 2759 4531 Ejusdem
2803 4478 2976 4533 porro
3025 4462 3133 4518 zeli
3163 4479 3232 4518 ea
3280 4461 3444 4517 illius
3475 4456 3770 4516 contentio

2115 4620 2255 4678 rum
2278 4619 2384 4657 cur
2415 4603 2642 4678 Billi_u_s,
2674 4605 2761 4658 vir
2790 4606 2998 4660 doctus
3029 4623 3094 4661 ac
3124 4607 3280 4678 pius,
3304 4605 3639 4678 posthabito
3661 4603 3776 4678 Ec-

2119 4673 2306 4730 clesiae
2341 4690 2475 4741 usu,
2510 4674 2726 4744 ubique
2757 4680 2980 4731 vertat:
3017 4699 3045 4726 «
3089 4672 3452 4743 electionem,
3489 4697 3518 4725 »
3551 4679 3617 4731 ut
3645 4672 3774 4729 Cal-

2118 4745 2344 4799 vinistee
2375 4744 2757 4815 interpretari
2779 4750 2998 4802 amant.

2191 4816 2305 4886 (94)
2339 4813 2632 4875 Λείπονῖτος
2679 4813 2815 4887 ἑνός,
2869 4822 2979 4873 etc.
3034 4818 3112 4872 Ex
3160 4833 3322 4873 conc.
3374 4816 3587 4870 Nician.
3627 4829 3772 4887 _can.

2119 4888 2173 4961 Ιι,
2205 4893 2326 4941 tres
2359 4885 2809 4961 requirebantur
2836 4891 3091 4961 episcopi
3131 4889 3200 4944 ad
3239 4887 3507 4960 praesulis
3541 4885 3776 4961 ordina-

2121 4959 2364 5023 tionem,
2397 4960 2624 5015 scilicet
2667 4962 2738 5015 ad
2779 4959 3382 5025 solemnitatem,inon
3415 4975 3548 5013 vero
3579 4959 3650 5012 ad
3684 4974 3780 5013 or-

2123 5031 2837 5105 dinationis‘essentiam.
2881 5034 3026 5088 Cum
3085 5033 3381 5105 igiturrad
3433 5046 3783 5105 consecran-

2125 5107 2269 5157 dum
2311 5102 2617 5169 Basilium,
2653 5122 2808 5160 unus
2853 5102 3427 5173 deessem—advolavit
3467 5102 3783 5174 Gregorius

2127 5180 2311 5246 pater,
2346 5176 2466 5229 sive
2500 5181 2564 5229 ut
2606 5177 2815 5231 tertius
2858 5172 3108 5244 adesset,
3145 5177 3261 5232 sive
3294 5194 3365 5232 ne
3393 5172 3654 5246 episcopi
3683 5172 3785 5244 qui

2131 5264 2248 5373 pra:
2278 5246 2498 5371 ipvidia
2529 5247 2746 5303 Basilio
2780 5249 3261 5316 adversabantur,
3290 5264 3536 5303 numero
3568 5259 3788 5319 praeva-

2156 5334 2289 5373 eren
2327 5360 2338 5372 .

2156 5334 2338 5374 erent.

2204 5390 2318 5460 (95)
2395 5387 2885 5464 Συντετριμμένος.

2133 5479 2244 5515 νον.

2138 5533 2326 5676 (ipsi???)
2363 5534 2467 5584 Τοῦ
2536 5531 2748 5607 θρόνου·
2823 5533 2961 5606 Reg'
3032 5552 3087 5606 an
3154 5534 3274 5600 δαὶ,
3343 5531 3517 5590 Coisl.
3587 5531 3640 5598 l,
3695 5525 3786 5581 τὸν

2210 5677 2318 5745 (97)
2352 5669 2808 5748 Λοιδορούμενον.
2841 5676 3078 5734 Coislin.
3113 5679 3165 5748 1,
3198 5671 3651 5750 λοιδορούμενος.

2972 5391 3148 5445 Coisl.
3240 5393 3302 5458 1,
3395 5385 3793 5463 συντετριμμέ-
