4090 6440
388 422 542 485 1035

1638 424 1700 478 ὃ.
1752 417 2124 478 GliEGOIiII
2174 421 2275 476 ΤΗ
2290 419 2566 480 EULOGI

3665 431 3825 494 1036

386 556 517 623 fuit,
550 571 669 627 qua
699 571 761 610 se
792 554 1082 626 haereticis
1114 559 1240 609 tum
1288 552 1582 625 opposuit,
1632 567 1768 607 cum
1801 549 1886 604 illi
1923 565 2031 604 una

2153 552 2262 602 κῶν
2325 545 2588 622 ἔνστασις,
2649 552 2809 622 ἡνίκα
2865 553 3290 630 ἐπεστράτευσαν
3350 560 3462 633 (98)
3491 561 3628 633 ἡμῖν
3683 562 3822 636 μετὰ

385 661 520 700 cum
552 643 932 716 imperatoria
960 644 1266 715 impietate
1306 642 1734 713 expeditionem
1768 640 2049 694 adversus

387 749 496 789 nos
528 738 938 806 susceperunt,
970 738 1252 804 tanquam
1288 748 1394 787 nos
1424 747 1658 802 quoque
1698 730 1758 783 in
1791 733 2046 798 potesta-

389 827 505 879 tem
539 841 704 879 suam
760 822 1074 889 redacturi,
1135 820 1401 892 aliisque,
1440 821 1564 891 jam
1625 819 1739 874 fere
1772 817 2048 872 omnibus

331 938 334 941 ι
389 912 671 968 servitute
720 911 1035 984 oppressis,
1086 910 1441 981 adjuncturi.
1495 910 1641 962 Nam
1693 908 1786 963 hic
1819 923 2047 978 quoque

389 1019 503 1057 non
539 1019 712 1073 parvo
743 1002 911 1056 nobis
945 1001 1286 1071 adjumento
1337 999 1465 1067 fuit,
1501 1007 1625 1054 tum
1676 1015 1778 1069 per
1807 1015 1868 1053 se
1901 999 2042 1068 ipse,

389 1096 515 1146 tum
549 1109 650 1162 per
691 1108 797 1146 nos
847 1091 1022 1146 etiam
1072 1091 1340 1156 fortasse,
1387 1106 1557 1160 quos,
1613 1093 1895 1158 tanquam
1930 1102 2042 1140 non

388 1179 628 1251 ignavos
676 1195 741 1234 ac
789 1180 1110 1250 degeneres
1157 1177 1408 1245 catulos,
1468 1177 1527 1231 in
1577 1176 1731 1246 illos,
1781 1174 1946 1229 velut
1985 1175 2041 1227 in

387 1268 740 1323 saevissimas
773 1269 924 1323 feras
970 1267 1285 1337 imittebat,
1331 1268 1404 1322 ad
1455 1267 1728 1338 pietatem
1763 1265 2042 1320 nimirum

385 1358 494 1413 bac
551 1358 773 1413 ratione
831 1373 938 1412 nos
1010 1373 1307 1413 exercens.
1364 1356 1557 1411 Unum
1619 1356 1826 1423 habeo,
1886 1353 2041 1424 quod

384 1446 619 1518 utrique
650 1462 1069 1513 succenseam;
1123 1462 1187 1500 ac
1237 1450 1370 1516 peto
1420 1462 1454 1500 a
1497 1445 1686 1510 vobis,
1738 1460 1810 1498 ne
1849 1457 2042 1497 meam

383 1536 535 1591 hanc
563 1535 794 1591 dicendi
852 1535 1183 1590 libertatem
1235 1552 1384 1608 aegre
1415 1535 1656 1601 feratis;
1700 1549 2040 1606 expromam

381 1625 539 1680 enim
572 1625 754 1680 animi
801 1624 1084 1691 dolorem,
1138 1623 1371 1678 etiamsi
1412 1623 1605 1696 gravis
1660 1637 1726 1677 ac
1757 1623 2042 1678 molestus

385 1714 479 1769 hic
511 1731 703 1770 sermo
736 1715 971 1769 futurus
1001 1713 1112 1780 sit;
1143 1730 1355 1784 nempe
1393 1713 1543 1784 quod
1579 1729 1671 1768 me
1703 1712 1882 1783 hujus
1912 1712 2043 1766 vitae

386 1803 542 1858 mala
620 1802 823 1873 iniquo
898 1801 1096 1856 animo
1175 1801 1481 1866 ferentem,
1561 1816 1627 1855 ac
1701 1798 2040 1854 solitudinis

383 1908 584 1946 amore
636 1892 1004 1963 ﬂagrantem,
1061 1907 1178 1960 quo
1229 1889 1386 1945 haud
1449 1890 1568 1944 scio
1599 1906 1670 1944 an
1722 1889 2037 1960 quisquam

381 1985 596 2036 nostra:
628 1981 814 2035 aetatis
837 1979 1011 2048 alius,
1035 1995 1529 2050 communemque
1553 1979 1702 2033 banc
1727 1984 2039 2048 tempesta-

378 2073 498 2124 tem
532 2074 589 2124 et
618 2070 938 2141 pulverem,
972 2086 1150 2142 quam
1183 2069 1486 2125 celerrime
1517 2073 1803 2139 poteram,
1837 2069 2034 2134 vitare,

377 2162 554 2229 atque
601 2160 658 2213 in
715 2163 910 2214 tutum
972 2159 1167 2215 locum
1223 2159 1536 2230 confugere
1591 2156 1802 2212 obnixo
1843 2155 2037 2211 studio

379 2249 848 2316 contendentem,
902 2249 1099 2304 nescio
1147 2265 1263 2319 quo
1323 2252 1490 2318 pacto
1522 2247 1582 2301 in
1640 2246 1747 2301 hoc
1779 2262 1952 2317 grave
1983 2249 2040 2299 et

377 2335 731 2392 insidiosum
764 2337 1094 2392 animarum
1129 2337 1319 2392 lorum
1354 2353 1457 2408 per
1486 2334 1818 2406 speciosum
1847 2350 2039 2389 sacer-

2159 644 2259 704 τῆς
2323 637 2612 712 βασιλικῆς
2672 637 2934 715 ἀσεϐείας,
3015 644 3091 705 ὡς
3162 648 3659 725 καταστρεφόμενοι
3729 651 3822 708 καὶ

2158 728 2328 814 ἡμᾶς,
2362 727 2450 780 καὶ
2481 729 2598 791 τοῖς
2631 728 2823 794 ἄλλοις
2855 735 3279 808 προσθήσοντες,
3305 735 3414 807 ⁴ἤδη
3457 735 3653 814 σχεδὸν
3685 747 3818 796 πᾶσι

2162 813 2621 889 δεδουλωμένοις.
2683 819 2819 876 Οὐδὲ
2876 823 2976 898 γὰρ
3036 823 3258 888 ἐνταῦθα
3319 826 3512 902 μικρόν
3565 847 3616 882 τι
3653 830 3820 906 μέρος

2157 907 2294 976 ἡμῖν
2348 910 2742 984 συνεισήνεγκε,
2793 912 2884 966 καὶ
2935 915 3063 988 παρ’
3115 915 3310 969 ἑαυτοῦ
3359 916 3448 970 καὶ
3496 919 3623 993 παρ’
3655 920 3820 991 ἡμῶν

2159 991 2322 1056 ἷ’σως’
2359 996 2451 1058 οὕς
2495 997 2693 1072 ἐπῆγεν
2747 999 2990 1070 ἱκείνοις,
3048 1003 3120 1056 ὡν
3178 1004 3529 1079 πικροτάτοις
3578 1007 3816 1084 θηρίοις,

2157 1083 2256 1171 οὐκ
2312 1083 2550 1160 ἀγεννεῖς
2609 1087 2899 1158 σκύλακας,
2959 1093 3250 1165 γυμνάζων
3310 1095 3448 1171 πρὸς
3521 1097 3620 1165 τὴν
3668 1096 3815 1153 εὐσέ-

2156 1167 2325 1261 βειαν.
2369 1177 2463 1228 ’Ἐν
2499 1177 2832 1254 ἀμφοτέροις
2869 1180 3157 1257 μέμφομαι
3191 1183 3302 1254 (καί
3337 1167 3432 1256 μοι
3484 1182 3654 1258 μηδὲν

2155 1257 2524 1337 δυσχεράνητε
2577 1274 2678 1336 τῆς
2733 1267 3076 1344 παῤῥησίαςο
3139 1270 3351 1344 ἐκρήξω
3410 1257 3513 1348 γὰρ
3589 1276 3651 1330 τὸ
3710 1257 3817 1330 -λυξ

2151 1355 2286 1404 ποῦν
2311 1354 2409 1424 (1),
2444 1353 2488 1406 εἶ
2520 1355 2609 1408 καὶ
2643 1358 3096 1432 φορτικώτερον),
3143 1357 3224 1413 ὅτι
3264 1381 3330 1434 με
3375 1367 3493 1424 τοῖς
3541 1367 3638 1418 τοῦ
3693 1364 3815 1438 βίου

2151 1445 2340 1502 κακοῖς
2386 1439 2828 1518 δυσχεραίνοντα,
2876 1447 2966 1502 καὶ
3011 1454 3110 1516 τῆς
3161 1448 3393 1522 ἐρημίας
3439 1451 3668 1526 ἐρῶντα,
3737 1453 3814 1516 ὡς

2153 1528 2252 1583 οὐκ
2284 1527 2383 1584 οἷδ’
2417 1529 2471 1586 εἷ’
2511 1553 2596 1594 τις
2637 1533 2808 1596 ἄλλος
2849 1539 2958 1590 τῶν
3004 1539 3121 1591 καθ’
3169 1541 3338 1612 ἡμᾶς,
3374 1541 3463 1595 καὶ
3492 1542 3593 1610 τὴν
3625 1544 3817 1614 κοινήν

2149 1618 2348 1688 ταύτην
2416 1618 2583 1692 ζάλην
2642 1623 2730 1676 καὶ
2775 1623 2942 1694 κόνιν,
2994 1625 3067 1687 ὡς
3118 1623 3234 1702 ἔχω
3285 1632 3513 1704 τάχους,
3549 1629 3812 1686 ἐκκλίνειν

2151 1707 2582 1784 φιλονεικοῦντα,
2633 1711 2722 1765 καὶ
2773 1712 2850 1775 εἰς
2896 1714 2960 1768 τὸ
2992 1713 3230 1793 ἀσφαλὲς
3262 1717 3658 1794 ἀποσώζεσθαι,
3713 1720 3814 1777 οὐκ

2151 1793 2255 1851 οἷδ’
2285 1798 2438 1859 ὃπως
2468 1799 2535 1872 τῇ
2585 1805 2820 1877 φορτικῇ
2853 1802 2941 1857 καὶ
2975 1799 3261 1877 ἐπιϐούλῳ
3292 1810 3400 1860 τῶν
3434 1793 3649 1884 ψυχῶν)
3679 1811 3811 1886 ἆγο-

2153 1891 2217 1960 ρᾷ
2247 1889 2323 1958 (2)
2379 1886 2547 1962 ταύτῃ
2607 1891 2860 1966 φέροντες
2919 1891 3340 1969 παραδεδώκατε
3389 1899 3487 1970 (3),
3522 1895 3594 1952 δι’
3623 1899 3810 1975 εὐπρε-

2146 1975 2588 2060 ποῦςῗόνόματος
2618 1981 2715 2048 τῆς
2749 1980 3069 2053 ἱερωσύνης.
3117 1983 3204 2053 Ἐξ
3237 1982 3312 2037 ὦν
3341 1982 3450 2055 ἤδη
3489 2009 3580 2060 μοι
3610 1988 3676 2042 τά
3709 1989 3806 2060 μὶν

2147 2059 2342 2132 συνέϐη
2403 2067 2560 2136 κακὰ,
2623 2069 2688 2122 τὰ
2761 2066 2818 2124 δὲ
2893 2069 3190 2140 ἐλπίζεται.
3250 2073 3319 2128 Τὸ
3377 2075 3479 2150 γὰρ
3537 2072 3643 2145 ἤδη
3703 2059 3809 2132 πα-

2149 2154 2282 2220 θεῖν,
2359 2154 2447 2208 καὶ
2524 2158 2663 2232 πρὸς
2735 2160 2798 2212 τὸ
2881 2157 3086 2231 μέλλον
3169 2181 3289 2223 πως
3348 2160 3574 2218 δύσελπι
3632 2165 3726 2220 κᾶν
3778 2166 3807 2221 3

2150 2239 2419 2316 λογισμὸς
2491 2241 2633 2300 ἄλλο
2705 2267 2757 2300 τι
2825 2247 3006 2322 πείθῃ,
3064 2250 3125 2304 τὸ
3175 2255 3421 2325 κρεῖττον
3489 2253 3810 2328 ὑποτιθέμε-

2149 2352 2261 2392 νος.

378 2425 520 2480 dotii
552 2442 765 2481 nomen
796 2425 1106 2482 intulistis.
1159 2428 1284 2491 Qua
1332 2441 1398 2480 ex
1429 2441 1490 2480 re
1548 2424 1734 2479 multa
1760 2423 1905 2478 mihi
1965 2423 2142 2488 mala,
2189 2422 2398 2492 parlim
2444 2425 2571 2495 jam
2621 2427 3016 2499 contigerunt,
3052 2431 3264 2502 partim
3297 2432 3628 2488 imminent.
3662 2435 3812 2490 Nam

378 2514 478 2585 qui
502 2515 629 2586 jam
662 2515 881 2587 aliquid
915 2532 1128 2588 passus
1159 2519 1268 2583 est,
1301 2515 1457 2568 idem
1491 2514 1662 2568 etiam
1696 2513 1765 2568 de
1800 2513 1994 2567 futuro
2043 2511 2479 2582 quodammodo
2511 2513 2746 2582 difﬁdit,
2798 2515 2975 2571 etiam
3010 2518 3060 2572 si
3092 2518 3259 2590 ratio,
3311 2518 3554 2576 meliora
3585 2537 3806 2595 sugge-

376 2621 531 2674 rens,
566 2604 726 2660 aliud
753 2606 1034 2676 quiddam
1067 2606 1439 2676 persuadeat.

445 2693 738 2749 XXXVIII.
774 2695 888 2750 Nec
918 2711 1050 2750 vero
1100 2694 1253 2749 hanc
1286 2709 1522 2765 quoque
1567 2691 1754 2763 ipsius
1794 2691 2029 2746 laudem

376 2783 699 2838 omiserim.
729 2788 863 2840 Erat
892 2784 1133 2855 quidem
1167 2782 1262 2839 ille
1293 2783 1350 2836 in
1401 2782 1678 2838 omnibus
1711 2784 1884 2836 rebus
1918 2782 2028 2834 for-

374 2872 472 2939 tis,
525 2888 591 2927 ac
641 2873 900 2943 corporis
947 2873 1350 2945 integumento
1397 2871 1698 2941 superior:
1737 2875 2030 2941 postremo

375 2966 571 3015 autem
608 2962 812 3016 morbo
843 2961 1137 3028 laborans,
1187 2962 1285 3033 qui
1332 2960 1507 3015 simul
1537 2976 1671 3015 cum
1733 2963 2032 3014 senectute

375 3049 665 3119 impetum
703 3049 974 3120 faciebat,
1025 3067 1209 3122 eoque
1258 3051 1534 3104 diuturno
1578 3054 1636 3103 et
1681 3047 2028 3118 periculoso,

374 3136 522 3192 illud
544 3138 782 3209 quidem
805 3155 941 3194 cum
963 3139 1095 3194 aliis
1112 3138 1452 3193 hominibus
1472 3153 1785 3192 commune
1803 3137 2030 3204 habuit,

2215 2689 2341 2745 ΑΠ’.
2403 2689 2511 2744 Οὐκ
2565 2689 2624 2744 ἂν
2685 2689 2810 2746 οὐδὲ
2865 2693 3028 2748 τοῦτο
3084 2695 3163 2768 (4)
3218 2699 3326 2750 τῶν
3375 2695 3579 2752 ἐκείνου
3621 2697 3807 2754 καλῶν

2139 2776 2495 2853 παρέλθοιμι.
2539 2779 2718 2835 Πάντα
2770 2781 2865 2854 μὶν
2897 2785 2962 2851 ῆν
3013 2786 3355 2860 καρτερικὸς,
3399 2787 3490 2841 καὶ
3541 2787 3799 2862 κρείττων

2138 2865 2235 2921 τοῦ
2285 2864 2702 2943 περιϐλήματος
2755 2875 2865 2944 (5)’
2915 2876 2982 2945 τῇ
3028 2873 3313 2946 τελευταίᾳ
3344 2871 3402 2929 δὲ
3433 2875 3575 2948 νόσῳ
3629 2898 3802 2932 κακο-

2139 2961 2345 3027 παθῶν,
2379 2959 2414 3025 ῆ
2471 2961 2550 3029 τῷ
2606 2961 2753 3032 γήρᾳ
2807 2960 3124 3016 συνεπέθετο
3155 2965 3252 3036 (6),
3283 2963 3373 3017 καὶ
3401 2964 3568 3038 ταύτῃ
3599 2967 3799 3041 χρονίᾳ

2141 3044 2229 3098 καί
2278 3048 2540 3118 σφαλερᾷ,
2598 3049 2660 3102 τὸ
2713 3049 2805 3120 μὲν
2856 3049 3201 3126 ἀῤῥωστῆσαι
3254 3054 3434 3107 κοινὸν
3481 3055 3618 3129 πρὸς
3664 3055 3793 3118 τοὺς

2142 3132 2346 3195 ἄλλους
2399 3132 2555 3209 ἔσχεν
2613 3137 2966 3211 ἀνθρώπουςο
3027 3145 3187 3195 τοῦτο
3237 3138 3313 3212 δὲ,
3347 3141 3554 3198 οὐκετι
3588 3145 3792 3216 κοινὸν,

377 3227 536 3297 quod
568 3231 911 3298 aegrotaret;
965 3227 1071 3282 hoc
1117 3231 1313 3283 autem
1361 3243 1475 3281 non
1524 3227 1661 3280 item
1693 3242 2027 3295 commune,

2149 3219 2292 3276 ἀλλὰ
2338 3221 2544 3299 σφόδρα
2583 3223 2809 3295 ἐκείνου,
2842 3228 2932 3281 καὶ
2962 3233 3080 3291 τοῖς
3107 3229 3302 3293 ἄλλοις
3331 3231 3630 3288 ἀκόλουθον
3664 3232 3796 3287 θαύ-

379 3318 479 3373 sed
515 3317 834 3372 admodum
859 3316 1168 3388 peculiare,
1198 3315 1448 3386 aliisque
1471 3314 1773 3370 miraculis
1794 3330 2038 3370 consen-

379 3413 644 3462 taneum.
678 3407 824 3461 Nam
859 3422 995 3461 cum
1026 3421 1330 3476 nunquam
1361 3421 1477 3460 non
1512 3403 1710 3459 dolore
1743 3419 2031 3475 premere-

377 3501 477 3551 tur
505 3501 562 3552 et
591 3496 829 3568 quidem
869 3511 1127 3568 persaepe
1175 3493 1430 3567 singulis
1459 3494 1688 3560 diebus,
1741 3498 1915 3566 atque
1944 3493 2030 3547 in-

372 3587 604 3640 terdum
642 3584 818 3640 etiam
849 3585 1030 3655 horis,
1083 3601 1152 3639 ex
1183 3584 1309 3640 sola
1351 3583 1591 3655 liturgia
1633 3583 1810 3638 robur
1841 3582 2030 3638 conci-

373 3677 590 3748 piebat,
623 3692 688 3730 ac
740 3675 981 3730 morbus
1026 3679 1311 3745 tanquam
1342 3691 1409 3729 ex
1458 3673 1646 3728 edicto
1678 3675 1934 3742 fugatus,
1970 3690 2032 3728 se

371 3762 758 3818 subducebat.
783 3763 926 3817 Cum
952 3768 1149 3816 autem
1173 3767 1410 3816 centum
1434 3764 1615 3816 ferme
1643 3778 1830 3816 annos
1861 3760 2032 3816 vixis-

371 3857 482 3921 set,
515 3852 624 3906 hoc
672 3856 780 3920 est,
834 3852 987 3906 ultra
1034 3850 1338 3905 Davidicos
1393 3851 1464 3905 de
1510 3850 1795 3921 temporis
1847 3851 2029 3906 nostri

372 3941 561 4012 spatio
590 3940 894 4010 terminos,
917 3956 988 3996 ex
1020 3940 1209 4012 iisque
1234 3939 1294 3994 in
1327 3940 1650 3994 sacerdotio
1682 3940 1944 4011 quinque
1975 3943 2032 3994 et

369 4031 777 4102 quadraginta,
809 4046 936 4100 quas
967 4030 1082 4084 fere
1112 4030 1266 4086 359
1290 4028 1560 4083 humanas
1593 4029 1721 4082 vita:
1753 4045 2030 4084 mensura

370 4124 479 4190 est,
512 4120 818 4192 exegisset,
853 4119 933 4175 ita
963 4120 1199 4174 demum
1235 4119 1294 4172 in
1338 4118 1490 4173 bona
1520 4121 1816 4173 senectute
1844 4117 2025 4172 vitam

371 4209 610 4264 claudit.
643 4213 906 4275 Quonam
941 4208 1162 4263 modo?
1185 4209 1243 4262 In
1284 4207 1566 4262 orationis
1615 4207 1806 4262 verbis
1837 4211 1893 4262 et
1923 4209 2026 4262 ba-

370 4299 518 4364 bitu,
553 4299 785 4353 nullum
815 4298 1053 4368 quidem
1086 4297 1209 4351 vitii
1245 4297 1581 4367 vestigium,
1616 4295 1870 4367 plurima
1896 4313 2026 4352 vero

367 4387 653 4442 virtutum
703 4387 1066 4440 monimenta
1113 4383 1474 4454 relinquens.
1529 4385 1810 4450 Quocirca
1842 4388 2029 4455 major

367 4491 621 4546 quoque,
655 4491 834 4546 quam
867 4472 1126 4530 heminis
1155 4474 1410 4528 conditio
1444 4475 1592 4530 ferre
1623 4473 1907 4544 videatur,
1941 4475 2027 4546 ip-

2147 3332 2327 3384 μασιν.
2361 3312 2436 3368 Οὐ
2470 3314 2572 3390 γὰρ
2605 3310 2745 3368 ἔστιν
2778 3315 2868 3371 ὅτε
2901 3318 2977 3389 μή
3008 3322 3088 3390 τῷ
3136 3321 3289 3374 πάθει
3341 3321 3798 3398 στενοχωρούμε-

2141 3420 2254 3472 νος,
2313 3400 2403 3454 καὶ
2452 3400 2723 3464 πολλάκις
2775 3425 2838 3479 γε
2893 3412 2992 3475 τῆς
3052 3406 3285 3483 ἡμέρας,
3333 3405 3443 3463 ἔστι
3478 3406 3535 3464 δὲ
3569 3409 3657 3466 ὅτε
3711 3412 3804 3466 καὶ

2143 3487 2307 3564 ὥρας,
2372 3491 2474 3546 ὑπὸ
2529 3491 2702 3565 μόνης
2752 3492 3055 3569 ἐρῥώννυτο
3101 3504 3202 3566 τῆς
3262 3498 3643 3574 λειτουργίας·
3709 3501 3802 3556 καὶ

2143 3579 2413 3654 ὑπεχώρει
2474 3582 2537 3636 τὸ
2595 3583 2785 3652 πάθος,
2846 3583 3029 3661 ὥσπερ
3087 3587 3138 3657 ἐξ
3169 3586 3397 3657 ἐντολῆς
3431 3586 3801 3666 φυγαδευόμε-

2139 3690 2249 3724 νον.
2311 3672 2484 3740 Ζῆσας
2536 3669 2594 3726 δὲ
2641 3670 2835 3746 σχεδόν
2888 3696 2942 3729 τι
2990 3674 3114 3750 περὶ
3161 3676 3229 3730 τὰ
3276 3675 3464 3731 ἑκατὸν
3506 3674 3621 3749 ἔτη,
3662 3678 3800 3752 πέρα

2139 3763 2245 3812 τῶν
2280 3757 2579 3815 Δαυϊδικῶν
2611 3764 2684 3835 (7)
2714 3761 2879 3838 ὅρων,
2910 3765 3032 3842 περὶ
3064 3770 3162 3819 τοῦ
3203 3768 3321 3820 καθ’
3371 3768 3521 3839 ἡμᾶς
3571 3767 3804 3842 χρόνου,

2139 3848 2228 3902 καὶ
2259 3849 2466 3903 τούτων
2516 3850 2691 3905 αὐτῶν
2743 3852 2794 3906 έν
2833 3857 2902 3918 τῆ
2931 3855 3193 3929 ἱερωσύνῃ
3224 3858 3379 3910 πέντε
3408 3856 3500 3911 καὶ
3539 3859 3798 3932 τεσσαρά-

2137 3957 2321 4007 κοντα,
2379 3938 2572 4012 μέτρον
2617 3948 2717 4010 τῆς
2765 3941 3110 4018 ἀνθρωπίνης
3167 3949 3334 4016 ζωῆς,
3386 3942 3569 4000 ἔπειτα
3614 3947 3665 4000 έν
3694 3949 3804 4022 γή-

2141 4047 2207 4101 ρᾳ
2236 4026 2392 4098 καλῷ
2423 4028 2681 4084 καταΛύει
2708 4031 2799 4084 τὸν
2839 4032 2976 4105 βίον.
3013 4034 3110 4087 Καὶ
3141 4039 3324 4100 τοῦτο,
3361 4039 3482 4097 πῶς
3509 4062 3522 4104 ;
3555 4037 3640 4090 ’Ev
3680 4042 3797 4098 τοῖς

2137 4122 2238 4183 τῆς
2271 4115 2440 4191 εὐχῆς
2555 4119 2683 4190 μασί
2713 4140 2771 4174 τε
2802 4121 2891 4174 καὶ
2924 4126 3228 4198 σγήμασιν,
3264 4121 3416 4178 οὐδὲν
3453 4125 3547 4197 μὲν
3605 4124 3797 4188 κακίας

2140 4204 2318 4279 ἴχνος,
2375 4204 2606 4261 πλεῖστα
2663 4205 2718 4262 δὶ
2769 4211 2969 4282 ἀρετῆς
3025 4210 3345 4267 καταλιπὼν
3409 4213 3792 4287 ὑπομνήματα.

2137 4299 2431 4370 Τοιγαροῦν
2489 4295 2578 4350 καὶ
2628 4298 2688 4351 τὸ
2730 4293 2889 4360 σέϐας
2933 4301 3080 4374 αὐτῴ
3129 4301 3320 4358 πλεῖον
3365 4306 3442 4378 (8)
3471 4305 3506 4372 ἢ
3535 4306 3666 4359 κατά
3696 4303 3792 4357 ἅν-

2137 4383 2376 4456 Θρωπον,
2432 4384 2482 4438 ἐν
2537 4391 2654 4448 ταῖς
2716 4389 2965 4444 ἁπάντων
3163 4391 3440 4468 γλώσσαις
3511 4395 3600 4449 καὶ
3673 4390 3788 4447 δια-

2135 4472 2352 4535 νοίαις·
2413 4476 2502 4528 καὶ
2562 4475 2664 4531 οὐκ
2717 4475 2828 4532 ἔστι
2890 4477 3092 4554 ῥᾳδίως
3171 4481 3366 4556 εὑρεῖν,
3443 4483 3590 4545 ὅστις
3667 4481 3796 4538 ἐκεί-

363 4565 490 4620 sius
520 4565 819 4620 veneratio
849 4565 906 4617 in
931 4563 1197 4618 omnium
1234 4563 1451 4633 linguis
1481 4569 1538 4618 et
1583 4563 1879 4618 mentibus
1911 4565 2024 4619 sita

370 4659 483 4674 ,κεν
528 4673 549 4674 η
574 4671 624 4674 AA
662 4653 823 4674 D_-2I_
875 4652 1123 4674 _-_.-_£__
1184 4656 1264 4674 --.ι
1338 4652 1426 4674 ---2
1479 4651 1639 4674 21³12---
1674 4652 1916 4674 μ-μ--3
1942 4669 2012 4674 ομ

2149 4583 2231 4616 μου
2293 4565 2668 4637 μεμνημένος,
2729 4566 2861 4642 οὐχὶ
2919 4571 3010 4623 καὶ
3066 4571 3165 4640 τὴν
3228 4571 3515 4649 φαντασίαν
3558 4571 3796 4642 ἀσπάζε-

2149 4671 2209 4674 ,-_,
2274 4655 2422 4674 _-‘,",,
2495 4651 2550 4674 δῖ
2628 4653 2643 4674 \
2731 4661 2758 4672 -υ
2839 4662 2874 4674 π
2997 4666 3023 4674 .-
3212 4664 3235 4674 .ο
3336 4661 3358 4674 Λ
3397 4660 3409 4674 \
3478 4660 3491 4674 ἦ
3546 4660 3558 4674 ι
3673 4661 3684 4674 ο

362 4659 488 4723 est;
525 4671 629 4710 nec
661 4653 828 4710 facile
874 4652 1130 4725 reperire
1177 4656 1286 4719 est,
1333 4652 1430 4723 qui
1478 4651 1641 4709 illius
1673 4652 2020 4709 memoriam

430 4911 542 4982 (98)
575 4904 1052 4982 Ἐπεστράτευσαν.
1086 4904 1181 4959 Sic
1213 4905 1352 4975 Reg.
1388 4921 1440 4971 a,
1475 4908 1592 4960 tres
1621 4905 1806 4971 Colb.,
1835 4909 1931 4961 0r.
1965 4908 2018 4974 1,

357 4978 476 5037 Jes.
511 4982 571 5036 In
605 4981 728 5052 0d,,
753 4978 1202 5052 ἆπεστράτευσαν.

431 5054 547 5124 (99)
574 5047 777 5124 Μηδέν.
815 5047 952 5122 Reg.
989 5049 1168 5124 a,_0r.
1206 5051 1255 5116 1,
1292 5047 1392 5116 μή.

431 5118 510 5193 (1)
533 5118 611 5175 Τὸ
643 5121 869 5180 λυποῦν.
899 5118 933 5172 ᾗ
973 5121 1256 5176 Dolorem.
1286 5140 1319 5193 »_
1343 5124 1630 5193 Pcrpotua
1678 5118 1787 5193 fuit
1825 5120 2013 5174 Theo-

357 5190 472 5267 Iogi
494 5190 762 5267 querela,
794 5198 868 5250 ob
899 5194 1254 5267 impositum
1276 5190 1385 5244 sibi
1419 5192 1832 5267 sacerdotium.

450 5263 646 5335 2)“Τῶν
689 5263 882 5341 ψυχῶν
923 5263 1116 5339 ἀγορᾷ.
1153 5285 1180 5341 ε(
1214 5264 1380 5341 lioro,
1421 5263 1833 5341 inquit_Elias,
1881 5263 2012 5341 ani:

359 5334 589 5392 marum
622 5334 822 5394 curam
845 5334 1203 5408 comparavit
1226 5334 1561 5408 Gregorius,
1588 5335 1658 5389 ob
1686 5351 1884 5389 eorum
1910 5334 2012 5405 qui

353 5421 416 5461 se
447 5410 716 5480 regendis
763 5406 1042 5464 human—is
1093 5406 1308 5463 animis
1343 5423 1589 5480 praeesse
1638 5408 2008 5480 proﬁtentur,

352 5478 744 5536 temeritatem
776 5489 834 5536 et
867 5480 1275 5552 petulanliam,
1308 5487 1364 5532 et
1396 5478 1534 5548 quia
1559 5479 1670 5547 ipsi
1705 5496 1850 5550 pene
1883 5479 2004 5532 ani-

351 5562 479 5622 mi}?
512 5555 773 5622 Vendunt
803 5569 871 5606 ac
903 5556 1179 5622 produnt.
1208 5572 1235 5597 η

526 5615 974 5698 ξΙαραδεδώκαὲε.
1007 5624 1101 5677 0r.
1140 5623 1190 5687 1,
1222 5615 1596 5698 παρεδώκατε.

344 5688 713 5826 “(quam
749 5694 848 5752 Sic
899 5694 1036 5766 Reg.
1073 5711 1106 5748 a
1135 5698 1193 5746 et
1222 5688 1318 5761 Or,
1356 5694 1403 5745 1.
1440 5692 1502 5746 In
1549 5692 1664 5758 ed.,
1703 5693 2003 5766 mendose,

2130 4671 2242 4718 ται,
2270 4655 2432 4706 τοῦτο
2491 4651 2558 4723 δὴ
2587 4653 2650 4708 τὸ
2691 4661 2793 4726 τῆς
2838 4662 3083 4735 Γραφῆς,
3141 4664 3306 4736 χεῖρα
3334 4660 3444 4723 Θεὶς
3473 4660 3562 4715 ἐπὶ
3594 4661 3796 4734 στόμα-

2201 4906 2277 4976 (5)
2311 4902 2580 4985 Κρείττῳν
2614 4911 2713 4961 τοῦ
2760 4903 3200 4985 περιϐλήματος.
3249 4927 3271 4959 ε
3325 4905 3593 4985 Corporis
3641 4906 3790 4962 inte-

2129 4983 2431 5058 gumentnq.
2458 4979 2573 5058 {id
2619 4987 2730 5058 est,
2760 5005 2781 5031 ι
2818 4979 3274 5058 necessitatibus
3302 4981 3562 5058 corporis
3613 4995 3789 5051 supe-

2129 5051 2265 5103 rior.
2292 5072 2314 5100 ι
2353 5049 2448 5103 Sic
2481 5049 2621 5121 Reg.
2658 5054 2778 5119 bm,
2809 5063 2920 5110 etc.
2957 5055 3131 5110 Deest
3157 5057 3280 5121 τοῦ,
3314 5052 3374 5106 in
3406 5049 3498 5106 ed.

2312 5125 2664 5201 ίξακοπαθῶν,
2809 5129 2889 5197 τῷ
2943 5127 3088 5201 γήρᾳ
3145 5122 3482 5201 συνεπέθετο.
3535 5121 3630 5201 S_ic
3657 5121 3786 5201 νος.

2127 5194 2192 5314 1;,
2215 5193 2272 5246 In
2305 5192 2479 5317 (iqisl.
2517 5196 2567 5262 1,
2599 5190 2748 5266 ᾖτδ
2769 5190 2966 5271 γῆρας’
2992 5190 3336 5253 συναπέθετο.
3387 5196 3451 5251 In
3501 5193 3617 5262 ed.,
3647 5190 3683 5262 ᾖ
3709 5196 3791 5264 τῷ

2127 5281 2291 5317 γ·.οα.
2384 5280 2432 5317 c.

2161 5279 2291 5332 ηρᾳ.
2324 5279 2432 5318 etc.

2123 5281 2620 5409 74(873,f;§'i32x<3v.
2651 5336 2745 5392 ΟΡ.
2783 5339 2830 5409 1,
2866 5344 3187 5396 Δαυϊτικῶν,
3219 5336 3442 5394 Alludit
3471 5333 3789 5407 Gregorius

2121 5409 2188 5462 ad
2243 5407 2363 5461 haec
2405 5409 2578 5463 verba
2635 5410 2782 5479 psal.
2817 5407 3066 5477 'Lxxxxx,
3101 5416 3168 5468 10
3201 5430 3214 5468 :
3246 5434 3265 5460 ιι
3304 5412 3437 5467 Dies
3493 5421 3788 5464 annorum

2123 5483 2454 5573 nolit‘rqlrxum
2490 5480 3128 5573 in'ipsisLseptu‘aginta
3154 5483 3315 5552 anni,
3345 5504 3372 5531 ››
3405 5483 3516 5536 etc.

2190 5552 2265 5625 (ξς)
2298 5547 2516 5625 11λεῖον.
2554 5547 2692 5625 Ιῖὀε,
2727 5547 2845 5625 bm’,
2879 5547 3070 5612 πλξον.

2189 5617 2264 5693 (9)
2323 5617 2782 5680 Ἀπάντωνῗὸἱο
2831 5617 3056 5700 Regius
3116 5645 3169 5684 a.
3230 5627 3295 5684 In
3365 5621 3576 5696 editis,
3648 5617 3784 5677 πάν-

2113 5711 2245 5748 των.
