4090 6438
289 431 442 492 1037
1198 425 1487 487 ORATIO
1534 427 1751 488 XVIII.
1785 460 1863 471 —
1892 426 1976 487 Εἰ

2094 426 2284 488 ΞΒΡιῙΞ
2329 429 2407 488 ΙΝ
2453 429 2800 491 ΡΑΤΗΕΜ.
3547 438 3707 499 1038

283 586 354 620 τι.
387 567 642 625 Τοιοῦτος
695 563 790 634 μὶν
823 563 851 614 ὁ
888 560 1006 635 βίος
1040 559 1209 632 αὐτῷ,
1242 559 1465 631 τοιαύτη
1509 557 1566 614 δὲ
1613 563 1648 630 ἡ
1677 565 1775 616 τοῦ
1811 560 1932 634 βίου
1964 598 1976 628 λ

2094 579 2368 634 surpans,
2403 581 2514 619 non
2569 565 2748 620 etiam
2810 565 3022 637 posita,
3056 570 3121 622 ut
3167 568 3481 640 Scriptura:
3529 571 3704 628 verbo

284 652 680 728 συμπλήρωσις
713 651 802 705 καὶ
832 648 1136 709 τελείωσις.

2094 653 2268 719 ἰαί-⁷⁸,
2301 654 2372 708 ad
2408 671 2471 708 os
2525 671 2724 720 manu,
2778 655 3032 727 speciem
3083 673 3318 729 quoque
3358 659 3544 731 ipsam
3580 677 3705 716 am-

2048 740 2355 811 plectatur.
2387 743 2482 797 Sic
2513 743 2700 815 ipsius
2730 744 2860 800 vita)
2891 745 3002 800 fuit
3030 746 3310 818 profectio
3341 751 3398 804 et
3427 765 3703 806 consum-

2051 831 2248 885 matio.

2121 920 2357 975 XXXIX.
2402 921 2686 984 Quoniam
2734 928 2928 979 autem
2981 926 3486 998 magnanimitatis
3517 927 3704 999 ipsius

2050 1009 2475 1065 monimentum
2509 1029 2742 1083 quoque
2800 1014 3050 1084 posteris
3079 1015 3332 1087 relinqui
3378 1018 3704 1088 oportebat,

287 1099 416 1172 ἔδει,
463 1102 498 1170 ἢ
555 1102 644 1154 τὸν
694 1101 826 1154 νεὼν
869 1102 1083 1166 τοῦτον,
1117 1095 1172 1152 δν
1208 1097 1324 1170 Θεῷ
1353 1119 1411 1152 τε
1441 1095 1631 1172 ἤγειρε
1660 1098 1748 1151 καὶ
1780 1099 1938 1169 ἡμῖν,

2094 1098 2331 1154 uidnam
2366 1100 2523 1156 aliud
2557 1101 2750 1171 potius
2781 1103 3181 1170 conveniebat,
3214 1122 3390 1176 quam
3423 1105 3535 1162 hoc
3565 1111 3709 1162 tem-

293 1191 452 1266 ὀλίγα
511 1191 604 1264 μὶν
669 1194 745 1260 τῷ
794 1187 912 1260 λαῴ
967 1187 1486 1262 προσχρησάμενος,
1535 1187 1603 1240 τὰ
1649 1185 1824 1241 πλείω
1884 1182 1941 1240 δὲ

2094 1187 2235 1257 lum,
2271 1190 2422 1259 quod
2480 1191 2588 1245 Deo
2637 1195 2694 1245 et
2743 1192 2914 1247 nobis
2959 1193 3263 1264 exstruxit,
3320 1193 3521 1266 populi
3565 1211 3708 1250 sane

288 1278 496 1344 οἴκοθεν
549 1277 896 1354 εἰσενεγκών;
948 1277 1146 1350 Ἔργον
1191 1275 1252 1328 ού
1303 1283 1516 1344 σιωπῆς
1571 1275 1738 1344 ἀξιον³
1778 1275 1939 1349 μεγέ-

2094 1279 2361 1350 ινεὶιίοηθ
2394 1279 2662 1334 nonnihil
2712 1281 2973 1351 adjutus,
3011 1283 3294 1353 majorem
3345 1288 3540 1341 autem
3577 1301 3708 1356 par-

285 1372 361 1424 θει
418 1370 510 1442 μὲν
565 1368 696 1442 ὑπὲρ
743 1366 870 1428 τοὺς
919 1364 1187 1436 πολλοὺς,
1238 1363 1432 1420 κάλλει
1473 1362 1530 1419 δὲ
1556 1362 1750 1440 σχεδὸν
1807 1365 1939 1439 ὑπὲρ

2094 1384 2168 1421 3m
2201 1384 2231 1422 e
2262 1384 2366 1421 suo
2395 1367 2742 1438 impendens
2761 1369 2787 1423 ?
2815 1369 2974 1441 Opus
3003 1371 3260 1442 profecto
3293 1373 3448 1428 haud
3476 1371 3709 1430 silentio

287 1458 562 1519 ἃπαντας·
619 1457 762 1511 ὀκτὼ
814 1455 908 1528 μὶν
961 1453 1308 1530 ἰσοπλεύροις
1359 1453 1590 1516 εὐθείαις
1638 1454 1713 1515 εἲς
1754 1453 1938 1508 ἑαυτὸν

2097 1457 2318 1526 ignum,
2353 1473 2488 1511 cum
2535 1457 2942 1529 magnitudine
2974 1459 3214 1530 quidem
3265 1461 3543 1533 plurima,
3578 1462 3716 1534 pul-

287 1547 626 1616 ἀπαντῶντα,
676 1544 870 1599 κιόνων
923 1540 979 1596 δὲ
1027 1543 1116 1597 καὶ
1166 1547 1339 1597 στοῶν
1383 1540 1612 1597 κάλλεσι
1655 1539 1941 1618 διωρόφων

2094 1545 2386 1600 hritudine
2415 1563 2546 1600 vero
2577 1551 2786 1602 caetera
2830 1548 3030 1603 omnia
3082 1565 3227 1620 pene
3271 1554 3530 1623 superet.
3563 1551 3713 1610 Nam

290 1640 403 1710 (11)
452 1636 527 1699 εἷς
578 1635 714 1708 ὕψος
762 1632 1076 1710 αἰρόμενον,
1128 1631 1215 1688 καὶ
1260 1639 1377 1695 τοῖς
1429 1633 1559 1708 ὑπὶρ
1592 1631 1765 1686 αὐτῶν
1799 1630 1944 1687 πλά-

2094 1637 2266 1689 tocto
2324 1634 2682 1706 mquilateris
2733 1638 2905 1691 rectis
2966 1637 3025 1691 in
3074 1655 3136 1693 se
3182 1639 3459 1708 occurrit,
3519 1645 3576 1696 et
3614 1657 3716 1696 co-

293 1747 487 1799 σμασιν
539 1723 600 1779 οὐ
649 1722 1005 1796 λειπομένοις
1053 1725 1166 1793 (12)
1214 1728 1313 1790 τῆς
1343 1721 1591 1797 φύσεως·
1624 1720 1836 1796 ούρανῷ
1890 1718 1946 1774 δὲ

2094 1740 2395 1778 Jmnarum
2428 1741 2494 1779 ac
2525 1725 2859 1794 porticuum
2891 1726 3108 1798 duplex
3133 1727 3462 1784 tabulatum
3494 1728 3715 1785 haben-

296 1817 408 1888 (13)
440 1811 638 1868 ἄνωθεν
687 1813 1180 1886 καταστράπτοντα,
1235 1815 1440 1885 πηγαῖς
1477 1807 1533 1864 δὲ
1565 1811 1742 1885 ιρωτὸς
1774 1808 1946 1863 πλου-

2094 1812 2208 1866 ium
2243 1811 2552 1884 elegantia,
2587 1812 2830 1868 sublimi
2861 1814 3122 1870 culmine
3141 1833 3482 1888 assurgens,
3511 1822 3568 1873 et
3594 1817 3720 1888 qui-

297 1905 434 1966 σίαις
477 1904 571 1965 τὰς
622 1902 771 1976 ὄψεις
824 1901 1277 1976 περιαυγαζοντα,
1329 1894 1510 1974 ὥσπερ
1565 1899 1784 1966 ἀληθῶς
1834 1919 1947 1976 φω-

2100 1918 2189 1955 em
2241 1902 2537 1972 impositis
2593 1902 2824 1969 statuis,
2862 1920 2988 1973 qua
3048 1921 3155 1958 nec
3203 1910 3426 1960 natura:
3468 1908 3717 1976 cedant;

295 1995 386 2056 τὸς
417 1993 735 2068 οἰκητήριον
763 2011 775 2022 ·
811 1987 1038 2065 δρὸμοις
1078 2011 1135 2042 τε
1166 1990 1278 2061 (14)
1313 1988 1631 2065 ἀμφιθὲτοις
1681 1987 1819 2056 ὕλης
1851 1994 1951 2056 τῆς

2095 1991 2202 2045 ωὶο
2237 1996 2433 2045 autern
2464 1992 2715 2062 desuper
2743 1991 3140 2060 collustratur,
3177 1995 3717 2066 uberrimisquelu-

2064 2080 2146 2133 cis
2198 2080 2456 2134 fontibus
2505 2080 2898 2150 spectantium
2948 2079 3131 2135 oculis
3181 2082 3445 2152 irradiat,
3495 2089 3561 2138 ut
3589 2098 3722 2139 vere

2067 2168 2214 2224 lucis
2237 2169 2833 2223 domicilium.Adhuc
2853 2169 3029 2224 etiam
3053 2170 3446 2240 oircumjectis
3469 2172 3725 2244 equian-

2068 2258 2222 2328 gulis
2270 2256 2764 2329 splendidissimis
2816 2257 3078 2314 materiae
3131 2260 3506 2328 ambulacris,
3548 2267 3726 2334 atque

2069 2347 2366 2416 ingentem
2400 2346 2458 2400 in
2492 2346 2682 2400 medio
2713 2344 2908 2401 locum
2941 2347 3340 2405 ambientibus
3362 2348 3640 2422 cingitur,
3663 2365 3730 2406 ac

2071 2439 2370 2507 portarum
2429 2438 2486 2488 et
2560 2433 2984 2490 vestibulorum
3058 2441 3364 2494 venustate
3430 2438 3730 2510 praelucet,

2074 2529 2247 2594 atque
2278 2524 2621 2578 accedentes
2665 2523 2900 2579 eminus
2937 2525 3170 2596 excipit.
3205 2526 3478 2581 Nondum
3527 2527 3598 2582 de
3627 2544 3730 2582 ex-

2077 2619 2241 2670 terno
2291 2617 2498 2668 ornatu
2556 2612 2783 2683 loquor,
2842 2614 2914 2668 de
2960 2615 3225 2683 quadrati
3284 2614 3521 2687 lapidis,
3555 2620 3732 2688 atque

2077 2701 2362 2758 trifariam
2394 2701 2727 2756 concinnati
2760 2700 3196 2772 pulchritudine
3220 2708 3277 2758 et
3306 2704 3730 2776 magnitudine,

2080 2799 2198 2847 tam
2232 2792 2330 2862 qui
2365 2807 2729 2846 marmoreus
2760 2797 2869 2859 est,
2917 2808 3120 2862 nempe
3166 2792 3225 2846 in
3276 2793 3522 2848 basibus
3551 2798 3608 2848 et
3635 2809 3732 2848 ca-

356 931 474 980 ΛΘ’.
528 923 677 976 Ἐπεὶ
727 918 784 975 δὲ
831 920 918 974 καὶ
970 913 1316 992 μνημὸσυνον
1364 925 1466 987 τῆς
1512 917 1716 972 ἐκείνου
1771 938 1938 991 μεγα-

287 1011 560 1088 λοψυχίας
606 1013 718 1084 (10)
761 1007 974 1080 ἔδειτῷ
1008 1007 1112 1084 βίῳ
1162 1006 1608 1085 καταλειφθῆναι,
1638 1009 1689 1060 τί
1726 1005 1936 1080 μᾶλλο)

297 2081 690 2156 λαμπροτάτης
723 2079 1028 2154 ἴσογωνίοις
1079 2076 1477 2149 κυκλούμενον,
1526 2077 1614 2130 καὶ
1654 2074 1826 2130 πολὺν
1859 2077 1949 2130 τὸν

297 2171 349 2226 ἐν
392 2172 540 2244 μίσῳ
568 2169 733 2224 τόπον
767 2163 1239 2242 περιλαμϐάνουσι
1267 2185 1278 2196 ⁸
1322 2165 1511 2220 πυλῶν
1561 2164 1618 2220 δὲ
1666 2164 1754 2220 καί
1813 2187 1952 2240 προ-

293 2261 548 2316 πυλαίων
609 2256 1011 2333 προλάμποντα
1068 2255 1281 2329 χάρισι,
1335 2255 1425 2308 καὶ
1495 2254 1776 2330 πόρῥωθεν
1829 2254 1956 2316 τοὺς

292 2348 623 2423 προσιόντας
673 2344 1040 2415 δεξιούμενον.
1096 2344 1197 2400 Καὶ
1243 2339 1398 2397 οὔπω
1446 2342 1593 2416 λέγω
1642 2345 1732 2397 τὸν
1765 2341 1955 2413 ἔξωθεν

296 2435 532 2510 κόσμον,
565 2434 721 2489 λίθου
751 2431 1101 2510 τετραπέδου,
1143 2431 1232 2487 καὶ
1267 2432 1342 2493 εἷς
1387 2432 1554 2507 τρίχα
1599 2435 1710 2506 (15)
1762 2453 1960 2508 συνηρ-

307 2528 590 2601 μοσμένου
621 2521 827 2584 κάλλος
858 2523 947 2576 καὶ
980 2521 1222 2597 μέγεθος,
1259 2521 1385 2583 ὅσος
1414 2543 1472 2576 τε
1523 2523 1611 2576 καὶ
1649 2522 1961 2598 μαρμάρεος

307 2620 428 2690 (ω)
460 2615 510 2671 ἰν
546 2612 726 2687 ἕδραις
757 2611 846 2666 καὶ
873 2610 1154 2691 κεφαλίσιν
1189 2613 1302 2684 (17)
1351 2609 1406 2665 α’ί
1434 2611 1528 2674 τὰς
1580 2611 1781 2686 γωνίας
1832 2610 1962 2666 διει-

307 2706 542 2784 λήφασι,
575 2703 666 2758 καὶ
700 2701 823 2763 ὅσος
857 2701 1160 2776 ἐπιχώριος
1209 2698 1378 2772 μηδὲν
1429 2705 1525 2755 τοῦ
1575 2701 1723 2772 ξένου
1780 2701 1966 2757 λειπό-

321 2817 487 2870 μενος
511 2815 522 2825 ·
561 2794 733 2862 ζώνας
757 2812 816 2846 τε
844 2787 1156 2851 πολυειδεῖς
1203 2789 1292 2844 καὶ
1345 2789 1600 2852 ποικίλας
1651 2786 1966 2866 προϐεϐλη-

319 2887 483 2958 μὲνας
527 2903 587 2938 τε
631 2882 722 2936 καὶ
771 2879 1159 2956 ἐνυφασμένας,
1204 2879 1308 2932 ἀπὸ
1357 2877 1627 2951 κρηπῖδος
1686 2880 1760 2942 εἰς
1808 2901 1968 2955 κορυ-

315 2976 449 3052 φὴν,
483 2974 518 3041 ἢ
579 2974 772 3042 ζημιοῖ
810 2968 901 3022 τὸν
950 2968 1167 3035 Θεατήν,
1216 2969 1314 3036 τὴν
1366 2963 1486 3040 ὄψιν
1541 2969 1814 3044 ὁρίζουσα.
1850 2974 1970 3031 Πῶς

315 3063 376 3118 ἂν
417 3063 444 3116 ὁ
477 3063 584 3133 (18)
617 3058 781 3134 λόγος
825 3053 981 3130 ἔργον
1037 3056 1297 3110 τοσούτου
1355 3053 1582 3132 χρόνου,
1636 3061 1725 3112 καὶ
1780 3060 1969 3131 πόνου,

314 3153 410 3207 καὶ
440 3147 708 3218 τοσαύτης
741 3147 928 3221 χειρὸς
959 3146 1134 3206 οὕτως
1182 3144 1234 3199 ὲν
1289 3147 1488 3221 βραχεῖ
1541 3151 1969 3223 παραστήσειενς

315 3243 393 3300 Ἥ
447 3243 708 3294 τοσοῦτον
767 3235 934 3290 εἰπεῖν
999 3233 1230 3310 ἀρκέσει,
1281 3235 1363 3290 ὅτι
1413 3233 1639 3290 πολλῶν
1671 3239 1764 3299 τὰς
1800 3235 1971 3299 ἄλλας

319 3329 514 3390 πόλεις
571 3323 918 3399 κοσμούντων
968 3321 1167 3399 ἔργων,
1221 3321 1372 3379 ἰδίων
1421 3346 1479 3379 τε
1525 3326 1615 3380 καὶ
1666 3324 1969 3400 δημοσίων,

316 3426 482 3476 τοῦτο
513 3419 602 3472 καὶ
637 3415 798 3489 μόνον
836 3411 1023 3490 ἴσχυσε
1072 3409 1399 3485 διαϐοήτους
1447 3417 1594 3487 ἡμᾶς
1646 3419 1975 3484 καταστῆσαι

320 3515 442 3571 τοῖς
473 3505 738 3562 πλείοσιν.
789 3501 943 3559 Ἀλλ’
993 3503 1020 3556 ὁ
1055 3505 1148 3574 μὲν
1182 3503 1304 3564 ναὸς
1339 3503 1512 3566 οὕτως
1543 3503 1708 3578 ἔχων.
1741 3505 1888 3560 Ἐπεί
1920 3502 1976 3558 δὲ

319 3598 412 3652 καὶ
471 3594 658 3668 ἱερέως
715 3589 841 3660 ἔδει,
885 3589 974 3643 καὶ
1028 3594 1220 3644 τοῦτον
1273 3588 1481 3645 οἴκοθεν
1517 3590 1867 3647 ἐπιδίδωσιν⁸
1929 3593 1975 3647 εἶ

329 3687 425 3758 μὶν
452 3681 588 3737 κατὰ
617 3681 708 3736 τὸν
743 3678 891 3745 ναὸν,
923 3677 1020 3730 οὐκ
1058 3674 1173 3752 ἔχω
1223 3679 1426 3753 Λὲγειν,
1458 3680 1604 3748 πλὴν
1639 3679 1974 3738 ἐπιδίδωσιν.

326 3773 478 3828 Ἐπεὶ
527 3771 584 3824 δὶ
629 3769 718 3824 καὶ
779 3765 1030 3838 θυμάτων
1083 3764 1211 3835 ἔδει,
1268 3767 1358 3820 καὶ
1414 3772 1582 3822 ταῦτα
1628 3771 1976 3844 προστίθησι,

323 3863 395 3919 τὰ
423 3863 568 3930 πάθη
616 3863 713 3914 τοῦ
761 3853 975 3922 παιδὸς,
1023 3855 1112 3908 καὶ
1159 3857 1258 3924 τήν
1311 3855 1361 3910 ἐν
1409 3862 1526 3918 τοῖς
1566 3855 1759 3919 δεινοῖς
1788 3878 1978 3932 καρτε-

328 3954 447 4029 ρίαν
478 3971 490 3984 ·
521 3948 596 4004 τίν’
627 3947 728 4023 ἔχῃ
775 3951 899 4020 παρ’
947 3943 1110 3998 αὐτοῦ
1156 3945 1284 4005 Θεὸς
1317 3946 1429 4018 (19)
1461 3944 1839 4022 ὁλοκάρπωμα
1869 3948 1981 4020 (20)

327 4041 578 4116 λογικὸν,
608 4039 803 4112 ἱερεῖον
833 4033 1195 4106 πνευματικὸν
1223 4033 1339 4088 ἀντὶ
1365 4040 1596 4107 νομικοῦ
1629 4036 1866 4109 θύματος
1886 4057 1980 4090 κα-

329 4128 444 4192 λῶς
477 4127 884 4198 δαπανώμενον.

2083 2879 2321 2953 pitellis,
2353 2879 2568 2950 quibus
2620 2879 2820 2950 anguli
2875 2881 3350 2952 intercipiuntur,
3401 2899 3578 2952 quam
3629 2881 3732 2953 qui

2082 2970 2328 3042 patrius,
2357 2968 2520 3023 nulla
2550 2968 2608 3022 in
2641 2984 2700 3022 re
2731 2975 2925 3024 extero
2957 2970 3192 3025 cedens.
3225 2971 3496 3026 Nondum
3528 2971 3600 3026 de
3629 2987 3737 3027 va-

2085 3059 2188 3114 riis
2235 3063 2291 3113 et
2321 3056 2748 3127 multiplicibus
2798 3057 2979 3123 zonis,
3015 3075 3048 3113 a
3096 3059 3495 3114 fundamentis
3535 3061 3607 3115 ad
3639 3076 3733 3115 ca-

2087 3165 2294 3204 cumen
2329 3162 2515 3217 usque
2546 3147 2837 3217 protensis
2869 3151 2925 3201 et
2957 3146 3214 3214 intextis,
3262 3149 3417 3221 quod
3449 3153 3740 3221 spectato-

2088 3254 2209 3294 rem
2261 3237 2477 3291 damno
2529 3235 2730 3306 afﬁcit,
2779 3235 2974 3291 visum
3026 3236 3540 3294 circumscribens.
3590 3240 3742 3303 Quo-

2087 3344 2223 3383 nam
2257 3325 2430 3380 modo
2454 3341 2666 3394 sermo,
2702 3326 2903 3394 paucis
2936 3326 3200 3396 quidem,
3224 3329 3372 3382 tanti
3396 3327 3746 3399 temporiset

2085 3415 2324 3483 laboris,
2356 3418 2651 3486 tantaeque
2683 3430 2892 3469 manus
2923 3414 3220 3485 opiﬁcium
3271 3433 3550 3472 exornare
3579 3422 3742 3488 pote-

2087 3504 2207 3559 rit?
2236 3506 2322 3557 An
2354 3503 2463 3558 hoc
2493 3502 2710 3557 dixisse
2757 3502 2900 3557 satis
2931 3503 3127 3570 fuerit,
3179 3505 3333 3573 quod
3378 3521 3512 3559 cum
3554 3503 3744 3560 multa

2087 3608 2284 3663 opera,
2343 3598 2465 3647 tum
2526 3591 2768 3660 privata,
2813 3595 2940 3645 tum
2998 3591 3255 3662 publica,
3312 3593 3561 3648 urbibus
3608 3592 3742 3649 aliis

2086 3683 2428 3735 ornamento
2485 3679 2640 3732 360
2674 3678 2811 3742 sint,
2873 3677 3002 3747 hoc,
3035 3679 3121 3733 vel
3182 3679 3397 3750 solum,
3447 3697 3576 3736 eam
3621 3681 3740 3738 vim

2089 3768 2316 3830 habuit,
2352 3771 2416 3821 ut
2450 3783 2554 3820 nos
2585 3766 2736 3836 apud
2787 3765 3120 3836 complures
3167 3767 3354 3824 claros
3399 3773 3455 3824 et
3484 3769 3742 3827 celebres

2089 3854 2402 3912 redderet?
2435 3860 2514 3908 Ac
2545 3853 2828 3924 templum
2861 3853 3097 3926 quidem
3122 3856 3191 3912 ad
3224 3856 3379 3912 hunc
3402 3860 3642 3914 modum
3679 3875 3743 3916 se

2090 3946 2287 4000 habet.
2321 3944 2605 4009 Quoniam
2641 3948 2836 3998 autem
2869 3945 3169 4000 sacerdote
3201 3947 3374 4001 etiam
3420 3965 3569 4020 opus
3599 3952 3746 4021 erat,

2091 4035 2249 4089 hunc
2282 4049 2514 4104 quoque
2561 4049 2629 4086 ex
2659 4048 2764 4087 suo
2813 4031 3098 4104 largitur;
3133 4035 3430 4106 templone
3477 4037 3749 4110 dignum,

2094 4124 2284 4179 dicere
2341 4122 2499 4177 haud
2549 4137 2717 4193 queo,
2781 4122 2882 4176 sed
2926 4125 3124 4178 tamen
3179 4123 3448 4196 largitur.
3481 4125 3754 4190 Quando-

328 4223 569 4294 quidem
599 4225 796 4276 autem
859 4219 1107 4274 victimae
1141 4233 1373 4291 quoque
1431 4216 1906 4288 requirebantur,
1939 4218 2046 4273 has
2103 4217 2282 4272 etiam
2343 4212 2627 4284 adjungit,
2662 4229 2871 4284 nempe
2929 4212 3032 4267 ﬁlii
3065 4215 3450 4284 calamitates,
3491 4221 3666 4288 atque
3693 4215 3757 4272 in

329 4313 509 4367 rebus
543 4310 769 4367 acerbis
801 4309 1167 4381 patientiam,
1224 4310 1289 4362 ut
1345 4311 1497 4361 Deus
1530 4307 1601 4361 ab
1663 4325 1728 4363 eo
1763 4309 2048 4364 rationale
2105 4306 2513 4362 holocaustum
2571 4302 2802 4370 habeat,
2859 4302 3158 4360 victimam
3202 4304 3597 4378 spiritualem,
3629 4322 3759 4378 qua

328 4400 543 4473 legatis
569 4400 816 4456 victimis
847 4397 973 4454 loco
1004 4396 1248 4469 pulchre
1281 4399 1683 4451 consumatur.

405 4489 487 4542 Μ’.
541 4485 601 4539 Τί
647 4484 775 4561 φῂς,
827 4486 871 4537 ὦ
922 4484 1129 4558 πάτερ;
1179 4483 1335 4536 ἰκανά
1379 4486 1568 4554 ταῦτα,
1620 4483 1709 4537 καὶ
1770 4484 1976 4559 ἀπέχεις

2175 4485 2286 4539 XL.
2322 4481 2470 4547 Quid
2518 4480 2624 4547 ais,
2655 4497 2687 4535 ο
2718 4480 2927 4552 pater?
2971 4485 3182 4544 Haecne
3230 4483 3552 4553 sufﬁciunt,
3587 4491 3764 4556 atque

327 4578 441 4628 τῶν
499 4571 678 4627 πόνων
735 4572 830 4631 τὰς
880 4565 1138 4642 ἀμοιϐὰς,
1193 4570 1284 4630 οὕς
1331 4569 1420 4624 ἐπὶ
1471 4575 1588 4631 τοῖς
1619 4570 1776 4641 ἐμοῖς
1807 4571 1993 4646 λόγοις

411 4744 457 4780 ⁷⁸
485 4744 616 4800 Job.
649 4757 841 4806 xxx1x,
873 4741 961 4795 34.

417 4917 533 4987 (10)
575 4909 1040 4988 Μεγαλοψυχίας.
1074 4909 1308 4988 Schol._:
1357 4908 1466 4988 Τὴν
1522 4905 1626 4988 εἷς·
1657 4906 1783 4988 τοὺς
1841 4905 2008 4963 ἐλεει-

339 4980 470 5048 νοῦς
507 4980 1143 5060 μεγαλοψυχίαν,ηβζο.ε
1177 5006 1195 5030 α
1229 4980 1731 5060 Magniﬁcen_tiam
1765 4983 1821 5036 in
1853 5000 1999 5060 pau-

342 5052 515 5131 peres
545 5052 610 5114 ac
641 5052 888 5131 miseros
917 5054 1054 5131 alibi
1087 5055 1308 5131 passim
1335 5052 1597 5131 appellat
1624 5052 1996 5131 ﬁregori'usg

418 5131 529 5201 (11)
564 5127 876 5204 Διωρύφων.
913 5128 1006 5204 Sic
1056 5121 1198 5182 mss.
1243 5128 1308 5181 In
1342 5121 1457 5192 θόί,
1490 5121 1558 5176 δι’
1614 5121 1852 5200 ὀρόφων,
1887 5126 2001 5181 Βίι-

340 5199 462 5258 lius
498 5199 564 5258 ;⁷‹‹
599 5199 702 5273 per
732 5199 1050 5273 laquearia.
1083 5222 1110 5273 η

418 5276 530 5345 (12)
589 5267 904 5345 Πλάσμασιν
976 5269 1037 5324 ού
1089 5267 1480 5345 -λειπομένοις,
1539 5271 1654 5345 etc.
1721 5267 1928 5325 Billius
1990 5287 2002 5324 :

348 5365 377 5392 ‹‹
426 5340 779 5415 etquidem
837 5343 1131 5415 ejusmodi
1193 5340 1437 5415 picturis
1472 5344 1721 5415 ornata,
1779 5346 1842 5415 ut
1892 5357 2006 5415 _nec

345 5410 574 5472 naturai
629 5415 738 5487 ipsi
795 5410 1140 5472 concedant.
1173 5410 1211 5464 ›ῐ
1233 5411 1410 5470 Coisl.
1462 5411 1488 5466 1
1540 5414 1598 5467 et
1645 5410 1741 5468 Or.
1790 5413 1841 5482 1,
1892 5410 2008 5466 λει-

347 5505 422 5540 πο
433 5492 615 5542 μένης.

421 5507 787 5632 (ξῖἒφδῦρανῷ
845 5553 923 5632 δέ,
973 5562 1085 5632 etc.
1134 5555 1457 5632 «__F0_Ijuice
1516 5555 1771 5632 desuper
1827 5553 2009 5632 collu-

2107 4575 2257 4627 hanc
2313 4569 2734 4632 laudationem,
2790 4585 2916 4639 quas
2962 4570 3052 4625 vel
3107 4576 3164 4625 te
3213 4577 3624 4644 prosequatur,
3673 4573 3763 4628 vel

2119 4913 2176 4983 et
2208 4907 2396 4983 quasi
2428 4904 2680 4983 solariis.
2715 4905 2844 4960 Haac
2890 4906 3069 4983 (ΞΓωοί
3128 4906 3518 4983 κατηχούμενα
3565 4909 3774 4983 appel-

2113 4977 2255 5036 lant.
2292 4979 2400 5033 Ubi
2433 4977 2710 5052 mulieres
2742 4979 3051 5052 prmcipuer
3073 4980 3257 5036 sacris
3275 4977 3554 5052 aderant,
3588 4977 3777 5052 et‘per

2114 5052 2403 5108 cancellos
2433 5051 2491 5104 in
2526 5049 2815 5124 templum
2861 5049 3298 5124 prospiciebant
3329 5049 3580 5111 Billius':
3608 5077 3638 5106 ‹‹
3668 5049 3774 5112 0r-

2116 5124 2474 5180 bicularibus
2506 5121 2801 5177 cursibus.
2835 5145 2863 5171 ››

2183 5198 2303 5280 (15)
2334 5193 2426 5254 Εἰς
2459 5192 2645 5268 τρίχα.
2693 5193 2832 5266 Reg.
2871 5194 2991 5264 bm,
3027 5192 3104 5255 εἰς
3141 5192 3361 5269 τρίχας.
3397 5197 3624 5268 Billius,
3650 5220 3679 5249 ι(
3712 5197 3776 5256 in

2117 5285 2360 5326 crlnem.
2394 5289 2414 5316 1)

2214 5342 2302 5408 16)
2334 5333 2687 5411 Μαρμαίρεος.
2721 5334 2894 5411 Coisl.
2933 5337 2979 5404 1,
3016 5337 3370 5411 μαρμὲριιοςο

2214 5404 2302 5481 17)
2338 5404 2665 5484 Κεφαλίσιν.
2688 5407 2896 5484 Bi_llius
2931 5404 3341 5473 :«eapiti'bus.
3377 5435 3398 5460 ›-

2191 5480 2304 5554 (18)
2336 5480 2429 5538 Ὁ.’
2449 5481 2622 5554 Deest
2654 5480 2711 5554 in
2743 5480 2878 5554 Reg.
2913 5499 2956 5554 ag
2977 5487 3034 5554 et
3065 5483 3158 5536 Ur.
3193 5486 3240 5538 l.

2192 5547 2303 5627 (19)
2337 5553 2468 5624 Παρ⁹
2519 5550 2683 5604 αὗτοῦ
2733 5547 2885 5612 Θεός.
2936 5552 3029 5608 Sic
3079 5554 3176 5609 Or.
3212 5555 3275 5610 In
3323 5555 3440 5624 ed.,
3476 5551 3606 5614 Θεὸς
3651 5549 3780 5628 παρ’

348 5623 598 5687 ειιίοηίο.
629 5623 652 5680 ἑ
687 5623 781 5685 Sic
812 5623 971 5686 enim
1001 5631 1060 5686 in
1098 5629 1360 5686 aediﬁciis
1407 5631 1618 5682 vocant
1664 5623 1914 5698 οὐρανόν,
1948 5645 1976 5683 u

2121 5623 2307 5683 αὐτοῦ.

351 5708 512 5759 recte
543 5703 814 5758 observat
846 5701 1023 5757 Elias.

427 5775 541 5853 (14)
571 5772 807 5851 Δρόμοις
836 5793 915 5845 τε,
949 5777 1059 5832 etc.
1083 5796 1112 5826 «
1143 5768 1550 5844 Circumjectis
1581 5767 2008 5843 ambulacris,»

2195 5700 2308 5772 (20)
2337 5693 2764 5766 Ὀλοκάρπωμα.
2797 5693 2894 5749 0r.
2929 5694 2980 5763 1,
3012 5693 3308 5771 κάρπωμοι,
3337 5719 3368 5750 ‹‹
3398 5694 3776 5764 oblationem,

2122 5771 2446 5840 victimam,
2480 5781 2722 5825 munus.
2754 5786 2784 5817 »
