4090 6414
351 441 506 500 1039

1595 429 1657 485 S.
1709 421 2080 484 GllEGOltII
2125 419 2521 482 THEOLOGI

3616 425 3782 484 1040

344 574 526 629 funus
557 576 730 628 tuum
757 573 945 638 ornet,
990 567 1073 622 ita
1122 566 1360 637 accipis,
1394 561 1562 634 quasi
1613 560 1880 614 laborum
1913 574 2008 611 eo-

2136 553 2587 627 ίμὸχθησας,τὸν
2641 550 2745 607 sifts
2801 557 3285 630 προπεμπτήριον,
3345 553 3441 611 εἵατ’
3497 556 3784 636 ἐπιτάφιον

349 679 503 728 rum,
536 677 685 732 quos
717 660 791 714 ob
824 675 955 712 mea
984 657 1266 711 doctrinae
1297 653 1492 708 studia
1523 647 1852 719 suscepisti,
1889 647 2009 701 fru-

351 756 512 806 ctum
544 746 801 804 tuleris?
833 746 1010 811 Num,
1062 762 1164 816 pro
1204 742 1379 797 veteri
1431 756 1609 808 more,
1645 753 1844 808 pacem
1877 752 2011 790 ora-

352 839 499 895 tioni
539 837 770 905 tribuis,
831 835 1018 906 eique,
1081 850 1152 886 ne
1219 831 1454 885 modum
1515 829 1776 892 excedat,
1832 827 2008 880 finem

356 925 732 1000 praescribis?
761 927 848 979 An
882 923 1076 994 potius
1117 920 1338 990 aliquid
1374 918 1615 972 uberius
1663 913 2012 969 desideras?

359 1017 467 1074 Sed
494 1016 648 1070 haud
674 1013 848 1068 dubie
871 1011 1199 1083 praescribis
1225 1028 1238 1076 ;
1269 1008 1412 1064 satis
1441 1007 1596 1062 enim
1621 1006 1856 1076 longam
1889 1019 2014 1057 ora-

357 1105 576 1162 tionem
606 1102 944 1159 habuimus.
986 1100 1103 1155 Hoc
1153 1115 1286 1154 vero
1319 1097 1487 1166 mihi,
1537 1111 1676 1167 pace
1709 1101 1826 1158 tua,
1861 1091 2012 1162 adji-

360 1211 488 1251 cere
520 1195 705 1248 liceat.
768 1192 879 1246 Fac
927 1190 1209 1251 sciamus,
1269 1203 1526 1259 quanam
1577 1185 1636 1238 in
1694 1183 1878 1255 gloria
1909 1182 2011 1250 sis,

359 1286 514 1357 quod
566 1283 764 1337 lumen
814 1285 870 1335 te
928 1279 1291 1344 circumstet,
1346 1282 1523 1347 atque
1578 1290 1816 1328 uxorem
1849 1277 2012 1325 tuam

358 1373 660 1444 aliquanto
693 1376 843 1442 post,
878 1373 934 1424 et
974 1368 1210 1432 liberos,
1259 1381 1510 1437 quorum
1547 1366 1721 1417 l'unus
1769 1359 2014 1414 deduxi-

357 1462 454 1532 sti,
490 1477 556 1518 ac
583 1477 676 1514 me
709 1475 959 1529 quoque,
1006 1462 1108 1512 aut
1141 1454 1287 1510 nihil
1334 1454 1547 1519 adhuc,
1583 1456 1684 1507 aut
1731 1456 1883 1505 certe
1915 1466 2015 1520 pa-

358 1566 490 1606 rum
523 1550 704 1620 hujus
733 1548 866 1602 vitae
915 1545 1088 1601 malis
1129 1544 1436 1606 afﬂictum,
1487 1541 1696 1597 iisdem
1742 1539 2013 1594 taberna-

356 1639 506 1695 culis
553 1637 788 1709 excipe:
851 1639 1028 1706 atque
1077 1641 1208 1688 ante
1265 1629 1664 1694 tabernacula,
1719 1627 1828 1681 hoc
1859 1625 2015 1680 dulci

355 1727 570 1800 lapide,
620 1741 793 1797 quem
852 1724 1139 1779 ambobus
1196 1721 1364 1776 nobis
1424 1719 1706 1784 statuisti,
1754 1715 2019 1770 videlicet

358 1818 455 1873 hic
487 1833 721 1888 quoque
753 1813 1116 1868 sacerdotem
1164 1815 1335 1865 tuum
1365 1815 1423 1864 et
1472 1806 1880 1878 cognominem
1913 1804 2014 1858 ho-

359 1923 499 1963 nore
531 1905 817 1968 alliciens,
870 1906 926 1957 et
976 1900 1231 1957 sermoni
1278 1898 1692 1970 praetermisso,
1737 1900 1795 1950 et
1842 1895 1899 1948 in
1934 1893 2015 1947 tui

360 1995 612 2069 gratiam
644 1997 970 2064 assumpto,
1003 1990 1276 2061 ignosce:
1312 2005 1378 2044 ac
1409 1987 1683 2058 denique,
1717 2001 1850 2038 cum
1884 1999 2017 2053 gre-

359 2101 487 2156 gem
523 2083 882 2148 universum,
909 2084 965 2135 et
986 2079 1292 2150 pontitices
1314 2093 1540 2143 omnes,
1569 2092 1820 2146 quorum
1856 2076 2019 2144 pater

359 2176 596 2228 vocatus
627 2188 709 2237 es,
762 2175 889 2225 tum
924 2185 1018 2224 me
1066 2167 1413 2239 praesrtim,
1466 2171 1704 2236 paterne
1751 2181 1817 2218 ac
1843 2161 2016 2233 spiri-

356 2261 596 2317 tualiter
651 2266 940 2322 coactum,
996 2257 1235 2328 periculi
1295 2272 1534 2310 securos
1601 2257 1885 2326 guberna,
1945 2267 2018 2306 ne

272 2381 274 2386 ι
357 2351 471 2405 vim
511 2349 654 2404 mihi
688 2349 792 2403 abs
821 2352 878 2402 te
908 2345 1132 2401 illatam
1167 2359 1592 2416 usquequaque
1621 2357 1915 2396 accusem.

429 2437 573 2493 XLI.
609 2441 682 2491 At
714 2442 799 2502 tu,
834 2435 973 2507 quid
1025 2449 1250 2503 censes,
1297 2449 1329 2487 ο
1377 2448 1714 2487 sermonum
1751 2443 2013 2484 meorum

356 2532 414 2583 et
444 2525 836 2597 agitationum
861 2523 1091 2594 judex‘!
1119 2522 1181 2578 Si
1227 2522 1346 2575 haec
1378 2525 1469 2575 sat
1499 2519 1803 2574 commode
1835 2523 1888 2572 et
1920 2533 2013 2571 co-

356 2617 540 2688 piose,
569 2619 746 2686 atque
776 2618 842 2669 ut
887 2611 1204 2684 cupiditate
1252 2615 1354 2665 tua
1401 2610 1645 2681 dignum
1686 2614 1830 2675 erat,
1863 2609 2018 2662 dicta

356 2711 517 2773 sunt,
568 2706 677 2761 hoc
736 2702 958 2760 calculo
1008 2706 1110 2755 tuo
1167 2701 1470 2768 confirma,
1530 2704 1586 2753 et
1633 2699 2011 2770 accipiemus.

359 2797 504 2854 Nam
539 2793 797 2867 profecto
848 2792 945 2846 Dei
1001 2789 1259 2846 calculus
1304 2794 1442 2843 tuus
1480 2786 1741 2843 calculus
1773 2792 1882 2842 est.
1917 2787 2012 2842 Sin

359 2889 556 2942 autem
587 2883 758 2952 longe
816 2880 968 2935 infra
999 2878 1185 2950 ipsius
1243 2878 1490 2950 gloriam
1539 2881 1596 2932 et
1652 2893 1816 2946 spem
1849 2881 2014 2932 tuam

357 2972 759 3036 substitimus,
793 2970 850 3024 in
913 2974 1188 3041 promptu
1237 2972 1328 3022 est
1383 2966 1480 3037 qui
1527 2967 1829 3038 suppetias
1860 2967 2008 3021 861

358 3065 524 3119 ferat.
559 3060 767 3116 Vocem
801 3063 988 3123 tuam,
1037 3061 1380 3128 Opportunae
1424 3055 1627 3126 pluviae
1677 3055 1885 3120 instar,
1918 3072 2017 3109 ex-

358 3151 600 3225 petitam
633 3148 792 3203 illius
821 3146 1097 3202 laudibus
1140 3145 1413 3200 immitte.
1449 3151 1529 3198 Ac
1559 3161 1701 3199 sane
1731 3144 1856 3214 ipse
1893 3162 2014 3198 ma-

356 3240 533 3296 ximis
562 3245 618 3294 te
651 3237 922 3294 nomibus
953 3235 1064 3290 sibi
1095 3235 1410 3290 obnoxium
1435 3239 1491 3289 et
1522 3233 1872 3288 obstrictum
1907 3233 2013 3288 ha-

359 3331 479 3400 bet,
512 3343 722 3399 nempe
752 3330 807 3382 et
859 3329 924 3380 ut
953 3328 1152 3395 pastor
1201 3327 1516 3395 pastorem,
1566 3328 1624 3377 et
1654 3327 1719 3376 ut
1750 3327 1915 3393 pater
1945 3323 2016 3375 (ὶ-
2048 3306 2090 3372 C

359 3419 527 3488 lium,
561 3417 714 3488 quod
765 3415 1001 3486 quidem
1033 3415 1104 3468 ad
1151 3412 1401 3484 gratiam
1447 3411 1673 3467 attinet.
1707 3411 1855 3476 Quid
1889 3427 2021 3466 vero

362 3508 726 3573 mirandum,
759 3503 829 3570 si,
863 3502 964 3576 qui
1012 3507 1298 3559 terrarum
1349 3501 1473 3556 orbi
1526 3517 1630 3572 per
1654 3505 1710 3556 te
1742 3500 2020 3568 intonuit,

361 3598 520 3654 idem
553 3610 710 3650 nunc
758 3594 1017 3648 fructum
1065 3607 1301 3663 quoque
1349 3589 1604 3661 aliquem
1640 3606 1708 3644 ex
1755 3593 1857 3644 tua
1886 3605 2024 3644 voce

2123 647 2314 696 τοῦτον
2350 638 2611 712 ἔπαινον;
2642 643 2732 696 καὶ
2765 640 2927 705 δίδως
2963 645 3186 718 εἷρήνην
3237 645 3316 716 τῷ
3350 644 3524 720 λόγῳ,
3555 647 3646 700 τὸν
3678 668 3787 701 πα-

2124 729 2275 785 λαιὸν
2304 731 2526 806 τρόπον,
2560 731 2831 795 κάνταῦθα
2877 733 3073 787 τυῦτον
3125 733 3351 807 ὁρίζεις,
3416 734 3629 812 φεύγων
3688 735 3784 788 τὸν

2121 820 2306 892 κόρον,
2340 821 2412 882 ὡς
2447 819 2502 874 ἂν
2539 819 2620 889 εῗὴ
2655 820 3009 897 σύμμετρος;
3043 824 3076 891 ἢ
3109 821 3229 877 τίνα
3285 825 3600 898 προσθήκην
3662 822 3782 878 ἔπι-

2125 915 2342 980 ζητεῖς;
2402 911 2648 986 Ὁρίζεις,
2700 908 2802 964 οἶδ’
2853 911 2934 966 δτι
2963 931 2975 944 ·
3027 914 3114 967 καὶ
3158 912 3258 988 γὰρ
3291 913 3580 989 αὐτάρκης.
3613 918 3783 968 Ἐκεῖ-

2122 1023 2183 1053 νο
2235 999 2290 1054 δὲ
2348 1006 2663 1073 προσθεῖναι
2716 1002 3116 1076 συγχώρησον·
3170 1003 3440 1078 Γνώρισον
3488 1005 3622 1076 ἡμῖν
3675 1007 3784 1057 ποῦ

2123 1111 2255 1143 ποτε
2287 1089 2332 1144 εἷ
2370 1087 2553 1160 δόξης,
2585 1091 2674 1143 καὶ
2721 1091 2784 1144 τὸ
2841 1091 2964 1166 περὶ
2999 1092 3056 1145 σε
3097 1096 3234 1168 φῶς,
3267 1092 3357 1146 καὶ
3387 1093 3485 1162 τὴν
3530 1094 3628 1162 σὴν
3665 1092 3783 1165 μετ’

2128 1178 2315 1252 ὀλίγον
2371 1179 2617 1254 ὁμόζυγα
2658 1182 2792 1252 (21),
2826 1180 2914 1234 καὶ
2946 1183 3054 1235 τῶν
3083 1182 3308 1250 τέκνων,
3362 1181 3392 1235 ἃ
3443 1182 3790 1255 προκατὲθα-

2123 1272 2228 1341 ψας
2279 1272 2390 1341 (22)
2418 1289 2428 1300 ·
2484 1269 2625 1341 κάμὲ
2667 1275 2786 1330 ταῖς
2839 1269 3024 1332 αὐταῖς
3065 1268 3207 1340 δέξαι
3240 1271 3547 1344 σκηναῖς,ἧ
3614 1267 3784 1344 μηδὲν

2124 1356 2225 1429 ἔτι,
2341 1360 2507 1433 μικρᾶ
2537 1363 2614 1430 τῷ
2650 1358 2754 1433 βίῳ
2784 1359 2963 1431 τούτῳ
3006 1362 3452 1430 κακοπαθήσοντα
3477 1379 3488 1392 ⁸
3541 1361 3629 1414 καὶ
3677 1361 3788 1433 πρὸ

2122 1451 2230 1500 τῶν
2265 1452 2498 1516 σκηνῶν,
2549 1451 2626 1518 τῷ
2671 1447 2868 1521 γλυκεῖ
2908 1447 3047 1520 λίθῳ
3225 1448 3422 1522 τούτῳ,
3465 1448 3522 1503 ὅν
3557 1447 3792 1526 ἀμφοτέ-

2127 1556 2242 1610 ροις
2303 1531 2554 1605 ἕστησας,
2606 1541 2784 1608 τιμῶν
2839 1536 3110 1599 κάνταῦθα
3167 1539 3258 1592 τὸν
3338 1538 3427 1592 σὸν
3501 1537 3644 1613 ἱερὸν
3695 1538 3787 1592 καὶ

2129 1624 2462 1696 ὁμώνυμον·
2521 1625 2608 1678 καὶ
2658 1630 2754 1680 τοῦ
2806 1623 2978 1701 λόγου
3021 1629 3135 1699 (24)
3187 1629 3510 1703 συγγνώμην
3544 1624 3657 1702 ἔχε,
3690 1631 3790 1681 τοῦ

2123 1734 2182 1768 τε
2240 1715 2585 1789 παρεθέντος,
2646 1716 2735 1769 καὶ
2793 1720 2888 1770 τοῦ
2948 1715 3396 1794 προσληφθέντος
3455 1718 3552 1785 σὴν
3599 1716 3784 1792 χάριν.

2127 1803 2224 1856 Καὶ
2272 1801 2538 1878 διεξάγοις
2597 1801 2891 1866 ἀκινδύνως
2941 1808 3072 1878 (25),
3140 1806 3376 1878 μάλιστα
3429 1806 3524 1878 μὲν
3579 1807 3785 1860 ἃπασαν

2125 1893 2366 1966 ποίμνην
2425 1891 2512 1947 καί
2570 1900 2774 1955 πάντας
2825 1894 3114 1970 ἀρχιερέας
3174 1896 3249 1948 ὧν
3311 1893 3550 1965 ἐκλήθης
3603 1896 3785 1971 πατὴρ

2127 1982 2409 2057 ἐξαιρέτως
2444 1979 2499 2036 δὲ
2532 1984 2620 2035 τὸν
2657 1983 2760 2037 ὑπὸ
2794 1987 2887 2036 σοῦ
2924 1984 3228 2058 βιασθέντα,
3262 1985 3351 2038 καὶ
3386 1985 3788 2059 τυραννηθέντα

2126 2077 2401 2146 πατρικῶς
2460 2093 2518 2125 τε
2573 2071 2661 2125 καὶ
2718 2077 3121 2144 πνευματικῶς,
3175 2074 3250 2135 ὡς
3305 2070 3368 2127 ἂν
3422 2075 3496 2146 μὴ
3530 2075 3698 2128 πάντα
3730 2095 3788 2128 σε

2129 2161 2451 2238 μεμφοίμην
2485 2163 2582 2230 τῆς
2616 2159 2892 2237 τυραννίδο
2905 2184 2948 2223 ς.

2201 2430 2330 2484 MA'.
2370 2428 2465 2482 Σοὶ
2499 2426 2692 2502 δὶ(26)
2749 2429 2800 2483 τί
2851 2427 3140 2502 δοκοῦμεν,
3187 2431 3232 2483 ὦ
3279 2432 3438 2503 κριτὰ
3482 2434 3589 2484 τῶν
3637 2428 3786 2502 ἐμῶν

2126 2515 2303 2593 λόγων
2363 2518 2452 2572 καὶ
2496 2519 2856 2589 κινημάτων;
2912 2518 2974 2572 Εἴ
3025 2519 3118 2591 μὲν
3167 2518 3445 2592 αὐτάρκως
3490 2516 3782 2573 διείλεκται

2122 2611 2310 2677 ταῦτα,
2369 2606 2456 2660 καὶ
2509 2610 2606 2675 τῆς
2660 2614 2760 2676 σῆς
2819 2606 3108 2680 ἐπιθυμίας
3157 2608 3340 2678 ἀξίως,
3390 2613 3550 2662 τοῦτο
3578 2607 3784 2682 ἐπιψή-

2125 2717 2280 2773 φισον
2331 2698 2465 2768 (27),
2512 2696 2602 2748 καὶ
2653 2693 2966 2771 δεχόμεθαθ
3019 2696 3234 2759 πάντως
3287 2694 3344 2752 δὲ
3401 2702 3533 2752 Θεοῦ
3598 2701 3780 2774 ψῆφος

2124 2788 2158 2855 ἡ
2193 2787 2281 2855 σή.
2323 2784 2378 2838 El
2411 2783 2467 2838 δὲ
2496 2787 2640 2858 παρὰ
2671 2784 2814 2840 πολὺ
2844 2793 2943 2855 τῆς
2975 2785 3178 2840 ἐκείνου
3213 2783 3393 2859 δόξης,
3421 2787 3510 2841 καὶ
3554 2789 3650 2855 τῆς
3679 2794 3778 2856 σῆς

2125 2871 2368 2944 ἐλπίδος,
2403 2873 2564 2948 ἐγγὺς
2599 2876 2626 2929 ὁ
2659 2875 2976 2950 σύμμαχος.
3013 2877 3248 2953 Ἐπάφες
3296 2877 3396 2944 τὴν
3449 2877 3548 2944 σὴν
3595 2876 3781 2952 φωνην

2123 2970 2240 3024 τοῖς
2286 2962 2490 3017 ἐκείνου
2537 2962 2730 3026 καλοῖς
2787 2961 3272 3039 προσδοκωμένην,
3334 2965 3409 3025 ὡς
3443 2964 3591 3018 ὑετὸν
3645 2962 3780 3039 ὥρι-

2129 3074 2228 3126 μον
2263 3057 2412 3126 (28)·
2447 3052 2664 3114 πάντως
2693 3051 2748 3108 δὲ
2782 3053 3068 3128 ὑπόχρεων
3100 3051 3214 3130 ἔχει
3248 3074 3306 3108 σε
3351 3058 3456 3108 τῶν
3491 3052 3780 3129 μεγίστων,

2124 3143 2213 3198 καὶ
2271 3143 2348 3203 ὡς
2395 3141 2632 3214 ποιμένα
2678 3145 2912 3215 ποιμὴν,
2963 3143 3053 3197 καὶ
3105 3143 3180 3205 ὡς
3229 3144 3410 3218 πατὴρ
3456 3143 3569 3197 υἱὸν
3601 3143 3689 3196 τὸν
3727 3141 3779 3196 ἐν

2125 3231 2332 3306 χάριτι.
2382 3229 2442 3282 Τί
2490 3229 2822 3304 θαυμαστὸν,
2872 3230 2919 3285 εἷ’
2963 3228 3052 3284 διὰ
3105 3233 3219 3303 (29)
3248 3235 3344 3285 σοῦ
3380 3231 3678 3307 βροντήσας
3711 3233 3782 3304 τῇ

2131 3317 2446 3392 οἲ“κουμὲνῃ,
2475 3319 2566 3373 καὶ
2595 3319 2756 3381 αὐτός
2786 3341 2840 3373 τι
2868 3327 2968 3388 τῆς
3003 3327 3105 3389 σῆς
3155 3326 3342 3396 φωνῆς
3383 3319 3739 3375 ἀπολαύσειεν
3771 3339 3783 3389 ;

2130 3407 2190 3461 Τί
2224 3405 2306 3462 δεῖ
2337 3407 2530 3462 λοιπόν
2558 3426 2571 3476 ;
2604 3412 2678 3482 Τῇ
2712 3413 3051 3482 πνευματικῇ
3087 3408 3289 3484 Σάρρᾳ,
3346 3412 3414 3482 τῇ
3470 3414 3568 3463 τοῦ
3625 3410 3787 3484 μεγά-

2134 3494 2234 3551 λου
2265 3497 2466 3572 πατρὸς
2496 3500 2656 3570 ἡμῶν
2688 3493 2957 3572 Ἀϐραὰμ,
2989 3498 3078 3552 καὶ
3109 3496 3393 3573 ὁμοζύγῳ,
3420 3499 3510 3553 καὶ
3561 3497 3790 3572 ίσοχρό-

2131 3609 2232 3659 νῳ,
2266 3586 2749 3665 συμφιλοσοφῆσαι
2781 3589 2848 3642 τὰ
2880 3585 3137 3658 ἐπικήδια
3169 3590 3302 3661 (30).

366 3686 609 3759 capiat?
642 3687 838 3740 Restat
859 3683 1008 3753 jam,
1044 3685 1108 3736 ut
1137 3697 1270 3735 cum
1308 3679 1598 3752 spirituali
1632 3680 1795 3746 Sara,
1849 3679 2049 3751 magni
2081 3679 2266 3734 nostri
2317 3679 2504 3750 patris
2554 3679 2798 3736 Abrahae
2831 3681 3102 3752 conjuge,
3155 3683 3332 3751 atque
3371 3679 3636 3749 ejusdem
3667 3684 3788 3735 ata-

367 3776 489 3843 tiis,
522 3776 625 3830 des
651 3775 745 3842 iis,
781 3789 909 3843 qua;
941 3771 1010 3826 ad
1042 3770 1242 3824 fumus
1272 3773 1558 3841 spectant,
1592 3769 1899 3824 disseram.

439 3863 602 3920 XLII.
637 3862 760 3917 Non
790 3866 898 3926 est,
925 3877 957 3916 ο
989 3864 1198 3929 mater,
1237 3860 1441 3913 eadem
1501 3859 1594 3912 Dei
1626 3863 1684 3913 et
1714 3857 2020 3912 hominum

368 3959 616 4020 natura;
653 3956 774 4016 aut,
825 3955 889 4004 ut
933 3949 991 4003 in
1042 3965 1251 4019 genere
1299 3947 1529 4018 loquar,
1582 3962 1931 4017 superorum
1963 3951 2023 4002 et

360 4041 750 4100 terrestrium.
786 4039 955 4111 Apud
987 4037 1119 4092 illos
1149 4037 1307 4092 enim
1358 4042 1634 4092 constans
1681 4040 1740 4090 et
1776 4035 2019 4090 immor-

359 4131 476 4188 tale
504 4135 610 4195 est,
641 4133 770 4185 tum
801 4128 997 4200 ipsum
1029 4143 1178 4194 esse,
1211 4130 1338 4180 tum
1373 4141 1736 4196 quaecunque
1766 4125 1837 4179 ad
1871 4123 2016 4178 illud

359 4221 680 4292 pertinent.
727 4217 1059 4274 Firmorum
1112 4215 1268 4269 enim
1331 4230 1421 4268 res
1469 4214 1648 4268 ﬁrmae
1696 4217 1862 4268 sunt.
1903 4212 2016 4268 Res

435 4354 546 4425 (21)
575 4349 871 4423 Ὀμόζυγα.
905 4349 999 4403 Sic
1031 4348 1171 4419 Reg.
1203 4365 1255 4416 a,
1289 4348 1409 4413 bm,
1443 4344 1538 4401 Or.
1565 4348 1616 4414 1,
1646 4346 1766 4401 Jes.
1801 4351 1866 4400 ln
1903 4346 2021 4414 ed.,

370 4422 1023 4568 ὁιὶἒὲἪγῗΙνροκατέθ-αψαςζ
1045 4513 1073 4541 ‹‹
1108 4490 1262 4568 Quos
1294 4487 1522 4568 tumulo
1551 4487 1961 4568 composuisti.
1997 4510 2017 4537 ι

363 4559 591 4638 Beg._a,
624 4559 741 4621 duo
771 4559 954 4628 Golb'.,
988 4563 1084 4618 0r.
1118 4564 1170 4628 1,
1203 4566 1346 4624 Jes.,
1378 4561 1502 4631 ipse
1551 4559 1780 4624 Billius,
1812 4578 2018 4638 προκα-
2051 4569 2099 4633 Ι)

360 4632 612 4702 τὲλῐιϐες,
656 4661 683 4689 ‹‹
738 4638 796 4691 in
857 4640 1249 4697 antecessum,
1312 4638 1660 4705 przevertens
1723 4632 2019 4704 accepisti,

364 4713 530 4784 prius
561 4710 883 4784 occupasti.
908 4730 936 4784 ξ)

432 4784 546 4856 (23)
575 4786 660 4852 Τῷ
687 4774 880 4856 γλυκεῖ
911 4775 1064 4848 λίθῳ.
1099 4778 1157 4856 Id
1193 4774 1523 4856 est,_inquit
1549 4774 1784 4856 _Elia_s,<€
1811 4775 2014 4856 Sepul:

361 4846 480 4923 cro,
513 4846 644 4927 quo'
660 4846 874 4927 corpus
923 4846 1091 4927 tuum
1139 4851 1376 4927 tegitur,
1411 4848 1561 4927 quod
1599 4851 1654 4901 et
1683 4846 1786 4927 tibi
1821 4847 1930 4927 ipsi
1963 4850 2020 4900 et

362 4917 850 4982 mibi-statuisti.
902 4946 928 4970 »
975 4922 1119 4989 Mox,
1173 4917 1234 4972 τὸ
1295 4918 1383 4971 σὸν
1445 4917 1613 4990 ἱερόν,
1648 4941 1674 4966 ‹‹
1721 4919 2021 4972 victimam

362 5003 548 5053 tuam.
580 5021 608 5047 »
643 4999 740 5053 Sic
787 4993 1177 5052 Combefisius
1226 4992 1474 5045 libenter
1525 4991 1760 5060 legeret.
1813 4990 2020 5044 Billius

361 5069 576 5135 legisse
605 5070 853 5131 videtur,
884 5063 1051 5135 ἱερέα,
1081 5087 1109 5114 ‹‹
1141 5065 1528 5135 sacerdotem.
1563 5083 1590 5111 »

461 5087 576 5124 isse
605 5086 853 5131 Vldetur,
889 5086 1051 5135 ιερεα,
1081 5087 1109 5114 «
1141 5086 1528 5118 sacuruuwiu.
1563 5086 1590 5111 ››

419 5086 546 5211 ῗῗὶῖι)
580 5141 677 5192 Καὶ
735 5143 830 5191 τοῦ
889 5136 1074 5211 λόγου.
1131 5142 1249 5211 Duo
1299 5132 1510 5211 Quisl.,
1530 5138 1650 5186 tres
1707 5131 2018 5211 Qolb.,_Qr.

363 5202 567 5277 1,‘Jes.
601 5216 658 5266 et
705 5213 881 5276 Elias,
925 5202 1014 5262 καὶ
1063 5211 1160 5259 τοῦ
1209 5203 1368 5269 λαοῦ,
1408 5210 1521 5277 «εἰ
1553 5202 1843 5277 populo.»
1877 5203 2021 5258 Hinc

361 5273 555 5356 schol.
595 5301 606 5337 :
643 5273 942 5356 Πᾳαρεθεντα
990 5277 1152 5356 λαὸν,
1192 5279 1287 5356 τὸν
1330 5275 1584 5356 ξασίμων
1638 5273 1820 5356 λέγει,
1852 5293 2020 5347 προσ-

401 5353 636 5429 ηφθέντα
676 5346 736 5404 δὲ
777 5353 868 5406 τὸν
920 5353 1248 5429 ᾒῐαζιανζοῦο-
1277 5372 1306 5429 ‹ς
1344 5347 1628 5429 Populum
1679 5346 2017 5412 dimissum,

362 5419 466 5480 seu
490 5425 781 5492 relictum,
805 5425 1166 5480 Sasimorum
1195 5421 1426 5494 plebem
1451 5419 1625 5494 dicit,
1647 5422 2019 5494 assumptum

360 5511 518 5561 vero,
544 5489 1032 5550 Nazianienum.»
1057 5489 1460 5563 Quae-quidem
1496 5491 1668 5544 lectio
1697 5489 1902 5543 melior
1930 5491 2018 5563 vi-

360 5567 549 5622 detur.
587 5566 735 5620 Petit
762 5567 1115 5636 ’l‘heologus,
1145 5562 1429 5620 exstincto
1457 5564 1577 5636 jam
1609 5569 1788 5631 patre,
1828 5562 2017 5616 utriu-

359 5653 508 5709 sque
540 5637 725 5709 plebis
764 5653 905 5691 cura
956 5635 1212 5700 liberari,
1248 5642 1367 5709 tum
1421 5635 1813 5709 Sasimorum,
1838 5649 2016 5702 quam

359 5705 587 5788 pridem
613 5706 957 5788 reliquerat,
990 5707 1542 5788 tum-Nasianzenae,
1573 5721 1748 5776 quam
1801 5705 1857 5756 in
1911 5721 2018 5786 pa-

360 5777 469 5831 tris
501 5777 771 5850 gratiam,
805 5791 871 5830 ao
915 5781 1099 5837 donec
1130 5779 1189 5834 in
1221 5778 1349 5831 vitas
1398 5785 1697 5849 superstes
1746 5779 1919 5843 esset,
1955 5776 2016 5830 in

2205 3857 2334 3911 MB'.
2387 3855 2504 3930 Οὐχ
2551 3857 2585 3925 ἠ
2636 3856 2772 3924 αὐτὴ
2824 3856 3002 3934 φύσις,
3055 3857 3099 3911 ὦ
3159 3864 3352 3932 μῆτερ,
3403 3860 3540 3912 Θεοῦ
3577 3855 3665 3910 καὶ
3698 3856 3790 3910 ἄν·

2130 3947 2362 4018 θρώπων
2623 3944 2837 4018 μᾶλλον
2894 3944 2950 4000 δὲ
3002 3945 3149 4008 ὅλως
3198 3951 3306 4001 τῶν
3359 3947 3513 4010 θείων
3542 3946 3632 4000 καὶ
3678 3950 3788 4000 τῶν

2129 4033 2398 4110 ἐπιγείων·
2454 4035 2585 4110 Παρ’
2638 4034 2863 4097 ἐκείνοις
2917 4036 3010 4108 μὲν
3057 4037 3120 4090 τὸ
3173 4037 3434 4112 ἄτρεπτον
3471 4035 3559 4090 καὶ
3592 4036 3790 4090 ἀθανα-

2125 4144 2242 4192 τον,
2292 4122 2457 4176 αὐτοῦ
2501 4143 2560 4178 τε
2612 4127 2710 4178 τοῦ
2759 4123 2916 4193 εἶναι,
2956 4126 3047 4178 καὶ
3086 4129 3192 4178 τῶν
3225 4123 3325 4179 ὅσα
3352 4129 3450 4179 τοῦ
3482 4124 3614 4179 εἶναι
3641 4145 3652 4157 ·
3682 4128 3790 4178 τῶν

2125 4210 2226 4286 γὰρ
2283 4211 2494 4286 παγίων
2550 4212 2618 4264 τὰ
2675 4213 2866 4286 πάγια.
2929 4214 3003 4267 Τὰ
3062 4209 3118 4267 δέ
3175 4212 3419 4289 ἡμέτερα
3476 4217 3591 4275 πῶς
3639 4209 3791 4288 ἔχει;

2135 4362 2198 4427 se
2232 4351 2556 4427 receperat.
2601 4345 2696 4427 Sic
2743 4363 2878 4417 ergo
2930 4347 3286 4427 reddiderim
3321 4366 3334 4406 ι
3365 4370 3391 4402 α
3421 4349 3497 4404 da
3544 4346 3788 4427 veniam,

2137 4417 2450 4500 plebisque.
2470 4422 2594 4498 tum
2625 4419 2753 4500 eius
2785 4436 2912 4490 qua:
2945 4437 2978 4474 a
3008 4437 3100 4500 me
3135 4420 3337 4500 relicta
3367 4425 3475 4491 est,
3510 4423 3633 4475 tum
3664 4418 3792 4489 ejus

2135 4505 2311 4564 quam
2345 4494 2402 4564 in
2439 4494 2526 4564 tui
2552 4494 2800 4564 gratiam
2832 4497 3135 4564 suscepi,»
3169 4499 3282 4548 etc.

2203 4561 2316 4633 (25)
2350 4556 2698 4636 ’Axw_3i_’i}{tn:.
2750 4581 2773 4610 α
2798 4564 2980 4636 ,Οίινει
3005 4556 3374 4636 'pericu‘lum,
3411 4561 3655 4636 periculi
3706 4577 3796 4616 se-

2133 4649 2325 4689 curos.
2359 4655 2386 4683 »
2418 4637 2463 4688 A
2495 4633 2660 4689 Billio
2691 4635 3004 4690 omissum.

2349 4705 2446 4757 Σοὶ
2497 4701 2573 4760 δέ.
2624 4707 2809 4781 ξρὸοι.
2859 4723 2895 4781 _:_
2926 4706 3066 4781 Πρὸς
3113 4704 3206 4759 τὸν
3269 4705 3434 4780 μέγαν
3487 4699 3793 4758 Βασίλειον·

2135 4796 2156 4824 ι
2193 4777 2471 4850 Magnum
2507 4777 2786 4832 Basilium
2821 4777 3162 4850 alloquitur.
3192 4799 3219 4827 »

2200 4844 2730 4925 (27)Ἐπιψήφισον.
2795 4844 3056 4922 Βος.ἀ,
3119 4851 3249 4918 bm,
3309 4848 3404 4903 ΟΡ.
3468 4849 3530 4914 1,
3593 4844 3793 4916 ὲπιψή-

2177 4938 2306 4972 ισαι.

2132 4939 2316 5061 φιῖἔὲ)
2341 4991 2597 5064 ’ἰζριᾳμοι
2632 4991 2840 5046 Billius
2875 5009 2887 5046 :
2917 5015 2944 5041 ‹‹
2982 4997 3244 5047 maturis.
3279 5013 3307 5040 »

2201 5059 2315 5136 (29)
2461 5059 2571 5136 διά,
2623 5070 2732 5118 etc.
2785 5064 2879 5136 Sic
2933 5065 3071 5136 Reg.
3126 5065 3267 5136 bm,
3301 5061 3473 5136 Coisl.
3511 5062 3561 5122 1.
3613 5060 3708 5136 Or.

2253 5129 2343 5188 ed.
2381 5131 2457 5216 .ἧο
2491 5129 2578 5185 διά
2639 5157 2674 5216 .‹‹
2724 5135 2872 5216 Quid
2930 5129 3149 5216 autem.
3195 5129 3554 5216 mirandum,
3601 5131 3800 5216 inquit

2131 5203 2309 5270 Elias,
2344 5205 2392 5260 si
2444 5204 2517 5271 is,
2551 5207 2650 5276 qui
2703 5207 2974 5262 universo
3026 5206 3152 5263 orbi
3212 5207 3531 5262 salutarem
3583 5203 3797 5276 doctri-

2133 5293 2405 5359 namhpcr
2436 5282 2490 5331 te
2520 5275 2795 5347 intonuit,
2831 5283 3034 5350 utpote
3065 5278 3165 5359 qui
3211 5279 3318 5359 tibi
3365 5275 3798 5359 manusnimpo-

2131 5346 2494 5432 suerit—mmsis.
2539 5365 2770 5432 quoque
2796 5346 3486 5432 .ex:v'oce't11a.fructum
3538 5346 3796 5429 aliquem

2131 5420 2363 5490 capiat?
2397 5442 2422 5469 ››
2455 5422 2709 5477 Basilius
2761 5422 3078 5504 siquidem,
3112 5422 3210 5493 qui
3284 5423 3338 5477 ia
3389 5419 3658 5476 doctrina
3706 5435 3800 5473 or-

2131 5491 2260 5546 bem
2296 5491 2574 5562 replebat,
2609 5493 2870 5564 Gregorii
2920 5495 3104 5565 patris
3135 5439 3331 5550 stugio
3363 5497 3420 5548 et
3449 5507 3645 5562 opera,
3679 5490 3797 5545 ϐω-

2129 5533 2411 5617 sariensis
2445 5537 2757 5635 episcopqu
2785 5533 3016 5620 creatus
3048 5567 3273 5635 fuerat,
3488 5533 3503 5562 ι
3632 5533 3645 5558 ⁷

2199 5635 2312 5707 (30)
2445 5632 2724 5707 ἐπικήδια.
2762 5637 2857 5691 Or.
2894 5638 2945 5702 1,
2976 5636 3042 5689 τὰ
3089 5633 3394 5707 ἐπικήδεια.

2200 5703 2311 5778 (31)
2343 5703 2692 5782 Ἀνδρώπων.
2726 5709 2789 5764 In
2838 5707 3163 5778 nonnullis,
3198 5703 3507 5786 ἀνθρώπου.
