4090 6414
325 395 473 456 1041

1256 400 1551 460 ORATIO
1597 398 1806 458 XVIII.
1843 430 1918 439 —-
1946 395 2337 458 FUNEBBIS
2387 396 2459 453 lN
2513 395 2856 454 I’A'I‘REM.

3591 393 3748 454 1042

331 532 446 583 Ῥεῖ
470 547 528 582 τε
557 532 645 581 καὶ
685 525 955 604 φθείρεται
991 530 1126 599 (32),
1165 527 1252 582 καὶ
1288 525 1488 584 ἄλλοτε
1520 528 1696 600 ἄλλην
1759 522 1972 599 λαμϐά-

2101 532 2282 580 autem
2320 532 2527 580 nostris
2561 544 2678 598 quo
2712 530 2880 597 pacto
2908 543 2968 579 se
2999 525 3259 580 habent?
3292 527 3505 581 Fluunt
3535 533 3591 582 et
3621 543 3746 581 cor-

325 637 401 670 νει
459 610 794 689 μεταϐολήν.
847 618 968 684 Ζωὴ
1020 624 1146 692 γοὺν
1201 617 1286 670 καὶ
1347 618 1590 686 θάνατος,
1654 620 1802 672 ταῦθ’
1849 619 1982 690 ἅπερ

324 704 562 780 λέγεται,
623 703 880 760 πλεῖστον
937 704 1205 776 ἀλλήλων
1259 705 1529 784 διαφέρειν
1591 707 1872 774 δοκοῦντα,
1906 705 1983 766 είς

327 792 553 864 ἄλληλα
599 801 906 870 περιχωρεῖ
962 817 1079 856 πως
1131 797 1220 850 καὶ
1281 797 1730 852 ἀντικαθίσταται.
1790 798 1853 852 Ἡ
1889 796 1982 868 μὲν

325 883 429 957 γὰρ
464 883 523 937 ἐκ
554 890 756 960 φθορᾶς
807 884 1090 959 ἀρχομένη
1150 892 1249 954 τῆς
1306 889 1511 962 μητρὸς
1559 890 1742 958 ἡμων,
1775 885 1862 939 καὶ
1895 882 1983 938 διὰ

325 974 524 1048 φθορᾶς
574 969 835 1026 ὁδεύουσα
891 980 991 1041 τῆς
1053 974 1134 1027 ἀεὶ
1192 979 1284 1027 τοῦ
1342 975 1610 1050 παρόντος
1662 974 1980 1044 ἐκστάσεως,

323 1059 398 1121 είς
433 1059 632 1137 φθορὰν
681 1061 1033 1138 καταστρέφει
1080 1063 1178 1130 τὴν
1236 1067 1333 1117 τοῦ
1369 1064 1488 1138 βίου
1518 1063 1713 1118 τούτου
1745 1061 1980 1117 κατάλυ-

323 1169 403 1201 σιν
433 1168 444 1178 ·
481 1150 507 1203 6
559 1146 614 1203 δὲ
667 1154 773 1204 τῶν
822 1151 1047 1213 ἐνταῦθα
1094 1156 1273 1205 κακῶν
1329 1151 1658 1227 ἀπαλλαγὴν
1693 1150 1860 1226 ἔχων,
1894 1151 1981 1205 καὶ

321 1237 456 1308 πρὸς
497 1239 596 1306 τὴν
649 1239 758 1292 ἄνω
807 1237 1082 1301 πολλάκις
1136 1242 1380 1315 μετάγων
1437 1243 1600 1313 ζωὴν,
1655 1242 1753 1296 οὐκ
1783 1238 1904 1294 οἴδα
1935 1239 1980 1294 εἰ

321 1346 522 1400 κυριως
569 1327 1035 1402 προσαγορεύοιτο
1086 1330 1333 1397 Θάνατος,
1383 1329 1434 1384 ἐν
1483 1331 1704 1402 ὀνόματι
1763 1329 1976 1402 μᾶλλον

319 1416 354 1483 ἣ
383 1416 658 1490 πράγματι
687 1417 750 1470 τὸ
781 1412 1009 1493 φοϐερὸν
1058 1416 1202 1493 ἔχων
1231 1439 1241 1450 ·
1295 1421 1386 1473 καὶ
1442 1418 1824 1491 κινδυνεύομεν
1876 1420 1978 1473 πά-

324 1523 475 1577 σχειν
501 1525 620 1566 πως
652 1505 854 1579 ἄλογον
888 1509 1080 1575 πάθος,
1115 1508 1146 1561 ἃ
1189 1509 1282 1581 μὲν
1339 1506 1478 1564 ἔστιν
1531 1509 1592 1563 οὐ
1643 1506 1846 1586 φοϐερά
1895 1506 1978 1562 δε-

325 1589 584 1662 δοικότες,
644 1595 675 1647 ἃ
719 1592 775 1648 δὲ
828 1591 1110 1672 φοϐεῖσθαι
1168 1598 1312 1668 ἄξιον
1365 1598 1437 1658 ὡς
1470 1599 1797 1673 αἱρετώτερα
1827 1618 1979 1672 περι-

325 1680 564 1743 ἒποντες.
600 1681 710 1738 Μία
741 1685 876 1753 ζωὴ,
909 1687 1047 1759 πρὸς
1092 1687 1194 1754 τήν
1231 1687 1373 1755 ζωὴν
1409 1685 1625 1760 βλέπειν
1654 1707 1666 1720 ο
1715 1687 1790 1748 εἶς
1825 1689 1978 1740 θάνα-

324 1791 434 1842 τος,
489 1773 521 1841 ἡ
571 1772 846 1848 ἁμαρτία.
903 1777 1088 1850 ψυχῆς
1138 1776 1241 1851 γάρ
1292 1774 1542 1851 ὄλεθρος.
1577 1775 1762 1832 Τὰλλα
1789 1774 1866 1846 δὲ,
1901 1776 1981 1837 οἶς

329 1859 469 1933 μέγα
518 1861 776 1936 φρονοῦσί
830 1883 995 1931 τινες,
1049 1863 1338 1939 ὀνειράτων
1381 1861 1504 1938 ὄψις
1549 1865 1658 1919 ἐστὶ
1707 1867 1840 1920 κατὰ
1867 1869 1975 1919 τῶν
2011 1901 2056 1963 Β

329 1942 354 1963 Ἰ
631 1949 676 1963 Ιμ
954 1951 966 1963 ι
1043 1956 1052 1963 .
1159 1960 1182 1963 Α.
1282 1953 1294 1963 α
1452 1953 1467 1963 κ
1501 1956 1510 1963 ι
1626 1954 1633 1963 ι
1876 1961 1895 1963 ,.

324 1942 493 2002 ὄντων
545 1949 830 2018 παίζουσα.
881 1951 970 2005 καὶ
1030 1956 1216 2027 ψυχῆς
1272 1953 1522 2018 ἀπατηλὰ
1571 1954 1841 2031 φάσματα.
1875 1961 1974 2008 "Av

325 2033 498 2096 ciith
559 2034 796 2111 ἔχωμεν,
857 2039 901 2090 ὧ
964 2045 1157 2113 μῆτερ,
1221 2039 1342 2093 οὕτε
1394 2044 1462 2112 τῇ
1516 2043 1630 2110 ζωῇ
1689 2043 1801 2112 (33)
1845 2039 1979 2114 μέγα

326 2125 692 2200 φρονήσομεν,
753 2122 876 2179 οὕτε
943 2132 1021 2197 τῷ
1081 2127 1292 2199 θανάτῳ
1341 2127 1457 2183 λίαν
1513 2129 1859 2200 ἀνιασόμεθα.
1920 2129 1980 2182 Τί

324 2211 503 2266 τοίνυν
535 2209 707 2266 δεινὸν
740 2214 1100 2287 πεπόνθαμεν,
1135 2216 1180 2269 εἰ
1212 2219 1348 2292 πρὸς
1378 2219 1481 2285 τὴο
1521 2215 1786 2286 ἀληθινήν
1838 2220 1980 2286 ζωήν

329 2298 534 2356 ἐνθένδε
593 2297 1078 2376 μεταϐεοήκαμεν;
1140 2305 1185 2359 εἰ
1242 2311 1488 2383 στροφῶν
1530 2311 1662 2380 (3i),
1716 2308 1804 2362 καὶ
1851 2306 1986 2382 ἰλίγ-

331 2410 466 2463 γων,
499 2389 588 2442 καὶ
620 2389 820 2463 κόρων,
874 2392 960 2444 καὶ
1007 2400 1108 2462 τῆς
1167 2394 1398 2470 αἰσχρᾶς
1440 2395 1772 2472 φορολογίας
1803 2395 1985 2465 ἀπηλ-

335 2477 619 2553 λαγμένοι,
685 2481 818 2550 μετά
874 2485 982 2535 τῶν
1043 2481 1290 2537 ἑστώτων
1344 2484 1433 2538 καὶ
1486 2485 1546 2539 οὐ
1600 2486 1825 2561 ῥεόντων
1879 2486 1992 2539 ἰσό-

340 2567 474 2638 μεθα
546 2571 697 2643 φῶτα
777 2570 962 2642 μικρὰ,

333 2676 419 2716 τες
447 2683 459 2725 ς

1046 2576 1159 2648 φῶς
1235 2573 1296 2626 τὸ
1387 2572 1527 2648 μέγα
1609 2574 1993 2650 περιχορεύον-

2094 621 2471 687 rumpuntur,
2492 626 2661 685 atque
2684 616 2827 670 aliat-
2863 618 3034 669 ullum
3066 616 3445 670 mutationem
3482 617 3744 686 capiunt.

2093 705 2223 760 Vita
2253 705 2468 775 quippe
2508 711 2564 759 et
2617 721 2798 771 mors,
2830 705 2985 775 quod
3032 705 3267 769 dicitur,
3299 706 3534 759 tametsi
3567 706 3747 775 pluri-

2095 810 2257 848 mum
2306 795 2460 847 inter
2491 809 2551 848 se
2583 794 2869 848 dissidere
2897 794 3226 859 videantur,
3261 794 3414 848 inter
3445 810 3505 847 se
3550 798 3747 847 tamen

2094 884 2526 954 quodammodo
2577 883 2895 947 immeant,
2947 890 3120 952 atque
3171 882 3354 937 altera
3403 885 3459 936 in
3510 883 3748 937 alterius

2094 972 2286 1026 locum
2332 973 2508 1026 subit.
2547 971 2653 1026 Illa
2701 971 2851 1026 enim
2903 989 2936 1025 a
2983 971 3376 1042 corruptione,
3413 974 3598 1025 matre
3648 987 3749 1025 n0-

2093 1067 2234 1128 stra,
2294 1061 2600 1132 incipiens,
2665 1077 2730 1114 ac
2792 1078 2893 1131 per
2952 1060 3411 1131 corruptionem,
3472 1060 3580 1114 hoc
3638 1064 3745 1131 est,

2093 1156 2444 1222 perpetuum
2502 1151 2648 1220 ejus,
2709 1150 2864 1220 quod
2924 1165 3178 1220 praesens
3239 1154 3355 1214 est,
3417 1166 3744 1219 excessum,

2091 1239 2386 1311 gradiens,
2442 1237 2501 1292 in
2563 1238 2998 1307 corruptionem
3057 1236 3319 1303 tandem,
3369 1235 3479 1291 hoc
3529 1240 3641 1301 est,
3685 1236 3744 1291 in

2091 1329 2270 1399 hujus
2315 1328 2445 1382 vitae
2496 1328 2670 1381 finem
2722 1325 2966 1392 desinit;
3001 1326 3121 1380 haec
3171 1330 3388 1391 autem,
3420 1342 3546 1396 quas
3597 1342 3743 1397 prm-

2090 1418 2359 1473 sentibus
2427 1416 2596 1471 malis
2660 1415 2901 1479 liberat,
2980 1420 3153 1486 atque
3227 1415 3404 1469 etiam
3463 1429 3616 1485 sape
3670 1414 3744 1469 ad

2090 1523 2407 1576 supernam
2460 1506 2642 1560 vitam
2691 1503 2967 1570 traducit,
3002 1503 3157 1558 haud
3213 1502 3330 1558 scio
3381 1520 3453 1558 an
3513 1502 3746 1574 proprie

2091 1613 2251 1651 mors
2282 1594 2563 1666 appellari
2597 1601 2793 1664 queat,
2827 1598 3025 1664 utpote
3068 1592 3302 1648 nomine
3345 1593 3535 1663 magis
3565 1608 3743 1664 quam

2094 1702 2150 1740 re
2209 1683 2620 1740 formidabilis.
2663 1684 2850 1753 Atque
2899 1681 3152 1736 absurde
3198 1682 3633 1752 quodammodo
3687 1683 3747 1736 et

2092 1778 2445 1844 prmpostere
2475 1771 2665 1826 affecti
2698 1787 2827 1826 esse
2856 1769 3143 1837 videmur,
3172 1771 3274 1840 qui
3302 1786 3389 1837 ea,
3417 1786 3542 1840 quin
3575 1770 3746 1824 mini-

2092 1878 2186 1916 me
2234 1861 2526 1916 horrenda
2575 1868 2740 1927 sunt,
2787 1861 3160 1930 extimemus,
3194 1875 3321 1930 quaa
3372 1862 3568 1914 autem
3623 1875 3741 1915 me-

2089 1953 2308 2007 tuenda
2365 1954 2525 2018 sunt,
2572 1954 2637 2004 ut
2696 1949 3068 2021 optabiliora,
3118 1947 3584 2020 complectimur.
3619 1949 3745 2004 Una

2089 2042 2206 2095 vita
2237 2045 2346 2106 est,
2371 2041 2441 2094 ad
2476 2041 2656 2094 vitam
2700 2039 3006 2110 respicere.
3034 2038 3159 2094 Una
3189 2055 3367 2106 mors,
3400 2043 3740 2108 peccatum;

2091 2136 2181 2185 est
2212 2130 2366 2184 enim
2399 2128 2606 2184 animae
2639 2128 2932 2183 interitus.
2955 2127 3084 2182 Alia
3103 2132 3320 2196 autem,
3345 2127 3416 2182 ob
3441 2144 3568 2198 quae
3601 2145 3744 2182 non-

2095 2219 2237 2273 nulli
2294 2218 2510 2273 animis
2562 2217 2906 2282 efferuntur,
2934 2218 3364 2271 insomniorum
3399 2216 3543 2271 visio
3587 2223 3750 2284 sunt,

2094 2310 2248 2364 veris
2295 2308 2470 2363 rebus
2504 2307 2779 2372 illudens,
2803 2312 2859 2362 et
2909 2305 3140 2361 fallacia
3169 2306 3379 2360 animis
3410 2312 3659 2378 spectra.
3694 2307 3754 2362 Si

2097 2399 2207 2453 hac
2231 2401 2423 2452 mente
2446 2396 2752 2461 fuerimus,
2776 2413 2806 2450 ο
2840 2401 3047 2462 mater,
3074 2413 3180 2450 nec
3211 2395 3284 2450 ob
3315 2395 3490 2450 vitam
3525 2395 3756 2450 animos

2101 2486 2456 2552 attollemus,
2486 2502 2591 2540 nec
2614 2486 2684 2539 ob
2714 2489 2960 2540 mortem
2995 2483 3243 2538 nimium
3277 2500 3583 2554 angemur.
3607 2483 3754 2547 Quid

2102 2577 2281 2648 igitur
2311 2592 2481 2646 grave
2511 2575 2679 2629 nobis
2711 2575 2943 2643 accidit,
2977 2574 3025 2629 si
3058 2575 3195 2628 hinc
3239 2574 3307 2628 ad
3350 2591 3543 2629 veram
3575 2573 3753 2629 vitam

2108 2665 2536 2736 migravimus?
2584 2663 2644 2718 Si
2699 2663 3230 2734 vicissitudinibus,
3273 2661 3540 2732 fallaciis,
3591 2663 3756 2718 fasti-

336 2749 472 2817 diis,
506 2766 572 2806 ac
605 2750 759 2822 turpi
790 2751 891 2807 illa
921 2753 1124 2808 tributi
1176 2755 1474 2811 exactione
1523 2755 1772 2828 liberati,
1803 2774 1936 2812 cum
1977 2757 2294 2813 stabilibus
2326 2757 2522 2823 rebus,
2555 2755 2916 2826 minimeque
2962 2754 3134 2810 ﬂuxis
3181 2758 3238 2809 et
3286 2754 3546 2822 caducis,
3579 2771 3759 2826 parva

334 2838 566 2894 Iumina
597 2841 779 2895 futuri
813 2859 1041 2909 sumus,
1076 2843 1297 2899 circum
1332 2845 1527 2900 lumen
1561 2845 1702 2901 illud
1738 2863 2019 2918 magnum
2051 2846 2488 2919 tripudiantes?

404 2931 530 2980 ΜΓ.
565 2923 737 2981 Ἀλλά
786 2925 949 2981 λυπεῖ
998 2949 1054 2981 σε
1101 2928 1163 2983 τὸ
1213 2937 1312 2998 τῆς
1348 2929 1703 3002 διαζεύξεως;
1736 2932 1862 2988 ἀλλ’
1897 2933 1985 2987 εὐ-

333 3011 600 3089 φραινέτω
629 3015 691 3067 τὸ
719 3021 819 3082 τῆς
850 3013 1093 3077 ἐλπίδος.
1129 3017 1304 3072 ’Δλλά
1335 3017 1502 3072 δεινὸν
1535 3023 1569 3088 ἡ
1605 3023 1803 3096 χηριία
1835 3026 1984 3094 (35);

333 3100 523 3173 ἐκείνῳ
583 3105 696 3174 (36)
747 3101 804 3156 δὲ
859 3104 921 3158 οὐ
981 3103 1175 3162 δεινόν.
1242 3108 1338 3161 Καὶ
1395 3114 1500 3161 ποῦ
1548 3111 1611 3164 τὸ
1640 3117 1740 3180 τῆς
1773 3111 1986 3187 ἀγάπης

331 3190 551 3266 ἀγαθὸν,
613 3192 784 3263 ἑαυτῷ
840 3194 904 3247 τὰ
1131 3193 1367 3268 διδόντα,
1415 3202 1494 3269 τῷ
1526 3198 1759 3268 πλησίον
1796 3201 1987 3255 ἀπονε-

337 3302 455 3351 μειν
487 3280 551 3334 τά
583 3283 1048 3358 προσαντὲστερα;
1085 3284 1153 3341 Τί
1187 3282 1243 3339 δὲ
1274 3287 1363 3340 καὶ
1417 3284 1588 3342 δεινὸν
1623 3287 1768 3350 ὃλως
1900 3290 1991 3344 λυ-

335 3368 613 3443 Θησομὲνῃ
667 3371 799 3443 μετά
849 3368 1081 3447 μικρὸν;
1134 3374 1325 3450 Ἐγγὺς
1373 3378 1406 3444 ἡ
1441 3376 1767 3449 προθεσμία,
1800 3378 1860 3432 τὸ
1893 3377 1989 3431 λυ-

335 3457 511 3531 πηρὸν
564 3458 662 3512 οὐκ
722 3459 1004 3531 ἐπίμονον.
1064 3464 1154 3531 Μὴ
1208 3464 1550 3540 φορτίζωμεν
1599 3469 1712 3537 (37)
1756 3467 1990 3541 ἀγεννέσι

336 3544 627 3620 λογισμοῖς
677 3547 743 3599 τὰ
793 3549 1118 3624 κουφότατα.
1193 3552 1455 3626 Μεγάλων
1513 3553 1844 3628 ἐστερήμεθα
1900 3555 1988 3609 καὶ

333 3632 434 3708 γὰρ
485 3635 863 3709 τετυχήκαμεν
893 3654 904 3666 ·
955 3634 1017 3690 τὰ
1071 3639 1164 3708 μὲν
1209 3641 1529 3713 στερεῖσθαι,
1571 3644 1807 3710 πάντων,
1840 3644 1901 3696 τὸ
1935 3640 1990 3696 δὲ

334 3725 544 3797 τυχεῖν,
578 3722 638 3776 οὐ
670 3722 918 3780 πολλῶν.
954 3727 1042 3794 Μή
1086 3731 1247 3782 τοῦτο
1278 3730 1596 3800 καμπτὲτω,
1648 3729 1772 3784 ἀλλ’
1820 3730 1990 3785 ἐκεῖνο

335 3811 755 3886 παραμυθείσθω
812 3816 946 3886 (38).
999 3816 1070 3869 Τὸ
1125 3815 1226 3890 γαρ
1279 3822 1522 3889 κρεῖττον
1569 3823 1717 3888 νικᾷν
1754 3819 1992 3892 εὐλογώ-

335 3921 515 3975 τερον.
565 3903 834 3976 ’Ήνεγκας
877 3901 1086 3958 παίδων
1146 3901 1449 3976 ἀποϐολὴν,
1505 3912 1610 3960 τῶν
1643 3908 1855 3984 ὡραίων
1887 3905 1989 3976 ἔτι,

333 3990 424 4043 καὶ
455 3995 534 4062 τῷ
567 3995 661 4064 ζῇν
714 3994 826 4065 (39)
874 3991 1219 4066 ἐπιτηδείων,
1268 3993 1643 4070 ἀνδρικώτατα
1688 3997 1776 4051 καὶ
1831 3996 1990 4073 φιλο-

337 4080 663 4155 σοφώτατα·
726 4078 907 4156 ἔνεγκε
963 4081 1052 4137 καί
1098 4089 1331 4160 γηραιοῦ
1389 4087 1666 4139 κατάθεσιν
1739 4087 1992 4159 σώματος

337 4165 445 4237 ἤδη
507 4173 585 4240 τῷ
637 4168 739 4244 βίῳ
798 4173 1120 4243 κάμνοντος,
1166 4172 1209 4227 εί
1241 4175 1329 4228 καὶ
1361 4176 1454 4235 τὰς
1493 4174 1765 4246 αἰσθήσεις
1802 4177 1996 4240 ἀπαθε-

339 4258 533 4318 στάτας
592 4258 618 4312 ὁ
668 4266 768 4328 τῆς
816 4263 1002 4336 ψυχῆς
1048 4262 1200 4324 τόνος
1249 4263 1396 4335 αὖτῷ
1441 4267 1553 4334 (40)
1614 4268 1990 4340 συνετήρησεν.

334 4344 513 4402 Ἀλλά
543 4344 635 4422 δὲῃ
663 4353 759 4403 τοῦ
789 4349 1096 4423 κηδεμόνος
1123 4372 1136 4421 ;
1170 4358 1279 4406 ποῦ
1313 4351 1370 4408 δὲ
1401 4354 1427 4407 6
1463 4353 1552 4415 σὸς
1584 4355 1740 4416 οὗτος
1793 4357 1990 4424 Ἰσαὰκ,

337 4433 394 4487 ὅν
453 4437 565 4488 ἀντὶ
623 4437 837 4491 πάντων
898 4461 981 4492 σοι
1022 4440 1454 4510 καταλέλοιπεν;
1492 4442 1636 4501 Αἶίτει
1670 4447 1796 4519 παρ’
1827 4445 1991 4500 αὐτοῦ

2169 2934 2360 2989 XLIII.
2399 2937 2463 2987 At
2510 2933 2826 3001 disjunctio
2858 2937 2917 2986 te
2946 2931 3149 3003 angit?
3189 2933 3333 3002 Spes
3375 2936 3430 2986 te
3478 2931 3751 2988 oblectet.

2101 3031 2172 3078 At
2203 3023 2395 3092 gravis
2430 3038 2520 3076 res
2553 3027 2641 3076 est
2684 3020 2976 3075 viduitas?
3007 3021 3161 3076 382
3211 3021 3318 3075 Sed
3354 3019 3434 3074 illi
3473 3037 3587 3075 non
3621 3037 3754 3091 gra-

2100 3111 2338 3167 vis.Ubi
2385 3128 2556 3181 porro
2607 3109 2909 3164 eharitatis
2960 3110 3178 3163 bonum
3231 3109 3361 3172 erit,
3396 3109 3444 3163 si
3493 3109 3756 3166 faciliora

2103 3202 2397 3274 quispiam
2422 3199 2532 3255 sibi
2558 3199 2668 3271 ipsi
2692 3202 2857 3263 dans,
2885 3198 3182 3268 asperiora
3203 3199 3466 3270 proximo
3489 3199 3759 3254 tribuat?

2105 3293 2226 3346 Iino
2261 3290 2398 3361 quid
2437 3295 2525 3344 est
2551 3288 2810 3350 omnino,
2837 3288 2987 3358 quod
3021 3287 3092 3355 ei,
3122 3304 3248 3359 qua:
3282 3286 3452 3359 paulo
3485 3293 3616 3359 post
3645 3288 3760 3344 dis-

2101 3381 2379 3437 solvenda
2419 3384 2527 3442 est,
2562 3395 2733 3449 grave
2765 3377 2946 3432 videri
2997 3377 3248 3431 debeat?
3296 3378 3484 3432 Instat
3530 3379 3756 3449 praesti-

2100 3475 2263 3523 tutus
2296 3468 2451 3535 dies;
2486 3468 2763 3521 diuturna
2797 3465 3068 3520 molestia
3101 3483 3213 3520 non
3235 3465 3363 3520 erit.
3393 3466 3473 3520 Ne
3495 3466 3760 3522 commit-

2103 3562 2317 3620 tamus,
2364 3562 2428 3609 ut
2484 3555 2712 3626 ignavis
2770 3553 3225 3625 cogitationibus
3283 3570 3374 3608 res
3429 3554 3757 3611 levissimas

2100 3661 2430 3699 oneremus.
2463 3643 2691 3713 Magnis
2742 3643 2916 3697 rebus
2949 3643 3158 3713 privati
3189 3659 3433 3708 sumus;
3467 3649 3526 3697 at
3578 3644 3756 3698 etiam

2102 3731 2173 3786 iis
2205 3733 2374 3786 nobis
2420 3732 2529 3784 frui
2581 3730 2844 3801 contigit.
2882 3729 3098 3785 Privari
3132 3747 3302 3800 porro
3333 3732 3599 3786 omnium
3631 3737 3756 3801 est;

2101 3822 2214 3875 frui
2259 3836 2599 3890 paucorum.
2633 3822 2822 3882 Quare
2875 3836 2945 3873 ne
2990 3825 3247 3874 mentem
3298 3825 3560 3875 nostram
3613 3821 3757 3877 illud

2102 3909 2356 3979 dejiciat,
2416 3925 2617 3962 verum
2681 3909 2785 3961 hoc
2845 3907 3040 3978 potius
3097 3906 3451 3962 consoletur.
3512 3910 3757 3980 quuius

2101 4000 2256 4054 enim
2307 4002 2415 4063 est,
2467 4002 2550 4065 ut,
2604 3998 2758 4068 quod
2820 3995 3031 4051 melius
3089 4001 3196 4062 est,
3229 3996 3442 4051 vincat.
3476 3997 3754 4054 Filiorum

2103 4087 2503 4153 amissionem,
2539 4088 2658 4158 qui,
2707 4085 2980 4140 ﬂorentes
3038 4085 3230 4140 adhuc
3286 4090 3474 4153 aetate,
3527 4086 3758 4159 longio-

2103 4196 2222 4234 rem
2255 4178 2433 4232 vitam
2467 4178 2649 4232 acturi
2687 4177 3054 4244 videbantur,
3081 4173 3398 4230 fortissime
3429 4192 3494 4231 ac
3525 4177 3758 4248 sapien-

2103 4267 2332 4324 tissime
2386 4266 2601 4335 tulisti;
2651 4283 2778 4337 age,
2831 4264 3034 4321 senilis
3092 4265 3266 4320 etiam
3321 4266 3603 4337 corporis,
3629 4267 3756 4337 jam

2100 4359 2346 4414 vivendo
2413 4356 2746 4428 defatigati,
2807 4355 3227 4427 depositionem
3288 4355 3470 4423 feras,
3527 4356 3757 4412 etiamsi

2103 4448 2282 4503 animi
2317 4447 2479 4518 vigor
2517 4446 2926 4517 integerrimos
2974 4445 3083 4516 ipsi
3137 4462 3347 4500 sensus
3379 4447 3755 4501 conservarit.

333 4523 398 4574 τὰ
433 4523 619 4597 μικρὰ,
667 4525 765 4590 τὴν
811 4529 1200 4603 χειραγωγίαν,
1250 4533 1339 4584 καὶ
1379 4534 1478 4599 τὴν
1527 4529 1776 4588 δουλείαν
1806 4553 1816 4565 '
1851 4534 1992 4587 ἀντί-

2101 4539 2172 4591 At
2202 4539 2382 4602 deest,
2419 4535 2519 4605 qui
2570 4536 2653 4589 tui
2703 4551 2903 4589 curam
2954 4534 3164 4606 gerat?
3216 4533 3464 4590 Ubinam
3496 4551 3633 4606 ergo
3664 4534 3758 4591 hic

337 4609 486 4665 δίδου
541 4612 609 4666 τὰ
669 4613 906 4684 μείζονα,
952 4617 1052 4683 τήν
1115 4620 1386 4691 μητρικήν
1439 4619 1834 4694 εὐλογίαν,καὶ
1892 4623 1988 4683 τάς

337 4701 524 4777 εὐχὰς,
601 4702 689 4755 καὶ
753 4704 853 4772 τὴν
941 4701 1141 4766 ἐκεῖθεν
1226 4704 1557 4780 ἐλευθερίαν.
1641 4710 1991 4781 Ἀγανακτεῖς

335 4793 772 4864 νουθετουμένης
840 4797 1006 4847 τοῦτο
1085 4793 1325 4848 ἐπαινῶ·
1399 4795 1488 4848 καὶ
1565 4796 1665 4871 γάρ
1743 4796 1988 4858 πολλοὺς

333 4881 744 4951 νενουθὲτηκας,
807 4880 967 4943 ὅσους
1020 4882 1046 4935 ὁ
1098 4881 1271 4937 πολὺς
1335 4883 1533 4957 χρόνος
1594 4883 1696 4938 ὑπὸ
1756 4886 1854 4952 τήν
1889 4887 1986 4954 σὴν

333 4964 510 5042 ἤγαγε
565 4969 794 5026 σύνεσιν.
864 4969 1034 5026 Οὐδὲν
1085 4973 1112 5024 6
1165 4970 1327 5047 λόγος
1379 4974 1514 5048 πρὸς
1565 4973 1620 5028 σὲ
1668 4975 1766 5042 τὴν
1830 4973 1989 5052 φιλο-

405 5169 515 5248 (32)
549 5165 854 5248 Φθείρεται.
905 5168 1046 5241 Reg.
1099 5169 1220 5240 bm,
1253 5175 1309 5226 et
1355 5171 1450 5226 Or.
1486 5173 1536 5239 1,
1571 5171 1807 5248 φέρεται,
1842 5197 1868 5222 ‹‹
1907 5173 1986 5227 fe-

333 5245 568 5308 runtur,
598 5241 932 5310 volvuntur.
965 5263 994 5290 ››
1465 5306 1470 5310 ι

405 5313 517 5383 (33)
545 5309 622 5384 Τῇ
664 5314 797 5384 ζῷᾖ.
835 5312 973 5384 Reg.
1008 5329 1061 5378 a,
1095 5313 1210 5366 duo
1252 5309 1580 5384 Cnisl.,0r.
1619 5317 1669 5380 1,
1702 5316 1985 5380 Combef.,

330 5381 420 5452 tibi
467 5381 808 5460 ζῇντούτῴ.
847 5381 1025 5438 [idem
1085 5386 1311 5439 codices
1374 5383 1492 5438 λίαν
1558 5405 1812 5460 sequens
1872 5405 1985 5441 non

336 5458 684 5526 agnoscunt.

427 5527 516 5606 Si)
548 5525 611 5580 Et
646 5528 914 5606 στροφῶν,
949 5529 1057 5580 etc.
1085 5527 1178 5581 Sic
1197 5527 1428 5606 _It_eg,_a,
1447 5529 1566 5606 duo
1591 5530 1786 5598 Coisl.,
1812 5531 1904 5584 0r.
1928 5532 1983 5606 _l.

337 5617 365 5646 ‹‹
398 5599 454 5651 Si
491 5614 685 5652 rerum
716 5599 1115 5654 humanarum
1162 5599 1690 5666 vicissitudinibus,
1719 5624 1745 5649 η
1779 5609 1886 5654 etc.
1928 5604 1987 5656 In

335 5668 564 5744 ed.,__eic
602 5671 842 5744 τροφῶν.
877 5668 1103 5744 Billius,
1130 5694 1156 5720 «
1190 5673 1246 5724 Si
1279 5674 1781 5742 conversionibus,
1812 5674 1987 5731 verti-

337 5740 596 5815 ginibus,
628 5739 1062 5816 sat'uritatlbus,
1087 5764 1116 5792 ››
1148 5748 1256 5799 etc.

2102 4631 2243 4679 tuus
2299 4625 2478 4687 Isaac,
2513 4640 2685 4691 quem
2742 4623 2846 4675 tibi
2899 4622 3017 4688 ille,
3051 4622 3315 4676 omnium
3367 4624 3571 4692 instar,
3619 4624 3758 4677 reli-

2101 4713 2272 4782 quit?
2318 4717 2500 4764 Parva
2548 4711 2646 4764 illa
2695 4712 2766 4765 ab
2817 4727 2883 4764 eo
2931 4717 3081 4780 pete,
3117 4726 3326 4781 nempe
3359 4717 3424 4765 ut
3465 4716 3521 4765 te
3575 4727 3753 4766 manu

2100 4801 2298 4865 ducat,
2339 4798 2561 4870 tibique
2611 4799 2824 4868 serviat
2858 4817 2869 4852 :
2905 4799 3130 4868 majora
3176 4799 3451 4868 repende,
3483 4797 3592 4853 hoc
3641 4804 3751 4867 est,

2101 4894 2428 4944 maternam
2479 4887 2969 4954 benedictionem,
3018 4887 3332 4953 orationes,
3372 4890 3544 4959 atque
3591 4887 3752 4944 illius

2100 4977 2202 5030 sevi
2237 4977 2588 5031 libertatem.
2624 4976 2844 5031 Moneri
2876 4980 2931 5029 te
2961 4973 3334 5047 indignaris?
3365 4977 3426 5031 Id
3458 4992 3591 5034 vero
3623 4976 3752 5033 Iau-

2169 5173 2281 5241 (35)
2313 5170 2540 5246 Χηρεία.
2574 5171 2668 5227 Sic
2694 5171 2922 5246 Rege,
2951 5171 3075 5246 _bm.
3115 5169 3238 5243 Alii,
3266 5170 3464 5246 χηρία.

2169 5246 2282 5316 (36)
2313 5241 2554 5315 Ἐκέίνῳ.
2609 5241 2890 5312 60181.-1,
2947 5241 3143 5311 ὶκεῖνο,
3183 5241 3230 5292 «⁷
3261 5241 3317 5298 id
3359 5241 3576 5301 autem
3634 5262 3753 5302 non

2097 5333 2692 5462 81(ἕξ-ἔθορτίζωμεν.
2746 5386 2917 5441 Coisl.
2979 5389 3024 5456 i,
3077 5385 3474 5462 φροντίζωμεν,
3519 5409 3545 5437 ‹‹
3594 5405 3756 5444 cure-

2097 5477 2761 5600 mllllisé)”Ilapa;1.uOsi30w.
2788 5529 2962 5584 Coisl.
3004 5531 3050 5593 1,
3083 5528 3491 5602 παραμυθείτω.

2172 5609 2277 5668 (39)
2311 5606 2396 5671 Τῷ
2448 5606 2566 5672 ζῇν,
2621 5609 2729 5656 etc.
2766 5602 2936 5656 Cnisl.
2976 5603 3024 5667 1,
3055 5600 3171 5654 τοῦ.
3203 5604 3320 5672 ζῇν.
3361 5602 3582 5664 Billius,
3620 5621 3647 5647 ‹‹
3679 5600 3750 5653 ad

2100 5676 2304 5731 vivend
2318 5692 2413 5746 uin
2447 5681 2653 5746 aptoru
2666 5693 2741 5728 ω.
2767 5696 2794 5723 ››

2175 5748 2281 5820 (40)
2313 5741 2503 5818 Αὐτῷῖ
2527 5752 2663 5818 Reg.
2695 5763 2746 5814 a,
2778 5743 2949 5801 Coisl.
2981 5746 3031 5816 1,
3067 5750 3220 5813 Bas.,
3255 5741 3359 5798 σοί.
