  <div class='ocr_page' id='page_1' title='image "/cluster/home/n/w/nwhite01/storage/ocr_20150623/35:no.1/coo.31924054869320/528.png"; bbox 0 0 4090 6456; ppageno 0'>
   <div class='ocr_carea' id='block_1_1' title="bbox 370 381 526 443">
    <p class='ocr_par' dir='ltr' id='par_1_1' title="bbox 370 381 526 443">
     <span class='ocr_line' id='line_1_1' title="bbox 370 381 526 443; baseline 0 -1"><span class='ocrx_word' id='word_1_1' title='bbox 370 381 526 443; x_wconf 74' lang='grc'>1045</span> 
     </span>
    </p>
   </div>
   <div class='ocr_carea' id='block_1_2' title="bbox 851 379 3300 451">
    <p class='ocr_par' dir='ltr' id='par_1_2' title="bbox 851 379 3300 451">
     <span class='ocr_line' id='line_1_2' title="bbox 851 379 3300 451; baseline -0.001 -9"><span class='ocrx_word' id='word_1_2' title='bbox 851 382 1145 444; x_wconf 84' lang='lat' dir='ltr'>ORATIO</span> <span class='ocrx_word' id='word_1_3' title='bbox 1189 382 1350 444; x_wconf 87' lang='lat' dir='ltr'>XIX.</span> <span class='ocrx_word' id='word_1_4' title='bbox 1383 417 1457 426; x_wconf 96' lang='lat'><strong>—</strong></span> <span class='ocrx_word' id='word_1_5' title='bbox 1490 384 1595 442; x_wconf 85' lang='lat' dir='ltr'>AD</span> <span class='ocrx_word' id='word_1_6' title='bbox 1640 382 2043 443; x_wconf 82' lang='lat' dir='ltr'>JULIANUM</span> <span class='ocrx_word' id='word_1_7' title='bbox 2088 379 2613 442; x_wconf 78' lang='lat' dir='ltr'>TRIBUTORUM</span> <span class='ocrx_word' id='word_1_8' title='bbox 2665 379 3300 451; x_wconf 68' lang='lat' dir='ltr'>biX/EQUATOREM.</span> 
     </span>
    </p>
   </div>
   <div class='ocr_carea' id='block_1_3' title="bbox 3628 380 3786 444">
    <p class='ocr_par' dir='ltr' id='par_1_3' title="bbox 3628 380 3786 444">
     <span class='ocr_line' id='line_1_3' title="bbox 3628 380 3786 444; baseline 0.038 -6"><span class='ocrx_word' id='word_1_9' title='bbox 3628 380 3786 444; x_wconf 73' lang='grc'>1046</span> 
     </span>
    </p>
   </div>
   <div class='ocr_carea' id='block_1_4' title="bbox 369 508 2016 590">
    <p class='ocr_par' dir='ltr' id='par_1_4' title="bbox 369 508 2012 590">
     <span class='ocr_line' id='line_1_4' title="bbox 369 508 2012 590; baseline -0.001 -22"><span class='ocrx_word' id='word_1_10' title='bbox 369 533 488 586; x_wconf 87' lang='grc' dir='ltr'>μαι,</span> <span class='ocrx_word' id='word_1_11' title='bbox 519 514 608 568; x_wconf 83' lang='grc' dir='ltr'>καὶ</span> <span class='ocrx_word' id='word_1_12' title='bbox 638 508 769 576; x_wconf 66' lang='grc' dir='ltr'>ἴσως</span> <span class='ocrx_word' id='word_1_13' title='bbox 803 511 866 568; x_wconf 80' lang='grc' dir='ltr'>οὗ</span> <span class='ocrx_word' id='word_1_14' title='bbox 913 512 1140 590; x_wconf 75' lang='grc' dir='ltr'>φαῦλον,</span> <span class='ocrx_word' id='word_1_15' title='bbox 1172 513 1267 568; x_wconf 71' lang='grc' dir='ltr'>κᾶν</span> <span class='ocrx_word' id='word_1_16' title='bbox 1316 535 1459 576; x_wconf 87' lang='grc' dir='ltr'>τινες</span> <span class='ocrx_word' id='word_1_17' title='bbox 1508 513 1753 583; x_wconf 73' lang='grc' dir='ltr'>εὐήθειαν</span> <span class='ocrx_word' id='word_1_18' title='bbox 1813 513 2012 584; x_wconf 80' lang='grc' dir='ltr'>ὀνομά-</span> 
     </span>
    </p>
   </div>
   <div class='ocr_carea' id='block_1_5' title="bbox 2135 508 3787 590">
    <p class='ocr_par' dir='ltr' id='par_1_5' title="bbox 2135 512 3787 583">
     <span class='ocr_line' id='line_1_5' title="bbox 2135 512 3787 583; baseline -0.002 -15"><span class='ocrx_word' id='word_1_19' title='bbox 2135 513 2275 568; x_wconf 86' lang='lat' dir='ltr'>mihi</span> <span class='ocrx_word' id='word_1_20' title='bbox 2312 513 2585 568; x_wconf 84' lang='lat' dir='ltr'>conscius</span> <span class='ocrx_word' id='word_1_21' title='bbox 2625 529 2779 579; x_wconf 90' lang='lat' dir='ltr'>sum,</span> <span class='ocrx_word' id='word_1_22' title='bbox 2813 530 2880 568; x_wconf 89' lang='lat' dir='ltr'>ac</span> <span class='ocrx_word' id='word_1_23' title='bbox 2925 514 3170 568; x_wconf 77' lang='lat' dir='ltr'>fortasse</span> <span class='ocrx_word' id='word_1_24' title='bbox 3202 531 3314 567; x_wconf 91' lang='lat' dir='ltr'>non</span> <span class='ocrx_word' id='word_1_25' title='bbox 3363 512 3693 583; x_wconf 88' lang='lat' dir='ltr'>improbum</span> <span class='ocrx_word' id='word_1_26' title='bbox 3728 517 3787 566; x_wconf 89' lang='lat' dir='ltr'>et</span> 
     </span>
    </p>
   </div>
   <div class='ocr_carea' id='block_1_6' title="bbox 369 597 1277 678">
    <p class='ocr_par' dir='ltr' id='par_1_6' title="bbox 369 597 1277 678">
     <span class='ocr_line' id='line_1_6' title="bbox 369 597 1277 678; baseline -0.002 -22"><span class='ocrx_word' id='word_1_27' title='bbox 369 607 552 671; x_wconf 86' lang='grc' dir='ltr'>ζωσιν.</span> <span class='ocrx_word' id='word_1_28' title='bbox 605 597 951 673; x_wconf 72' lang='grc' dir='ltr'>Ἐὅουλήθην</span> <span class='ocrx_word' id='word_1_29' title='bbox 1003 602 1054 657; x_wconf 74' lang='grc' dir='ltr'>ἰν</span> <span class='ocrx_word' id='word_1_30' title='bbox 1104 609 1277 678; x_wconf 47' lang='grc' dir='ltr'>καιρ)</span> 
     </span>
    </p>
   </div>
   <div class='ocr_carea' id='block_1_7' title="bbox 1326 605 2020 677">
    <p class='ocr_par' dir='ltr' id='par_1_7' title="bbox 1326 605 2020 677">
     <span class='ocr_line' id='line_1_7' title="bbox 1326 605 2020 677; baseline -0.001 -20"><span class='ocrx_word' id='word_1_31' title='bbox 1326 605 1418 676; x_wconf 71' lang='grc' dir='ltr'>μὲν</span> <span class='ocrx_word' id='word_1_32' title='bbox 1468 625 1626 658; x_wconf 87' lang='grc' dir='ltr'>παντι</span> <span class='ocrx_word' id='word_1_33' title='bbox 1686 606 2020 677; x_wconf 67' lang='grc' dir='ltr'>νεκρωθῆναι</span> 
     </span>
    </p>
   </div>
   <div class='ocr_carea' id='block_1_8' title="bbox 363 691 2022 768">
    <p class='ocr_par' dir='ltr' id='par_1_8' title="bbox 363 691 2022 768">
     <span class='ocr_line' id='line_1_8' title="bbox 363 691 2022 768; baseline 0 -23"><span class='ocrx_word' id='word_1_34' title='bbox 363 694 445 762; x_wconf 79' lang='grc' dir='ltr'>τῷ</span> <span class='ocrx_word' id='word_1_35' title='bbox 508 691 634 764; x_wconf 87' lang='grc' dir='ltr'>βίῳ,</span> <span class='ocrx_word' id='word_1_36' title='bbox 694 691 785 747; x_wconf 83' lang='grc' dir='ltr'>καὶ</span> <span class='ocrx_word' id='word_1_37' title='bbox 842 697 999 760; x_wconf 82' lang='grc' dir='ltr'>ζῆσαι</span> <span class='ocrx_word' id='word_1_38' title='bbox 1057 693 1155 760; x_wconf 78' lang='grc' dir='ltr'>τὴν</span> <span class='ocrx_word' id='word_1_39' title='bbox 1227 691 1277 746; x_wconf 84' lang='grc' dir='ltr'>ἐν</span> <span class='ocrx_word' id='word_1_40' title='bbox 1346 695 1563 768; x_wconf 80' lang='grc' dir='ltr'>Χριστῷ</span> <span class='ocrx_word' id='word_1_41' title='bbox 1639 693 2022 764; x_wconf 75' lang='grc' dir='ltr'>κεκρυμμένην</span> 
     </span>
    </p>
   </div>
   <div class='ocr_carea' id='block_1_9' title="bbox 370 780 2020 857">
    <p class='ocr_par' dir='ltr' id='par_1_9' title="bbox 370 780 2020 857">
     <span class='ocr_line' id='line_1_9' title="bbox 370 780 2020 857; baseline 0 -23"><span class='ocrx_word' id='word_1_42' title='bbox 370 781 535 852; x_wconf 73' lang='grc' dir='ltr'>ζωὴν,</span> <span class='ocrx_word' id='word_1_43' title='bbox 594 780 683 835; x_wconf 83' lang='grc' dir='ltr'>καὶ</span> <span class='ocrx_word' id='word_1_44' title='bbox 741 782 980 856; x_wconf 71' lang='grc' dir='ltr'>γενέσθαι</span> <span class='ocrx_word' id='word_1_45' title='bbox 1040 802 1123 836; x_wconf 76' lang='grc' dir='ltr'>τις</span> <span class='ocrx_word' id='word_1_46' title='bbox 1183 781 1627 857; x_wconf 79' lang='grc' dir='ltr'>μεγαλέμπορος,</span> <span class='ocrx_word' id='word_1_47' title='bbox 1687 783 1900 836; x_wconf 83' lang='grc' dir='ltr'>πάντων</span> <span class='ocrx_word' id='word_1_48' title='bbox 1949 783 2020 835; x_wconf 80' lang='grc' dir='ltr'>ὧν</span> 
     </span>
    </p>
   </div>
   <div class='ocr_carea' id='block_1_10' title="bbox 368 867 2020 947">
    <p class='ocr_par' dir='ltr' id='par_1_10' title="bbox 368 867 2020 947">
     <span class='ocr_line' id='line_1_10' title="bbox 368 867 2020 947; baseline -0.001 -24"><span class='ocrx_word' id='word_1_49' title='bbox 368 867 486 944; x_wconf 75' lang='grc' dir='ltr'>ἔχω</span> <span class='ocrx_word' id='word_1_50' title='bbox 541 870 632 924; x_wconf 87' lang='grc' dir='ltr'>τὸν</span> <span class='ocrx_word' id='word_1_51' title='bbox 680 869 866 941; x_wconf 85' lang='grc' dir='ltr'>τίμιον</span> <span class='ocrx_word' id='word_1_52' title='bbox 930 869 1280 943; x_wconf 83' lang='grc' dir='ltr'>ὠνησάμενος</span> <span class='ocrx_word' id='word_1_53' title='bbox 1340 872 1699 947; x_wconf 73' lang='grc' dir='ltr'>μαργαρίτην,</span> <span class='ocrx_word' id='word_1_54' title='bbox 1739 871 1827 924; x_wconf 75' lang='grc' dir='ltr'>καὶ</span> <span class='ocrx_word' id='word_1_55' title='bbox 1878 872 2020 924; x_wconf 85' lang='grc' dir='ltr'>ἀντι-</span> 
     </span>
    </p>
   </div>
   <div class='ocr_carea' id='block_1_11' title="bbox 368 955 2018 1034">
    <p class='ocr_par' dir='ltr' id='par_1_11' title="bbox 368 955 2018 1034">
     <span class='ocr_line' id='line_1_11' title="bbox 368 955 2018 1034; baseline -0.001 -20"><span class='ocrx_word' id='word_1_56' title='bbox 368 955 500 1019; x_wconf 75' lang='grc' dir='ltr'>δοὺς</span> <span class='ocrx_word' id='word_1_57' title='bbox 550 961 663 1031; x_wconf 83' lang='grc'>(47)</span> <span class='ocrx_word' id='word_1_58' title='bbox 709 961 776 1013; x_wconf 81' lang='grc' dir='ltr'>τὰ</span> <span class='ocrx_word' id='word_1_59' title='bbox 825 959 1016 1034; x_wconf 74' lang='grc' dir='ltr'>ῥέοντα</span> <span class='ocrx_word' id='word_1_60' title='bbox 1061 981 1151 1014; x_wconf 89' lang='grc' dir='ltr'>και</span> <span class='ocrx_word' id='word_1_61' title='bbox 1203 960 1473 1033; x_wconf 82' lang='grc' dir='ltr'>συρόμενα</span> <span class='ocrx_word' id='word_1_62' title='bbox 1514 966 1620 1014; x_wconf 89' lang='grc' dir='ltr'>τῶν</span> <span class='ocrx_word' id='word_1_63' title='bbox 1653 961 1898 1015; x_wconf 73' lang='grc' dir='ltr'>ἑστώτων</span> <span class='ocrx_word' id='word_1_64' title='bbox 1932 960 2018 1014; x_wconf 79' lang='grc' dir='ltr'>καὶ</span> 
     </span>
    </p>
   </div>
   <div class='ocr_carea' id='block_1_12' title="bbox 367 1044 2019 1125">
    <p class='ocr_par' dir='ltr' id='par_1_12' title="bbox 367 1044 2019 1125">
     <span class='ocr_line' id='line_1_12' title="bbox 367 1044 2019 1125; baseline -0.013 -3"><span class='ocrx_word' id='word_1_65' title='bbox 367 1047 628 1121; x_wconf 67' lang='grc' dir='ltr'>οὐρανίων</span> <span class='ocrx_word' id='word_1_66' title='bbox 657 1067 668 1080; x_wconf 78' lang='grc'><strong><em>⁸</em></strong></span> <span class='ocrx_word' id='word_1_67' title='bbox 703 1047 843 1123; x_wconf 74' lang='grc' dir='ltr'>ἥπερ</span> <span class='ocrx_word' id='word_1_68' title='bbox 878 1046 944 1117; x_wconf 71' lang='grc' dir='ltr'>δὴ</span> <span class='ocrx_word' id='word_1_69' title='bbox 983 1054 1367 1124; x_wconf 81' lang='grc' dir='ltr'>πραγματειῶν</span> <span class='ocrx_word' id='word_1_70' title='bbox 1405 1050 1626 1125; x_wconf 86' lang='grc' dir='ltr'>μεγίστη</span> <span class='ocrx_word' id='word_1_71' title='bbox 1678 1049 1766 1103; x_wconf 84' lang='grc' dir='ltr'>καὶ</span> <span class='ocrx_word' id='word_1_72' title='bbox 1806 1044 2019 1123; x_wconf 75' lang='grc' dir='ltr'>βεϐαιο-</span> 
     </span>
    </p>
   </div>
   <div class='ocr_carea' id='block_1_13' title="bbox 363 1134 2019 1212">
    <p class='ocr_par' dir='ltr' id='par_1_13' title="bbox 363 1134 2019 1212">
     <span class='ocr_line' id='line_1_13' title="bbox 363 1134 2019 1212; baseline 0.001 -24"><span class='ocrx_word' id='word_1_73' title='bbox 363 1137 497 1206; x_wconf 84' lang='grc' dir='ltr'>τάτη</span> <span class='ocrx_word' id='word_1_74' title='bbox 529 1141 648 1198; x_wconf 90' lang='grc' dir='ltr'>τοῖς</span> <span class='ocrx_word' id='word_1_75' title='bbox 678 1159 738 1212; x_wconf 88' lang='grc' dir='ltr'>γε</span> <span class='ocrx_word' id='word_1_76' title='bbox 765 1142 889 1191; x_wconf 72' lang='grc' dir='ltr'>νοῦν</span> <span class='ocrx_word' id='word_1_77' title='bbox 918 1134 1136 1212; x_wconf 72' lang='grc' dir='ltr'>ἔχουσιν</span> <span class='ocrx_word' id='word_1_78' title='bbox 1165 1158 1176 1170; x_wconf 88' lang='grc'><strong>·</strong></span> <span class='ocrx_word' id='word_1_79' title='bbox 1214 1138 1257 1192; x_wconf 82' lang='grc' dir='ltr'>εί</span> <span class='ocrx_word' id='word_1_80' title='bbox 1289 1135 1335 1191; x_wconf 83' lang='grc' dir='ltr'>δ’</span> <span class='ocrx_word' id='word_1_81' title='bbox 1397 1139 1494 1192; x_wconf 73' lang='grc' dir='ltr'>οὐκ</span> <span class='ocrx_word' id='word_1_82' title='bbox 1525 1141 1656 1212; x_wconf 93' lang='lat'>(48),</span> <span class='ocrx_word' id='word_1_83' title='bbox 1695 1137 1841 1193; x_wconf 74' lang='grc' dir='ltr'>ἀλλὰ</span> <span class='ocrx_word' id='word_1_84' title='bbox 1893 1141 2019 1191; x_wconf 76' lang='grc' dir='ltr'>τοῦ-</span> 
     </span>
    </p>
   </div>
   <div class='ocr_carea' id='block_1_14' title="bbox 364 1223 2018 1302">
    <p class='ocr_par' dir='ltr' id='par_1_14' title="bbox 364 1223 2018 1302">
     <span class='ocr_line' id='line_1_14' title="bbox 364 1223 2018 1302; baseline 0.001 -24"><span class='ocrx_word' id='word_1_85' title='bbox 364 1223 426 1278; x_wconf 87' lang='grc' dir='ltr'>τό</span> <span class='ocrx_word' id='word_1_86' title='bbox 458 1246 517 1300; x_wconf 89' lang='grc' dir='ltr'>γε</span> <span class='ocrx_word' id='word_1_87' title='bbox 566 1233 914 1300; x_wconf 77' lang='grc' dir='ltr'>καρτερῆσαι,</span> <span class='ocrx_word' id='word_1_88' title='bbox 957 1224 1359 1301; x_wconf 78' lang='grc' dir='ltr'>παραχωρῆσαι</span> <span class='ocrx_word' id='word_1_89' title='bbox 1390 1232 1495 1280; x_wconf 87' lang='grc' dir='ltr'>τῶν</span> <span class='ocrx_word' id='word_1_90' title='bbox 1531 1228 1730 1302; x_wconf 83' lang='grc' dir='ltr'>θρόνων</span> <span class='ocrx_word' id='word_1_91' title='bbox 1762 1230 1872 1300; x_wconf 72' lang='grc'>(49)</span> <span class='ocrx_word' id='word_1_92' title='bbox 1904 1232 2018 1288; x_wconf 82' lang='grc' dir='ltr'>τοῖς</span> 
     </span>
    </p>
   </div>
   <div class='ocr_carea' id='block_1_15' title="bbox 369 1310 2018 1389">
    <p class='ocr_par' dir='ltr' id='par_1_15' title="bbox 369 1310 2018 1389">
     <span class='ocr_line' id='line_1_15' title="bbox 369 1310 2018 1389; baseline 0.001 -23"><span class='ocrx_word' id='word_1_93' title='bbox 369 1310 750 1388; x_wconf 73' lang='grc' dir='ltr'>βουλομένοις,</span> <span class='ocrx_word' id='word_1_94' title='bbox 797 1314 957 1376; x_wconf 82' lang='grc' dir='ltr'>αὐτὸς</span> <span class='ocrx_word' id='word_1_95' title='bbox 1011 1311 1067 1368; x_wconf 76' lang='grc' dir='ltr'>δὲ</span> <span class='ocrx_word' id='word_1_96' title='bbox 1126 1312 1215 1368; x_wconf 82' lang='grc' dir='ltr'>διὰ</span> <span class='ocrx_word' id='word_1_97' title='bbox 1268 1315 1387 1389; x_wconf 86' lang='grc' dir='ltr'>βίου</span> <span class='ocrx_word' id='word_1_98' title='bbox 1443 1319 1551 1388; x_wconf 90' lang='grc'>(50)</span> <span class='ocrx_word' id='word_1_99' title='bbox 1582 1321 1708 1377; x_wconf 79' lang='grc' dir='ltr'>παῖς</span> <span class='ocrx_word' id='word_1_100' title='bbox 1743 1316 1870 1370; x_wconf 67' lang='grc' dir='ltr'>εἶναι</span> <span class='ocrx_word' id='word_1_101' title='bbox 1930 1315 2018 1369; x_wconf 80' lang='grc' dir='ltr'>καὶ</span> 
     </span>
    </p>
   </div>
   <div class='ocr_carea' id='block_1_16' title="bbox 368 1401 2018 1478">
    <p class='ocr_par' dir='ltr' id='par_1_16' title="bbox 368 1401 2018 1478">
     <span class='ocr_line' id='line_1_16' title="bbox 368 1401 2018 1478; baseline 0.001 -23"><span class='ocrx_word' id='word_1_102' title='bbox 368 1403 642 1474; x_wconf 80' lang='grc' dir='ltr'>μαθητὴς,</span> <span class='ocrx_word' id='word_1_103' title='bbox 706 1401 902 1477; x_wconf 75' lang='grc' dir='ltr'>μέχρις</span> <span class='ocrx_word' id='word_1_104' title='bbox 959 1404 1016 1457; x_wconf 81' lang='grc' dir='ltr'>ἂν</span> <span class='ocrx_word' id='word_1_105' title='bbox 1075 1409 1193 1466; x_wconf 83' lang='grc' dir='ltr'>τοῖς</span> <span class='ocrx_word' id='word_1_106' title='bbox 1251 1403 1510 1477; x_wconf 79' lang='grc' dir='ltr'>ποτίμοις</span> <span class='ocrx_word' id='word_1_107' title='bbox 1539 1409 1643 1458; x_wconf 85' lang='grc' dir='ltr'>τῶν</span> <span class='ocrx_word' id='word_1_108' title='bbox 1682 1405 1862 1478; x_wconf 89' lang='grc' dir='ltr'>λόγων</span> <span class='ocrx_word' id='word_1_109' title='bbox 1891 1403 2018 1465; x_wconf 76' lang='grc' dir='ltr'>τοὺς</span> 
     </span>
    </p>
   </div>
   <div class='ocr_carea' id='block_1_17' title="bbox 362 1489 2019 1565">
    <p class='ocr_par' dir='ltr' id='par_1_17' title="bbox 362 1489 2019 1565">
     <span class='ocr_line' id='line_1_17' title="bbox 362 1489 2019 1565; baseline 0.002 -22"><span class='ocrx_word' id='word_1_110' title='bbox 362 1489 647 1565; x_wconf 78' lang='grc' dir='ltr'>ἁλμυροὺς</span> <span class='ocrx_word' id='word_1_111' title='bbox 692 1489 1114 1564; x_wconf 83' lang='grc' dir='ltr'>ἀποκλύσωμαι.</span> <span class='ocrx_word' id='word_1_112' title='bbox 1161 1496 1254 1549; x_wconf 79' lang='grc' dir='ltr'>Ἕν</span> <span class='ocrx_word' id='word_1_113' title='bbox 1306 1493 1400 1565; x_wconf 76' lang='grc' dir='ltr'>μὶν</span> <span class='ocrx_word' id='word_1_114' title='bbox 1453 1490 1518 1560; x_wconf 78' lang='grc' dir='ltr'>δὴ</span> <span class='ocrx_word' id='word_1_115' title='bbox 1559 1498 1720 1547; x_wconf 78' lang='grc' dir='ltr'>τοῦτο</span> <span class='ocrx_word' id='word_1_116' title='bbox 1753 1499 1850 1561; x_wconf 85' lang='grc' dir='ltr'>τῆς</span> <span class='ocrx_word' id='word_1_117' title='bbox 1883 1492 2019 1564; x_wconf 83' lang='grc' dir='ltr'>ἐμῆς</span> 
     </span>
    </p>
   </div>
   <div class='ocr_carea' id='block_1_18' title="bbox 363 1577 2018 1658">
    <p class='ocr_par' dir='ltr' id='par_1_18' title="bbox 363 1577 2018 1658">
     <span class='ocr_line' id='line_1_18' title="bbox 363 1577 2018 1658; baseline 0.001 -26"><span class='ocrx_word' id='word_1_118' title='bbox 363 1578 499 1632; x_wconf 72' lang='grc' dir='ltr'>ἔστω</span> <span class='ocrx_word' id='word_1_119' title='bbox 530 1581 644 1649; x_wconf 90' lang='grc'>(51)</span> <span class='ocrx_word' id='word_1_120' title='bbox 676 1577 1022 1658; x_wconf 78' lang='grc' dir='ltr'>φιλοσοφίας,</span> <span class='ocrx_word' id='word_1_121' title='bbox 1057 1578 1163 1636; x_wconf 65' lang='grc' dir='ltr'>εἴτε</span> <span class='ocrx_word' id='word_1_122' title='bbox 1189 1581 1460 1650; x_wconf 78' lang='grc' dir='ltr'>εὐηθείας,</span> <span class='ocrx_word' id='word_1_123' title='bbox 1494 1580 1582 1636; x_wconf 79' lang='grc' dir='ltr'>καί</span> <span class='ocrx_word' id='word_1_124' title='bbox 1616 1586 1867 1658; x_wconf 84' lang='grc' dir='ltr'>πρῶτον·</span> <span class='ocrx_word' id='word_1_125' title='bbox 1905 1580 2018 1636; x_wconf 74' lang='grc' dir='ltr'>δεύ-</span> 
     </span>
    </p>
   </div>
   <div class='ocr_carea' id='block_1_19' title="bbox 363 1665 1144 1744">
    <p class='ocr_par' dir='ltr' id='par_1_19' title="bbox 363 1665 1144 1744">
     <span class='ocr_line' id='line_1_19' title="bbox 363 1665 1144 1744; baseline 0.003 -22"><span class='ocrx_word' id='word_1_126' title='bbox 363 1687 539 1742; x_wconf 86' lang='grc' dir='ltr'>τερον,</span> <span class='ocrx_word' id='word_1_127' title='bbox 579 1665 657 1737; x_wconf 74' lang='grc' dir='ltr'>δὲ,</span> <span class='ocrx_word' id='word_1_128' title='bbox 687 1668 718 1722; x_wconf 83' lang='lat'>6&#39;</span> <span class='ocrx_word' id='word_1_129' title='bbox 746 1668 835 1724; x_wconf 83' lang='grc' dir='ltr'>καὶ</span> <span class='ocrx_word' id='word_1_130' title='bbox 871 1671 1144 1744; x_wconf 72' lang='grc' dir='ltr'>μέγιστον.</span> 
     </span>
    </p>
   </div>
   <div class='ocr_carea' id='block_1_20' title="bbox 2133 600 3778 674">
    <p class='ocr_par' dir='ltr' id='par_1_20' title="bbox 2133 600 3778 674">
     <span class='ocr_line' id='line_1_20' title="bbox 2133 600 3778 674; baseline -0.002 -17"><span class='ocrx_word' id='word_1_131' title='bbox 2133 603 2698 674; x_wconf 85' lang='lat' dir='ltr'>reprehendendum,</span> <span class='ocrx_word' id='word_1_132' title='bbox 2734 604 3112 672; x_wconf 56' lang='lat' dir='ltr'>quantm-rivis</span> <span class='ocrx_word' id='word_1_133' title='bbox 3163 601 3424 656; x_wconf 85' lang='lat' dir='ltr'>nonnulli</span> <span class='ocrx_word' id='word_1_134' title='bbox 3469 600 3778 656; x_wconf 82' lang='lat' dir='ltr'>stultitiam</span> 
     </span>
    </p>
   </div>
   <div class='ocr_carea' id='block_1_21' title="bbox 2130 691 3785 762">
    <p class='ocr_par' dir='ltr' id='par_1_21' title="bbox 2130 691 3785 762">
     <span class='ocr_line' id='line_1_21' title="bbox 2130 691 3785 762; baseline -0.001 -15"><span class='ocrx_word' id='word_1_135' title='bbox 2130 692 2190 747; x_wconf 89' lang='lat' dir='ltr'>id</span> <span class='ocrx_word' id='word_1_136' title='bbox 2241 692 2554 762; x_wconf 83' lang='lat' dir='ltr'>appellent.</span> <span class='ocrx_word' id='word_1_137' title='bbox 2595 691 2739 746; x_wconf 89' lang='lat' dir='ltr'>Illud</span> <span class='ocrx_word' id='word_1_138' title='bbox 2784 694 3079 762; x_wconf 83' lang='lat' dir='ltr'>optabam,</span> <span class='ocrx_word' id='word_1_139' title='bbox 3116 691 3366 746; x_wconf 84' lang='lat' dir='ltr'>maxime</span> <span class='ocrx_word' id='word_1_140' title='bbox 3395 693 3632 761; x_wconf 83' lang='lat' dir='ltr'>quidem</span> <span class='ocrx_word' id='word_1_141' title='bbox 3682 708 3785 762; x_wconf 82' lang='lat' dir='ltr'>per</span> 
     </span>
    </p>
   </div>
   <div class='ocr_carea' id='block_1_22' title="bbox 2132 780 3785 851">
    <p class='ocr_par' dir='ltr' id='par_1_22' title="bbox 2132 780 3785 851">
     <span class='ocr_line' id='line_1_22' title="bbox 2132 780 3785 851; baseline -0.002 -13"><span class='ocrx_word' id='word_1_142' title='bbox 2132 797 2366 838; x_wconf 83' lang='lat' dir='ltr'>onmem</span> <span class='ocrx_word' id='word_1_143' title='bbox 2398 780 2524 835; x_wconf 58' lang='lat' dir='ltr'>vitae</span> <span class='ocrx_word' id='word_1_144' title='bbox 2557 797 2816 844; x_wconf 82' lang='lat' dir='ltr'>cursum,</span> <span class='ocrx_word' id='word_1_145' title='bbox 2842 781 2978 836; x_wconf 85' lang='lat' dir='ltr'>huic</span> <span class='ocrx_word' id='word_1_146' title='bbox 3014 783 3233 836; x_wconf 89' lang='lat' dir='ltr'>mundo</span> <span class='ocrx_word' id='word_1_147' title='bbox 3265 780 3785 851; x_wconf 89' lang='lat' dir='ltr'>emori,vitamque</span> 
     </span>
    </p>
   </div>
   <div class='ocr_carea' id='block_1_23' title="bbox 2133 869 3784 939">
    <p class='ocr_par' dir='ltr' id='par_1_23' title="bbox 2133 869 3784 939">
     <span class='ocr_line' id='line_1_23' title="bbox 2133 869 3784 939; baseline -0.001 -16"><span class='ocrx_word' id='word_1_148' title='bbox 2133 870 2188 923; x_wconf 91' lang='lat' dir='ltr'>in</span> <span class='ocrx_word' id='word_1_149' title='bbox 2223 870 2451 924; x_wconf 76' lang='lat' dir='ltr'>Christo</span> <span class='ocrx_word' id='word_1_150' title='bbox 2482 870 2885 924; x_wconf 81' lang='lat' dir='ltr'>absconditam</span> <span class='ocrx_word' id='word_1_151' title='bbox 2908 871 2953 902; x_wconf 75' lang='lat'>7°</span> <span class='ocrx_word' id='word_1_152' title='bbox 2997 870 3229 935; x_wconf 86' lang='lat' dir='ltr'>ducere,</span> <span class='ocrx_word' id='word_1_153' title='bbox 3259 885 3324 923; x_wconf 86' lang='lat' dir='ltr'>ac</span> <span class='ocrx_word' id='word_1_154' title='bbox 3357 869 3551 939; x_wconf 81' lang='lat' dir='ltr'>magni</span> <span class='ocrx_word' id='word_1_155' title='bbox 3584 871 3784 939; x_wconf 87' lang='lat' dir='ltr'>cujus-</span> 
     </span>
    </p>
   </div>
   <div class='ocr_carea' id='block_1_24' title="bbox 2133 958 3788 1029">
    <p class='ocr_par' dir='ltr' id='par_1_24' title="bbox 2133 958 3788 1029">
     <span class='ocr_line' id='line_1_24' title="bbox 2133 958 3788 1029; baseline -0.001 -15"><span class='ocrx_word' id='word_1_156' title='bbox 2133 960 2266 1014; x_wconf 87' lang='lat' dir='ltr'>dam</span> <span class='ocrx_word' id='word_1_157' title='bbox 2301 959 2680 1028; x_wconf 71' lang='lat' dir='ltr'>negotiatoris</span> <span class='ocrx_word' id='word_1_158' title='bbox 2714 959 2919 1027; x_wconf 84' lang='lat' dir='ltr'>instar,</span> <span class='ocrx_word' id='word_1_159' title='bbox 2953 959 3128 1012; x_wconf 86' lang='lat' dir='ltr'>rebus</span> <span class='ocrx_word' id='word_1_160' title='bbox 3161 958 3309 1012; x_wconf 85' lang='lat' dir='ltr'>meis</span> <span class='ocrx_word' id='word_1_161' title='bbox 3339 958 3637 1022; x_wconf 90' lang='lat' dir='ltr'>omnibus,</span> <span class='ocrx_word' id='word_1_162' title='bbox 3662 974 3788 1029; x_wconf 78' lang='lat' dir='ltr'>pre~</span> 
     </span>
    </p>
   </div>
   <div class='ocr_carea' id='block_1_25' title="bbox 2134 1046 3789 1119">
    <p class='ocr_par' dir='ltr' id='par_1_25' title="bbox 2134 1046 3789 1119">
     <span class='ocr_line' id='line_1_25' title="bbox 2134 1046 3789 1119; baseline 0 -17"><span class='ocrx_word' id='word_1_163' title='bbox 2134 1048 2342 1102; x_wconf 84' lang='lat' dir='ltr'>tiosam</span> <span class='ocrx_word' id='word_1_164' title='bbox 2401 1047 2558 1105; x_wconf 82' lang='lat' dir='ltr'>illam</span> <span class='ocrx_word' id='word_1_165' title='bbox 2620 1047 2995 1119; x_wconf 83' lang='lat' dir='ltr'>margaritam</span> <span class='ocrx_word' id='word_1_166' title='bbox 3053 1064 3246 1102; x_wconf 86' lang='lat' dir='ltr'>emere</span> <span class='ocrx_word' id='word_1_167' title='bbox 3271 1047 3336 1113; x_wconf 82' lang='grc' dir='ltr'>⁸ο,</span> <span class='ocrx_word' id='word_1_168' title='bbox 3372 1046 3677 1118; x_wconf 82' lang='lat' dir='ltr'>fluxasque</span> <span class='ocrx_word' id='word_1_169' title='bbox 3732 1052 3789 1102; x_wconf 86' lang='lat' dir='ltr'>et</span> 
     </span>
    </p>
   </div>
   <div class='ocr_carea' id='block_1_26' title="bbox 2132 1134 3784 1208">
    <p class='ocr_par' dir='ltr' id='par_1_26' title="bbox 2132 1134 3784 1208">
     <span class='ocr_line' id='line_1_26' title="bbox 2132 1134 3784 1208; baseline 0.001 -18"><span class='ocrx_word' id='word_1_170' title='bbox 2132 1137 2368 1208; x_wconf 81' lang='lat' dir='ltr'>fragiles</span> <span class='ocrx_word' id='word_1_171' title='bbox 2403 1153 2541 1206; x_wconf 82' lang='lat' dir='ltr'>epes</span> <span class='ocrx_word' id='word_1_172' title='bbox 2568 1153 2700 1190; x_wconf 89' lang='lat' dir='ltr'>cum</span> <span class='ocrx_word' id='word_1_173' title='bbox 2731 1135 2913 1190; x_wconf 83' lang='lat' dir='ltr'>tirmis</span> <span class='ocrx_word' id='word_1_174' title='bbox 2945 1139 3001 1190; x_wconf 89' lang='lat' dir='ltr'>et</span> <span class='ocrx_word' id='word_1_175' title='bbox 3028 1134 3360 1190; x_wconf 66' lang='lat' dir='ltr'>coelestibus</span> <span class='ocrx_word' id='word_1_176' title='bbox 3383 1140 3747 1190; x_wconf 89' lang='lat' dir='ltr'>commutare</span> <span class='ocrx_word' id='word_1_177' title='bbox 3773 1153 3784 1191; x_wconf 94' lang='lat'><strong>:</strong></span> 
     </span>
    </p>
   </div>
   <div class='ocr_carea' id='block_1_27' title="bbox 2133 1224 3790 1298">
    <p class='ocr_par' dir='ltr' id='par_1_27' title="bbox 2133 1224 3790 1298">
     <span class='ocr_line' id='line_1_27' title="bbox 2133 1224 3790 1298; baseline 0.001 -18"><span class='ocrx_word' id='word_1_178' title='bbox 2133 1243 2259 1297; x_wconf 79' lang='lat' dir='ltr'>quae</span> <span class='ocrx_word' id='word_1_179' title='bbox 2293 1226 2529 1296; x_wconf 84' lang='lat' dir='ltr'>quidem</span> <span class='ocrx_word' id='word_1_180' title='bbox 2578 1225 2884 1297; x_wconf 84' lang='lat' dir='ltr'>negotiatic</span> <span class='ocrx_word' id='word_1_181' title='bbox 2924 1242 3066 1280; x_wconf 85' lang='lat' dir='ltr'>sana</span> <span class='ocrx_word' id='word_1_182' title='bbox 3097 1229 3290 1280; x_wconf 87' lang='lat' dir='ltr'>mente</span> <span class='ocrx_word' id='word_1_183' title='bbox 3321 1224 3580 1294; x_wconf 69' lang='lat' dir='ltr'>praeditis</span> <span class='ocrx_word' id='word_1_184' title='bbox 3617 1224 3790 1298; x_wconf 81' lang='lat' dir='ltr'>longe</span> 
     </span>
    </p>
   </div>
   <div class='ocr_carea' id='block_1_28' title="bbox 2133 1314 3789 1387">
    <p class='ocr_par' dir='ltr' id='par_1_28' title="bbox 2133 1314 3789 1387">
     <span class='ocr_line' id='line_1_28' title="bbox 2133 1314 3789 1387; baseline 0 -17"><span class='ocrx_word' id='word_1_185' title='bbox 2133 1316 2390 1370; x_wconf 82' lang='lat' dir='ltr'>maxime.</span> <span class='ocrx_word' id='word_1_186' title='bbox 2421 1321 2508 1370; x_wconf 88' lang='lat' dir='ltr'>est</span> <span class='ocrx_word' id='word_1_187' title='bbox 2543 1331 2606 1369; x_wconf 85' lang='lat' dir='ltr'>ac</span> <span class='ocrx_word' id='word_1_188' title='bbox 2634 1315 2993 1382; x_wconf 88' lang='lat' dir='ltr'>certissima;</span> <span class='ocrx_word' id='word_1_189' title='bbox 3026 1315 3180 1385; x_wconf 91' lang='lat' dir='ltr'>quod</span> <span class='ocrx_word' id='word_1_190' title='bbox 3207 1315 3256 1370; x_wconf 87' lang='lat' dir='ltr'>si</span> <span class='ocrx_word' id='word_1_191' title='bbox 3279 1314 3477 1369; x_wconf 90' lang='lat' dir='ltr'>minus</span> <span class='ocrx_word' id='word_1_192' title='bbox 3508 1315 3789 1387; x_wconf 84' lang='lat' dir='ltr'>consequi</span> 
     </span>
    </p>
   </div>
   <div class='ocr_carea' id='block_1_29' title="bbox 2133 1403 3789 1477">
    <p class='ocr_par' dir='ltr' id='par_1_29' title="bbox 2133 1403 3789 1477">
     <span class='ocr_line' id='line_1_29' title="bbox 2133 1403 3789 1477; baseline 0.001 -17"><span class='ocrx_word' id='word_1_193' title='bbox 2133 1421 2387 1477; x_wconf 87' lang='lat' dir='ltr'>possem,</span> <span class='ocrx_word' id='word_1_194' title='bbox 2419 1421 2511 1459; x_wconf 91' lang='lat' dir='ltr'>me</span> <span class='ocrx_word' id='word_1_195' title='bbox 2543 1409 2695 1460; x_wconf 83' lang='lat' dir='ltr'>certe</span> <span class='ocrx_word' id='word_1_196' title='bbox 2737 1405 2819 1460; x_wconf 90' lang='lat' dir='ltr'>ita</span> <span class='ocrx_word' id='word_1_197' title='bbox 2858 1405 3175 1468; x_wconf 86' lang='lat' dir='ltr'>continere,</span> <span class='ocrx_word' id='word_1_198' title='bbox 3209 1408 3274 1458; x_wconf 94' lang='lat' dir='ltr'>ut</span> <span class='ocrx_word' id='word_1_199' title='bbox 3305 1403 3588 1459; x_wconf 85' lang='lat' dir='ltr'>sublimes</span> <span class='ocrx_word' id='word_1_200' title='bbox 3617 1405 3789 1462; x_wconf 89' lang='lat' dir='ltr'>sedes</span> 
     </span>
    </p>
   </div>
   <div class='ocr_carea' id='block_1_30' title="bbox 2133 1493 3785 1564">
    <p class='ocr_par' dir='ltr' id='par_1_30' title="bbox 2133 1493 3785 1564">
     <span class='ocr_line' id='line_1_30' title="bbox 2133 1493 3785 1564; baseline 0.001 -17"><span class='ocrx_word' id='word_1_201' title='bbox 2133 1493 2224 1560; x_wconf 90' lang='lat' dir='ltr'>iis,</span> <span class='ocrx_word' id='word_1_202' title='bbox 2246 1493 2344 1563; x_wconf 88' lang='lat' dir='ltr'>qui</span> <span class='ocrx_word' id='word_1_203' title='bbox 2379 1508 2582 1547; x_wconf 83' lang='lat' dir='ltr'>earum</span> <span class='ocrx_word' id='word_1_204' title='bbox 2621 1493 2942 1564; x_wconf 85' lang='lat' dir='ltr'>cupiditate</span> <span class='ocrx_word' id='word_1_205' title='bbox 2973 1493 3346 1559; x_wconf 73' lang='lat' dir='ltr'>ducerentur,</span> <span class='ocrx_word' id='word_1_206' title='bbox 3370 1494 3785 1563; x_wconf 85' lang='lat' dir='ltr'>concederem;</span> 
     </span>
    </p>
   </div>
   <div class='ocr_carea' id='block_1_31' title="bbox 2132 1582 3786 1654">
    <p class='ocr_par' dir='ltr' id='par_1_31' title="bbox 2132 1582 3786 1654">
     <span class='ocr_line' id='line_1_31' title="bbox 2132 1582 3786 1654; baseline 0 -16"><span class='ocrx_word' id='word_1_207' title='bbox 2132 1583 2257 1654; x_wconf 88' lang='lat' dir='ltr'>ipse</span> <span class='ocrx_word' id='word_1_208' title='bbox 2285 1599 2419 1637; x_wconf 89' lang='lat' dir='ltr'>vero</span> <span class='ocrx_word' id='word_1_209' title='bbox 2451 1598 2551 1652; x_wconf 88' lang='lat' dir='ltr'>per</span> <span class='ocrx_word' id='word_1_210' title='bbox 2583 1585 2764 1637; x_wconf 88' lang='lat' dir='ltr'>totam</span> <span class='ocrx_word' id='word_1_211' title='bbox 2796 1585 2975 1637; x_wconf 86' lang='lat' dir='ltr'>vitam</span> <span class='ocrx_word' id='word_1_212' title='bbox 3019 1582 3170 1637; x_wconf 88' lang='lat' dir='ltr'>inter</span> <span class='ocrx_word' id='word_1_213' title='bbox 3202 1597 3411 1654; x_wconf 90' lang='lat' dir='ltr'>pueros</span> <span class='ocrx_word' id='word_1_214' title='bbox 3441 1586 3499 1638; x_wconf 90' lang='lat' dir='ltr'>et</span> <span class='ocrx_word' id='word_1_215' title='bbox 3525 1582 3786 1654; x_wconf 88' lang='lat' dir='ltr'>discipu-</span> 
     </span>
    </p>
   </div>
   <div class='ocr_carea' id='block_1_32' title="bbox 2131 1670 3784 1741">
    <p class='ocr_par' dir='ltr' id='par_1_32' title="bbox 2131 1670 3784 1741">
     <span class='ocr_line' id='line_1_32' title="bbox 2131 1670 3784 1741; baseline 0 -15"><span class='ocrx_word' id='word_1_216' title='bbox 2131 1671 2218 1726; x_wconf 92' lang='lat' dir='ltr'>los</span> <span class='ocrx_word' id='word_1_217' title='bbox 2247 1687 2534 1735; x_wconf 86' lang='lat' dir='ltr'>censerer,</span> <span class='ocrx_word' id='word_1_218' title='bbox 2561 1672 2753 1741; x_wconf 80' lang='lat' dir='ltr'>quoad</span> <span class='ocrx_word' id='word_1_219' title='bbox 2788 1670 2945 1726; x_wconf 91' lang='lat' dir='ltr'>dulci</span> <span class='ocrx_word' id='word_1_220' title='bbox 2975 1671 3242 1726; x_wconf 82' lang='lat' dir='ltr'>doctrina</span> <span class='ocrx_word' id='word_1_221' title='bbox 3285 1670 3502 1726; x_wconf 84' lang='lat' dir='ltr'>salsam</span> <span class='ocrx_word' id='word_1_222' title='bbox 3536 1676 3594 1726; x_wconf 89' lang='lat' dir='ltr'>et</span> <span class='ocrx_word' id='word_1_223' title='bbox 3623 1688 3784 1726; x_wconf 84' lang='lat' dir='ltr'>ama-</span> 
     </span>
    </p>
   </div>
   <div class='ocr_carea' id='block_1_33' title="bbox 365 1748 3783 1835">
    <p class='ocr_par' dir='ltr' id='par_1_33' title="bbox 365 1748 3783 1835">
     <span class='ocr_line' id='line_1_33' title="bbox 365 1748 3783 1835; baseline 0.001 -22"><span class='ocrx_word' id='word_1_224' title='bbox 365 1774 492 1813; x_wconf 87' lang='lat' dir='ltr'>ram</span> <span class='ocrx_word' id='word_1_225' title='bbox 543 1758 868 1814; x_wconf 85' lang='lat' dir='ltr'>doctrinam</span> <span class='ocrx_word' id='word_1_226' title='bbox 921 1760 1221 1816; x_wconf 81' lang='lat' dir='ltr'>aluissem.</span> <span class='ocrx_word' id='word_1_227' title='bbox 1255 1759 1384 1816; x_wconf 79' lang='lat' dir='ltr'>Haec</span> <span class='ocrx_word' id='word_1_228' title='bbox 1433 1765 1630 1816; x_wconf 86' lang='lat' dir='ltr'>autem</span> <span class='ocrx_word' id='word_1_229' title='bbox 1685 1775 1846 1828; x_wconf 63' lang='lat' dir='ltr'>meae,</span> <span class='ocrx_word' id='word_1_230' title='bbox 1880 1762 1999 1816; x_wconf 86' lang='lat' dir='ltr'>sive</span> <span class='ocrx_word' id='word_1_231' title='bbox 2049 1748 2457 1832; x_wconf 81' lang='lat' dir='ltr'>philosophiae,</span> <span class='ocrx_word' id='word_1_232' title='bbox 2498 1759 2617 1814; x_wconf 86' lang='lat' dir='ltr'>sive</span> <span class='ocrx_word' id='word_1_233' title='bbox 2667 1759 3027 1824; x_wconf 87' lang='lat' dir='ltr'>stoliditatis,</span> <span class='ocrx_word' id='word_1_234' title='bbox 3061 1760 3252 1830; x_wconf 87' lang='lat' dir='ltr'>prima</span> <span class='ocrx_word' id='word_1_235' title='bbox 3299 1776 3477 1816; x_wconf 87' lang='lat' dir='ltr'>causa</span> <span class='ocrx_word' id='word_1_236' title='bbox 3530 1760 3783 1835; x_wconf 64' lang='lat' dir='ltr'>exstitit:</span> 
     </span>
    </p>
   </div>
   <div class='ocr_carea' id='block_1_34' title="bbox 364 1846 1977 1922">
    <p class='ocr_par' dir='ltr' id='par_1_34' title="bbox 364 1846 1977 1922">
     <span class='ocr_line' id='line_1_34' title="bbox 364 1846 1977 1922; baseline 0.002 -20"><span class='ocrx_word' id='word_1_237' title='bbox 364 1846 607 1903; x_wconf 82' lang='lat' dir='ltr'>alteram</span> <span class='ocrx_word' id='word_1_238' title='bbox 637 1863 793 1919; x_wconf 90' lang='lat' dir='ltr'>vero,</span> <span class='ocrx_word' id='word_1_239' title='bbox 827 1865 1074 1922; x_wconf 85' lang='lat' dir='ltr'>eamque</span> <span class='ocrx_word' id='word_1_240' title='bbox 1105 1850 1540 1922; x_wconf 84' lang='lat' dir='ltr'>gravissimam,</span> <span class='ocrx_word' id='word_1_241' title='bbox 1573 1867 1729 1905; x_wconf 93' lang='lat' dir='ltr'>nunc</span> <span class='ocrx_word' id='word_1_242' title='bbox 1762 1851 1977 1905; x_wconf 85' lang='lat' dir='ltr'>audite.</span> 
     </span>
    </p>
   </div>
   <div class='ocr_carea' id='block_1_35' title="bbox 434 1933 2094 2012">
    <p class='ocr_par' dir='ltr' id='par_1_35' title="bbox 434 1933 2094 2012">
     <span class='ocr_line' id='line_1_35' title="bbox 434 1933 2094 2012; baseline 0.002 -25"><span class='ocrx_word' id='word_1_243' title='bbox 434 1935 502 1988; x_wconf 86' lang='lat' dir='ltr'>B&#39;.</span> <span class='ocrx_word' id='word_1_244' title='bbox 539 1933 762 2004; x_wconf 74' lang='grc' dir='ltr'>Ἐπειδὴ</span> <span class='ocrx_word' id='word_1_245' title='bbox 809 1934 960 2012; x_wconf 83' lang='grc' dir='ltr'>Λόγῳ</span> <span class='ocrx_word' id='word_1_246' title='bbox 1007 1937 1097 1991; x_wconf 88' lang='grc' dir='ltr'>τὸν</span> <span class='ocrx_word' id='word_1_247' title='bbox 1146 1941 1254 1992; x_wconf 89' lang='grc' dir='ltr'>τῶν</span> <span class='ocrx_word' id='word_1_248' title='bbox 1306 1935 1533 1990; x_wconf 81' lang='grc' dir='ltr'>πολλῶν</span> <span class='ocrx_word' id='word_1_249' title='bbox 1571 1934 1735 2010; x_wconf 91' lang='grc' dir='ltr'>λόγον</span> <span class='ocrx_word' id='word_1_250' title='bbox 1771 1936 2015 2012; x_wconf 72' lang='grc' dir='ltr'>ἐπισχεῖν</span> <span class='ocrx_word' id='word_1_251' title='bbox 2047 1941 2094 2005; x_wconf 87' lang='grc' dir='ltr'><strong>Β</strong></span> 
     </span>
    </p>
   </div>
   <div class='ocr_carea' id='block_1_36' title="bbox 365 2021 2018 2099">
    <p class='ocr_par' dir='ltr' id='par_1_36' title="bbox 365 2021 2018 2099">
     <span class='ocr_line' id='line_1_36' title="bbox 365 2021 2018 2099; baseline 0.002 -23"><span class='ocrx_word' id='word_1_252' title='bbox 365 2021 473 2097; x_wconf 80' lang='grc' dir='ltr'>οὐχ</span> <span class='ocrx_word' id='word_1_253' title='bbox 517 2021 632 2086; x_wconf 72' lang='grc' dir='ltr'>οἷός</span> <span class='ocrx_word' id='word_1_254' title='bbox 676 2045 736 2079; x_wconf 89' lang='grc' dir='ltr'>τε</span> <span class='ocrx_word' id='word_1_255' title='bbox 784 2023 1076 2099; x_wconf 77' lang='grc' dir='ltr'>ἐγενόμην,</span> <span class='ocrx_word' id='word_1_256' title='bbox 1118 2027 1207 2079; x_wconf 82' lang='grc' dir='ltr'>καὶ</span> <span class='ocrx_word' id='word_1_257' title='bbox 1238 2027 1339 2093; x_wconf 76' lang='grc' dir='ltr'>τῆν</span> <span class='ocrx_word' id='word_1_258' title='bbox 1371 2030 1458 2079; x_wconf 73' lang='grc' dir='ltr'>νῦν</span> <span class='ocrx_word' id='word_1_259' title='bbox 1491 2025 1825 2098; x_wconf 74' lang='grc' dir='ltr'>κατέχουσαν</span> <span class='ocrx_word' id='word_1_260' title='bbox 1884 2028 2018 2080; x_wconf 73' lang='grc' dir='ltr'>παν-</span> 
     </span>
    </p>
   </div>
   <div class='ocr_carea' id='block_1_37' title="bbox 359 2110 2018 2187">
    <p class='ocr_par' dir='ltr' id='par_1_37' title="bbox 359 2110 2018 2187">
     <span class='ocr_line' id='line_1_37' title="bbox 359 2110 2018 2187; baseline 0.002 -23"><span class='ocrx_word' id='word_1_261' title='bbox 359 2131 454 2172; x_wconf 87' lang='grc' dir='ltr'>τας</span> <span class='ocrx_word' id='word_1_262' title='bbox 499 2110 665 2187; x_wconf 75' lang='grc' dir='ltr'>φορὰν</span> <span class='ocrx_word' id='word_1_263' title='bbox 714 2113 803 2166; x_wconf 85' lang='grc' dir='ltr'>καὶ</span> <span class='ocrx_word' id='word_1_264' title='bbox 866 2112 1194 2187; x_wconf 80' lang='grc' dir='ltr'>προθυμίαν,</span> <span class='ocrx_word' id='word_1_265' title='bbox 1255 2113 1333 2174; x_wconf 84' lang='grc' dir='ltr'>εἰς</span> <span class='ocrx_word' id='word_1_266' title='bbox 1386 2115 1447 2167; x_wconf 87' lang='grc' dir='ltr'>τὸ</span> <span class='ocrx_word' id='word_1_267' title='bbox 1501 2111 1768 2168; x_wconf 80' lang='grc' dir='ltr'>διδάσκειν</span> <span class='ocrx_word' id='word_1_268' title='bbox 1814 2135 1872 2169; x_wconf 91' lang='grc' dir='ltr'>τε</span> <span class='ocrx_word' id='word_1_269' title='bbox 1930 2116 2018 2168; x_wconf 80' lang='grc' dir='ltr'>καὶ</span> 
     </span>
    </p>
   </div>
   <div class='ocr_carea' id='block_1_38' title="bbox 361 2197 2019 2280">
    <p class='ocr_par' dir='ltr' id='par_1_38' title="bbox 361 2197 2019 2280">
     <span class='ocr_line' id='line_1_38' title="bbox 361 2197 2019 2280; baseline 0.002 -27"><span class='ocrx_word' id='word_1_270' title='bbox 361 2197 551 2253; x_wconf 88' lang='grc' dir='ltr'>λαλεῖν</span> <span class='ocrx_word' id='word_1_271' title='bbox 604 2199 670 2254; x_wconf 79' lang='grc' dir='ltr'>τὰ</span> <span class='ocrx_word' id='word_1_272' title='bbox 715 2206 811 2255; x_wconf 75' lang='grc' dir='ltr'>τοῦ</span> <span class='ocrx_word' id='word_1_273' title='bbox 863 2202 1175 2274; x_wconf 77' lang='grc' dir='ltr'>Πνεύματος</span> <span class='ocrx_word' id='word_1_274' title='bbox 1222 2203 1398 2278; x_wconf 77' lang='grc' dir='ltr'>χωρὶς</span> <span class='ocrx_word' id='word_1_275' title='bbox 1451 2202 1762 2275; x_wconf 71' lang='grc' dir='ltr'>Πνεύματος</span> <span class='ocrx_word' id='word_1_276' title='bbox 1791 2223 1802 2235; x_wconf 82' lang='grc'><strong><em>⁸</em></strong></span> <span class='ocrx_word' id='word_1_277' title='bbox 1837 2203 2019 2280; x_wconf 81' lang='grc' dir='ltr'>ἐτέραν</span> 
     </span>
    </p>
   </div>
   <div class='ocr_carea' id='block_1_39' title="bbox 361 2287 2015 2367">
    <p class='ocr_par' dir='ltr' id='par_1_39' title="bbox 361 2287 2015 2367">
     <span class='ocr_line' id='line_1_39' title="bbox 361 2287 2015 2367; baseline 0.002 -24"><span class='ocrx_word' id='word_1_278' title='bbox 361 2287 558 2357; x_wconf 72' lang='grc' dir='ltr'>ἦλθον,</span> <span class='ocrx_word' id='word_1_279' title='bbox 610 2289 684 2350; x_wconf 88' lang='grc' dir='ltr'>ὡς</span> <span class='ocrx_word' id='word_1_280' title='bbox 729 2289 959 2362; x_wconf 72' lang='grc' dir='ltr'>ἐμαυτὸν</span> <span class='ocrx_word' id='word_1_281' title='bbox 1002 2291 1193 2363; x_wconf 75' lang='grc' dir='ltr'>πείθω,</span> <span class='ocrx_word' id='word_1_282' title='bbox 1233 2291 1433 2367; x_wconf 85' lang='grc' dir='ltr'>βελτίω</span> <span class='ocrx_word' id='word_1_283' title='bbox 1463 2314 1521 2348; x_wconf 82' lang='grc' dir='ltr'>τι</span> <span class='ocrx_word' id='word_1_284' title='bbox 1550 2293 1640 2347; x_wconf 75' lang='grc' dir='ltr'>καὶ</span> <span class='ocrx_word' id='word_1_285' title='bbox 1673 2293 2015 2367; x_wconf 76' lang='grc' dir='ltr'>ἀπονωτὲραν</span> 
     </span>
    </p>
   </div>
   <div class='ocr_carea' id='block_1_40' title="bbox 364 2375 2017 2458">
    <p class='ocr_par' dir='ltr' id='par_1_40' title="bbox 364 2375 2017 2458">
     <span class='ocr_line' id='line_1_40' title="bbox 364 2375 2017 2458; baseline 0.003 -27"><span class='ocrx_word' id='word_1_286' title='bbox 364 2375 512 2445; x_wconf 82' lang='grc' dir='ltr'>ὁδὸν,</span> <span class='ocrx_word' id='word_1_287' title='bbox 545 2376 825 2433; x_wconf 78' lang='grc' dir='ltr'>παιδεῦσαι</span> <span class='ocrx_word' id='word_1_288' title='bbox 857 2380 993 2452; x_wconf 85' lang='grc' dir='ltr'>πρὸς</span> <span class='ocrx_word' id='word_1_289' title='bbox 1027 2381 1262 2457; x_wconf 75' lang='grc' dir='ltr'>ἡσυχίαν</span> <span class='ocrx_word' id='word_1_290' title='bbox 1311 2383 1547 2444; x_wconf 81' lang='grc' dir='ltr'>ἅπαντας</span> <span class='ocrx_word' id='word_1_291' title='bbox 1595 2381 1674 2454; x_wconf 77' lang='grc' dir='ltr'>τῷ</span> <span class='ocrx_word' id='word_1_292' title='bbox 1722 2383 2017 2458; x_wconf 75' lang='grc' dir='ltr'>ἀρχετύπῳ</span> 
     </span>
    </p>
   </div>
   <div class='ocr_carea' id='block_1_41' title="bbox 360 2468 2014 2545">
    <p class='ocr_par' dir='ltr' id='par_1_41' title="bbox 360 2468 2014 2545">
     <span class='ocr_line' id='line_1_41' title="bbox 360 2468 2014 2545; baseline 0.002 -26"><span class='ocrx_word' id='word_1_293' title='bbox 360 2473 461 2534; x_wconf 88' lang='grc' dir='ltr'>τῆς</span> <span class='ocrx_word' id='word_1_294' title='bbox 513 2475 758 2536; x_wconf 77' lang='grc' dir='ltr'>σιωπῆς·</span> <span class='ocrx_word' id='word_1_295' title='bbox 811 2468 856 2522; x_wconf 83' lang='grc' dir='ltr'>εἷ</span> <span class='ocrx_word' id='word_1_296' title='bbox 911 2469 1002 2540; x_wconf 79' lang='grc' dir='ltr'>μὲν</span> <span class='ocrx_word' id='word_1_297' title='bbox 1051 2491 1103 2523; x_wconf 89' lang='grc' dir='ltr'>τι</span> <span class='ocrx_word' id='word_1_298' title='bbox 1140 2470 1275 2545; x_wconf 74' lang='grc' dir='ltr'>μέγα</span> <span class='ocrx_word' id='word_1_299' title='bbox 1304 2472 1429 2545; x_wconf 88' lang='grc' dir='ltr'>περὶ</span> <span class='ocrx_word' id='word_1_300' title='bbox 1461 2475 1622 2542; x_wconf 80' lang='grc' dir='ltr'>ἡμῶν</span> <span class='ocrx_word' id='word_1_301' title='bbox 1656 2472 1882 2538; x_wconf 58' lang='grc' dir='ltr'>οἴονται,</span> <span class='ocrx_word' id='word_1_302' title='bbox 1917 2475 2014 2540; x_wconf 78' lang='grc' dir='ltr'>τῆν</span> 
     </span>
    </p>
   </div>
   <div class='ocr_carea' id='block_1_42' title="bbox 364 2554 2015 2636">
    <p class='ocr_par' dir='ltr' id='par_1_42' title="bbox 364 2554 2015 2636">
     <span class='ocr_line' id='line_1_42' title="bbox 364 2554 2015 2636; baseline 0.004 -28"><span class='ocrx_word' id='word_1_303' title='bbox 364 2554 643 2631; x_wconf 73' lang='grc' dir='ltr'>ὑπεροχήν</span> <span class='ocrx_word' id='word_1_304' title='bbox 676 2554 1033 2630; x_wconf 73' lang='grc' dir='ltr'>αἰδουμένους</span> <span class='ocrx_word' id='word_1_305' title='bbox 1059 2576 1071 2590; x_wconf 84' lang='grc'><strong><em>⁸</em></strong></span> <span class='ocrx_word' id='word_1_306' title='bbox 1106 2559 1152 2614; x_wconf 81' lang='grc' dir='ltr'>εἰ</span> <span class='ocrx_word' id='word_1_307' title='bbox 1188 2557 1245 2614; x_wconf 72' lang='grc' dir='ltr'>δὲ</span> <span class='ocrx_word' id='word_1_308' title='bbox 1279 2559 1471 2636; x_wconf 86' lang='grc' dir='ltr'>μικρόν</span> <span class='ocrx_word' id='word_1_309' title='bbox 1503 2581 1561 2614; x_wconf 89' lang='grc' dir='ltr'>τε</span> <span class='ocrx_word' id='word_1_310' title='bbox 1591 2561 1679 2614; x_wconf 76' lang='grc' dir='ltr'>καὶ</span> <span class='ocrx_word' id='word_1_311' title='bbox 1729 2562 1852 2615; x_wconf 70' lang='grc' dir='ltr'>ὅσον</span> <span class='ocrx_word' id='word_1_312' title='bbox 1906 2564 2015 2633; x_wconf 86' lang='grc'>(52)</span> 
     </span>
    </p>
   </div>
   <div class='ocr_carea' id='block_1_43' title="bbox 363 2639 2015 2724">
    <p class='ocr_par' dir='ltr' id='par_1_43' title="bbox 363 2639 2015 2724">
     <span class='ocr_line' id='line_1_43' title="bbox 363 2639 2015 2724; baseline 0.003 -26"><span class='ocrx_word' id='word_1_313' title='bbox 363 2639 531 2715; x_wconf 76' lang='grc' dir='ltr'>ἄξιον,</span> <span class='ocrx_word' id='word_1_314' title='bbox 562 2649 642 2717; x_wconf 75' lang='grc' dir='ltr'>τῷ</span> <span class='ocrx_word' id='word_1_315' title='bbox 675 2646 934 2719; x_wconf 86' lang='grc' dir='ltr'>ὁμοτίμῳ</span> <span class='ocrx_word' id='word_1_316' title='bbox 993 2651 1520 2722; x_wconf 68' lang='grc' dir='ltr'>ωμμετριάζοντας.</span> <span class='ocrx_word' id='word_1_317' title='bbox 1584 2651 1755 2711; x_wconf 82' lang='grc' dir='ltr'>Οὗτος</span> <span class='ocrx_word' id='word_1_318' title='bbox 1789 2651 1816 2703; x_wconf 97' lang='lat'>6</span> <span class='ocrx_word' id='word_1_319' title='bbox 1849 2649 2015 2724; x_wconf 82' lang='grc' dir='ltr'>λόγος</span> 
     </span>
    </p>
   </div>
   <div class='ocr_carea' id='block_1_44' title="bbox 361 2733 2016 2815">
    <p class='ocr_par' dir='ltr' id='par_1_44' title="bbox 361 2733 2016 2815">
     <span class='ocr_line' id='line_1_44' title="bbox 361 2733 2016 2815; baseline 0.004 -28"><span class='ocrx_word' id='word_1_320' title='bbox 361 2739 462 2802; x_wconf 87' lang='grc' dir='ltr'>τῆς</span> <span class='ocrx_word' id='word_1_321' title='bbox 491 2733 631 2806; x_wconf 77' lang='grc' dir='ltr'>ἐμῆς</span> <span class='ocrx_word' id='word_1_322' title='bbox 659 2739 872 2804; x_wconf 86' lang='grc' dir='ltr'>σιωπῆς</span> <span class='ocrx_word' id='word_1_323' title='bbox 895 2755 907 2768; x_wconf 79' lang='grc'><strong><em>⁸</em></strong></span> <span class='ocrx_word' id='word_1_324' title='bbox 939 2741 1102 2792; x_wconf 76' lang='grc' dir='ltr'>τοῦτο</span> <span class='ocrx_word' id='word_1_325' title='bbox 1153 2744 1253 2807; x_wconf 88' lang='grc' dir='ltr'>τῆς</span> <span class='ocrx_word' id='word_1_326' title='bbox 1286 2738 1567 2815; x_wconf 85' lang='grc' dir='ltr'>καρτερίας</span> <span class='ocrx_word' id='word_1_327' title='bbox 1600 2742 1713 2812; x_wconf 87' lang='lat'>(53)</span> <span class='ocrx_word' id='word_1_328' title='bbox 1745 2742 1903 2812; x_wconf 79' lang='grc' dir='ltr'>ἡμῶν</span> <span class='ocrx_word' id='word_1_329' title='bbox 1954 2740 2016 2794; x_wconf 87' lang='grc' dir='ltr'>τὸ</span> 
     </span>
    </p>
   </div>
   <div class='ocr_carea' id='block_1_45' title="bbox 365 2825 692 2899">
    <p class='ocr_par' dir='ltr' id='par_1_45' title="bbox 365 2825 692 2899">
     <span class='ocr_line' id='line_1_45' title="bbox 365 2825 692 2899; baseline 0.018 -23"><span class='ocrx_word' id='word_1_330' title='bbox 365 2825 665 2899; x_wconf 76' lang='grc' dir='ltr'>μυστήριον</span> <span class='ocrx_word' id='word_1_331' title='bbox 681 2867 692 2882; x_wconf 89' lang='grc'><strong>.</strong></span> 
     </span>
    </p>
   </div>
   <div class='ocr_carea' id='block_1_46' title="bbox 433 3088 2016 3167">
    <p class='ocr_par' dir='ltr' id='par_1_46' title="bbox 433 3088 2016 3167">
     <span class='ocr_line' id='line_1_46' title="bbox 433 3088 2016 3167; baseline 0.003 -21"><span class='ocrx_word' id='word_1_332' title='bbox 433 3096 502 3146; x_wconf 84' lang='grc' dir='ltr'>Γ’.</span> <span class='ocrx_word' id='word_1_333' title='bbox 538 3088 714 3146; x_wconf 83' lang='grc' dir='ltr'>Ἀλλὰ</span> <span class='ocrx_word' id='word_1_334' title='bbox 754 3091 807 3147; x_wconf 88' lang='grc' dir='ltr'>τί</span> <span class='ocrx_word' id='word_1_335' title='bbox 856 3093 1052 3161; x_wconf 57' lang='lat' dir='ltr'>adeo);</span> <span class='ocrx_word' id='word_1_336' title='bbox 1101 3095 1160 3150; x_wconf 88' lang='lat'>&#39;0</span> <span class='ocrx_word' id='word_1_337' title='bbox 1211 3094 1307 3166; x_wconf 78' lang='grc' dir='ltr'>μὲν</span> <span class='ocrx_word' id='word_1_338' title='bbox 1359 3091 1504 3158; x_wconf 81' lang='grc' dir='ltr'>ἔνθεν</span> <span class='ocrx_word' id='word_1_339' title='bbox 1538 3099 1674 3167; x_wconf 84' lang='grc'>(54),</span> <span class='ocrx_word' id='word_1_340' title='bbox 1707 3097 1734 3150; x_wconf 90' lang='lat'>6</span> <span class='ocrx_word' id='word_1_341' title='bbox 1768 3094 1825 3151; x_wconf 77' lang='grc' dir='ltr'>δὲ</span> <span class='ocrx_word' id='word_1_342' title='bbox 1878 3095 2016 3152; x_wconf 77' lang='grc' dir='ltr'>ἔνθεν</span> 
     </span>
    </p>
   </div>
   <div class='ocr_carea' id='block_1_47' title="bbox 364 3177 2014 3260">
    <p class='ocr_par' dir='ltr' id='par_1_47' title="bbox 364 3177 2014 3260">
     <span class='ocr_line' id='line_1_47' title="bbox 364 3177 2014 3260; baseline 0.003 -26"><span class='ocrx_word' id='word_1_343' title='bbox 364 3177 670 3236; x_wconf 80' lang='grc' dir='ltr'>διέλκουσιν</span> <span class='ocrx_word' id='word_1_344' title='bbox 732 3184 882 3254; x_wconf 76' lang='grc' dir='ltr'>ἡμᾶς</span> <span class='ocrx_word' id='word_1_345' title='bbox 940 3182 1030 3236; x_wconf 81' lang='grc' dir='ltr'>καὶ</span> <span class='ocrx_word' id='word_1_346' title='bbox 1086 3183 1470 3258; x_wconf 86' lang='grc' dir='ltr'>σπαράττουσι,</span> <span class='ocrx_word' id='word_1_347' title='bbox 1531 3186 1621 3239; x_wconf 80' lang='grc' dir='ltr'>καὶ</span> <span class='ocrx_word' id='word_1_348' title='bbox 1701 3186 1832 3260; x_wconf 74' lang='grc' dir='ltr'>ὑπὲρ</span> <span class='ocrx_word' id='word_1_349' title='bbox 1909 3191 2014 3242; x_wconf 88' lang='grc' dir='ltr'>τῶν</span> 
     </span>
    </p>
   </div>
   <div class='ocr_carea' id='block_1_48' title="bbox 2199 1937 3787 2008">
    <p class='ocr_par' dir='ltr' id='par_1_48' title="bbox 2199 1937 3787 2008">
     <span class='ocr_line' id='line_1_48' title="bbox 2199 1937 3787 2008; baseline 0.002 -17"><span class='ocrx_word' id='word_1_350' title='bbox 2199 1937 2266 1992; x_wconf 92' lang='grc' dir='ltr'>ΙΙ.</span> <span class='ocrx_word' id='word_1_351' title='bbox 2291 1939 2578 2003; x_wconf 85' lang='lat' dir='ltr'>Quoniam</span> <span class='ocrx_word' id='word_1_352' title='bbox 2603 1938 2762 1994; x_wconf 92' lang='lat' dir='ltr'>enim</span> <span class='ocrx_word' id='word_1_353' title='bbox 2787 1937 3111 1992; x_wconf 90' lang='lat' dir='ltr'>multorum</span> <span class='ocrx_word' id='word_1_354' title='bbox 3143 1937 3440 1994; x_wconf 81' lang='lat' dir='ltr'>hominum</span> <span class='ocrx_word' id='word_1_355' title='bbox 3472 1937 3787 2008; x_wconf 84' lang='lat' dir='ltr'>loquacita-</span> 
     </span>
    </p>
   </div>
   <div class='ocr_carea' id='block_1_49' title="bbox 2130 2026 3782 2099">
    <p class='ocr_par' dir='ltr' id='par_1_49' title="bbox 2130 2026 3782 2099">
     <span class='ocr_line' id='line_1_49' title="bbox 2130 2026 3782 2099; baseline 0.001 -17"><span class='ocrx_word' id='word_1_356' title='bbox 2130 2034 2246 2083; x_wconf 88' lang='lat' dir='ltr'>tem</span> <span class='ocrx_word' id='word_1_357' title='bbox 2279 2045 2548 2084; x_wconf 85' lang='lat' dir='ltr'>sermone</span> <span class='ocrx_word' id='word_1_358' title='bbox 2582 2029 2900 2099; x_wconf 81' lang='lat' dir='ltr'>reprimere</span> <span class='ocrx_word' id='word_1_359' title='bbox 2944 2044 3057 2082; x_wconf 92' lang='lat' dir='ltr'>non</span> <span class='ocrx_word' id='word_1_360' title='bbox 3090 2026 3273 2099; x_wconf 83' lang='lat' dir='ltr'>potui,</span> <span class='ocrx_word' id='word_1_361' title='bbox 3297 2044 3401 2083; x_wconf 86' lang='lat' dir='ltr'>nec</span> <span class='ocrx_word' id='word_1_362' title='bbox 3432 2027 3782 2099; x_wconf 88' lang='lat' dir='ltr'>promptitu-</span> 
     </span>
    </p>
   </div>
   <div class='ocr_carea' id='block_1_50' title="bbox 2129 2116 3784 2188">
    <p class='ocr_par' dir='ltr' id='par_1_50' title="bbox 2129 2116 3784 2188">
     <span class='ocr_line' id='line_1_50' title="bbox 2129 2116 3784 2188; baseline 0.001 -17"><span class='ocrx_word' id='word_1_363' title='bbox 2129 2116 2324 2172; x_wconf 90' lang='lat' dir='ltr'>dinem</span> <span class='ocrx_word' id='word_1_364' title='bbox 2360 2117 2521 2173; x_wconf 84' lang='lat' dir='ltr'>illam</span> <span class='ocrx_word' id='word_1_365' title='bbox 2554 2118 2857 2188; x_wconf 88' lang='lat' dir='ltr'>animique</span> <span class='ocrx_word' id='word_1_366' title='bbox 2898 2117 3205 2188; x_wconf 88' lang='lat' dir='ltr'>impetum,</span> <span class='ocrx_word' id='word_1_367' title='bbox 3231 2134 3344 2187; x_wconf 89' lang='lat' dir='ltr'>quo</span> <span class='ocrx_word' id='word_1_368' title='bbox 3392 2133 3549 2172; x_wconf 90' lang='lat' dir='ltr'>nunc</span> <span class='ocrx_word' id='word_1_369' title='bbox 3580 2134 3784 2173; x_wconf 89' lang='lat' dir='ltr'>omnes</span> 
     </span>
    </p>
   </div>
   <div class='ocr_carea' id='block_1_51' title="bbox 2128 2205 3784 2277">
    <p class='ocr_par' dir='ltr' id='par_1_51' title="bbox 2128 2205 3784 2277">
     <span class='ocr_line' id='line_1_51' title="bbox 2128 2205 3784 2277; baseline -0.001 -16"><span class='ocrx_word' id='word_1_370' title='bbox 2128 2207 2200 2261; x_wconf 88' lang='lat' dir='ltr'>ad</span> <span class='ocrx_word' id='word_1_371' title='bbox 2249 2223 2315 2261; x_wconf 87' lang='lat' dir='ltr'>ea</span> <span class='ocrx_word' id='word_1_372' title='bbox 2347 2224 2472 2277; x_wconf 70' lang='lat' dir='ltr'>quas</span> <span class='ocrx_word' id='word_1_373' title='bbox 2504 2206 2761 2277; x_wconf 86' lang='lat' dir='ltr'>Spiritus</span> <span class='ocrx_word' id='word_1_374' title='bbox 2810 2211 2970 2274; x_wconf 91' lang='lat' dir='ltr'>sunt,</span> <span class='ocrx_word' id='word_1_375' title='bbox 3004 2205 3132 2260; x_wconf 89' lang='lat' dir='ltr'>sine</span> <span class='ocrx_word' id='word_1_376' title='bbox 3181 2205 3401 2276; x_wconf 87' lang='lat' dir='ltr'>Spiritu</span> <span class='ocrx_word' id='word_1_377' title='bbox 3435 2206 3697 2261; x_wconf 87' lang='lat' dir='ltr'>docenda</span> <span class='ocrx_word' id='word_1_378' title='bbox 3725 2210 3784 2262; x_wconf 90' lang='lat' dir='ltr'>et</span> 
     </span>
    </p>
   </div>
   <div class='ocr_carea' id='block_1_52' title="bbox 2127 2293 3781 2366">
    <p class='ocr_par' dir='ltr' id='par_1_52' title="bbox 2127 2293 3781 2366">
     <span class='ocr_line' id='line_1_52' title="bbox 2127 2293 3781 2366; baseline -0.001 -15"><span class='ocrx_word' id='word_1_379' title='bbox 2127 2296 2470 2366; x_wconf 86' lang='lat' dir='ltr'>exponenda</span> <span class='ocrx_word' id='word_1_380' title='bbox 2521 2296 2840 2366; x_wconf 68' lang='lat' dir='ltr'>praacipites</span> <span class='ocrx_word' id='word_1_381' title='bbox 2895 2295 3184 2360; x_wconf 82' lang='lat' dir='ltr'>feruntur,</span> <span class='ocrx_word' id='word_1_382' title='bbox 3218 2293 3462 2350; x_wconf 88' lang='lat' dir='ltr'>alteram</span> <span class='ocrx_word' id='word_1_383' title='bbox 3493 2295 3668 2363; x_wconf 89' lang='lat' dir='ltr'>viam,</span> <span class='ocrx_word' id='word_1_384' title='bbox 3703 2300 3781 2366; x_wconf 89' lang='lat' dir='ltr'>et,</span> 
     </span>
    </p>
   </div>
   <div class='ocr_carea' id='block_1_53' title="bbox 2130 2383 3784 2455">
    <p class='ocr_par' dir='ltr' id='par_1_53' title="bbox 2130 2383 3784 2455">
     <span class='ocr_line' id='line_1_53' title="bbox 2130 2383 3784 2455; baseline 0 -17"><span class='ocrx_word' id='word_1_385' title='bbox 2130 2389 2195 2438; x_wconf 88' lang='lat' dir='ltr'>ut</span> <span class='ocrx_word' id='word_1_386' title='bbox 2233 2384 2375 2438; x_wconf 89' lang='lat' dir='ltr'>mihi</span> <span class='ocrx_word' id='word_1_387' title='bbox 2430 2385 2775 2455; x_wconf 83' lang='lat' dir='ltr'>persuadeo,</span> <span class='ocrx_word' id='word_1_388' title='bbox 2813 2384 3112 2438; x_wconf 88' lang='lat' dir='ltr'>meliorem</span> <span class='ocrx_word' id='word_1_389' title='bbox 3167 2383 3483 2454; x_wconf 90' lang='lat' dir='ltr'>minusque</span> <span class='ocrx_word' id='word_1_390' title='bbox 3528 2384 3784 2440; x_wconf 91' lang='lat' dir='ltr'>laborio-</span> 
     </span>
    </p>
   </div>
   <div class='ocr_carea' id='block_1_54' title="bbox 2128 2471 3786 2544">
    <p class='ocr_par' dir='ltr' id='par_1_54' title="bbox 2128 2471 3786 2544">
     <span class='ocr_line' id='line_1_54' title="bbox 2128 2471 3786 2544; baseline 0.001 -18"><span class='ocrx_word' id='word_1_391' title='bbox 2128 2489 2277 2540; x_wconf 86' lang='lat' dir='ltr'>sam,</span> <span class='ocrx_word' id='word_1_392' title='bbox 2313 2473 2617 2544; x_wconf 88' lang='lat' dir='ltr'>ingressus</span> <span class='ocrx_word' id='word_1_393' title='bbox 2647 2489 2802 2540; x_wconf 89' lang='lat' dir='ltr'>sum,</span> <span class='ocrx_word' id='word_1_394' title='bbox 2837 2476 2901 2526; x_wconf 89' lang='lat' dir='ltr'>ut</span> <span class='ocrx_word' id='word_1_395' title='bbox 2945 2471 3240 2543; x_wconf 88' lang='lat' dir='ltr'>proposito</span> <span class='ocrx_word' id='word_1_396' title='bbox 3272 2471 3490 2527; x_wconf 88' lang='lat' dir='ltr'>silentii</span> <span class='ocrx_word' id='word_1_397' title='bbox 3521 2472 3786 2544; x_wconf 88' lang='lat' dir='ltr'>exemplo</span> 
     </span>
    </p>
   </div>
   <div class='ocr_carea' id='block_1_55' title="bbox 2128 2561 3788 2632">
    <p class='ocr_par' dir='ltr' id='par_1_55' title="bbox 2128 2561 3788 2632">
     <span class='ocr_line' id='line_1_55' title="bbox 2128 2561 3788 2632; baseline 0 -16"><span class='ocrx_word' id='word_1_398' title='bbox 2128 2566 2363 2616; x_wconf 62' lang='lat' dir='ltr'>crateres</span> <span class='ocrx_word' id='word_1_399' title='bbox 2394 2563 2464 2618; x_wconf 86' lang='lat' dir='ltr'>ad</span> <span class='ocrx_word' id='word_1_400' title='bbox 2494 2561 2794 2617; x_wconf 85' lang='lat' dir='ltr'>silentium</span> <span class='ocrx_word' id='word_1_401' title='bbox 2820 2561 3113 2615; x_wconf 89' lang='lat' dir='ltr'>erudirem</span> <span class='ocrx_word' id='word_1_402' title='bbox 3141 2578 3152 2616; x_wconf 96' lang='lat'>:</span> <span class='ocrx_word' id='word_1_403' title='bbox 3179 2561 3226 2615; x_wconf 90' lang='lat' dir='ltr'>si</span> <span class='ocrx_word' id='word_1_404' title='bbox 3251 2562 3488 2632; x_wconf 87' lang='lat' dir='ltr'>quidem</span> <span class='ocrx_word' id='word_1_405' title='bbox 3514 2563 3588 2617; x_wconf 89' lang='lat' dir='ltr'>de</span> <span class='ocrx_word' id='word_1_406' title='bbox 3618 2562 3788 2618; x_wconf 90' lang='lat' dir='ltr'>nobis</span> 
     </span>
    </p>
   </div>
   <div class='ocr_carea' id='block_1_56' title="bbox 2130 2650 3786 2722">
    <p class='ocr_par' dir='ltr' id='par_1_56' title="bbox 2130 2650 3786 2722">
     <span class='ocr_line' id='line_1_56' title="bbox 2130 2650 3786 2722; baseline 0 -17"><span class='ocrx_word' id='word_1_407' title='bbox 2130 2650 2449 2706; x_wconf 85' lang='lat' dir='ltr'>honoriﬁce</span> <span class='ocrx_word' id='word_1_408' title='bbox 2499 2650 2775 2717; x_wconf 87' lang='lat' dir='ltr'>sentiant,</span> <span class='ocrx_word' id='word_1_409' title='bbox 2811 2650 3212 2722; x_wconf 75' lang='lat' dir='ltr'>praestantiam</span> <span class='ocrx_word' id='word_1_410' title='bbox 3248 2650 3464 2705; x_wconf 90' lang='lat' dir='ltr'>honore</span> <span class='ocrx_word' id='word_1_411' title='bbox 3515 2666 3581 2705; x_wconf 89' lang='lat' dir='ltr'>ac</span> <span class='ocrx_word' id='word_1_412' title='bbox 3629 2666 3786 2706; x_wconf 87' lang='lat' dir='ltr'>reve-</span> 
     </span>
    </p>
   </div>
   <div class='ocr_carea' id='block_1_57' title="bbox 2129 2738 3784 2811">
    <p class='ocr_par' dir='ltr' id='par_1_57' title="bbox 2129 2738 3784 2811">
     <span class='ocr_line' id='line_1_57' title="bbox 2129 2738 3784 2811; baseline 0.002 -18"><span class='ocrx_word' id='word_1_413' title='bbox 2129 2739 2317 2795; x_wconf 89' lang='lat' dir='ltr'>rentia</span> <span class='ocrx_word' id='word_1_414' title='bbox 2351 2744 2803 2810; x_wconf 83' lang='lat' dir='ltr'>prosequentes;</span> <span class='ocrx_word' id='word_1_415' title='bbox 2848 2739 2936 2794; x_wconf 90' lang='lat' dir='ltr'>sin</span> <span class='ocrx_word' id='word_1_416' title='bbox 2971 2742 3165 2794; x_wconf 87' lang='lat' dir='ltr'>autem</span> <span class='ocrx_word' id='word_1_417' title='bbox 3212 2755 3420 2810; x_wconf 89' lang='lat' dir='ltr'>parum</span> <span class='ocrx_word' id='word_1_418' title='bbox 3452 2738 3784 2811; x_wconf 81' lang='lat' dir='ltr'>magniﬁce,</span> 
     </span>
    </p>
   </div>
   <div class='ocr_carea' id='block_1_58' title="bbox 2129 2827 3787 2900">
    <p class='ocr_par' dir='ltr' id='par_1_58' title="bbox 2129 2827 3787 2900">
     <span class='ocr_line' id='line_1_58' title="bbox 2129 2827 3787 2900; baseline 0 -16"><span class='ocrx_word' id='word_1_419' title='bbox 2129 2845 2195 2884; x_wconf 85' lang='lat' dir='ltr'>ac</span> <span class='ocrx_word' id='word_1_420' title='bbox 2227 2829 2470 2900; x_wconf 89' lang='lat' dir='ltr'>perinde</span> <span class='ocrx_word' id='word_1_421' title='bbox 2498 2833 2563 2884; x_wconf 86' lang='lat' dir='ltr'>ut</span> <span class='ocrx_word' id='word_1_422' title='bbox 2594 2829 2839 2900; x_wconf 86' lang='lat' dir='ltr'>dignum</span> <span class='ocrx_word' id='word_1_423' title='bbox 2873 2833 2981 2897; x_wconf 85' lang='lat' dir='ltr'>est,</span> <span class='ocrx_word' id='word_1_424' title='bbox 3014 2827 3257 2899; x_wconf 74' lang='lat' dir='ltr'>aequalis</span> <span class='ocrx_word' id='word_1_425' title='bbox 3289 2828 3381 2884; x_wconf 89' lang='lat' dir='ltr'>sui</span> <span class='ocrx_word' id='word_1_426' title='bbox 3415 2828 3787 2884; x_wconf 87' lang='lat' dir='ltr'>mediocrita-</span> 
     </span>
    </p>
   </div>
   <div class='ocr_carea' id='block_1_59' title="bbox 2127 2917 3788 2986">
    <p class='ocr_par' dir='ltr' id='par_1_59' title="bbox 2127 2917 3788 2986">
     <span class='ocr_line' id='line_1_59' title="bbox 2127 2917 3788 2986; baseline 0.001 -14"><span class='ocrx_word' id='word_1_427' title='bbox 2127 2923 2244 2972; x_wconf 91' lang='lat' dir='ltr'>tem</span> <span class='ocrx_word' id='word_1_428' title='bbox 2277 2919 2599 2977; x_wconf 85' lang='lat' dir='ltr'>imitantes.</span> <span class='ocrx_word' id='word_1_429' title='bbox 2634 2918 2764 2973; x_wconf 69' lang='lat' dir='ltr'>Haac</span> <span class='ocrx_word' id='word_1_430' title='bbox 2815 2935 2955 2973; x_wconf 71' lang='lat' dir='ltr'>meas</span> <span class='ocrx_word' id='word_1_431' title='bbox 3005 2917 3425 2973; x_wconf 88' lang='lat' dir='ltr'>taciturnitatis</span> <span class='ocrx_word' id='word_1_432' title='bbox 3457 2917 3632 2986; x_wconf 87' lang='lat' dir='ltr'>ratio;</span> <span class='ocrx_word' id='word_1_433' title='bbox 3678 2917 3788 2974; x_wconf 86' lang='lat' dir='ltr'>hoc</span> 
     </span>
    </p>
   </div>
   <div class='ocr_carea' id='block_1_60' title="bbox 2129 3006 3324 3079">
    <p class='ocr_par' dir='ltr' id='par_1_60' title="bbox 2129 3006 3324 3079">
     <span class='ocr_line' id='line_1_60' title="bbox 2129 3006 3324 3079; baseline 0 -17"><span class='ocrx_word' id='word_1_434' title='bbox 2129 3007 2426 3062; x_wconf 86' lang='lat' dir='ltr'>oblirmati</span> <span class='ocrx_word' id='word_1_435' title='bbox 2458 3007 2741 3079; x_wconf 88' lang='lat' dir='ltr'>propositi</span> <span class='ocrx_word' id='word_1_436' title='bbox 2771 3007 2956 3063; x_wconf 91' lang='lat' dir='ltr'>nostri</span> <span class='ocrx_word' id='word_1_437' title='bbox 2988 3006 3324 3062; x_wconf 89' lang='lat' dir='ltr'>consilium.</span> 
     </span>
    </p>
   </div>
   <div class='ocr_carea' id='block_1_61' title="bbox 2203 3095 3791 3168">
    <p class='ocr_par' dir='ltr' id='par_1_61' title="bbox 2203 3095 3791 3168">
     <span class='ocr_line' id='line_1_61' title="bbox 2203 3095 3791 3168; baseline -0.001 -16"><span class='ocrx_word' id='word_1_438' title='bbox 2203 3098 2295 3152; x_wconf 87' lang='lat' dir='ltr'><strong>III.</strong></span> <span class='ocrx_word' id='word_1_439' title='bbox 2331 3100 2402 3152; x_wconf 88' lang='lat' dir='ltr'>At</span> <span class='ocrx_word' id='word_1_440' title='bbox 2431 3098 2573 3168; x_wconf 88' lang='lat' dir='ltr'>quid</span> <span class='ocrx_word' id='word_1_441' title='bbox 2617 3097 2868 3152; x_wconf 77' lang='lat' dir='ltr'>faciam?</span> <span class='ocrx_word' id='word_1_442' title='bbox 2900 3096 3010 3152; x_wconf 84' lang='lat' dir='ltr'>Alii</span> <span class='ocrx_word' id='word_1_443' title='bbox 3064 3095 3302 3152; x_wconf 86' lang='lat' dir='ltr'>aliunde</span> <span class='ocrx_word' id='word_1_444' title='bbox 3335 3111 3427 3151; x_wconf 91' lang='lat' dir='ltr'>me</span> <span class='ocrx_word' id='word_1_445' title='bbox 3456 3095 3703 3152; x_wconf 87' lang='lat' dir='ltr'>trahunt</span> <span class='ocrx_word' id='word_1_446' title='bbox 3733 3099 3791 3151; x_wconf 90' lang='lat' dir='ltr'>et</span> 
     </span>
    </p>
   </div>
   <div class='ocr_carea' id='block_1_62' title="bbox 2130 3184 3786 3251">
    <p class='ocr_par' dir='ltr' id='par_1_62' title="bbox 2130 3184 3786 3251">
     <span class='ocr_line' id='line_1_62' title="bbox 2130 3184 3786 3251; baseline -0.001 -10"><span class='ocrx_word' id='word_1_447' title='bbox 2130 3185 2412 3250; x_wconf 86' lang='lat' dir='ltr'>lacerant,</span> <span class='ocrx_word' id='word_1_448' title='bbox 2445 3202 2510 3242; x_wconf 88' lang='lat' dir='ltr'>ac</span> <span class='ocrx_word' id='word_1_449' title='bbox 2543 3187 2614 3241; x_wconf 90' lang='lat' dir='ltr'>de</span> <span class='ocrx_word' id='word_1_450' title='bbox 2647 3186 2790 3240; x_wconf 89' lang='lat' dir='ltr'>meis</span> <span class='ocrx_word' id='word_1_451' title='bbox 2829 3184 3132 3240; x_wconf 89' lang='lat' dir='ltr'>laboribus</span> <span class='ocrx_word' id='word_1_452' title='bbox 3181 3184 3324 3239; x_wconf 89' lang='lat' dir='ltr'>mihi</span> <span class='ocrx_word' id='word_1_453' title='bbox 3376 3184 3535 3240; x_wconf 86' lang='lat' dir='ltr'>litem</span> <span class='ocrx_word' id='word_1_454' title='bbox 3565 3189 3786 3251; x_wconf 85' lang='lat' dir='ltr'>creant,</span> 
     </span>
    </p>
   </div>
   <div class='ocr_carea' id='block_1_63' title="bbox 363 3267 2016 3377">
    <p class='ocr_par' dir='ltr' id='par_1_63' title="bbox 363 3267 2016 3377">
     <span class='ocr_line' id='line_1_63' title="bbox 363 3267 2016 3350; baseline 0.003 -27"><span class='ocrx_word' id='word_1_455' title='bbox 363 3267 510 3341; x_wconf 67' lang='grc' dir='ltr'>ἐμῶν</span> <span class='ocrx_word' id='word_1_456' title='bbox 565 3268 872 3339; x_wconf 82' lang='grc' dir='ltr'>δικάζονται</span> <span class='ocrx_word' id='word_1_457' title='bbox 934 3271 1140 3339; x_wconf 88' lang='grc' dir='ltr'>πόνων,</span> <span class='ocrx_word' id='word_1_458' title='bbox 1203 3271 1382 3348; x_wconf 83' lang='grc' dir='ltr'>ὣσπερ</span> <span class='ocrx_word' id='word_1_459' title='bbox 1429 3271 1568 3328; x_wconf 74' lang='grc' dir='ltr'>ἄλλο</span> <span class='ocrx_word' id='word_1_460' title='bbox 1613 3295 1666 3328; x_wconf 91' lang='grc' dir='ltr'>τι</span> <span class='ocrx_word' id='word_1_461' title='bbox 1719 3274 1883 3350; x_wconf 72' lang='grc' dir='ltr'>χρέος</span> <span class='ocrx_word' id='word_1_462' title='bbox 1930 3276 2016 3330; x_wconf 88' lang='grc' dir='ltr'>τὸν</span> 
     </span>
     <span class='ocr_line' id='line_1_64' title="bbox 363 3353 1950 3377; baseline 0 0"><span class='ocrx_word' id='word_1_463' title='bbox 363 3353 381 3377; x_wconf 59' lang='grc' dir='ltr'><strong>Ἰ</strong></span> <span class='ocrx_word' id='word_1_464' title='bbox 414 3356 426 3377; x_wconf 78' lang='grc' dir='ltr'><strong><em>Ι</em></strong></span> <span class='ocrx_word' id='word_1_465' title='bbox 623 3359 636 3377; x_wconf 72' lang='grc'>9</span> <span class='ocrx_word' id='word_1_466' title='bbox 872 3362 884 3377; x_wconf 82' lang='grc'><strong><em>1</em></strong></span> <span class='ocrx_word' id='word_1_467' title='bbox 1108 3360 1121 3377; x_wconf 57' lang='lat' dir='ltr'><strong>ﬂ</strong></span> <span class='ocrx_word' id='word_1_468' title='bbox 1257 3361 1266 3377; x_wconf 79' lang='grc' dir='ltr'><strong><em>Ι</em></strong></span> <span class='ocrx_word' id='word_1_469' title='bbox 1677 3363 1689 3377; x_wconf 71' lang='grc' dir='ltr'>ι</span> <span class='ocrx_word' id='word_1_470' title='bbox 1779 3363 1792 3377; x_wconf 65' lang='lat'>9</span> <span class='ocrx_word' id='word_1_471' title='bbox 1927 3369 1950 3377; x_wconf 62' lang='grc' dir='ltr'>ς.</span> 
     </span>
    </p>
   </div>
   <div class='ocr_carea' id='block_1_64' title="bbox 2135 3267 3790 3377">
    <p class='ocr_par' dir='ltr' id='par_1_64' title="bbox 2135 3273 3790 3344">
     <span class='ocr_line' id='line_1_65' title="bbox 2135 3273 3790 3344; baseline -0.002 -13"><span class='ocrx_word' id='word_1_472' title='bbox 2135 3292 2491 3339; x_wconf 84' lang='lat' dir='ltr'>sermonem,</span> <span class='ocrx_word' id='word_1_473' title='bbox 2524 3293 2638 3330; x_wconf 91' lang='lat' dir='ltr'>non</span> <span class='ocrx_word' id='word_1_474' title='bbox 2683 3291 2851 3329; x_wconf 87' lang='lat' dir='ltr'>secus</span> <span class='ocrx_word' id='word_1_475' title='bbox 2884 3291 2950 3329; x_wconf 90' lang='lat' dir='ltr'>ac</span> <span class='ocrx_word' id='word_1_476' title='bbox 2990 3274 3140 3330; x_wconf 73' lang='lat'>365</span> <span class='ocrx_word' id='word_1_477' title='bbox 3177 3273 3443 3329; x_wconf 89' lang='lat' dir='ltr'>debitum</span> <span class='ocrx_word' id='word_1_478' title='bbox 3475 3274 3790 3344; x_wconf 88' lang='lat' dir='ltr'>quoddam,</span> 
     </span>
    </p>
   </div>
   <div class='ocr_carea' id='block_1_65' title="bbox 360 3353 2017 3438">
    <p class='ocr_par' dir='ltr' id='par_1_65' title="bbox 360 3353 2017 3438">
     <span class='ocr_line' id='line_1_66' title="bbox 360 3353 2017 3438; baseline 0.004 -27"><span class='ocrx_word' id='word_1_479' title='bbox 360 3353 529 3432; x_wconf 81' lang='grc' dir='ltr'>λόγον</span> <span class='ocrx_word' id='word_1_480' title='bbox 612 3359 1000 3434; x_wconf 81' lang='grc' dir='ltr'>ἀπαραιτήτως</span> <span class='ocrx_word' id='word_1_481' title='bbox 1079 3360 1509 3436; x_wconf 84' lang='grc' dir='ltr'>εἷσπράττοντες,</span> <span class='ocrx_word' id='word_1_482' title='bbox 1603 3363 1692 3417; x_wconf 83' lang='grc' dir='ltr'>καὶ</span> <span class='ocrx_word' id='word_1_483' title='bbox 1769 3363 2017 3438; x_wconf 83' lang='grc' dir='ltr'>ἀγαπῶσι</span> 
     </span>
    </p>
   </div>
   <div class='ocr_carea' id='block_1_66' title="bbox 364 3444 2018 3523">
    <p class='ocr_par' dir='ltr' id='par_1_66' title="bbox 364 3444 2018 3523">
     <span class='ocr_line' id='line_1_67' title="bbox 364 3444 2018 3523; baseline 0.002 -24"><span class='ocrx_word' id='word_1_484' title='bbox 364 3444 576 3519; x_wconf 77' lang='grc' dir='ltr'>μᾶλλον</span> <span class='ocrx_word' id='word_1_485' title='bbox 636 3448 671 3514; x_wconf 77' lang='grc' dir='ltr'><strong>ἢ</strong></span> <span class='ocrx_word' id='word_1_486' title='bbox 732 3447 893 3510; x_wconf 83' lang='grc' dir='ltr'>αὐτὸς</span> <span class='ocrx_word' id='word_1_487' title='bbox 952 3448 1222 3521; x_wconf 83' lang='grc' dir='ltr'>ἐμαυτόν·</span> <span class='ocrx_word' id='word_1_488' title='bbox 1283 3450 1372 3505; x_wconf 84' lang='grc' dir='ltr'>καὶ</span> <span class='ocrx_word' id='word_1_489' title='bbox 1441 3450 1543 3506; x_wconf 78' lang='grc' dir='ltr'>εἰσὶ</span> <span class='ocrx_word' id='word_1_490' title='bbox 1617 3449 1810 3513; x_wconf 80' lang='grc' dir='ltr'>πάντες</span> <span class='ocrx_word' id='word_1_491' title='bbox 1882 3452 2018 3523; x_wconf 72' lang='grc' dir='ltr'>ἐμοῦ</span> 
     </span>
    </p>
   </div>
   <div class='ocr_carea' id='block_1_67' title="bbox 359 3533 2017 3614">
    <p class='ocr_par' dir='ltr' id='par_1_67' title="bbox 359 3533 2017 3614">
     <span class='ocr_line' id='line_1_68' title="bbox 359 3533 2017 3614; baseline 0.005 -28"><span class='ocrx_word' id='word_1_492' title='bbox 359 3534 685 3610; x_wconf 78' lang='grc' dir='ltr'>σοφώτεροι,</span> <span class='ocrx_word' id='word_1_493' title='bbox 716 3533 964 3604; x_wconf 71' lang='grc' dir='ltr'>πλέον,ἣ</span> <span class='ocrx_word' id='word_1_494' title='bbox 1022 3535 1131 3610; x_wconf 81' lang='grc' dir='ltr'>ἐγὼ</span> <span class='ocrx_word' id='word_1_495' title='bbox 1186 3540 1546 3611; x_wconf 80' lang='grc' dir='ltr'>γινώσκοντες</span> <span class='ocrx_word' id='word_1_496' title='bbox 1603 3539 1790 3613; x_wconf 88' lang='grc' dir='ltr'>καιρὸν</span> <span class='ocrx_word' id='word_1_497' title='bbox 1850 3538 2017 3614; x_wconf 82' lang='grc' dir='ltr'>λόγου</span> 
     </span>
    </p>
   </div>
   <div class='ocr_carea' id='block_1_68' title="bbox 359 3622 2016 3702">
    <p class='ocr_par' dir='ltr' id='par_1_68' title="bbox 359 3622 2016 3702">
     <span class='ocr_line' id='line_1_69' title="bbox 359 3622 2016 3702; baseline 0.003 -25"><span class='ocrx_word' id='word_1_498' title='bbox 359 3623 394 3690; x_wconf 81' lang='grc' dir='ltr'>ἦ</span> <span class='ocrx_word' id='word_1_499' title='bbox 583 3629 796 3692; x_wconf 83' lang='grc' dir='ltr'>σιωπῆς</span> <span class='ocrx_word' id='word_1_500' title='bbox 823 3642 834 3654; x_wconf 91' lang='grc'><strong>·</strong></span> <span class='ocrx_word' id='word_1_501' title='bbox 871 3623 960 3677; x_wconf 81' lang='grc' dir='ltr'>καί</span> <span class='ocrx_word' id='word_1_502' title='bbox 993 3646 1150 3701; x_wconf 82' lang='grc' dir='ltr'>φασιν</span> <span class='ocrx_word' id='word_1_503' title='bbox 1181 3625 1278 3680; x_wconf 83' lang='grc' dir='ltr'>οὐκ</span> <span class='ocrx_word' id='word_1_504' title='bbox 1315 3626 1554 3697; x_wconf 77' lang='grc' dir='ltr'>ἀνήσειν,</span> <span class='ocrx_word' id='word_1_505' title='bbox 1589 3626 1770 3702; x_wconf 76' lang='grc' dir='ltr'>ὥσπερ</span> <span class='ocrx_word' id='word_1_506' title='bbox 1806 3625 2016 3702; x_wconf 60' lang='grc' dir='ltr'>σιδήρῳ</span> 
     </span>
    </p>
   </div>
   <div class='ocr_carea' id='block_1_69' title="bbox 359 3709 2015 3786">
    <p class='ocr_par' dir='ltr' id='par_1_69' title="bbox 359 3709 2015 3786">
     <span class='ocr_line' id='line_1_70' title="bbox 359 3709 2015 3786; baseline 0.002 -22"><span class='ocrx_word' id='word_1_507' title='bbox 359 3715 575 3784; x_wconf 85' lang='grc' dir='ltr'>πυρῖτιν</span> <span class='ocrx_word' id='word_1_508' title='bbox 640 3713 747 3784; x_wconf 84' lang='grc'>(56)</span> <span class='ocrx_word' id='word_1_509' title='bbox 799 3709 972 3785; x_wconf 89' lang='grc' dir='ltr'>λίθον,</span> <span class='ocrx_word' id='word_1_510' title='bbox 1035 3712 1278 3775; x_wconf 84' lang='grc' dir='ltr'>παίοντες</span> <span class='ocrx_word' id='word_1_511' title='bbox 1337 3716 1486 3786; x_wconf 75' lang='grc' dir='ltr'>ἡμᾶς</span> <span class='ocrx_word' id='word_1_512' title='bbox 1562 3719 1677 3776; x_wconf 86' lang='grc' dir='ltr'>τοῖς</span> <span class='ocrx_word' id='word_1_513' title='bbox 1735 3713 2015 3783; x_wconf 78' lang='grc' dir='ltr'>ὀνείδεσιν,</span> 
     </span>
    </p>
   </div>
   <div class='ocr_carea' id='block_1_70' title="bbox 359 3795 2013 3878">
    <p class='ocr_par' dir='ltr' id='par_1_70' title="bbox 359 3795 2013 3878">
     <span class='ocr_line' id='line_1_71' title="bbox 359 3795 2013 3878; baseline 0 -22"><span class='ocrx_word' id='word_1_514' title='bbox 359 3795 463 3862; x_wconf 64' lang='grc' dir='ltr'>ἕως</span> <span class='ocrx_word' id='word_1_515' title='bbox 495 3798 554 3854; x_wconf 75' lang='grc' dir='ltr'>ἂν</span> <span class='ocrx_word' id='word_1_516' title='bbox 589 3799 646 3855; x_wconf 83' lang='grc' dir='ltr'>ἐκ</span> <span class='ocrx_word' id='word_1_517' title='bbox 683 3805 880 3875; x_wconf 77' lang='grc' dir='ltr'>μικροῦ</span> <span class='ocrx_word' id='word_1_518' title='bbox 929 3803 1225 3876; x_wconf 82' lang='grc' dir='ltr'>σπινθῆρος</span> <span class='ocrx_word' id='word_1_519' title='bbox 1275 3804 1364 3858; x_wconf 89' lang='grc' dir='ltr'>τὸν</span> <span class='ocrx_word' id='word_1_520' title='bbox 1425 3808 1531 3858; x_wconf 86' lang='grc' dir='ltr'>τῶν</span> <span class='ocrx_word' id='word_1_521' title='bbox 1569 3802 1750 3878; x_wconf 85' lang='grc' dir='ltr'>λόγων</span> <span class='ocrx_word' id='word_1_522' title='bbox 1813 3805 2013 3876; x_wconf 85' lang='grc' dir='ltr'>πυρσὸν</span> 
     </span>
    </p>
   </div>
   <div class='ocr_carea' id='block_1_71' title="bbox 357 3887 2013 3966">
    <p class='ocr_par' dir='ltr' id='par_1_71' title="bbox 357 3887 2013 3966">
     <span class='ocr_line' id='line_1_72' title="bbox 357 3887 2013 3966; baseline 0.001 -22"><span class='ocrx_word' id='word_1_523' title='bbox 357 3888 656 3960; x_wconf 80' lang='grc' dir='ltr'>ἀνάῴωσιν.</span> <span class='ocrx_word' id='word_1_524' title='bbox 718 3887 859 3960; x_wconf 83' lang='grc' dir='ltr'>Ἤδη</span> <span class='ocrx_word' id='word_1_525' title='bbox 921 3887 978 3946; x_wconf 74' lang='grc' dir='ltr'>δὲ</span> <span class='ocrx_word' id='word_1_526' title='bbox 1027 3912 1166 3953; x_wconf 88' lang='grc' dir='ltr'>τινες</span> <span class='ocrx_word' id='word_1_527' title='bbox 1223 3891 1399 3946; x_wconf 84' lang='grc' dir='ltr'>αὐτῶν</span> <span class='ocrx_word' id='word_1_528' title='bbox 1470 3894 1560 3946; x_wconf 83' lang='grc' dir='ltr'>καὶ</span> <span class='ocrx_word' id='word_1_529' title='bbox 1624 3892 2013 3966; x_wconf 73' lang='grc' dir='ltr'>ὑπισχνοῦνται</span> 
     </span>
    </p>
   </div>
   <div class='ocr_carea' id='block_1_72' title="bbox 357 3978 2016 4055">
    <p class='ocr_par' dir='ltr' id='par_1_72' title="bbox 357 3978 2016 4055">
     <span class='ocr_line' id='line_1_73' title="bbox 357 3978 2016 4055; baseline -0.011 -2"><span class='ocrx_word' id='word_1_530' title='bbox 357 3978 724 4053; x_wconf 81' lang='grc' dir='ltr'>χρηστότερα,</span> <span class='ocrx_word' id='word_1_531' title='bbox 774 3980 863 4034; x_wconf 78' lang='grc' dir='ltr'>καὶ</span> <span class='ocrx_word' id='word_1_532' title='bbox 922 3980 1137 4054; x_wconf 79' lang='grc' dir='ltr'>μεγάλα</span> <span class='ocrx_word' id='word_1_533' title='bbox 1187 3979 1531 4055; x_wconf 75' lang='grc' dir='ltr'>προτιθέασιν</span> <span class='ocrx_word' id='word_1_534' title='bbox 1583 3980 1722 4036; x_wconf 76' lang='grc' dir='ltr'>ἆθλα</span> <span class='ocrx_word' id='word_1_535' title='bbox 1770 3987 1886 4043; x_wconf 87' lang='grc' dir='ltr'>τοῖς</span> <span class='ocrx_word' id='word_1_536' title='bbox 1922 3981 2016 4036; x_wconf 86' lang='grc' dir='ltr'>λό-</span> 
     </span>
    </p>
   </div>
   <div class='ocr_carea' id='block_1_73' title="bbox 355 4068 2017 4143">
    <p class='ocr_par' dir='ltr' id='par_1_73' title="bbox 355 4068 2017 4143">
     <span class='ocr_line' id='line_1_74' title="bbox 355 4068 2017 4143; baseline 0.003 -23"><span class='ocrx_word' id='word_1_537' title='bbox 355 4087 475 4142; x_wconf 89' lang='grc' dir='ltr'>γοις</span> <span class='ocrx_word' id='word_1_538' title='bbox 503 4086 515 4099; x_wconf 83' lang='lat'><strong><em>°</em></strong></span> <span class='ocrx_word' id='word_1_539' title='bbox 547 4071 762 4143; x_wconf 88' lang='grc' dir='ltr'>πρῶτον</span> <span class='ocrx_word' id='word_1_540' title='bbox 799 4069 893 4140; x_wconf 73' lang='grc' dir='ltr'>μὶν</span> <span class='ocrx_word' id='word_1_541' title='bbox 925 4068 1144 4132; x_wconf 72' lang='grc' dir='ltr'>ἑαυτοὺς</span> <span class='ocrx_word' id='word_1_542' title='bbox 1178 4070 1510 4140; x_wconf 82' lang='grc' dir='ltr'>εὐποιήσειν,</span> <span class='ocrx_word' id='word_1_543' title='bbox 1546 4068 1725 4132; x_wconf 86' lang='grc' dir='ltr'>δοντες</span> <span class='ocrx_word' id='word_1_544' title='bbox 1767 4075 1844 4142; x_wconf 80' lang='grc' dir='ltr'>τῷ</span> <span class='ocrx_word' id='word_1_545' title='bbox 1902 4076 2017 4142; x_wconf 81' lang='grc' dir='ltr'>Θεῷ</span> 
     </span>
    </p>
   </div>
   <div class='ocr_carea' id='block_1_74' title="bbox 357 4154 2014 4236">
    <p class='ocr_par' dir='ltr' id='par_1_74' title="bbox 357 4154 2014 4236">
     <span class='ocr_line' id='line_1_75' title="bbox 357 4154 2014 4236; baseline 0.004 -29"><span class='ocrx_word' id='word_1_546' title='bbox 357 4154 446 4208; x_wconf 82' lang='grc' dir='ltr'>καὶ</span> <span class='ocrx_word' id='word_1_547' title='bbox 504 4159 640 4229; x_wconf 85' lang='grc' dir='ltr'>ἡμῖν</span> <span class='ocrx_word' id='word_1_548' title='bbox 703 4156 778 4219; x_wconf 77' lang='grc' dir='ltr'>εἷς</span> <span class='ocrx_word' id='word_1_549' title='bbox 837 4157 928 4213; x_wconf 82' lang='grc' dir='ltr'>τὸν</span> <span class='ocrx_word' id='word_1_550' title='bbox 986 4157 1146 4234; x_wconf 87' lang='grc' dir='ltr'>λόγον</span> <span class='ocrx_word' id='word_1_551' title='bbox 1197 4166 1649 4236; x_wconf 65' lang='grc' dir='ltr'>καρποφορῆσαιθ</span> <span class='ocrx_word' id='word_1_552' title='bbox 1687 4156 1871 4215; x_wconf 73' lang='grc' dir='ltr'>ἔπειτα</span> <span class='ocrx_word' id='word_1_553' title='bbox 1925 4160 2014 4214; x_wconf 81' lang='grc' dir='ltr'>καὶ</span> 
     </span>
    </p>
   </div>
   <div class='ocr_carea' id='block_1_75' title="bbox 355 4242 2016 4327">
    <p class='ocr_par' dir='ltr' id='par_1_75' title="bbox 355 4242 2016 4327">
     <span class='ocr_line' id='line_1_76' title="bbox 355 4242 2016 4327; baseline 0.002 -28"><span class='ocrx_word' id='word_1_554' title='bbox 355 4242 551 4299; x_wconf 79' lang='grc' dir='ltr'>τούσδε</span> <span class='ocrx_word' id='word_1_555' title='bbox 596 4246 816 4318; x_wconf 85' lang='grc' dir='ltr'>πάντας,</span> <span class='ocrx_word' id='word_1_556' title='bbox 867 4244 957 4302; x_wconf 80' lang='grc' dir='ltr'>διὰ</span> <span class='ocrx_word' id='word_1_557' title='bbox 1008 4253 1106 4318; x_wconf 84' lang='grc' dir='ltr'>τῆς</span> <span class='ocrx_word' id='word_1_558' title='bbox 1154 4248 1480 4327; x_wconf 70' lang='grc' dir='ltr'>ἀπογραφῆς</span> <span class='ocrx_word' id='word_1_559' title='bbox 1548 4252 1682 4323; x_wconf 87' lang='grc'>(57),</span> <span class='ocrx_word' id='word_1_560' title='bbox 1744 4250 1834 4303; x_wconf 85' lang='grc' dir='ltr'>τὸν</span> <span class='ocrx_word' id='word_1_561' title='bbox 1887 4247 2016 4324; x_wconf 82' lang='grc' dir='ltr'>ἐμὸν</span> 
     </span>
    </p>
   </div>
   <div class='ocr_carea' id='block_1_76' title="bbox 357 4331 2014 4415">
    <p class='ocr_par' dir='ltr' id='par_1_76' title="bbox 357 4331 2014 4415">
     <span class='ocr_line' id='line_1_77' title="bbox 357 4331 2014 4415; baseline 0.002 -26"><span class='ocrx_word' id='word_1_562' title='bbox 357 4331 585 4409; x_wconf 80' lang='grc' dir='ltr'>κλῆρον,</span> <span class='ocrx_word' id='word_1_563' title='bbox 639 4332 788 4412; x_wconf 48' lang='grc' dir='ltr'>εἴπερ</span> <span class='ocrx_word' id='word_1_564' title='bbox 838 4335 969 4410; x_wconf 81' lang='grc' dir='ltr'>ἐμὸς</span> <span class='ocrx_word' id='word_1_565' title='bbox 1024 4337 1051 4391; x_wconf 87' lang='lat'>6</span> <span class='ocrx_word' id='word_1_566' title='bbox 1108 4341 1393 4415; x_wconf 82' lang='grc' dir='ltr'>πατρικὸς,</span> <span class='ocrx_word' id='word_1_567' title='bbox 1453 4340 1516 4394; x_wconf 86' lang='grc' dir='ltr'>τὸ</span> <span class='ocrx_word' id='word_1_568' title='bbox 1575 4339 1706 4413; x_wconf 77' lang='grc' dir='ltr'>ἐμὸν</span> <span class='ocrx_word' id='word_1_569' title='bbox 1736 4339 2014 4412; x_wconf 84' lang='grc' dir='ltr'>ποίμνιον,</span> 
     </span>
    </p>
   </div>
   <div class='ocr_carea' id='block_1_77' title="bbox 358 4419 2013 4505">
    <p class='ocr_par' dir='ltr' id='par_1_77' title="bbox 358 4419 2013 4505">
     <span class='ocr_line' id='line_1_78' title="bbox 358 4419 2013 4505; baseline 0.005 -31"><span class='ocrx_word' id='word_1_570' title='bbox 358 4419 450 4483; x_wconf 76' lang='grc' dir='ltr'>οὕς</span> <span class='ocrx_word' id='word_1_571' title='bbox 485 4420 606 4478; x_wconf 89' lang='grc' dir='ltr'>λίαν</span> <span class='ocrx_word' id='word_1_572' title='bbox 641 4421 912 4494; x_wconf 78' lang='grc' dir='ltr'>ἀδικοίην,</span> <span class='ocrx_word' id='word_1_573' title='bbox 945 4425 1020 4497; x_wconf 83' lang='grc' dir='ltr'>μή</span> <span class='ocrx_word' id='word_1_574' title='bbox 1063 4428 1238 4482; x_wconf 79' lang='grc' dir='ltr'>πάντα</span> <span class='ocrx_word' id='word_1_575' title='bbox 1284 4428 1486 4502; x_wconf 84' lang='grc' dir='ltr'>τρόπον</span> <span class='ocrx_word' id='word_1_576' title='bbox 1536 4427 1829 4505; x_wconf 79' lang='grc' dir='ltr'>εὐεργετεῖν</span> <span class='ocrx_word' id='word_1_577' title='bbox 1879 4449 2013 4503; x_wconf 86' lang='grc' dir='ltr'>προ-</span> 
     </span>
    </p>
   </div>
   <div class='ocr_carea' id='block_1_78' title="bbox 425 4538 1740 4618">
    <p class='ocr_par' dir='ltr' id='par_1_78' title="bbox 425 4538 1740 4618">
     <span class='ocr_line' id='line_1_79' title="bbox 425 4538 1740 4618; baseline 0.005 -24"><span class='ocrx_word' id='word_1_578' title='bbox 425 4539 472 4574; x_wconf 85' lang='lat'>&quot;</span> <span class='ocrx_word' id='word_1_579' title='bbox 500 4538 721 4594; x_wconf 86' lang='lat' dir='ltr'>Coloss.</span> <span class='ocrx_word' id='word_1_580' title='bbox 756 4557 842 4604; x_wconf 81' lang='grc' dir='ltr'>ιιι,</span> <span class='ocrx_word' id='word_1_581' title='bbox 871 4542 927 4595; x_wconf 94' lang='grc'>3.</span> <span class='ocrx_word' id='word_1_582' title='bbox 1002 4541 1049 4576; x_wconf 81' lang='grc' dir='ltr'>⁸ο</span> <span class='ocrx_word' id='word_1_583' title='bbox 1080 4543 1285 4600; x_wconf 87' lang='lat' dir='ltr'>Matth.</span> <span class='ocrx_word' id='word_1_584' title='bbox 1319 4562 1446 4611; x_wconf 81' lang='lat' dir='ltr'>xm,</span> <span class='ocrx_word' id='word_1_585' title='bbox 1479 4547 1546 4599; x_wconf 85' lang='lat'>45</span> <span class='ocrx_word' id='word_1_586' title='bbox 1575 4563 1740 4618; x_wconf 87' lang='lat' dir='ltr'>seqq.</span> 
     </span>
    </p>
   </div>
   <div class='ocr_carea' id='block_1_79' title="bbox 451 4649 1405 4730">
    <p class='ocr_par' dir='ltr' id='par_1_79' title="bbox 451 4649 1405 4730">
     <span class='ocr_line' id='line_1_80' title="bbox 451 4649 1405 4730; baseline 0.004 -24"><span class='ocrx_word' id='word_1_587' title='bbox 570 4649 872 4730; x_wconf 52' lang='grc' dir='ltr'>’ᾼντιδούφ</span> <span class='ocrx_word' id='word_1_588' title='bbox 905 4655 1048 4730; x_wconf 51' lang='grc' dir='ltr'>ξθεπ</span> <span class='ocrx_word' id='word_1_589' title='bbox 1076 4654 1405 4730; x_wconf 64' lang='grc' dir='ltr'>ἀντιδιδούς,</span> 
     </span>
    </p>
   </div>
   <div class='ocr_carea' id='block_1_80' title="bbox 454 4721 1181 4797">
    <p class='ocr_par' dir='ltr' id='par_1_80' title="bbox 454 4721 1181 4797">
     <span class='ocr_line' id='line_1_81' title="bbox 454 4721 1181 4797; baseline 0.006 -18"><span class='ocrx_word' id='word_1_590' title='bbox 454 4721 542 4797; x_wconf 82' lang='lat'>48)</span> <span class='ocrx_word' id='word_1_591' title='bbox 573 4721 702 4781; x_wconf 75' lang='grc' dir='ltr'>Οῧκ.</span> <span class='ocrx_word' id='word_1_592' title='bbox 735 4725 876 4797; x_wconf 80' lang='lat' dir='ltr'>Reg.</span> <span class='ocrx_word' id='word_1_593' title='bbox 912 4721 1042 4793; x_wconf 73' lang='lat' dir='ltr'>bm,</span> <span class='ocrx_word' id='word_1_594' title='bbox 1068 4726 1181 4783; x_wconf 84' lang='grc' dir='ltr'>οὗν.</span> 
     </span>
    </p>
   </div>
   <div class='ocr_carea' id='block_1_81' title="bbox 450 4795 2012 4871">
    <p class='ocr_par' dir='ltr' id='par_1_81' title="bbox 450 4795 2012 4871">
     <span class='ocr_line' id='line_1_82' title="bbox 450 4795 2012 4871; baseline 0.001 -18"><span class='ocrx_word' id='word_1_595' title='bbox 450 4795 540 4869; x_wconf 82' lang='grc'>49)</span> <span class='ocrx_word' id='word_1_596' title='bbox 567 4800 682 4850; x_wconf 87' lang='grc' dir='ltr'>Τῶν</span> <span class='ocrx_word' id='word_1_597' title='bbox 731 4795 956 4871; x_wconf 57' lang='grc' dir='ltr'>θρόνων.</span> <span class='ocrx_word' id='word_1_598' title='bbox 1007 4799 1182 4871; x_wconf 72' lang='lat' dir='ltr'>Coisl.</span> <span class='ocrx_word' id='word_1_599' title='bbox 1217 4801 1268 4869; x_wconf 89' lang='grc'>1,</span> <span class='ocrx_word' id='word_1_600' title='bbox 1300 4800 1390 4853; x_wconf 86' lang='grc' dir='ltr'>τὸν</span> <span class='ocrx_word' id='word_1_601' title='bbox 1439 4800 1652 4871; x_wconf 86' lang='grc' dir='ltr'>θρόνον.</span> <span class='ocrx_word' id='word_1_602' title='bbox 1689 4803 1782 4856; x_wconf 90' lang='lat' dir='ltr'>Sic</span> <span class='ocrx_word' id='word_1_603' title='bbox 1835 4801 2012 4855; x_wconf 88' lang='lat' dir='ltr'>etiam</span> 
     </span>
    </p>
   </div>
   <div class='ocr_carea' id='block_1_82' title="bbox 356 4865 2012 4945">
    <p class='ocr_par' dir='ltr' id='par_1_82' title="bbox 356 4865 2012 4945">
     <span class='ocr_line' id='line_1_83' title="bbox 356 4865 2012 4945; baseline 0.001 -20"><span class='ocrx_word' id='word_1_604' title='bbox 356 4865 609 4945; x_wconf 63' lang='lat' dir='ltr'>Nicetes,</span> <span class='ocrx_word' id='word_1_605' title='bbox 641 4871 740 4942; x_wconf 89' lang='lat' dir='ltr'>qui</span> <span class='ocrx_word' id='word_1_606' title='bbox 767 4865 1164 4945; x_wconf 71' lang='grc' dir='ltr'>’διδασκαλικόν</span> <span class='ocrx_word' id='word_1_607' title='bbox 1213 4865 1271 4926; x_wconf 92' lang='lat' dir='ltr'>id</span> <span class='ocrx_word' id='word_1_608' title='bbox 1316 4879 1422 4939; x_wconf 87' lang='lat' dir='ltr'>est,</span> <span class='ocrx_word' id='word_1_609' title='bbox 1451 4865 1480 4922; x_wconf 70' lang='grc' dir='ltr'><em>ιί</em></span> <span class='ocrx_word' id='word_1_610' title='bbox 1512 4875 1778 4945; x_wconf 80' lang='lat' dir='ltr'>magistri</span> <span class='ocrx_word' id='word_1_611' title='bbox 1811 4873 2012 4927; x_wconf 82' lang='lat' dir='ltr'>cathe-</span> 
     </span>
    </p>
   </div>
   <div class='ocr_carea' id='block_1_83' title="bbox 357 4942 1629 5032">
    <p class='ocr_par' dir='ltr' id='par_1_83' title="bbox 357 4942 1629 5032">
     <span class='ocr_line' id='line_1_84' title="bbox 357 4942 1629 5032; baseline 0.002 -35"><span class='ocrx_word' id='word_1_612' title='bbox 357 4942 546 5032; x_wconf 48' lang='lat' dir='ltr'>dram,</span> <span class='ocrx_word' id='word_1_613' title='bbox 573 4963 602 4991; x_wconf 88' lang='lat'>»</span> <span class='ocrx_word' id='word_1_614' title='bbox 635 4959 703 5032; x_wconf 73' lang='lat' dir='ltr'>ex</span> <span class='ocrx_word' id='word_1_615' title='bbox 722 4942 1048 5032; x_wconf 43' lang='lat' dir='ltr'>[episccp&#39;ali</span> <span class='ocrx_word' id='word_1_616' title='bbox 1081 4961 1342 5011; x_wconf 88' lang='lat' dir='ltr'>munere,</span> <span class='ocrx_word' id='word_1_617' title='bbox 1375 4942 1629 5027; x_wconf 55' lang='lat' dir='ltr'>exponit:</span> 
     </span>
    </p>
   </div>
   <div class='ocr_carea' id='block_1_84' title="bbox 429 5011 2010 5088">
    <p class='ocr_par' dir='ltr' id='par_1_84' title="bbox 429 5011 2010 5088">
     <span class='ocr_line' id='line_1_85' title="bbox 429 5011 2010 5088; baseline 0.001 -20"><span class='ocrx_word' id='word_1_618' title='bbox 429 5015 539 5085; x_wconf 86' lang='lat'>(50)</span> <span class='ocrx_word' id='word_1_619' title='bbox 573 5011 670 5067; x_wconf 74' lang='grc' dir='ltr'>Διὰ</span> <span class='ocrx_word' id='word_1_620' title='bbox 722 5011 1063 5088; x_wconf 39' lang='grc' dir='ltr'>βίουιαᾚοι·</span> <span class='ocrx_word' id='word_1_621' title='bbox 1109 5021 1290 5071; x_wconf 86' lang='lat' dir='ltr'>totam</span> <span class='ocrx_word' id='word_1_622' title='bbox 1340 5011 1541 5072; x_wconf 73' lang='lat' dir='ltr'>vitam.</span> <span class='ocrx_word' id='word_1_623' title='bbox 1571 5041 1596 5066; x_wconf 90' lang='grc'><strong>››</strong></span> <span class='ocrx_word' id='word_1_624' title='bbox 1638 5015 1731 5072; x_wconf 91' lang='lat' dir='ltr'>Sic</span> <span class='ocrx_word' id='word_1_625' title='bbox 1779 5015 2010 5088; x_wconf 79' lang='lat' dir='ltr'>Nicetes</span> 
     </span>
    </p>
   </div>
   <div class='ocr_carea' id='block_1_85' title="bbox 356 5081 2009 5159">
    <p class='ocr_par' dir='ltr' id='par_1_85' title="bbox 356 5081 2009 5159">
     <span class='ocr_line' id='line_1_86' title="bbox 356 5081 2009 5159; baseline 0.001 -20"><span class='ocrx_word' id='word_1_626' title='bbox 356 5081 779 5159; x_wconf 70' lang='lat' dir='ltr'>interpretatur</span> <span class='ocrx_word' id='word_1_627' title='bbox 811 5081 924 5159; x_wconf 55' lang='grc' dir='ltr'>εδς</span> <span class='ocrx_word' id='word_1_628' title='bbox 955 5083 1091 5154; x_wconf 71' lang='grc' dir='ltr'>ὅλης</span> <span class='ocrx_word' id='word_1_629' title='bbox 1137 5107 1240 5159; x_wconf 87' lang='grc' dir='ltr'>μου</span> <span class='ocrx_word' id='word_1_630' title='bbox 1268 5093 1366 5155; x_wconf 88' lang='grc' dir='ltr'>τῆς</span> <span class='ocrx_word' id='word_1_631' title='bbox 1403 5093 1570 5157; x_wconf 87' lang='grc' dir='ltr'>ζωῆς.</span> <span class='ocrx_word' id='word_1_632' title='bbox 1605 5089 1800 5157; x_wconf 80' lang='lat' dir='ltr'>Neque</span> <span class='ocrx_word' id='word_1_633' title='bbox 1853 5086 2009 5141; x_wconf 87' lang='lat' dir='ltr'>enim</span> 
     </span>
    </p>
   </div>
   <div class='ocr_carea' id='block_1_86' title="bbox 358 5157 2011 5230">
    <p class='ocr_par' dir='ltr' id='par_1_86' title="bbox 358 5157 2011 5230">
     <span class='ocr_line' id='line_1_87' title="bbox 358 5157 2011 5230; baseline 0 -18"><span class='ocrx_word' id='word_1_634' title='bbox 358 5157 580 5213; x_wconf 86' lang='lat' dir='ltr'>mirum</span> <span class='ocrx_word' id='word_1_635' title='bbox 609 5159 793 5215; x_wconf 89' lang='lat' dir='ltr'>videri</span> <span class='ocrx_word' id='word_1_636' title='bbox 825 5158 1014 5226; x_wconf 90' lang='lat' dir='ltr'>debet,</span> <span class='ocrx_word' id='word_1_637' title='bbox 1049 5157 1394 5230; x_wconf 85' lang='lat' dir='ltr'>Gregorium</span> <span class='ocrx_word' id='word_1_638' title='bbox 1444 5166 1606 5216; x_wconf 82' lang='lat' dir='ltr'>tanto</span> <span class='ocrx_word' id='word_1_639' title='bbox 1659 5159 2011 5216; x_wconf 85' lang='lat' dir='ltr'>humilitatis</span> 
     </span>
    </p>
   </div>
   <div class='ocr_carea' id='block_1_87' title="bbox 358 5230 2010 5303">
    <p class='ocr_par' dir='ltr' id='par_1_87' title="bbox 358 5230 2010 5303">
     <span class='ocr_line' id='line_1_88' title="bbox 358 5230 2010 5303; baseline 0.001 -20"><span class='ocrx_word' id='word_1_640' title='bbox 358 5245 557 5303; x_wconf 83' lang='lat' dir='ltr'>amore</span> <span class='ocrx_word' id='word_1_641' title='bbox 586 5231 917 5300; x_wconf 74' lang='lat' dir='ltr'>praeditum,</span> <span class='ocrx_word' id='word_1_642' title='bbox 937 5230 1098 5303; x_wconf 82' lang='lat' dir='ltr'>inter</span> <span class='ocrx_word' id='word_1_643' title='bbox 1128 5249 1340 5302; x_wconf 89' lang='lat' dir='ltr'>pueros</span> <span class='ocrx_word' id='word_1_644' title='bbox 1371 5251 1436 5287; x_wconf 90' lang='lat' dir='ltr'>ac</span> <span class='ocrx_word' id='word_1_645' title='bbox 1468 5233 1793 5303; x_wconf 88' lang='lat' dir='ltr'>discipulos</span> <span class='ocrx_word' id='word_1_646' title='bbox 1824 5234 2010 5286; x_wconf 90' lang='lat' dir='ltr'>totam</span> 
     </span>
    </p>
   </div>
   <div class='ocr_carea' id='block_1_88' title="bbox 355 5299 2014 5375">
    <p class='ocr_par' dir='ltr' id='par_1_88' title="bbox 355 5299 2014 5375">
     <span class='ocr_line' id='line_1_89' title="bbox 355 5299 2014 5375; baseline 0.002 -23"><span class='ocrx_word' id='word_1_647' title='bbox 355 5299 536 5375; x_wconf 76' lang='lat' dir='ltr'>vitam</span> <span class='ocrx_word' id='word_1_648' title='bbox 567 5299 888 5374; x_wconf 81' lang='lat' dir='ltr'>transigere</span> <span class='ocrx_word' id='word_1_649' title='bbox 918 5299 1306 5375; x_wconf 76' lang='lat' dir='ltr'>desiderasse,</span> <span class='ocrx_word' id='word_1_650' title='bbox 1336 5307 1525 5375; x_wconf 89' lang='lat' dir='ltr'>quoad</span> <span class='ocrx_word' id='word_1_651' title='bbox 1559 5299 1713 5359; x_wconf 76' lang='lat' dir='ltr'>dulci</span> <span class='ocrx_word' id='word_1_652' title='bbox 1748 5303 2014 5358; x_wconf 88' lang='lat' dir='ltr'>doctrina</span> 
     </span>
    </p>
   </div>
   <div class='ocr_carea' id='block_1_89' title="bbox 359 5370 2010 5433">
    <p class='ocr_par' dir='ltr' id='par_1_89' title="bbox 359 5370 2010 5433">
     <span class='ocr_line' id='line_1_90' title="bbox 359 5370 2010 5433; baseline 0.001 -7"><span class='ocrx_word' id='word_1_653' title='bbox 359 5370 579 5427; x_wconf 85' lang='lat' dir='ltr'>salsam</span> <span class='ocrx_word' id='word_1_654' title='bbox 610 5377 667 5429; x_wconf 87' lang='lat' dir='ltr'>et</span> <span class='ocrx_word' id='word_1_655' title='bbox 695 5370 958 5429; x_wconf 78' lang='lat' dir='ltr'>amaram</span> <span class='ocrx_word' id='word_1_656' title='bbox 986 5373 1249 5430; x_wconf 81' lang='lat' dir='ltr'>aluisset.</span> <span class='ocrx_word' id='word_1_657' title='bbox 1281 5370 1437 5431; x_wconf 80' lang='lat' dir='ltr'>Unde</span> <span class='ocrx_word' id='word_1_658' title='bbox 1459 5379 1605 5433; x_wconf 86' lang='lat' dir='ltr'>satis</span> <span class='ocrx_word' id='word_1_659' title='bbox 1635 5377 1856 5430; x_wconf 89' lang='lat' dir='ltr'>indicat</span> <span class='ocrx_word' id='word_1_660' title='bbox 1887 5380 2010 5428; x_wconf 88' lang='lat' dir='ltr'>tum</span> 
     </span>
    </p>
   </div>
   <div class='ocr_carea' id='block_1_90' title="bbox 359 5446 2015 5518">
    <p class='ocr_par' dir='ltr' id='par_1_90' title="bbox 359 5446 2015 5518">
     <span class='ocr_line' id='line_1_91' title="bbox 359 5446 2015 5518; baseline 0 -20"><span class='ocrx_word' id='word_1_661' title='bbox 359 5459 590 5518; x_wconf 80' lang='lat' dir='ltr'>morum</span> <span class='ocrx_word' id='word_1_662' title='bbox 622 5449 745 5500; x_wconf 90' lang='lat' dir='ltr'>tum</span> <span class='ocrx_word' id='word_1_663' title='bbox 779 5446 1055 5518; x_wconf 65' lang='lat' dir='ltr'>doctrinae</span> <span class='ocrx_word' id='word_1_664' title='bbox 1091 5447 1401 5518; x_wconf 84' lang='lat' dir='ltr'>puritatem</span> <span class='ocrx_word' id='word_1_665' title='bbox 1443 5455 1564 5503; x_wconf 90' lang='lat' dir='ltr'>toto</span> <span class='ocrx_word' id='word_1_666' title='bbox 1595 5448 1722 5502; x_wconf 80' lang='lat' dir='ltr'>vitae</span> <span class='ocrx_word' id='word_1_667' title='bbox 1756 5457 2015 5516; x_wconf 77' lang='lat' dir='ltr'>tempore</span> 
     </span>
    </p>
   </div>
   <div class='ocr_carea' id='block_1_91' title="bbox 355 5515 2009 5590">
    <p class='ocr_par' dir='ltr' id='par_1_91' title="bbox 355 5515 2009 5590">
     <span class='ocr_line' id='line_1_92' title="bbox 355 5515 2009 5590; baseline 0 -21"><span class='ocrx_word' id='word_1_668' title='bbox 355 5515 452 5570; x_wconf 83' lang='lat' dir='ltr'>vix</span> <span class='ocrx_word' id='word_1_669' title='bbox 483 5517 808 5587; x_wconf 82' lang='lat' dir='ltr'>comparari</span> <span class='ocrx_word' id='word_1_670' title='bbox 846 5533 1035 5588; x_wconf 88' lang='lat' dir='ltr'>posse.</span> <span class='ocrx_word' id='word_1_671' title='bbox 1073 5515 1209 5590; x_wconf 85' lang='lat' dir='ltr'>Ejus</span> <span class='ocrx_word' id='word_1_672' title='bbox 1239 5520 1539 5575; x_wconf 86' lang='lat' dir='ltr'>silentium</span> <span class='ocrx_word' id='word_1_673' title='bbox 1575 5538 1684 5573; x_wconf 89' lang='lat' dir='ltr'>non</span> <span class='ocrx_word' id='word_1_674' title='bbox 1725 5545 1743 5568; x_wconf 80' lang='grc' dir='ltr'>ι</span> <span class='ocrx_word' id='word_1_675' title='bbox 1784 5515 2009 5574; x_wconf 85' lang='lat' dir='ltr'>stolidi-</span> 
     </span>
    </p>
   </div>
   <div class='ocr_carea' id='block_1_92' title="bbox 358 5589 2012 5663">
    <p class='ocr_par' dir='ltr' id='par_1_92' title="bbox 358 5589 2012 5663">
     <span class='ocr_line' id='line_1_93' title="bbox 358 5589 2012 5663; baseline 0.001 -23"><span class='ocrx_word' id='word_1_676' title='bbox 358 5591 474 5663; x_wconf 69' lang='lat' dir='ltr'>tas,</span> <span class='ocrx_word' id='word_1_677' title='bbox 499 5610 532 5663; x_wconf 65' lang='grc'>››⁸</span> <span class='ocrx_word' id='word_1_678' title='bbox 560 5590 659 5643; x_wconf 86' lang='lat' dir='ltr'>sed</span> <span class='ocrx_word' id='word_1_679' title='bbox 694 5590 1071 5663; x_wconf 70' lang='lat' dir='ltr'>«prudentia</span> <span class='ocrx_word' id='word_1_680' title='bbox 1113 5589 1304 5663; x_wconf 86' lang='lat' dir='ltr'>potius</span> <span class='ocrx_word' id='word_1_681' title='bbox 1336 5610 1401 5647; x_wconf 88' lang='lat' dir='ltr'>ac</span> <span class='ocrx_word' id='word_1_682' title='bbox 1435 5596 1719 5646; x_wconf 78' lang='lat' dir='ltr'>modestia</span> <span class='ocrx_word' id='word_1_683' title='bbox 1750 5613 1776 5663; x_wconf 54' lang='grc' dir='ltr'>χι</span> <span class='ocrx_word' id='word_1_684' title='bbox 1812 5589 2012 5663; x_wconf 81' lang='lat' dir='ltr'>appel-</span> 
     </span>
    </p>
   </div>
   <div class='ocr_carea' id='block_1_93' title="bbox 360 5657 2016 5788">
    <p class='ocr_par' dir='ltr' id='par_1_93' title="bbox 360 5657 2016 5788">
     <span class='ocr_line' id='line_1_94' title="bbox 360 5657 2016 5788; baseline -0.001 -75"><span class='ocrx_word' id='word_1_685' title='bbox 360 5657 471 5714; x_wconf 87' lang='lat' dir='ltr'>lari</span> <span class='ocrx_word' id='word_1_686' title='bbox 503 5660 693 5716; x_wconf 84' lang='lat' dir='ltr'>debet.</span> <span class='ocrx_word' id='word_1_687' title='bbox 728 5657 855 5716; x_wconf 86' lang='lat' dir='ltr'>Non</span> <span class='ocrx_word' id='word_1_688' title='bbox 913 5657 1281 5733; x_wconf 37' lang='lat' dir='ltr'>igitur—bene</span> <span class='ocrx_word' id='word_1_689' title='bbox 1333 5664 1556 5727; x_wconf 87' lang='lat' dir='ltr'>Billius,</span> <span class='ocrx_word' id='word_1_690' title='bbox 1589 5664 1688 5734; x_wconf 87' lang='lat' dir='ltr'>qui</span> <span class='ocrx_word' id='word_1_691' title='bbox 1746 5657 1864 5714; x_wconf 37' lang='grc' dir='ltr'>διὰ-</span> <span class='ocrx_word' id='word_1_692' title='bbox 1894 5659 2016 5788; x_wconf 61' lang='grc' dir='ltr'>ρίου</span> 
     </span>
     <span class='ocr_line' id='line_1_95' title="bbox 363 5732 2016 5788; baseline 0 0"><span class='ocrx_word' id='word_1_693' title='bbox 363 5745 466 5788; x_wconf 85' lang='lat' dir='ltr'>nor</span> <span class='ocrx_word' id='word_1_694' title='bbox 491 5753 512 5783; x_wconf 81' lang='grc' dir='ltr'>ι</span> <span class='ocrx_word' id='word_1_695' title='bbox 537 5732 826 5788; x_wconf 79' lang='lat' dir='ltr'>tantisper</span> <span class='ocrx_word' id='word_1_696' title='bbox 846 5754 876 5785; x_wconf 86' lang='lat'><strong>»</strong></span> <span class='ocrx_word' id='word_1_697' title='bbox 896 5734 1108 5788; x_wconf 77' lang='lat' dir='ltr'>reddit.</span> <span class='ocrx_word' id='word_1_698' title='bbox 1141 5735 1282 5788; x_wconf 84' lang='lat' dir='ltr'>Ouis</span> <span class='ocrx_word' id='word_1_699' title='bbox 1311 5736 1467 5788; x_wconf 87' lang='lat' dir='ltr'>enim</span> <span class='ocrx_word' id='word_1_700' title='bbox 1497 5737 1750 5788; x_wconf 67' lang='lat' dir='ltr'>ignorat.</span> <span class='ocrx_word' id='word_1_701' title='bbox 1784 5732 1887 5788; x_wconf 88' lang='lat' dir='ltr'>nul</span> <span class='ocrx_word' id='word_1_702' title='bbox 1917 5749 2016 5788; x_wconf 89' lang='lat' dir='ltr'>um</span> 
     </span>
    </p>
   </div>
   <div class='ocr_carea' id='block_1_94' title="bbox 363 5732 2016 5809">
    <p class='ocr_par' dir='ltr' id='par_1_94' title="bbox 363 5732 2016 5809">
     <span class='ocr_line' id='line_1_96' title="bbox 363 5732 2016 5809; baseline -0.002 -19"><span class='ocrx_word' id='word_1_703' title='bbox 363 5745 466 5805; x_wconf 87' lang='lat' dir='ltr'>per</span> <span class='ocrx_word' id='word_1_704' title='bbox 491 5753 512 5783; x_wconf 79' lang='grc' dir='ltr'>ι</span> <span class='ocrx_word' id='word_1_705' title='bbox 537 5732 826 5806; x_wconf 77' lang='lat' dir='ltr'>tantisper</span> <span class='ocrx_word' id='word_1_706' title='bbox 846 5754 876 5785; x_wconf 87' lang='lat'><strong>»</strong></span> <span class='ocrx_word' id='word_1_707' title='bbox 896 5732 1108 5791; x_wconf 67' lang='lat' dir='ltr'>reddit.</span> <span class='ocrx_word' id='word_1_708' title='bbox 1141 5735 1282 5801; x_wconf 82' lang='lat' dir='ltr'>Quis</span> <span class='ocrx_word' id='word_1_709' title='bbox 1311 5736 1467 5794; x_wconf 89' lang='lat' dir='ltr'>enim</span> <span class='ocrx_word' id='word_1_710' title='bbox 1497 5732 1750 5809; x_wconf 81' lang='lat' dir='ltr'>ignorat,</span> <span class='ocrx_word' id='word_1_711' title='bbox 1784 5732 2016 5789; x_wconf 89' lang='lat' dir='ltr'>nullum</span> 
     </span>
    </p>
   </div>
   <div class='ocr_carea' id='block_1_95' title="bbox 427 4657 445 4870">
    <p class='ocr_par' dir='ltr' id='par_1_95' title="bbox 427 4657 445 4870">
     <span class='ocr_line' id='line_1_97' title="bbox 427 4657 445 4870; baseline 0 0"><span class='ocrx_word' id='word_1_712' title='bbox 427 4657 445 4870; x_wconf 72' lang='grc' dir='ltr'>ἒ</span> 
     </span>
    </p>
   </div>
   <div class='ocr_carea' id='block_1_96' title="bbox 523 4657 542 4869">
    <p class='ocr_par' dir='ltr' id='par_1_96' title="bbox 523 4657 542 4869">
     <span class='ocr_line' id='line_1_98' title="bbox 523 4657 542 4869; baseline 0 0"><span class='ocrx_word' id='word_1_713' title='bbox 523 4657 542 4869; x_wconf 77' lang='lat' dir='ltr'>l</span> 
     </span>
    </p>
   </div>
   <div class='ocr_carea' id='block_1_97' title="bbox 2135 3363 3790 3437">
    <p class='ocr_par' dir='ltr' id='par_1_97' title="bbox 2135 3363 3790 3437">
     <span class='ocr_line' id='line_1_99' title="bbox 2135 3363 3790 3437; baseline -0.001 -18"><span class='ocrx_word' id='word_1_714' title='bbox 2135 3366 2320 3437; x_wconf 84' lang='lat' dir='ltr'>rigide</span> <span class='ocrx_word' id='word_1_715' title='bbox 2351 3364 2704 3435; x_wconf 82' lang='lat' dir='ltr'>ﬂagitantes,</span> <span class='ocrx_word' id='word_1_716' title='bbox 2740 3380 2949 3434; x_wconf 88' lang='lat' dir='ltr'>meque</span> <span class='ocrx_word' id='word_1_717' title='bbox 3000 3363 3425 3433; x_wconf 82' lang='lat' dir='ltr'>vehementius,</span> <span class='ocrx_word' id='word_1_718' title='bbox 3455 3379 3633 3434; x_wconf 88' lang='lat' dir='ltr'>quam</span> <span class='ocrx_word' id='word_1_719' title='bbox 3684 3379 3790 3434; x_wconf 86' lang='lat' dir='ltr'>ego</span> 
     </span>
    </p>
   </div>
   <div class='ocr_carea' id='block_1_98' title="bbox 2131 3451 3789 3525">
    <p class='ocr_par' dir='ltr' id='par_1_98' title="bbox 2131 3451 3789 3525">
     <span class='ocr_line' id='line_1_100' title="bbox 2131 3451 3789 3525; baseline -0.002 -15"><span class='ocrx_word' id='word_1_720' title='bbox 2131 3453 2785 3525; x_wconf 87' lang='lat' dir='ltr'>meipsum,diligentes,</span> <span class='ocrx_word' id='word_1_721' title='bbox 2804 3469 2870 3506; x_wconf 92' lang='lat' dir='ltr'>ac</span> <span class='ocrx_word' id='word_1_722' title='bbox 2894 3468 2986 3507; x_wconf 88' lang='lat' dir='ltr'>me</span> <span class='ocrx_word' id='word_1_723' title='bbox 3006 3468 3208 3506; x_wconf 89' lang='lat' dir='ltr'>omnes</span> <span class='ocrx_word' id='word_1_724' title='bbox 3228 3451 3789 3523; x_wconf 87' lang='lat' dir='ltr'>sapientiavincunt,</span> 
     </span>
    </p>
   </div>
   <div class='ocr_carea' id='block_1_99' title="bbox 2131 3539 3789 3611">
    <p class='ocr_par' dir='ltr' id='par_1_99' title="bbox 2131 3539 3789 3611">
     <span class='ocr_line' id='line_1_101' title="bbox 2131 3539 3789 3611; baseline -0.001 -14"><span class='ocrx_word' id='word_1_725' title='bbox 2131 3549 2195 3597; x_wconf 88' lang='lat' dir='ltr'>ut</span> <span class='ocrx_word' id='word_1_726' title='bbox 2226 3542 2320 3611; x_wconf 83' lang='lat' dir='ltr'>qui</span> <span class='ocrx_word' id='word_1_727' title='bbox 2374 3542 2662 3597; x_wconf 87' lang='lat' dir='ltr'>sermonis</span> <span class='ocrx_word' id='word_1_728' title='bbox 2713 3541 3053 3611; x_wconf 86' lang='lat' dir='ltr'>silentiique</span> <span class='ocrx_word' id='word_1_729' title='bbox 3083 3545 3320 3611; x_wconf 90' lang='lat' dir='ltr'>tempus</span> <span class='ocrx_word' id='word_1_730' title='bbox 3375 3539 3562 3610; x_wconf 89' lang='lat' dir='ltr'>magis</span> <span class='ocrx_word' id='word_1_731' title='bbox 3611 3556 3789 3610; x_wconf 89' lang='lat' dir='ltr'>quam</span> 
     </span>
    </p>
   </div>
   <div class='ocr_carea' id='block_1_100' title="bbox 2128 3614 3791 3700">
    <p class='ocr_par' dir='ltr' id='par_1_100' title="bbox 2128 3614 3791 3700">
     <span class='ocr_line' id='line_1_102' title="bbox 2128 3614 3791 3700; baseline -0.001 -15"><span class='ocrx_word' id='word_1_732' title='bbox 2128 3614 2254 3700; x_wconf 82' lang='lat' dir='ltr'>ego,</span> <span class='ocrx_word' id='word_1_733' title='bbox 2292 3629 2590 3700; x_wconf 88' lang='lat' dir='ltr'>cognitum</span> <span class='ocrx_word' id='word_1_734' title='bbox 2625 3633 2681 3682; x_wconf 82' lang='lat' dir='ltr'>et</span> <span class='ocrx_word' id='word_1_735' title='bbox 2711 3628 3077 3699; x_wconf 78' lang='lat' dir='ltr'>exploratum</span> <span class='ocrx_word' id='word_1_736' title='bbox 3129 3628 3397 3683; x_wconf 90' lang='lat' dir='ltr'>habeant.</span> <span class='ocrx_word' id='word_1_737' title='bbox 3433 3629 3581 3692; x_wconf 90' lang='lat' dir='ltr'>Quin</span> <span class='ocrx_word' id='word_1_738' title='bbox 3615 3628 3791 3684; x_wconf 87' lang='lat' dir='ltr'>etiam</span> 
     </span>
    </p>
   </div>
   <div class='ocr_carea' id='block_1_101' title="bbox 2129 3715 3790 3787">
    <p class='ocr_par' dir='ltr' id='par_1_101' title="bbox 2129 3715 3790 3787">
     <span class='ocr_line' id='line_1_103' title="bbox 2129 3715 3790 3787; baseline 0 -17"><span class='ocrx_word' id='word_1_739' title='bbox 2129 3720 2345 3787; x_wconf 87' lang='lat' dir='ltr'>negant</span> <span class='ocrx_word' id='word_1_740' title='bbox 2385 3734 2446 3771; x_wconf 89' lang='lat' dir='ltr'>se</span> <span class='ocrx_word' id='word_1_741' title='bbox 2479 3722 2631 3783; x_wconf 87' lang='lat' dir='ltr'>ante,</span> <span class='ocrx_word' id='word_1_742' title='bbox 2670 3720 2732 3770; x_wconf 94' lang='lat' dir='ltr'>ut</span> <span class='ocrx_word' id='word_1_743' title='bbox 2762 3715 2990 3770; x_wconf 88' lang='lat' dir='ltr'>silicem</span> <span class='ocrx_word' id='word_1_744' title='bbox 3022 3715 3196 3786; x_wconf 85' lang='lat' dir='ltr'>ferro,</span> <span class='ocrx_word' id='word_1_745' title='bbox 3229 3715 3314 3770; x_wconf 88' lang='lat' dir='ltr'>sic</span> <span class='ocrx_word' id='word_1_746' title='bbox 3367 3732 3460 3770; x_wconf 88' lang='lat' dir='ltr'>me</span> <span class='ocrx_word' id='word_1_747' title='bbox 3510 3716 3790 3771; x_wconf 89' lang='lat' dir='ltr'>conviciis</span> 
     </span>
    </p>
   </div>
   <div class='ocr_carea' id='block_1_102' title="bbox 2130 3804 3792 3874">
    <p class='ocr_par' dir='ltr' id='par_1_102' title="bbox 2130 3804 3792 3874">
     <span class='ocr_line' id='line_1_104' title="bbox 2130 3804 3792 3874; baseline 0 -15"><span class='ocrx_word' id='word_1_748' title='bbox 2130 3804 2416 3860; x_wconf 89' lang='lat' dir='ltr'>tundendi</span> <span class='ocrx_word' id='word_1_749' title='bbox 2447 3805 2620 3858; x_wconf 83' lang='lat' dir='ltr'>ﬁnem</span> <span class='ocrx_word' id='word_1_750' title='bbox 2656 3804 2933 3871; x_wconf 84' lang='lat' dir='ltr'>facturos,</span> <span class='ocrx_word' id='word_1_751' title='bbox 2967 3821 3145 3874; x_wconf 87' lang='lat' dir='ltr'>quam</span> <span class='ocrx_word' id='word_1_752' title='bbox 3194 3821 3264 3859; x_wconf 84' lang='lat' dir='ltr'>ex</span> <span class='ocrx_word' id='word_1_753' title='bbox 3303 3821 3480 3874; x_wconf 87' lang='lat' dir='ltr'>parva</span> <span class='ocrx_word' id='word_1_754' title='bbox 3531 3804 3792 3859; x_wconf 87' lang='lat' dir='ltr'>scintilla</span> 
     </span>
    </p>
   </div>
   <div class='ocr_carea' id='block_1_103' title="bbox 2128 3893 3786 3964">
    <p class='ocr_par' dir='ltr' id='par_1_103' title="bbox 2128 3893 3786 3964">
     <span class='ocr_line' id='line_1_105' title="bbox 2128 3893 3786 3964; baseline 0 -16"><span class='ocrx_word' id='word_1_755' title='bbox 2128 3894 2426 3964; x_wconf 87' lang='lat' dir='ltr'>ingentem</span> <span class='ocrx_word' id='word_1_756' title='bbox 2449 3909 2790 3948; x_wconf 89' lang='lat' dir='ltr'>sermonum</span> <span class='ocrx_word' id='word_1_757' title='bbox 2816 3893 3115 3948; x_wconf 86' lang='lat' dir='ltr'>ﬂammam</span> <span class='ocrx_word' id='word_1_758' title='bbox 3139 3893 3467 3948; x_wconf 83' lang='lat' dir='ltr'>excitarint.</span> <span class='ocrx_word' id='word_1_759' title='bbox 3485 3894 3620 3948; x_wconf 87' lang='lat' dir='ltr'>Jam</span> <span class='ocrx_word' id='word_1_760' title='bbox 3652 3910 3786 3949; x_wconf 90' lang='lat' dir='ltr'>vero</span> 
     </span>
    </p>
   </div>
   <div class='ocr_carea' id='block_1_104' title="bbox 2127 3981 3786 4054">
    <p class='ocr_par' dir='ltr' id='par_1_104' title="bbox 2127 3981 3786 4054">
     <span class='ocr_line' id='line_1_106' title="bbox 2127 3981 3786 4054; baseline 0.001 -18"><span class='ocrx_word' id='word_1_761' title='bbox 2127 3983 2369 4054; x_wconf 88' lang='lat' dir='ltr'>quidam</span> <span class='ocrx_word' id='word_1_762' title='bbox 2427 3982 2603 4037; x_wconf 90' lang='lat' dir='ltr'>etiam</span> <span class='ocrx_word' id='word_1_763' title='bbox 2658 3982 3018 4052; x_wconf 87' lang='lat' dir='ltr'>jucundiora</span> <span class='ocrx_word' id='word_1_764' title='bbox 3076 3982 3459 4053; x_wconf 84' lang='lat' dir='ltr'>promittunt,</span> <span class='ocrx_word' id='word_1_765' title='bbox 3520 3981 3786 4053; x_wconf 87' lang='lat' dir='ltr'>meisque</span> 
     </span>
    </p>
   </div>
   <div class='ocr_carea' id='block_1_105' title="bbox 2126 4070 3781 4142">
    <p class='ocr_par' dir='ltr' id='par_1_105' title="bbox 2126 4070 3781 4142">
     <span class='ocr_line' id='line_1_107' title="bbox 2126 4070 3781 4142; baseline -0.001 -14"><span class='ocrx_word' id='word_1_766' title='bbox 2126 4071 2499 4128; x_wconf 82' lang='lat' dir='ltr'>sermonibus</span> <span class='ocrx_word' id='word_1_767' title='bbox 2551 4070 2791 4142; x_wconf 61' lang='lat' dir='ltr'>praemia</span> <span class='ocrx_word' id='word_1_768' title='bbox 2846 4086 3062 4140; x_wconf 88' lang='lat' dir='ltr'>magna</span> <span class='ocrx_word' id='word_1_769' title='bbox 3108 4075 3472 4142; x_wconf 90' lang='lat' dir='ltr'>proponunt;</span> <span class='ocrx_word' id='word_1_770' title='bbox 3524 4070 3781 4142; x_wconf 90' lang='lat' dir='ltr'>primum</span> 
     </span>
    </p>
   </div>
   <div class='ocr_carea' id='block_1_106' title="bbox 2127 4159 3786 4234">
    <p class='ocr_par' dir='ltr' id='par_1_106' title="bbox 2127 4159 3786 4234">
     <span class='ocr_line' id='line_1_108' title="bbox 2127 4159 3786 4234; baseline -0.001 -19"><span class='ocrx_word' id='word_1_771' title='bbox 2127 4161 2386 4234; x_wconf 88' lang='lat' dir='ltr'>quidem,</span> <span class='ocrx_word' id='word_1_772' title='bbox 2412 4165 2477 4215; x_wconf 90' lang='lat' dir='ltr'>ut</span> <span class='ocrx_word' id='word_1_773' title='bbox 2507 4161 2580 4215; x_wconf 90' lang='lat' dir='ltr'>de</span> <span class='ocrx_word' id='word_1_774' title='bbox 2602 4159 2815 4230; x_wconf 88' lang='lat' dir='ltr'>seipsis</span> <span class='ocrx_word' id='word_1_775' title='bbox 2839 4159 3057 4230; x_wconf 90' lang='lat' dir='ltr'>optime</span> <span class='ocrx_word' id='word_1_776' title='bbox 3089 4162 3451 4226; x_wconf 86' lang='lat' dir='ltr'>mereantur,</span> <span class='ocrx_word' id='word_1_777' title='bbox 3477 4159 3590 4214; x_wconf 89' lang='lat' dir='ltr'>Deo</span> <span class='ocrx_word' id='word_1_778' title='bbox 3615 4159 3786 4214; x_wconf 91' lang='lat' dir='ltr'>nimi-</span> 
     </span>
    </p>
   </div>
   <div class='ocr_carea' id='block_1_107' title="bbox 2127 4247 3783 4317">
    <p class='ocr_par' dir='ltr' id='par_1_107' title="bbox 2127 4247 3783 4317">
     <span class='ocr_line' id='line_1_109' title="bbox 2127 4247 3783 4317; baseline -0.002 -11"><span class='ocrx_word' id='word_1_779' title='bbox 2127 4269 2256 4306; x_wconf 91' lang='lat' dir='ltr'>rum</span> <span class='ocrx_word' id='word_1_780' title='bbox 2292 4267 2358 4306; x_wconf 87' lang='lat' dir='ltr'>ac</span> <span class='ocrx_word' id='word_1_781' title='bbox 2390 4250 2560 4305; x_wconf 90' lang='lat' dir='ltr'>nobis</span> <span class='ocrx_word' id='word_1_782' title='bbox 2593 4250 2699 4305; x_wconf 91' lang='lat' dir='ltr'>hoc</span> <span class='ocrx_word' id='word_1_783' title='bbox 2731 4250 2959 4317; x_wconf 88' lang='lat' dir='ltr'>dantes,</span> <span class='ocrx_word' id='word_1_784' title='bbox 2994 4253 3058 4303; x_wconf 87' lang='lat' dir='ltr'>ut</span> <span class='ocrx_word' id='word_1_785' title='bbox 3102 4265 3245 4304; x_wconf 88' lang='lat' dir='ltr'>suus</span> <span class='ocrx_word' id='word_1_786' title='bbox 3275 4247 3524 4303; x_wconf 88' lang='lat' dir='ltr'>orationi</span> <span class='ocrx_word' id='word_1_787' title='bbox 3574 4253 3783 4304; x_wconf 72' lang='lat' dir='ltr'>nostra</span> 
     </span>
    </p>
   </div>
   <div class='ocr_carea' id='block_1_108' title="bbox 2129 4337 3782 4409">
    <p class='ocr_par' dir='ltr' id='par_1_108' title="bbox 2129 4337 3782 4409">
     <span class='ocr_line' id='line_1_110' title="bbox 2129 4337 3782 4409; baseline -0.001 -14"><span class='ocrx_word' id='word_1_788' title='bbox 2129 4340 2356 4396; x_wconf 88' lang='lat' dir='ltr'>fructus</span> <span class='ocrx_word' id='word_1_789' title='bbox 2387 4343 2618 4395; x_wconf 87' lang='lat' dir='ltr'>constet</span> <span class='ocrx_word' id='word_1_790' title='bbox 2649 4356 2661 4395; x_wconf 91' lang='lat'>:</span> <span class='ocrx_word' id='word_1_791' title='bbox 2698 4339 2909 4393; x_wconf 90' lang='lat' dir='ltr'>deinde</span> <span class='ocrx_word' id='word_1_792' title='bbox 2939 4342 3006 4393; x_wconf 90' lang='lat' dir='ltr'>ut</span> <span class='ocrx_word' id='word_1_793' title='bbox 3048 4337 3440 4409; x_wconf 87' lang='lat' dir='ltr'>descriptione</span> <span class='ocrx_word' id='word_1_794' title='bbox 3468 4337 3575 4394; x_wconf 89' lang='lat' dir='ltr'>hos</span> <span class='ocrx_word' id='word_1_795' title='bbox 3606 4338 3782 4394; x_wconf 83' lang='lat' dir='ltr'>etiam</span> 
     </span>
    </p>
   </div>
   <div class='ocr_carea' id='block_1_109' title="bbox 2127 4427 3785 4501">
    <p class='ocr_par' dir='ltr' id='par_1_109' title="bbox 2127 4427 3785 4501">
     <span class='ocr_line' id='line_1_111' title="bbox 2127 4427 3785 4501; baseline -0.002 -13"><span class='ocrx_word' id='word_1_796' title='bbox 2127 4447 2330 4488; x_wconf 89' lang='lat' dir='ltr'>omnes</span> <span class='ocrx_word' id='word_1_797' title='bbox 2355 4430 2592 4501; x_wconf 90' lang='lat' dir='ltr'>juvent;</span> <span class='ocrx_word' id='word_1_798' title='bbox 2616 4428 2749 4498; x_wconf 91' lang='lat' dir='ltr'>hos,</span> <span class='ocrx_word' id='word_1_799' title='bbox 2771 4429 3038 4500; x_wconf 90' lang='lat' dir='ltr'>inquam,</span> <span class='ocrx_word' id='word_1_800' title='bbox 3062 4433 3277 4484; x_wconf 87' lang='lat' dir='ltr'>sortem</span> <span class='ocrx_word' id='word_1_801' title='bbox 3303 4444 3517 4496; x_wconf 86' lang='lat' dir='ltr'>meam,</span> <span class='ocrx_word' id='word_1_802' title='bbox 3541 4427 3588 4485; x_wconf 90' lang='lat' dir='ltr'>si</span> <span class='ocrx_word' id='word_1_803' title='bbox 3613 4428 3785 4485; x_wconf 88' lang='lat' dir='ltr'>modo</span> 
     </span>
    </p>
   </div>
   <div class='ocr_carea' id='block_1_110' title="bbox 2047 4658 3783 4732">
    <p class='ocr_par' dir='ltr' id='par_1_110' title="bbox 2047 4658 3783 4732">
     <span class='ocr_line' id='line_1_112' title="bbox 2047 4658 3783 4732; baseline -0.001 -16"><span class='ocrx_word' id='word_1_804' title='bbox 2047 4666 2093 4728; x_wconf 88' lang='lat' dir='ltr'><strong>D</strong></span> <span class='ocrx_word' id='word_1_805' title='bbox 2127 4677 2256 4716; x_wconf 88' lang='lat' dir='ltr'>esse</span> <span class='ocrx_word' id='word_1_806' title='bbox 2312 4660 2467 4732; x_wconf 82' lang='lat' dir='ltr'>inter</span> <span class='ocrx_word' id='word_1_807' title='bbox 2507 4658 2812 4732; x_wconf 74' lang='lat' dir='ltr'>homines,</span> <span class='ocrx_word' id='word_1_808' title='bbox 2837 4660 2940 4730; x_wconf 91' lang='lat' dir='ltr'>qui</span> <span class='ocrx_word' id='word_1_809' title='bbox 2974 4681 3001 4708; x_wconf 83' lang='grc'>‹‹</span> <span class='ocrx_word' id='word_1_810' title='bbox 3033 4659 3324 4732; x_wconf 85' lang='lat' dir='ltr'>tantisper</span> <span class='ocrx_word' id='word_1_811' title='bbox 3368 4681 3396 4710; x_wconf 83' lang='lat'><strong>»</strong></span> <span class='ocrx_word' id='word_1_812' title='bbox 3452 4659 3783 4732; x_wconf 87' lang='lat' dir='ltr'>discipulus</span> 
     </span>
    </p>
   </div>
   <div class='ocr_carea' id='block_1_111' title="bbox 2125 4729 2685 4787">
    <p class='ocr_par' dir='ltr' id='par_1_111' title="bbox 2125 4729 2685 4787">
     <span class='ocr_line' id='line_1_113' title="bbox 2125 4729 2685 4787; baseline -0.009 0"><span class='ocrx_word' id='word_1_813' title='bbox 2125 4748 2253 4787; x_wconf 89' lang='lat' dir='ltr'>esse</span> <span class='ocrx_word' id='word_1_814' title='bbox 2285 4748 2398 4784; x_wconf 90' lang='lat' dir='ltr'>non</span> <span class='ocrx_word' id='word_1_815' title='bbox 2431 4729 2685 4784; x_wconf 86' lang='lat' dir='ltr'>debeat?</span> 
     </span>
    </p>
   </div>
   <div class='ocr_carea' id='block_1_112' title="bbox 2197 4797 3779 4883">
    <p class='ocr_par' dir='ltr' id='par_1_112' title="bbox 2197 4797 3779 4883">
     <span class='ocr_line' id='line_1_114' title="bbox 2197 4797 3779 4883; baseline -0.001 -29"><span class='ocrx_word' id='word_1_816' title='bbox 2197 4803 2309 4883; x_wconf 54' lang='lat' dir='ltr'>(Si)</span> <span class='ocrx_word' id='word_1_817' title='bbox 2340 4801 2536 4883; x_wconf 57' lang='grc' dir='ltr'>Ἱξστω.</span> <span class='ocrx_word' id='word_1_818' title='bbox 2573 4801 2746 4856; x_wconf 86' lang='lat' dir='ltr'>Deest</span> <span class='ocrx_word' id='word_1_819' title='bbox 2801 4799 2858 4853; x_wconf 89' lang='lat' dir='ltr'>in</span> <span class='ocrx_word' id='word_1_820' title='bbox 2917 4803 3080 4855; x_wconf 90' lang='lat' dir='ltr'>Pass.</span> <span class='ocrx_word' id='word_1_821' title='bbox 3118 4800 3257 4873; x_wconf 85' lang='lat' dir='ltr'>Reg.</span> <span class='ocrx_word' id='word_1_822' title='bbox 3301 4818 3352 4869; x_wconf 89' lang='grc' dir='ltr'>ο,</span> <span class='ocrx_word' id='word_1_823' title='bbox 3406 4802 3599 4866; x_wconf 87' lang='lat' dir='ltr'>habet,</span> <span class='ocrx_word' id='word_1_824' title='bbox 3650 4797 3779 4870; x_wconf 64' lang='grc' dir='ltr'>εἴτε,</span> 
     </span>
    </p>
   </div>
   <div class='ocr_carea' id='block_1_113' title="bbox 2126 4873 3780 5026">
    <p class='ocr_par' dir='ltr' id='par_1_113' title="bbox 2126 4873 3780 5026">
     <span class='ocr_line' id='line_1_115' title="bbox 2126 4873 3780 5026; baseline -0.004 -27"><span class='ocrx_word' id='word_1_825' title='bbox 2467 4939 2612 5024; x_wconf 69' lang='grc' dir='ltr'>ὅσον,</span> <span class='ocrx_word' id='word_1_826' title='bbox 2646 4942 2740 5026; x_wconf 75' lang='lat' dir='ltr'>Sic</span> <span class='ocrx_word' id='word_1_827' title='bbox 2769 4945 2886 5026; x_wconf 81' lang='lat' dir='ltr'>tres</span> <span class='ocrx_word' id='word_1_828' title='bbox 2930 4943 3128 5026; x_wconf 79' lang='lat' dir='ltr'>Regg.,</span> <span class='ocrx_word' id='word_1_829' title='bbox 3163 4945 3270 4998; x_wconf 90' lang='lat' dir='ltr'>etc.</span> <span class='ocrx_word' id='word_1_830' title='bbox 3308 4945 3368 5026; x_wconf 84' lang='lat' dir='ltr'>In</span> <span class='ocrx_word' id='word_1_831' title='bbox 3403 4943 3517 5026; x_wconf 81' lang='lat' dir='ltr'>ed.,</span> <span class='ocrx_word' id='word_1_832' title='bbox 3551 4940 3780 5026; x_wconf 43' lang='grc' dir='ltr'>καὶούχ</span> 
     </span>
    </p>
   </div>
   <div class='ocr_carea' id='block_1_114' title="bbox 2121 5013 3778 5087">
    <p class='ocr_par' dir='ltr' id='par_1_114' title="bbox 2121 5013 3778 5087">
     <span class='ocr_line' id='line_1_116' title="bbox 2121 5013 3778 5087; baseline 0.001 -17"><span class='ocrx_word' id='word_1_833' title='bbox 2121 5013 2322 5084; x_wconf 68' lang='grc' dir='ltr'>ὅσον,’‹‹</span> <span class='ocrx_word' id='word_1_834' title='bbox 2357 5032 2462 5071; x_wconf 92' lang='lat' dir='ltr'>nec</span> <span class='ocrx_word' id='word_1_835' title='bbox 2495 5015 2734 5086; x_wconf 87' lang='lat' dir='ltr'>perinde</span> <span class='ocrx_word' id='word_1_836' title='bbox 2781 5019 2958 5086; x_wconf 87' lang='lat' dir='ltr'>atque</span> <span class='ocrx_word' id='word_1_837' title='bbox 2989 5013 3234 5087; x_wconf 85' lang='lat' dir='ltr'>dignum</span> <span class='ocrx_word' id='word_1_838' title='bbox 3266 5020 3372 5086; x_wconf 90' lang='lat' dir='ltr'>est,</span> <span class='ocrx_word' id='word_1_839' title='bbox 3403 5037 3430 5065; x_wconf 87' lang='grc'><strong>››</strong></span> <span class='ocrx_word' id='word_1_840' title='bbox 3462 5019 3524 5070; x_wconf 89' lang='lat' dir='ltr'>ut</span> <span class='ocrx_word' id='word_1_841' title='bbox 3571 5013 3778 5072; x_wconf 50' lang='lat' dir='ltr'>Billiu&#39;s</span> 
     </span>
    </p>
   </div>
   <div class='ocr_carea' id='block_1_115' title="bbox 2121 5090 2566 5160">
    <p class='ocr_par' dir='ltr' id='par_1_115' title="bbox 2121 5090 2566 5160">
     <span class='ocr_line' id='line_1_117' title="bbox 2121 5090 2566 5160; baseline -0.007 -16"><span class='ocrx_word' id='word_1_842' title='bbox 2121 5090 2566 5160; x_wconf 72' lang='lat' dir='ltr'>interpretatur.</span> 
     </span>
    </p>
   </div>
   <div class='ocr_carea' id='block_1_116' title="bbox 2192 5155 3671 5234">
    <p class='ocr_par' dir='ltr' id='par_1_116' title="bbox 2192 5155 3671 5234">
     <span class='ocr_line' id='line_1_118' title="bbox 2192 5155 3671 5234; baseline -0.005 -19"><span class='ocrx_word' id='word_1_843' title='bbox 2192 5155 2304 5233; x_wconf 84' lang='grc'>(53)</span> <span class='ocrx_word' id='word_1_844' title='bbox 2339 5157 2651 5234; x_wconf 69' lang='grc' dir='ltr'>Καρτερίας.</span> <span class='ocrx_word' id='word_1_845' title='bbox 2697 5157 2872 5217; x_wconf 84' lang='lat' dir='ltr'>Coisl.</span> <span class='ocrx_word' id='word_1_846' title='bbox 2903 5160 2956 5224; x_wconf 84' lang='lat'>2,</span> <span class='ocrx_word' id='word_1_847' title='bbox 2982 5155 3289 5234; x_wconf 72' lang='grc' dir='ltr'>σωτηρίας,</span> <span class='ocrx_word' id='word_1_848' title='bbox 3325 5179 3353 5208; x_wconf 76' lang='grc' dir='ltr'>ι(</span> <span class='ocrx_word' id='word_1_849' title='bbox 3384 5156 3617 5234; x_wconf 70' lang='lat' dir='ltr'>salutis,</span> <span class='ocrx_word' id='word_1_850' title='bbox 3642 5179 3671 5208; x_wconf 89' lang='grc'>››</span> 
     </span>
    </p>
   </div>
   <div class='ocr_carea' id='block_1_117' title="bbox 2192 5227 3779 5303">
    <p class='ocr_par' dir='ltr' id='par_1_117' title="bbox 2192 5227 3779 5303">
     <span class='ocr_line' id='line_1_119' title="bbox 2192 5227 3779 5303; baseline -0.005 -15"><span class='ocrx_word' id='word_1_851' title='bbox 2192 5227 2303 5300; x_wconf 72' lang='grc'>(54)</span> <span class='ocrx_word' id='word_1_852' title='bbox 2339 5233 2398 5288; x_wconf 90' lang='lat'>&#39;0</span> <span class='ocrx_word' id='word_1_853' title='bbox 2420 5227 2526 5303; x_wconf 68' lang='grc' dir='ltr'>’μὲν</span> <span class='ocrx_word' id='word_1_854' title='bbox 2561 5227 2727 5301; x_wconf 75' lang='grc' dir='ltr'>ἔνθεν,</span> <span class='ocrx_word' id='word_1_855' title='bbox 2761 5236 2870 5284; x_wconf 91' lang='lat' dir='ltr'>etc.</span> <span class='ocrx_word' id='word_1_856' title='bbox 2905 5252 2932 5279; x_wconf 87' lang='grc'>‹‹</span> <span class='ocrx_word' id='word_1_857' title='bbox 2965 5227 3318 5292; x_wconf 63' lang='grc' dir='ltr'>ΑΙίιιεᾟὶηο.</span> <span class='ocrx_word' id='word_1_858' title='bbox 3353 5229 3505 5286; x_wconf 86' lang='lat' dir='ltr'>alius</span> <span class='ocrx_word' id='word_1_859' title='bbox 3534 5229 3721 5297; x_wconf 91' lang='lat' dir='ltr'>illinc,</span> <span class='ocrx_word' id='word_1_860' title='bbox 3752 5252 3779 5280; x_wconf 71' lang='grc' dir='ltr'>ι»</span> 
     </span>
    </p>
   </div>
   <div class='ocr_carea' id='block_1_118' title="bbox 2123 5309 2905 5446">
    <p class='ocr_par' dir='ltr' id='par_1_118' title="bbox 2123 5309 2905 5446">
     <span class='ocr_line' id='line_1_120' title="bbox 2123 5309 2905 5446; baseline -0.005 -17"><span class='ocrx_word' id='word_1_861' title='bbox 2123 5309 2309 5446; x_wconf 65' lang='lat' dir='ltr'>eu(55)</span> <span class='ocrx_word' id='word_1_862' title='bbox 2338 5374 2426 5428; x_wconf 87' lang='grc' dir='ltr'>Ἣ.</span> <span class='ocrx_word' id='word_1_863' title='bbox 2460 5371 2762 5446; x_wconf 79' lang='lat' dir='ltr'>Nonnulli,</span> <span class='ocrx_word' id='word_1_864' title='bbox 2793 5369 2905 5425; x_wconf 87' lang='grc' dir='ltr'>καί.</span> 
     </span>
    </p>
   </div>
   <div class='ocr_carea' id='block_1_119' title="bbox 2197 5443 3043 5518">
    <p class='ocr_par' dir='ltr' id='par_1_119' title="bbox 2197 5443 3043 5518">
     <span class='ocr_line' id='line_1_121' title="bbox 2197 5443 3043 5518; baseline -0.002 -18"><span class='ocrx_word' id='word_1_865' title='bbox 2379 5449 2617 5518; x_wconf 83' lang='grc' dir='ltr'>Πυρῖτιν.</span> <span class='ocrx_word' id='word_1_866' title='bbox 2700 5443 2834 5514; x_wconf 75' lang='lat' dir='ltr'>Reg.</span> <span class='ocrx_word' id='word_1_867' title='bbox 2910 5445 3043 5509; x_wconf 91' lang='lat' dir='ltr'>bm,</span> 
     </span>
    </p>
   </div>
   <div class='ocr_carea' id='block_1_120' title="bbox 2125 5538 3779 5660">
    <p class='ocr_par' dir='ltr' id='par_1_120' title="bbox 2125 5538 3779 5660">
     <span class='ocr_line' id='line_1_122' title="bbox 2125 5538 2242 5570; baseline 0 -1"><span class='ocrx_word' id='word_1_868' title='bbox 2125 5538 2242 5570; x_wconf 83' lang='grc' dir='ltr'>ττν.</span> 
     </span>
     <span class='ocr_line' id='line_1_123' title="bbox 2182 5549 3779 5660; baseline -0.003 -18"><span class='ocrx_word' id='word_1_869' title='bbox 2182 5549 2308 5660; x_wconf 51' lang='lat' dir='ltr'>l(57)</span> <span class='ocrx_word' id='word_1_870' title='bbox 2343 5589 2438 5642; x_wconf 77' lang='grc' dir='ltr'>Διά</span> <span class='ocrx_word' id='word_1_871' title='bbox 2483 5592 2581 5660; x_wconf 80' lang='grc' dir='ltr'>τῆς</span> <span class='ocrx_word' id='word_1_872' title='bbox 2633 5584 2982 5660; x_wconf 66' lang='grc' dir='ltr'>ᾀπογραφῆς.</span> <span class='ocrx_word' id='word_1_873' title='bbox 3019 5609 3044 5636; x_wconf 86' lang='grc'><em>‹‹</em></span> <span class='ocrx_word' id='word_1_874' title='bbox 3078 5588 3184 5641; x_wconf 84' lang='lat' dir='ltr'>Per</span> <span class='ocrx_word' id='word_1_875' title='bbox 3241 5586 3720 5660; x_wconf 79' lang='lat' dir='ltr'>descriptionem,</span> <span class='ocrx_word' id='word_1_876' title='bbox 3752 5607 3779 5633; x_wconf 80' lang='grc'><strong>››</strong></span> 
     </span>
    </p>
   </div>
   <div class='ocr_carea' id='block_1_121' title="bbox 2128 5656 3776 5742">
    <p class='ocr_par' dir='ltr' id='par_1_121' title="bbox 2128 5656 3776 5742">
     <span class='ocr_line' id='line_1_124' title="bbox 2128 5656 3776 5742; baseline -0.004 -28"><span class='ocrx_word' id='word_1_877' title='bbox 2128 5656 2407 5742; x_wconf 63' lang='lat' dir='ltr'>nimirum</span> <span class='ocrx_word' id='word_1_878' title='bbox 2444 5656 2920 5742; x_wconf 43' lang='lat' dir='ltr'>Juliaiiimpera,</span> <span class='ocrx_word' id='word_1_879' title='bbox 2973 5661 3322 5716; x_wconf 85' lang='lat' dir='ltr'>tributorum</span> <span class='ocrx_word' id='word_1_880' title='bbox 3371 5656 3776 5730; x_wconf 57' lang='lat' dir='ltr'>exaquatoris,</span> 
     </span>
    </p>
   </div>
   <div class='ocr_carea' id='block_1_122' title="bbox 2129 5733 2806 5808">
    <p class='ocr_par' dir='ltr' id='par_1_122' title="bbox 2129 5733 2806 5808">
     <span class='ocr_line' id='line_1_125' title="bbox 2129 5733 2806 5808; baseline -0.006 -20"><span class='ocrx_word' id='word_1_881' title='bbox 2129 5733 2405 5808; x_wconf 85' lang='lat' dir='ltr'>Gregorio</span> <span class='ocrx_word' id='word_1_882' title='bbox 2440 5733 2806 5789; x_wconf 83' lang='lat' dir='ltr'>amicissimi.</span> 
     </span>
    </p>
   </div>
   <div class='ocr_carea' id='block_1_123' title="bbox 3118 5442 3782 5516">
    <p class='ocr_par' dir='ltr' id='par_1_123' title="bbox 3118 5442 3782 5516">
     <span class='ocr_line' id='line_1_126' title="bbox 3118 5442 3782 5516; baseline -0.009 -16"><span class='ocrx_word' id='word_1_883' title='bbox 3118 5449 3173 5500; x_wconf 86' lang='lat' dir='ltr'>et</span> <span class='ocrx_word' id='word_1_884' title='bbox 3240 5445 3413 5502; x_wconf 87' lang='lat' dir='ltr'>Goisl.</span> <span class='ocrx_word' id='word_1_885' title='bbox 3485 5447 3549 5515; x_wconf 86' lang='grc'>1,</span> <span class='ocrx_word' id='word_1_886' title='bbox 3625 5442 3782 5516; x_wconf 84' lang='grc' dir='ltr'>πυρί-</span> 
     </span>
    </p>
   </div>
  </div>
