4090 6448
333 384 486 449 1047

1576 390 1641 451 S.
1690 385 2064 451 GREGORII
2112 382 2506 445 THEOLOGI

3636 388 3802 455 1048

331 536 460 593 quae
506 524 751 594 paterna
799 540 948 595 sors,
972 541 1104 580 mea
1146 527 1441 581 censenda
1485 530 1591 591 est,
1644 539 1862 590 meum,
1898 521 1986 575 in-

2134 515 2467 590 υμοῦμενος.
2500 516 2569 570 Τὸ
2600 513 2657 571 δὲ
2685 516 3004 589 κάλλιστον,
3038 517 3143 591 ὅτι,
3176 520 3204 574 ὃ
3255 518 3454 575 πολλᾶ
3510 525 3800 593 πονήσαν-

334 625 534 680 quam,
561 628 821 684 gregem,
846 630 1015 683 quem
1051 613 1286 684 quidem
1321 614 1433 669 nisi
1466 613 1742 669 omnibus
1772 610 1988 667 beneﬁ-

336 699 442 754 ciis
474 716 686 772 augere
719 703 1041 772 studerem,
1074 703 1443 774 iniquissime
1473 704 1744 758 facerem.
1778 702 1840 755 In
1876 717 1990 772 quo

338 789 517 845 etiam
550 789 695 846 illud
728 798 817 846 est
848 792 1577 864 praeclarissimum,quod,
1598 797 1663 846 ut
1691 810 1722 845 a
1745 807 1837 846 me
1868 807 1991 844 ser-

340 896 576 934 monem
600 880 936 951 impetrent,
964 880 1069 936 hoc
1094 883 1288 953 ipsum
1313 882 1753 952 oﬂ‘erunt,quod
1780 884 1842 934 ut
1864 896 1995 934 con-

341 984 637 1040 sequerer,
664 986 914 1041 magnus
937 970 1077 1024 mihi
1115 970 1277 1025 labor
1307 972 1365 1024 in
1398 971 1643 1025 dicendo
1667 968 1991 1040 suscipien-

340 1057 452 1113 dus
504 1058 730 1113 fuisset.
766 1058 809 1113 Ο
864 1058 1200 1129 praeclaram
1253 1060 1847 1130 contentionem,qua
1904 1074 1997 1113 me

338 1147 569 1202 vincere
602 1148 984 1203 adnituntur!
1021 1164 1051 1203 ο
1081 1147 1373 1220 insignem
1416 1147 1864 1203 liberalitatem!
1898 1145 1995 1200 Vi-

339 1236 469 1291 dete
499 1235 637 1306 quid
689 1235 990 1291 silentium
1041 1241 1310 1293 nostrum
1360 1237 1614 1292 effecerit
1648 1253 1660 1290 :
1693 1238 1889 1307 majus
1936 1235 1996 1289 in

2101 628 2192 669 τας
2226 603 2333 660 ἔδει
2360 608 2696 683 κατορθῶσαι
2729 614 2844 671 τοῖς
2879 608 3088 684 lci-[3:4,
3121 614 3279 665 τοῦτο
3322 611 3467 688 ὑπὶρ
3524 616 3645 667 τῶν
3703 609 3805 668 λό-

2100 718 2208 772 γων
2260 694 2433 750 αὐτῶν
2486 695 2848 774 εἰσφέρουσιν.
2892 700 2956 753 Ὠ
2998 706 3098 768 τῆς
3150 699 3328 769 καλῆς
3398 699 3804 779 φιλονεικίας,

2101 787 2161 854 ἣν
2197 784 2294 858 ἐμὲ
2324 793 2537 855 νικῆσαι
2574 785 2972 863 φιλονεικοῦσιν
3003 790 3012 843 !
3047 790 3112 842 Ὢ
3149 792 3246 858 τῆς
3297 790 3616 860 ἐπαινετῆς
3678 791 3806 847 κᾶπι-

2104 871 2306 936 δόσεως
2334 877 2344 929 l
2380 876 2567 949 Ὁρᾶτε
2596 874 2831 945 πηλίκον
2863 877 2925 930 τὸ
2958 875 3115 952 ἔργον
3160 885 3261 947 τῆς
3312 878 3463 951 ἐμῆς
3519 888 3760 949 σιωπῆς
3790 901 3805 916 ·

2105 963 2299 1025 αὐτοὺς
2361 964 2486 1035 ὑμῖν
2546 965 2814 1034 πεποίηκε
2868 966 2995 1027 τοὺς
3051 966 3249 1042 λόγους
3324 970 3804 1046 ποθεινοτέρους.

2105 1054 2293 1127 Ὀρᾶτε
2348 1053 2439 1106 τὸν
2494 1054 2700 1128 καρπὸν
2751 1061 2850 1124 τῆς
2900 1052 3116 1125 ἀδοξίας
3166 1064 3267 1126 τῆς
3318 1057 3621 1133 ἡμετέρας

2106 1138 2230 1196 Εἴθε
2260 1163 2309 1195 τι
2342 1140 2550 1216 γένοιτο
2606 1142 2695 1196 καὶ
2742 1147 2848 1197 τῶν
2884 1142 3065 1219 λόγων
3094 1150 3350 1201 τοσοῦτον
3385 1143 3637 1225 ὄφελος,
3677 1147 3807 1204 ὅσον

2105 1237 2204 1300 τῆς
2235 1238 2475 1300 σιωπῆς.

336 1325 503 1380 vobis
533 1341 872 1381 sermonum
904 1326 1169 1398 ipsorum
1202 1326 1560 1382 desiderium
1592 1325 1883 1381 excitavit.
1917 1324 2123 1379 Videte
2154 1338 2328 1393 quem
2384 1322 2639 1377 fructum
2690 1338 2859 1379 meus
2898 1323 3095 1395 glorias
3127 1330 3521 1399 contemptus
3553 1346 3812 1401 pepere-

337 1414 433 1470 rit.
469 1414 705 1471 Utinam
739 1421 1027 1486 quantum
1060 1417 1333 1473 utilitatis
1363 1416 1665 1472 silentium
1698 1414 1917 1486 attulit,
1948 1417 2181 1470 tantum
2214 1428 2515 1467 sermones
2544 1412 2659 1483 ipsi
2689 1412 2954 1468 afferant.

411 1502 506 1557 IV.
540 1503 827 1569 Quoniam
878 1506 1059 1577 igitur
1113 1505 1319 1576 placet,
1362 1510 1534 1575 atque
1582 1504 1867 1559 invictum
1917 1502 2002 1557 vi-

341 1592 527 1663 cistis,
562 1610 627 1648 ac
670 1594 740 1648 de
785 1598 988 1650 nostra
1035 1594 1409 1666 philosophia
1452 1601 1736 1665 tropaeum
1790 1594 2003 1649 statui-

344 1684 474 1751 stis,
507 1698 632 1754 age,
656 1682 874 1754 aliquid
919 1685 989 1739 ad
1021 1701 1123 1739 vos
1173 1684 1363 1739 dicam
1396 1683 1625 1739 silentio
1676 1683 1888 1739 melius
1938 1698 2004 1737 ac

344 1771 759 1845 praestabilius.
784 1772 940 1828 Nihil
972 1772 1154 1845 igitur
1178 1772 1355 1828 molle
1384 1789 1450 1828 ac
1483 1773 1824 1839 remissum,
1857 1770 2004 1826 nihil

2186 1503 2256 1554 A'.
2290 1497 2501 1555 Οὐκοῦν
2545 1496 2730 1568 ἐπειδὴ
2780 1504 2947 1554 ταῦτα
2996 1498 3165 1572 δοκεῖ,
3216 1501 3304 1556 καὶ
3335 1506 3688 1574 νενικήκατε
3718 1507 3812 1560 τὸν

2113 1586 2387 1657 ἀήττητον
2439 1590 2573 1660 (59),
2622 1588 2712 1641 καὶ
2758 1587 3019 1664 τρόπαιον
3073 1589 3329 1661 ἐστήσατε
3361 1594 3486 1665 (60)
3524 1596 3676 1648 κατὰ
3706 1601 3810 1664 τῆς

2114 1675 2254 1747 ἐμῆς
2287 1675 2631 1753 φιλοσοφίας,
2668 1679 2796 1753 φέρε
2822 1699 2875 1731 τι
2908 1678 3224 1755 φθέγξωμαι
3265 1682 3377 1753 (61)
3428 1681 3587 1756 πρὸς
3634 1682 3805 1757 ὐμᾶς,

2112 1773 2213 1835 τῆς
2263 1773 2477 1834 σιωπῆς
2528 1768 2771 1839 ἄμεινον.
2824 1766 3133 1843 Φθέγξομαι
3170 1774 3497 1845 τοιγαροῦν,
3570 1773 3639 1826 οὗ
3703 1795 3806 1847 μα-

345 1878 665 1917 numerosa
695 1860 1085 1916 concinnitate
1130 1861 1495 1916 multitudini
1518 1862 1854 1933 jucundum
1886 1860 2002 1917 elo-

2129 1850 2283 1909 Kaxdv
2330 1877 2381 1909 τι
2431 1855 2519 1909 καὶ
2576 1850 3045 1929 ἀναϐεϐλημένον,
3091 1856 3217 1912 οὐδὲ
3263 1866 3363 1928 τῆς
3394 1857 3656 1932 ἡδίστης
3686 1867 3806 1925 τοῖς

345 1967 521 2024 quar;
558 1967 673 2006 non
706 1950 859 2006 enim
905 1950 1178 2007 eximiam
1211 1951 1462 2024 gratiam
1506 1953 1619 2007 mei
1671 1950 2007 2007 amantibus

344 2040 749 2112 rependerem,
800 2039 907 2095 hoc
959 2040 1242 2096 orationis
1290 2056 1503 2113 genere
1553 2045 1757 2109 utens;
1806 2056 2007 2095 verum

345 2130 666 2185 admodum
718 2129 962 2185 robusta
1006 2133 1063 2184 et
1112 2129 1232 2185 acri
1284 2147 1350 2185 ac
1401 2129 1729 2186 vehementi
1777 2129 2011 2184 dicendi

346 2218 573 2273 ratione
606 2223 758 2281 utar,
792 2223 849 2274 et
881 2235 995 2290 qua
1049 2218 1160 2290 ipsi
1196 2219 1443 2274 fortasse
1474 2219 1745 2274 meliores
1795 2218 2010 2273 efﬁcie-

347 2307 515 2374 mini,
549 2307 831 2361 nimirum
866 2324 900 2361 a
927 2324 1103 2362 carne
1143 2308 1214 2363 ad
1247 2309 1522 2380 spiritum
1555 2307 1846 2371 translati,
1882 2308 2012 2362 ani-

348 2395 581 2467 misque
613 2396 670 2450 in
702 2395 889 2451 altum
920 2397 1153 2452 abunde
1200 2397 1485 2452 subvecti.
1520 2399 1658 2453 Filii
1701 2398 2008 2467 hominum,

348 2501 625 2558 usquequo
664 2487 826 2555 gravi
865 2485 1062 2540 corde?
1092 2486 1350 2556 (initium
1385 2486 1541 2541 enim
1576 2503 1609 2541 a
1637 2486 1855 2541 Davide
1902 2487 2012 2539 du-

351 2593 500 2643 cam,
526 2575 809 2647 propheta
839 2576 896 2629 in
930 2575 1174 2631 dicendo
1207 2576 1462 2631 maxime
1488 2576 1785 2645 sublimi;)
1817 2576 2013 2648 utquid

348 2666 581 2737 diligitis
625 2667 945 2736 vanitatem,
980 2669 1033 2721 et
1073 2666 1327 2737 quaeritis
1356 2665 1713 2721 mendacium
1734 2666 1823 2720 8‘?
1853 2665 2013 2721 Hanc

349 2755 571 2812 scilicet
599 2755 799 2823 vitam,
836 2760 891 2810 et
921 2755 1188 2823 delicias,
1212 2761 1269 2811 et
1298 2756 1570 2827 exiguam
1604 2755 1932 2828 gloriolam,
1956 2760 2010 2811 et

348 2844 633 2901 humilem
668 2845 1086 2917 potentiam,et
1124 2844 1335 2901 falsam
1376 2845 1851 2918 prosperitatem,
1887 2862 2010 2900 ma-

347 2951 531 3008 gnum
564 2934 781 3004 aliquid
822 2939 879 2989 et
928 2934 1193 3005 amplum
1244 2952 1375 2991 esse
1423 2936 1847 2991 existimantes.
1880 2939 2012 2991 Haec

344 3028 547 3079 tamen
590 3040 707 3077 non
742 3023 931 3095 magis
961 3040 1163 3078 eorum
1211 3024 1314 3095 qui
1362 3041 1431 3079 ea
1478 3024 1799 3095 possident,
1832 3040 2007 3094 quam

344 3129 545 3168 eorum
573 3112 668 3181 qui
699 3128 766 3167 ea
797 3112 855 3165 in
881 3127 983 3183 spe
1014 3112 1256 3179 habent,
1280 3113 1544 3184 propria;
1578 3128 1767 3184 neque
1798 3113 2010 3167 horum

346 3218 556 3257 rursus
606 3201 817 3271 magis,
853 3218 1031 3272 quam
1061 3200 1300 3256 illorum
1332 3202 1487 3273 apud
1520 3218 1670 3272 quos
1716 3218 1790 3256 ne
1819 3202 1878 3255 in
1911 3218 2006 3256 ex-

348 3291 713 3362 spectatione
745 3289 985 3361 quidem
1018 3306 1282 3360 unquam
1314 3291 1552 3345 fuerunt
1581 3306 1594 3343 :
1623 3306 1823 3344 verum
1859 3290 2013 3344 366

349 3385 415 3436 ut
446 3379 642 3452 pulvis
676 3396 707 3433 a
736 3378 971 3434 turbine
990 3379 1059 3449 ³³,
1084 3379 1169 3433 sic
1208 3395 1277 3434 ea
1330 3379 1400 3435 ab
1447 3378 1579 3434 aliis
1608 3383 1667 3434 et
1696 3378 1843 3434 alios
1874 3379 2014 3434 sub-

350 3469 488 3524 inde
517 3466 878 3523 ventilantur
924 3471 1101 3539 atque
1148 3467 1474 3538 jactentur,
1507 3472 1563 3523 et
1610 3467 1765 3523 sicut
1815 3468 2013 3524 fumus

2116 1943 2352 2007 πολλοῖς
2406 1946 2668 2021 ἁρμονίας
2716 1942 2863 2020 (οὐδὲ
2911 1948 3013 2023 γάρ
3085 1946 3141 2003 ἒὶν
3195 1948 3380 2010 καλῶς
3436 1946 3803 2026 ἀμειϐοίμην

2116 2033 2246 2096 τοὺς
2288 2034 2454 2107 ἐμοὺς
2503 2033 2751 2109 ἐραστὰς,
2802 2034 2946 2089 οὕτω
2998 2033 3438 2112 διαλεγόμενος),
3502 2037 3666 2095 ἀλλὰ
3714 2041 3805 2095 καὶ

2121 2122 2241 2178 λίαν
2295 2121 2547 2199 ἀνδρικόν
2596 2145 2655 2178 τε
2705 2126 2794 2178 καὶ
2841 2124 3093 2179 σύντονον
3146 2130 3281 2199 (62),
3332 2127 3425 2182 καὶ
3482 2130 3533 2201 ᾦ
3566 2129 3723 2204 τάχα
3749 2130 3806 2184 ἃν

2121 2212 2373 2285 ἀμείνους
2427 2212 2689 2287 γένοισθε,
2751 2214 2857 2267 ἀπὸ
2913 2221 3013 2284 τῆς
3074 2217 3267 2290 σαρκὸς
3325 2216 3413 2270 ἰπὶ
3467 2219 3537 2272 τὸ
3590 2224 3814 2291 πνεῦμα

2124 2303 2555 2377 μετενεχθέντες,
2600 2302 2690 2357 καὶ
2744 2303 3049 2377 ὐψωθέντες
3108 2306 3306 2365 ἱκανῶς
3365 2307 3471 2374 τὴν
3530 2305 3807 2363 διάνοιαν.

2121 2391 2237 2445 Υἱοὶ
2298 2393 2624 2467 ἀνθρώπων,
2681 2392 2785 2453 ἓως
2843 2393 2974 2447 πότε
3048 2392 3401 2470 βαρυκάρδιοι
3466 2398 3809 2471 (προοιμιά-

2121 2502 2289 2553 σομαι
2369 2482 2473 2556 γὰρ
2549 2481 2687 2555 πρὸς
2762 2482 2899 2554 ὑμᾶς
2967 2481 3027 2536 ἐκ
3097 2488 3192 2537 τοῦ
3251 2482 3808 2562 μεγαλοφωνοτάτου

2122 2565 2351 2639 Δαϐἰδ);
2412 2572 2526 2624 "Ich
2582 2570 2635 2625 τί
2692 2570 2935 2646 ἀγαπᾶτε
2998 2571 3353 2645 ματαιότητα,
3415 2574 3514 2627 καὶ
3586 2581 3807 2644 ζητεῖτε

2120 2656 2339 2733 ψεῦδος,
2394 2657 2534 2734 μέγα
2576 2680 2628 2713 τι
2665 2660 2756 2714 τὸν
2808 2659 3031 2715 ἐνταῦθα
3084 2660 3225 2736 βίον,
3276 2663 3364 2716 καὶ
3413 2664 3521 2733 τὴν
3555 2665 3796 2743 τρυφήν,

2119 2749 2208 2803 καὶ
2239 2749 2301 2803 τὸ
2337 2750 2528 2824 μικρὸν
2564 2746 2832 2824 δοξάριον,
2868 2751 2958 2805 καὶ
2988 2750 3088 2818 τήν
3140 2753 3398 2821 ταπεινὴν
3455 2752 3805 2826 δυναστείαν,

2120 2839 2209 2895 καὶ
2265 2841 2363 2909 τὴν
2414 2837 2756 2914 ψευδομένην
2812 2837 3107 2914 εὐημερίαν
3160 2836 3695 2913 ὑπολαμϐάνοντες;
3733 2845 3799 2896 "A

2125 2931 2202 3003 μή
2235 2934 2340 2984 τῶν
2374 2928 2613 3004 ἑχόντων
2654 2928 2866 3002 μᾶλλόν
2901 2929 3040 2984 ἐστιν
3073 2931 3231 2999 ἣτῶν
3259 2928 3638 3003 ἐλπισάντων,
3676 2929 3803 2986 οὐδὲ

2118 3019 2327 3074 τούτων
2387 3016 2600 3091 μᾶλλον
2650 3020 2683 3088 ἢ
2727 3024 2835 3074 τῶν
2866 3017 2990 3073 οὐδὲ
3022 3004 3531 3093 προσδοκησάντων
3563 3039 3577 3054 ·
3614 3020 3796 3096 ὥσπερ

2119 3113 2259 3184 χοῦς
2301 3108 2405 3162 ὑπὸ
2460 3107 2729 3170 λαίλαπος
2778 3106 2982 3164 ἄλλοτε
3027 3108 3103 3170 εἰς
3134 3106 3340 3171 ἄλλους
3374 3109 3715 3185 ῥιπιζόμενά
3742 3130 3801 3165 τε

2122 3197 2213 3251 καὶ
2269 3195 2796 3271 μεταρριπτούμενα,
2855 3198 2889 3265 ἣ
2941 3196 3122 3272 ὥσπερ
3180 3198 3383 3259 καπνὸς
3446 3196 3799 3275 διαρῥέοντα,

2123 3285 2213 3339 καὶ
2267 3285 2341 3347 ὡς
2391 3281 2517 3360 ὄναρ
2568 3286 2850 3358 παίζοντα,
2892 3286 2982 3340 καὶ
3039 3287 3113 3347 ὡς
3156 3286 3278 3341 σκιὰ
3311 3287 3386 3359 μή
3420 3286 3795 3364 κρατούμενα⁶

2125 3372 2249 3428 οὕτε
2280 3373 2483 3429 ἀπόντα
2514 3371 2845 3428 δυσέλπιστα
2871 3380 2989 3436 τοῖς
3023 3374 3083 3429 οὐ
3115 3374 3503 3447 κεκτημένοις,
3541 3377 3670 3431 οὑτε
3700 3395 3798 3430 πα-

2128 3463 2286 3540 ρόντα
2317 3464 2484 3518 πιστὰ
2514 3468 2632 3525 τοῖς
2664 3462 2907 3539 ἔχουσιν,

353 3558 699 3613 dilabuntur
718 3558 782 3625 ⁸³,
816 3562 873 3613 et
904 3561 1188 3629 tanquam
1220 3556 1581 3613 insomnium
1615 3557 1886 3613 homines
1918 3555 2289 3620 deludunt“,
2323 3556 2662 3627 umbraeque
2688 3554 2895 3624 instar,
2930 3556 3203 3612 manibus
3232 3556 3415 3612 teneri
3452 3559 3789 3630 nequeunt;

350 3664 417 3704 ac
449 3648 701 3718 denique
733 3647 816 3703 ita
846 3650 1183 3718 comparata
1214 3651 1374 3712 sunt,
1408 3651 1472 3703 ut
1525 3662 1651 3713 nec,
1687 3663 1820 3702 cum
1854 3646 2090 3713 absunt,
2122 3645 2193 3700 de
2241 3643 2313 3700 iis
2366 3645 2798 3715 eonsequendis
2845 3646 3177 3719 desperent,
3210 3646 3311 3717 qui
3359 3664 3481 3703 non
3539 3648 3789 3713 habent;

350 3752 456 3791 nec
487 3752 622 3790 eum
654 3736 894 3803 adsunt,
925 3734 1281 3791 habentibus
1313 3735 1430 3790 ﬁda
1461 3738 1518 3789 et
1544 3740 1705 3790 certa
1734 3735 1873 3790 sint.

420 3828 488 3880 V.
532 3825 658 3880 Non
705 3824 764 3879 in
816 3824 1028 3880 caelum
1088 3842 1328 3881 sursum
1388 3824 1826 3895 suspiciamus?
1883 3825 2007 3879 Non

348 3912 865 3986 expergiscemur?
902 3913 1029 3968 Non
1062 3912 1246 3969 lemas
1276 3930 1344 3969 ex
1376 3913 1561 3971 oculis
1592 3913 2011 3969 detrahemus?

348 4000 497 4069 Non,
524 4017 797 4073 quasnam
827 4017 973 4055 verae
1004 4000 1217 4055 divitiis
1246 4005 1405 4065 sunt,
1430 4000 1867 4073 intelligemus?
1900 4000 2009 4064 Qui

348 4105 521 4147 verus
553 4089 873 4161 splendor?
916 4089 1022 4144 Ubi
1056 4090 1310 4161 dignitas
1362 4088 1708 4145 mutationis
1755 4089 2009 4161 expers?

349 4181 485 4244 Quae
506 4179 683 4233 ﬁnem
708 4179 976 4234 nesciens
998 4178 1336 4233 beatitudo?
1358 4178 1465 4233 Ubi
1488 4179 1711 4233 bonum
1733 4177 1880 4231 illud
1905 4194 2009 4232 nec

349 4269 665 4335 ﬂuctuans,
691 4284 797 4323 nec
820 4267 934 4322 alio
959 4267 1244 4339 migrans,
1267 4282 1373 4322 nec
1396 4266 1632 4321 insidiis
1654 4266 2012 4321 obnoxium?

349 4357 475 4412 Non
526 4357 649 4411 haec
698 4356 904 4411 multis
955 4354 1280 4425 laboribus,
1332 4355 1784 4427 sudoribusque,
1828 4355 1877 4410 si
1928 4355 2011 4410 ita

349 4444 671 4517 contingat,
695 4444 1128 4515 adipiscemur?
1149 4447 1298 4510 Non,
1328 4445 1374 4500 si
1401 4444 1540 4515 quid
1567 4443 1795 4500 deliciis
1818 4443 1877 4499 in
1901 4444 2009 4499 hac

346 4534 468 4590 vita
499 4534 762 4589 dandum
813 4537 922 4603 est,
955 4549 1152 4589 rerum
1185 4534 1519 4589 futurarum
1568 4551 1704 4606 spes
1733 4551 1836 4606 pro
1870 4532 2010 4588 deli-

348 4622 455 4679 ciis
487 4622 878 4679 habebimus?
907 4622 1032 4679 Non
1066 4622 1621 4693 animadvertemus,
1645 4627 1769 4679 tum
1804 4639 2009 4679 omnes

2190 3818 2412 3886 Ε’,Οὖκ
2469 3813 2849 3893 ἁναϐλέψομεν
2911 3820 2986 3883 εἰς
3040 3822 3130 3876 τὸν
3191 3821 3416 3896 οὐρανὸν
3475 3822 3631 3893 eive);
3690 3820 3787 3875 οὐκ

2117 3909 2470 3981 ἑκνήῲομεν;
2526 3909 2586 3963 οὐ
2633 3914 2741 3963 τῶν
2794 3908 3095 3984 ὀφθαλμῶν
3137 3910 3237 3978 τὴν
3271 3909 3465 3983 λήμην
3498 3911 3784 3987 περιαιρή-

2119 4015 2323 4071 σομεν;
2385 3996 2485 4052 οὐκ
2541 3997 2817 4071 εἰσόμεθα,
2874 3999 2955 4061 τίς
2997 4001 3025 4054 ὁ
3086 3998 3351 4069 ἀληθινός
3383 3999 3655 4071 πλοῦτος,
3694 3997 3780 4053 καὶ

2115 4087 2199 4149 τίς
2232 4090 2266 4156 ἡ
2302 4082 2472 4149 ὅντως
2506 4086 2853 4160 λαμπρότης,
2884 4088 2974 4142 καὶ
3002 4089 3112 4142 ποῦ
3133 4088 3194 4144 τὸ
3231 4090 3304 4161 μή
3342 4087 3640 4146 διαπῖπτον
3669 4088 3780 4162 (63)

2117 4175 2368 4248 ἀξίωμα;
2425 4175 2509 4238 τίς
2559 4180 2593 4245 ἠ
2648 4176 2944 4252 ἀπέραντος
3016 4175 3353 4250 εὐδαιμονία,
3404 4181 3501 4235 καὶ
3556 4184 3663 4235 ποῦ
3717 4176 3775 4231 τὸ

2119 4264 2438 4330 ἀσάλευτον,
2496 4265 2693 4341 ἀγαθὸν
2757 4268 2886 4339 (64),
2930 4265 3063 4338 μηδὲ
3098 4269 3516 4341 μεθιστάμενον,
3574 4272 3608 4339 ἣ
3664 4267 3771 4323 ἑπι-

2118 4347 2551 4425 ὅουλευόμενον;
2586 4353 2659 4407 Οὐ
2710 4356 3024 4428 κτησόμεθα
3074 4360 3243 4411 ταῦτα
3290 4356 3536 4422 πολλοῖς
3589 4356 3763 4434 ἱδρῶσι

2117 4439 2205 4494 καὶ
2254 4440 2459 4513 πόνοις,
2522 4442 2580 4496 ἂν
2643 4441 2787 4497 οὕτω
2838 4439 3143 4519 συμϐαίνῃ;
3196 4444 3313 4516 οἶίκ,
3348 4446 3478 4503 εἷ’τι
3517 4446 3601 4504 δεῖ
3652 4464 3772 4517 τρυ-

2119 4534 2218 4608 φᾷν
2273 4530 2533 4602 ἐκντεῦθεν,
2584 4531 2635 4586 έν
2680 4538 2798 4595 ταῖς
2850 4531 3032 4589 ἐλπίσι
3083 4539 3480 4614 τρυφήσομεν,
3536 4537 3599 4592 οὐ
3644 4554 3773 4609 γνω-

2119 4620 2326 4693 σόμεθα
2371 4621 2496 4683 τοὺς
2543 4621 2731 4697 ἁγίους
2786 4621 3082 4699 μάρτυρας,
3134 4626 3262 4687 τούς
3302 4647 3361 4680 τε
3391 4625 3602 4688 ἄλλους
3650 4622 3772 4677 πάν-

347 4716 583 4769 sanctos
640 4716 951 4787 martyres,
985 4712 1111 4783 qui,
1154 4712 1315 4768 velut
1363 4729 1710 4769 communes
1764 4714 2006 4784 quidam

2129 4688 2209 4774 τας
2262 4714 2397 4785 (65),
2448 4709 2499 4766 ο⁹ί
2548 4688 2719 4767 πάσαν
2764 4688 3079 4790 διειλήςρασί
3107 4715 3204 4783 τὴν
3239 4714 3564 4788 οἰκουμένην
3597 4712 3769 4783 ὥσπερ

348 4802 507 4869 nodi,
542 4800 879 4859 universum
928 4805 1217 4857 terrarum
1259 4802 1461 4858 orbem
1512 4802 1795 4875 complexi
1844 4807 2004 4863 sunt.

348 4896 474 4947 tum
506 4892 615 4948 hos
646 4891 823 4948 etiam
855 4908 1107 4963 quorum
1140 4892 1378 4947 nomine
1416 4892 1625 4947 festum
1662 4892 1819 4947 hunc
1850 4891 2007 4945 diem

348 4981 682 5053 agitamus?
713 4985 897 5048 Quam
930 4982 1001 5036 ob
1035 4997 1272 5035 causam
1304 4980 1566 5048 vulnera,
1591 4980 1846 5051 vincula,
1875 4996 2007 5035 cru-

2114 4800 2254 4862 τινές
2315 4801 2490 4855 κοινοὶ
2548 4799 2857 4874 σύνδεσμοι,
2914 4802 3004 4856 καὶ
3065 4800 3138 4858 ὧν
3182 4806 3215 4873 ἡ
3249 4810 3497 4878 παροῦσα
3528 4804 3768 4875 πανήγυ-

2120 4910 2241 4966 ρις;
2302 4891 2456 4965 ’Υπὶρ
2526 4890 2675 4952 τίνος
2736 4890 3040 4965 τραῦματα,
3102 4893 3189 4947 καὶ
3250 4891 3422 4969 δεσμὰ
3480 4894 3570 4950 καὶ
3629 4908 3771 4965 στρε-

2119 4973 2379 5051 ϐλώσεις,
2430 4980 2517 5034 καὶ
2559 4980 2729 5055 πυρὸς
2774 4979 3031 5051 ἀπειλὴν,
3082 4981 3170 5036 καὶ
3212 4983 3374 5060 ξιφῶν
3421 4984 3628 5057 ἀκμὴν,
3684 4973 3769 5033 καί

416 5079 461 5115 εί
494 5079 648 5135 Psal.
682 5096 758 5147 ιν,
792 5081 844 5134 3.
922 5079 967 5113 ⁸³
997 5079 1132 5150 Sap.
1167 5097 1220 5148 v,
1257 5078 1342 5132 15.
1418 5078 1463 5113 ⁸³
1492 5079 1601 5134 Job
1628 5096 1747 5145 xxI,
1780 5078 1867 5133 18.
1944 5077 1990 5111 ⁸*

2134 5076 2193 5133 li.
2224 5096 2414 5149 xxxrv,
2450 5081 2499 5133 1.

418 5178 531 5250 (58)
562 5179 678 5245 Τῆς
735 5174 954 5246 ἀδοξίας
1010 5179 1107 5245 τῆς
1165 5176 1456 5249 ἡμετέρας.
1518 5178 1724 5234 Billius
1760 5194 1773 5232 ζ
1813 5199 1842 5229 ‹‹
1886 5177 2009 5250 mei

350 5250 608 5333 nominis
658 5250 1005 5333 obscuritas,
1040 5250 1378 5333 gloriaeque.
1402 5250 1779 5333 contemptio.
1808 5271 1836 5298 η
1881 5249 2006 5304 Non

349 5324 535 5394 recte;
560 5337 693 5376 cum
720 5322 933 5394 potius,
956 5322 1029 5377 ob
1050 5321 1309 5377 nominis
1332 5321 1681 5391 claritatem,
1706 5338 2007 5376 sermones

348 5393 421 5447 ab
452 5408 518 5446 eo
551 5392 962 5462 poscebantur,
998 5409 1063 5448 eo
1096 5394 1249 5465 quod
1298 5393 1527 5448 dicendi
1560 5394 1725 5465 copia
1754 5393 2006 5465 insignis

344 5462 693 5518 habebatur.

391 5478 693 5519 αοοῡειωιι.

420 5535 533 5604 (59)
562 5533 886 5598 Ἀήττητον.
922 5558 951 5585 ‹‹
1000 5535 1361 5589 Invictum.»
1393 5536 1567 5590 Addit
1602 5535 1805 5590 Billius
1841 5552 1852 5588 :
1886 5557 1905 5583 α
1942 5540 2006 5590 ut

347 5603 474 5673 ipse
518 5604 760 5674 quidem
811 5605 919 5658 sibi
969 5604 1346 5660 videbatur.»
1381 5609 1513 5671 Quae
1545 5624 1678 5662 cum
1724 5624 1757 5661 ει
1806 5608 2003 5662 Οπωοο

348 5675 565 5729 absint.
594 5672 845 5727 delenda
875 5675 1278 5729 iudicaviinus.

348 5690 565 5736 ᾶυδιοῑ,
594 5690 845 5727 (18181108.
868 5690 1179 5740 jUUlcaVllﬂ
1192 5694 1278 5729 US.

422 5745 535 5815 (60)
564 5741 873 5808 Ἐστήσατε.
910 5746 1090 5813 Pass.,
1124 5744 1437 5814 ἰστήσασθε.

2190 5179 2304 5251 (61)
2372 5176 2718 5253 Φθέγξωμαι.
2799 5178 2893 5235 Sic
2979 5180 3118 5252 Reg.
3188 5182 3246 5237 d.
3329 5181 3470 5254 Alii,
3550 5175 3767 5257 φθέγξο-

2162 5270 2195 5301 α

2203 5271 2238 5304 ι.

2209 5322 2300 5392 62)
2334 5319 2619 5375 Σύντονον.
2653 5321 2827 5377 Coisl.
2865 5323 2915 5390 1,
2951 5317 3190 5377 εὔτονον.

2209 5394 2654 5466 63λΔιαπῖπτον.
2701 5395 2971 5465 Quinque
3022 5395 3224 5466 Regg.,
3260 5405 3312 5451 et
3345 5398 3545 5453 decem
3592 5391 3768 5458 Colb.,

2121 5464 2468 5536 μεναπίπτον.

2189 5538 2298 5613 ((34)
2325 5538 2402 5613 Τρ
2435 5534 2725 5590 ἀσάλευτον
2762 5533 2980 5610 ἀγαθόν.
3001 5537 3173 5592 Coisl.
3201 5542 3258 5607 2,
3280 5539 3341 5592 τὸ
3374 5539 3451 5611 μὴ
3484 5533 3767 5607 ἀλλότριον

2114 5605 2331 5680 ἀγαθόν.

2187 5682 2297 5752 (65)
2332 5680 2562 5741 Πάντας.
2598 5681 2740 5752 Reg.
2773 5680 2831 5735 d.
2869 5679 3127 5740 ἅπαντας.
