4090 6418
361 423 391 481 1
404 419 523 481 049

847 416 1137 478 ORATIO
1182 416 1343 477 XIX.
1379 450 1457 460 —
1498 417 1605 478 AD
1649 416 2043 478 JULIANUM
2090 416 2611 481 TRIBUTORUM
2657 418 3299 489 EXIEQUATOREM.

3629 418 3786 479 1050

371 553 554 626 θηρῶν
588 549 905 624 ἀγριοτητα,
937 546 1025 600 καὶ
1060 546 1277 611 σκότος,
1324 546 1412 600 καὶ
1468 546 1655 619 λιμὸν,
1705 546 1794 601 καὶ
1850 547 2015 622 βάρα-

2139 547 2345 618 ciatus,
2378 550 2533 621 ignis
2582 552 2795 618 minas,
2838 551 3167 623 gladiorum
3218 552 3422 620 aciem,
3457 550 3781 605 belluarum

366 642 488 713 θρα,
546 638 635 693 καὶ
681 638 986 712 χρημάτων
1032 637 1296 712 άρπιπίξις,
1348 636 1436 690 καὶ
1488 636 1669 710 μελῶν
1715 630 2018 707 ἀποϐολάς,

366 729 456 784 καὶ
514 729 770 789 θανάτους
827 727 888 781 τὸ
946 723 1281 796 τελευταῖον,
1342 726 1431 779 καὶ
1495 727 1668 780 πάντα
1724 725 2021 801 προθύμως

372 818 698 887 ὑπέστησαν,
752 813 933 890 ὣσπερ
986 813 1037 869 ἐν
1100 813 1415 890 ἀλλοτρίοις
1470 814 1865 890 ἀγωνιζόμενοι
1913 816 2020 868 σώ-

377 926 575 980 μασιν;
620 904 714 960 ’ίνα
756 905 808 958 τί
860 903 1137 981 γένωνται,
1188 901 1278 957 καί
1331 902 1449 957 τίνα
1664 906 2022 979 κληρονομή-

375 1018 559 1064 σωσιν,
607 996 641 1064 ἢ
695 997 803 1068 (67)
853 999 984 1048 πᾶσι
1030 991 1197 1063 δῆλα,
1248 991 1339 1048 κᾶν
1390 996 1553 1066 ἡμεῖς
1608 995 1682 1067 μὴ
1735 992 2021 1067 λέγωμενς

370 1085 441 1140 Οὐ
479 1086 612 1157 μετὰ
659 1087 757 1153 τῆς
809 1084 975 1152 αὐτῆς
1027 1080 1271 1155 ἐλπίδος,
1324 1083 1426 1137 ὑπὸ
1462 1087 1541 1155 τῷ
1572 1083 1717 1155 αὐτῷ
1754 1079 2024 1159 βραϐευτῇ

370 1174 458 1228 καὶ
511 1173 845 1248 ἀγωνοθέτῃ,
898 1173 1032 1246 πρὸς
1090 1172 1180 1225 τὸν
1244 1171 1401 1226 αὐτὸν
1462 1173 1880 1247 παραταξόμεθα
1937 1171 2026 1227 τύ-

372 1276 593 1338 ραννον,
650 1262 740 1315 τὸν
789 1260 981 1334 πικρὸν
1040 1259 1131 1312 καὶ
1188 1258 1311 1313 τότε
1370 1260 1460 1313 καὶ
1517 1264 1605 1313 νῦν
1667 1264 1772 1313 τῶν
1833 1263 2026 1334 ψυχῶν

371 1349 631 1421 διώκτην,
689 1350 781 1403 τὸν
845 1348 1073 1421 ἀόρατον
1134 1347 1329 1423 ἐχθρὸν
1380 1347 1467 1402 καὶ
1524 1348 1849 1421 πολέμιον;
1913 1348 2027 1405 Οὐκ

372 1436 738 1514 ἀνδριούμεθα
810 1441 924 1509 (68)
998 1435 1401 1513 παραπλησίως
1475 1436 1654 1512 ὥσπερ
1732 1438 1782 1492 ἐν
1859 1442 2027 1509 κοινῷ

371 1529 581 1600 θεάτρῳ
632 1524 771 1598 τῷδε
814 1531 893 1598 τῷ
939 1525 1153 1599 κόσμῳ,
1205 1525 1250 1580 εἷ
1294 1526 1383 1580 καὶ
1439 1527 1513 1599 μὴ
1566 1526 1715 1600 ἀκμῇ
1766 1529 1877 1599 (69)
1926 1530 2027 1580 τοῦ

370 1615 618 1671 κινδύνου
677 1621 899 1692 ταχεῖαν
953 1615 1158 1692 ἐχούσῃ
1206 1615 1295 1670 καὶ
1335 1617 1432 1684 τήν
1469 1615 1820 1691 ἀπαλλαγὴν,
1883 1614 2027 1670 ἀλλά

366 1710 483 1768 τοῖς
515 1727 577 1779 γε
607 1706 726 1760 καθ’
759 1704 986 1776 ἑκάστην
1018 1703 1227 1782 ἡμέραν
1261 1704 1600 1779 ἀγωνίσμασι
1650 1705 1739 1759 καὶ
1792 1704 2026 1760 παλαίσ-

372 1816 554 1869 μασιν,
581 1793 673 1849 ’ίνα
702 1793 790 1850 καὶ
820 1799 927 1849 τῶν
962 1794 1135 1850 αὐτῶν
1170 1794 1439 1873 στεφάνων
1493 1796 1831 1867 ἀξιωθῴμεν,
1942 1793 2023 1849 ὅτι

369 1883 649 1960 ἐγγυτάτω
683 1887 795 1959 (70)
820 1903 833 1955 ;

439 2066 498 2130 ζ’.
555 2063 697 2136 Ἐγὼ
752 2063 844 2135 μὶν
900 2064 1059 2117 παντὶ
1108 2061 1519 2134 διακελεύομαι,
1572 2061 1662 2116 καὶ
1730 2060 1884 2136 ἀνδρῖ
1936 2064 2024 2117 καὶ

366 2152 602 2225 γυναικὶ,
662 2150 749 2204 καὶ
808 2149 1081 2226 πρεσϐύτῃ
1138 2151 1228 2205 καὶ
1284 2151 1411 2223 νὲῳ,
1471 2150 1674 2223 ἀστικῴ
1724 2172 1782 2205 τε
1814 2152 1878 2205 αὖ
1936 2153 2025 2207 καὶ

363 2240 629 2315 ἀγροίκῳ,
704 2236 895 2313 ἰδιώτῃ
942 2240 1030 2293 καὶ
1085 2242 1335 2316 ἄρχοντι,
1386 2240 1635 2312 πλουσίῳ
1682 2240 1771 2295 καὶ
1830 2241 2022 2311 πένητι

367 2330 478 2397 (καὶ
527 2330 628 2404 γὰρ
678 2330 705 2382 6
760 2328 920 2389 αὐτὸς
972 2328 1113 2406 ἄγὼν
1141 2329 1299 2385 καλεῖ
1330 2330 1580 2402 πάντας),
1640 2330 1777 2405 πρὸς
1832 2335 2021 2385 τοῦτον

366 2415 693 2480 ἀποδύεσθαι
756 2417 1072 2491 προθύμως,
1132 2416 1222 2472 καὶ
1286 2420 1361 2491 μή
1417 2418 1825 2492 μαλακίζεσθαι,
1881 2417 2024 2492 μηδὶ

372 2505 619 2579 μέλλειν,
675 2504 815 2579 μηδὲ
862 2504 1144 2579 προίεσθαι
1193 2509 1283 2562 τὸν
1330 2508 1540 2584 καιρὸν,
1605 2508 1666 2562 οὗ
1710 2506 1873 2562 πάλιν
1924 2529 2023 2562 τυ-

365 2603 485 2671 χεῖν
546 2597 859 2672 ἀμήχανον.
922 2598 1205 2672 Ἐργασίας
1260 2598 1361 2674 γὰρ
1413 2600 1440 2652 6
1489 2600 1675 2673 παρὼν
1723 2601 1856 2671 (71),
1887 2600 1914 2652 6
1965 2597 2023 2654 δὲ

368 2684 590 2758 μέλλων
644 2684 1075 2750 ἀνταποδόσεως.
1130 2687 1437 2763 Ἐγείρεσθε
1485 2691 1622 2758 (72),
1671 2690 1891 2763 ἄγωμεν
1942 2689 2020 2743 ὲν-

360 2778 566 2845 τεῦθεν,
616 2775 883 2845 ἠκούσατε
929 2775 1025 2831 τοῦ
1081 2780 1340 2849 Σωτῆρος
1395 2776 1672 2851 λὲγοντος,
1707 2776 1767 2831 οὐ
1797 2777 2017 2849 μᾶλλόν

364 2886 416 2919 τι
472 2864 599 2927 τοὺς
657 2865 780 2919 τότε
831 2867 1075 2938 μαθητὰς
1120 2865 1179 2920 ἐκ
1228 2871 1326 2920 τοῦ
1376 2867 1548 2921 τόπου
1600 2873 1702 2936 τῆς
1754 2864 2018 2931 Ἰουδαίας

368 2952 694 3028 ἀπάγοντος,
744 2952 890 3007 ἀλλὰ
933 2954 1022 3007 καὶ
1071 2954 1199 3016 τοὺς
1247 2954 1466 3030 ὕστερον
1516 2952 1753 3017 ἅπαντας
1784 2955 2021 3019 ἐντεῦθεν

366 3040 758 3103 ἀπανιπάντος
807 3044 937 3115 (73),
987 3043 1077 3097 καὶ
1145 3042 1283 3117 πρὸς
1335 3044 1521 3099 ἑαυτὸν
1574 3044 1874 3118 ὑψούμενον
1929 3042 2018 3099 ἕλ-

365 3150 573 3200 κοντος,
650 3130 723 3192 ὡς
790 3133 823 3200 ἡ
905 3130 1222 3206 ὑπόσχεσις.
1283 3131 1777 3206 ’Δκολουθήσωμεν
1840 3135 2021 3210 ἀγαθῷ

362 3219 641 3294 Δεσπότῃ·
694 3218 948 3298 φύγωμεν
995 3221 1092 3283 τὰς
1143 3222 1408 3295 κοσμικὰς
1473 3221 1782 3296 ἐπιθυμίας,
1833 3223 2016 3302 φύγω-

2130 637 2410 708 furorem,
2448 640 2742 711 tenebras,
2778 642 3017 709 famem,
3040 641 3368 712 voragines,
3403 641 3782 712 pecuniazuni

2131 727 2522 797 direptiones,
2605 731 3005 784 membrorum
3078 729 3465 800 abjectioncs,
3538 735 3783 784 mortem

2132 816 2384 887 denique
2433 822 2610 889 atque
2640 823 2899 873 extrema
2929 818 3127 874 omnia
3186 823 3457 891 prompto
3509 823 3565 874 et
3612 810 3789 873 alacri

2133 906 2353 976 animo,
2377 912 2659 979 tanquam
2694 907 2753 963 in
2796 907 3002 963 alienis
3044 909 3383 980 corporibus
3415 909 3787 977 dimicantes,

2134 996 2589 1051 sustinuerunt?
2639 996 2856 1068 thuid
2915 1002 3146 1062 essent,
3197 999 3407 1069 utquid
3476 1014 3789 1068 conseque-

2135 1090 2359 1154 rentur,
2386 1102 2577 1140 nonne
2608 1087 2884 1141 omnibus
2919 1086 3121 1157 utique
3164 1088 3223 1141 in
3272 1095 3585 1159 prospectu
3617 1091 3793 1153 esset,

2135 1170 2221 1228 vel
2254 1174 2422 1228 nobis
2451 1175 2829 1230 tacentibus?
2861 1176 2985 1230 Non
3038 1176 3219 1247 igitur
3268 1192 3374 1230 nos
3425 1176 3624 1240 etiam,
3657 1194 3791 1231 cum

2136 1263 2339 1317 eadem
2373 1280 2496 1334 spe,
2523 1264 2631 1318 sub
2666 1265 2864 1319 eodem
2885 1265 3225 1319 certaminis
3249 1264 3449 1335 judice
3471 1282 3536 1318 ac
3568 1266 3791 1335 praemii

2136 1351 2673 1420 arbitro,adversus
2696 1353 2967 1407 eumdem
2993 1358 3311 1424 tyrannum
3336 1354 3521 1407 aciem
3545 1354 3795 1409 instrue-

2136 1459 2289 1509 mus,
2318 1443 2740 1512 truculentum,
2766 1445 3031 1515 inquam,
3056 1444 3242 1511 illum,
3276 1448 3331 1499 et
3362 1448 3523 1512 tunc,
3549 1449 3604 1498 et
3635 1462 3790 1499 nunc

2135 1528 2334 1594 etiam,
2354 1530 2687 1586 animarum
2709 1536 3160 1603 persecutorem,
3184 1531 3537 1587 invisibilem
3560 1532 3791 1587 hostem

2135 1621 2192 1672 et
2222 1620 2668 1675 adversarium?
2696 1620 2822 1675 Non
2856 1620 2978 1693 pari
3010 1621 3226 1677 virtute
3280 1621 3338 1675 in
3392 1622 3500 1676 hoc
3550 1623 3796 1691 mundo,

2136 1707 2305 1777 quasi
2339 1708 2395 1762 in
2422 1710 2717 1764 communi
2754 1709 3003 1780 theatro,
3028 1709 3403 1782 certabimus,
3431 1710 3478 1765 si
3509 1727 3621 1765 non
3651 1712 3797 1781 peri-

2136 1796 2253 1851 culi
2285 1797 2425 1866 acie,
2452 1802 2508 1853 et
2538 1815 2655 1870 qua
2686 1799 2954 1871 protinus
2986 1800 3222 1863 defungi
3257 1799 3445 1867 liceat,
3472 1804 3530 1855 at
3560 1801 3618 1855 in
3653 1818 3795 1871 quo-

2137 1886 2380 1943 tidianis
2412 1886 2620 1943 saltem
2644 1888 3129 1945 dimicationibus
3161 1894 3215 1944 et
3245 1888 3554 1961 palaestris,
3579 1892 3645 1943 ut
3671 1906 3797 1944 eas-

2135 1977 2269 2031 dem
2300 1994 2567 2044 coronas,
2598 1983 2699 2033 aut
2727 1979 2821 2033 his
2854 1979 3169 2049 proximas,
3196 1995 3649 2048 consequamur.

2206 2066 2299 2121 VI.
2336 2067 2621 2137 Equidem
2666 2084 2889 2136 omnes,
2924 2072 3043 2123 tam
3089 2068 3243 2123 viros
3292 2085 3497 2138 quam.
3530 2066 3801 2133 feminas,

2135 2159 2256 2210 tam
2290 2172 2459 2210 senes
2483 2172 2657 2227 quam
2684 2158 2955 2226 juvenes,
2978 2160 3098 2211 tam
3124 2158 3381 2211 urbanos
3417 2174 3595 2227 quam
3627 2157 3803 2211 rusti-

2135 2249 2392 2310 cos,tam
2419 2244 2674 2317 privatos
2696 2262 2875 2316 quam
2904 2246 3355 2317 principes,tam
3386 2245 3594 2301 divites
3616 2263 3795 2317 quam

2133 2349 2441 2405 pauperes,
2470 2333 2693 2403 hortor,
2732 2334 2908 2404 (idem
2959 2334 3116 2389 enim
3169 2338 3464 2389 certamen
3514 2335 3795 2389 omnibus

2133 2423 2497 2495 propositum
2544 2424 2679 2494 est,)
2724 2428 2788 2478 ut
2836 2424 2905 2478 ad
2960 2440 3218 2497 pugnam
3269 2441 3402 2478 cum
3461 2423 3569 2477 hoc
3631 2424 3797 2478 hoste

2131 2511 2551 2566 conserendam
2602 2511 2849 2583 impigre
2905 2528 2966 2567 se
3009 2511 3336 2583 accingant,
3370 2528 3431 2566 ac
3479 2528 3593 2565 non
3646 2512 3791 2566 367

2135 2599 2368 2671 ignavia
2418 2600 2702 2667 laborent,
2731 2605 2830 2656 aut
2860 2618 3055 2655 moras
3112 2605 3366 2667 nectent,
3401 2604 3578 2671 atque
3630 2616 3795 2654 occa-

2134 2690 2383 2759 sionem,
2419 2707 2596 2760 quam
2629 2689 2791 2744 nulla
2821 2697 3024 2761 postea
3052 2691 3278 2745 ratione
3310 2689 3571 2744 nancisci
3604 2688 3793 2757 liceat,

2131 2779 2434 2849 abjiciant.
2470 2779 2711 2835 Laboris
2762 2779 2918 2834 enim
2951 2796 3209 2850 praesens
3258 2779 3367 2833 hoc
3399 2784 3634 2849 tempus
3665 2782 3788 2843 est;

2130 2869 2422 2935 futurum,
2458 2869 2854 2939 praemiorum.
2890 2868 3156 2922 Audistis
3200 2867 3561 2923 Salvatorem
3593 2868 3791 2922 dicen-

2132 2963 2269 3024 tem,
2324 2957 2566 3027 Surgz'to,
2614 2958 2877 3012 abeamus
2936 2958 3364 3028 hinc:quibus
3422 2957 3613 3011 verbis
3671 2973 3788 3010 non

2130 3046 2321 3101 solum
2354 3045 2676 3117 discipulos
2711 3063 2859 3117 quos
2889 3050 3029 3100 tunc
3062 3046 3319 3100 habebat
3348 3062 3381 3099 a
3408 3046 3623 3100 Judaeae
3655 3045 3780 3099 loco

2129 3134 2478 3199 abducebat,
2515 3135 2615 3187 sed
2647 3134 2823 3187 etiam
2858 3150 3062 3188 omnes
3096 3132 3196 3204 qui
3236 3136 3436 3203 postea
3475 3132 3664 3203 ipsius
3696 3130 3784 3184 di-

2131 3222 2342 3295 scipuli
2375 3223 2555 3277 futuri
2604 3226 2769 3277 erant
2806 3222 2945 3277 hinc
2976 3221 3369 3287 abstrahebat,
3404 3226 3459 3276 et
3508 3222 3576 3276 ad
3630 3221 3779 3293 seip-

365 3332 459 3384 μεν
490 3308 579 3364 τὸν
615 3309 819 3366 πλάνον
849 3310 1054 3384 κόσμον
1105 3311 1195 3365 καὶ
1244 3312 1681 3389 κοσμοκράτορα,
1732 3315 2017 3389 γενώμεθα

2139 3330 2282 3382 sum,
2308 3312 2364 3367 in
2400 3313 2585 3368 altum
2620 3316 2882 3368 evectum
2905 3312 2971 3382 ⁸⁵,
2992 3312 3488 3383 quemadmodum
3514 3327 3575 3365 se
3606 3312 3785 3365 factu-

357 3401 606 3475 καθαρῶς
637 3402 748 3473 (74)
778 3404 876 3455 τοῦ
906 3402 1257 3471 ποιήσαντος,
1289 3405 1613 3475 τιμήσωμεν
1664 3403 1762 3471 τὴν
1818 3403 2013 3471 εἰκόνα,

358 3485 692 3560 αἰδεσθῶμεν
750 3488 851 3555 τὴν
910 3487 1127 3558 κλῆσιν,
1182 3492 1537 3562 μεταθώμεθα
1579 3492 1678 3559 τὴν
1729 3493 1894 3561 ζωήν.
1954 3491 2014 3545 Τί

361 3580 625 3647 ποιοῦμεν
674 3578 825 3646 ἡμᾶς
870 3576 1068 3638 αὐτοὺς
1109 3577 1420 3648 ταπεινοὺς,
1454 3578 1657 3651 ὑψηλοὶ
1688 3578 2012 3653 γεγονότες;

357 3662 419 3717 Τί
449 3669 564 3725 τοῖς
596 3665 900 3739 ὁρωμένοις
932 3664 1364 3741 ὲγκαταμένομεν
1398 3669 1547 3739 (75);

2127 3422 2259 3460 rum
2308 3406 2660 3475 promiserat
2686 3406 2750 3475 ⁸⁵,
2801 3404 3198 3475 pertrahebat.
3238 3404 3517 3467 Quocirca
3563 3403 3781 3457 bonum

2126 3494 2443 3550 Dominum
2494 3510 2849 3565 sequamur;
2895 3494 3195 3565 fugiamus
3244 3499 3505 3547 terrenas
3558 3492 3785 3561 cupidi-

2124 3586 2295 3653 tates,
2348 3584 2643 3655 fugiamus
2692 3581 3073 3649 impostorem
3124 3581 3432 3648 mundum,
3473 3585 3529 3633 et
3577 3581 3785 3633 mundi

2128 3671 2473 3743 principem,
2509 3687 2656 3741 pura
2708 3674 2903 3724 mente
2952 3669 3208 3725 Creatori
3258 3684 3364 3722 nos
3414 3668 3781 3737 addicamus,

362 3754 618 3809 divinam
654 3755 968 3827 imaginem
999 3756 1218 3811 honore
1246 3756 1729 3828 complectamur,
1762 3760 2125 3815 vocationem
2172 3765 2430 3815 nostram
2472 3774 2861 3822 revereamur,
2895 3760 3076 3813 vitam
3108 3758 3166 3811 in
3201 3757 3413 3811 melius
3460 3762 3782 3811 commute-

361 3860 515 3898 mus.
542 3844 689 3910 Quid
722 3845 1115 3915 nosmetipsos
1146 3850 1353 3917 sponte
1384 3846 1718 3916 dejieimus,
1741 3863 1870 3902 cum
1905 3848 2191 3904 sublimes
2221 3854 2277 3904 et
2297 3847 2505 3903 excelsi
2536 3847 2711 3902 creati
2735 3846 2968 3903 simus?
2998 3846 3145 3912 Quid
3179 3846 3354 3901 rebus
3385 3846 3444 3900 in
3478 3848 3779 3916 aspectum

356 3934 705 3989 cadentibus
735 3933 1091 3989 inhaeremus
1110 3934 1138 3989 ?

428 4022 496 4075 Ζ’.
530 4023 812 4090 Ἕκαστος,
846 4022 876 4075 6'
902 4044 956 4077 τι
988 4021 1047 4076 ἂν
1082 4022 1199 4084 οἷός
1227 4043 1286 4076 τε
1327 4022 1381 4097 ᾖ,
1436 4022 1851 4099 καρποφορείτω
1901 4026 2011 4097 (76)

352 4109 435 4181 τῷ
466 4114 581 4181 Θεῷ
611 4109 662 4164 ἐν
690 4111 887 4186 καιρῷ,
937 4112 1119 4181 παντὶ,
1160 4112 1246 4166 καὶ
1290 4109 1406 4184 ἰδέᾳ
1436 4114 1579 4186 πάσῃ
1609 4111 1698 4167 καί
1733 4111 1865 4188 βίων
1898 4116 2011 4188 (77)

356 4197 447 4253 καὶ
479 4200 871 4276 περιστάσεων,
902 4201 1039 4256 κατὰ
1085 4202 1146 4257 τὸ
1182 4199 1377 4277 μέτρον
1404 4209 1504 4273 τῆς
1533 4202 1834 4277 παρούσης,
1867 4202 2013 4276 αὐτῷ

356 4286 655 4363 δυνάμεως,
705 4290 842 4346 κατὰ
886 4293 949 4347 τὸ
1007 4289 1159 4357 δοθὲν
1208 4292 1354 4365 αὐτῷ
1402 4294 1685 4369 χάρισμαο
1734 4291 1828 4349 ’ίνιι
1882 4300 2010 4349 πᾶσι

358 4378 581 4454 μέτροις
612 4383 709 4447 τῆς
743 4381 960 4454 ἀρετῆς,
1010 4381 1182 4444 πάσας
1228 4381 1323 4444 τὰς
1356 4381 1555 4447 ἐκεῖθεν
1593 4382 1759 4456 μονὰς
1786 4382 2012 4458 κληρώ-

353 4486 558 4537 σωμεν,
607 4472 866 4520 τοσοῦτον
918 4470 1220 4541 θερίσαντες
1281 4473 1417 4543 (78),
1484 4471 1606 4526 ὅσον
1667 4472 2011 4546 ἐσπείραμεν,

2196 4026 2320 4081 VII.
2380 4025 2796 4097 Unusquisque
2852 4025 2991 4095 Deo,
3049 4025 3201 4095 quod
3266 4024 3495 4094 poterit,
3554 4023 3779 4093 offerat,

2124 4115 2331 4187 quovis
2380 4114 2902 4186 tempore,quovis
2953 4128 3161 4187 genere
3210 4113 3339 4167 vitae
3400 4116 3455 4167 et
3514 4113 3778 4178 fortunas,

2122 4222 2226 4277 pro
2278 4204 2580 4277 praesentis
2634 4203 2929 4260 facultatis
2980 4202 3241 4273 modulo,
3278 4219 3378 4273 pro
3429 4201 3618 4273 gratia
3666 4201 3779 4255 sibi

2123 4312 2421 4363 concessa,
2445 4300 2528 4363 ut,
2551 4311 2653 4367 per
2683 4311 2890 4350 omnes
2917 4293 3147 4349 virtutis
3178 4294 3405 4361 modos,
3432 4308 3635 4346 omnes
3668 4308 3780 4346 cce-

2121 4383 2286 4441 lestis
2319 4385 2479 4457 regni
2511 4384 2850 4441 mansiones
2894 4383 3271 4455 impleamus,
3304 4385 3527 4436 tantum
3562 4380 3784 4435 scilicet

2122 4481 2430 4543 metentes,
2456 4479 2744 4544 quantum
2786 4475 3140 4538 severimus;
3174 4472 3261 4527 vel
3304 4476 3367 4525 ut
3404 4470 3664 4525 exactius
3699 4470 3780 4524 lo-

356 4551 572 4625 μᾶλλον
625 4550 683 4606 δὲ
728 4559 987 4607 τοσοῦτον
1017 4556 1404 4630 ὲναποθέμενοι
1435 4564 1554 4621 ταῖς
1584 4560 1749 4621 θείαις
1800 4559 2009 4629 ληνοῖς,

2139 4580 2290 4633 ιιιειῐι,
2315 4567 2545 4617 tantum
2577 4562 2637 4616 in
2663 4562 2875 4616 divinis
2906 4563 3132 4617 horreis
3163 4559 3526 4615 reconditum
3560 4561 3780 4613 haben-

352 4640 476 4696 ὅσον
510 4641 925 4718 ἐγεωργῆσαμεν
972 4646 1105 4717 (79).
1158 4644 1469 4722 Εἶ’σφερέτω
1518 4667 1620 4715 τις,
1673 4648 1700 4700 ὁ
1744 4648 1838 4719 μὶν
1872 4650 2012 4722 χρή-

425 4770 470 4805 ⁸⁵
498 4770 665 4826 Joan.
697 4787 813 4838 xxv,
846 4770 933 4826 31.
1010 4770 1056 4807 ⁸⁸
1084 4773 1249 4828 Joan.
1282 4789 1385 4844 x11,
1418 4774 1504 4829 32.

444 4896 535 4967 66)
565 4892 709 4967 Τίνα.
744 4895 883 4967 Reg.
913 4911 964 4962 c,
995 4894 1069 4950 τί.

444 4968 535 5043 θῖ)
566 4968 931 5043 ᾝκεὶοθυο
967 4968 1259 5043 Regg.,_et
1288 4970 1493 5043 (Jomb1
1524 4972 1587 5025 In
1624 4970 1740 5043 ed.,
1772 4968 1828 5043 ᾖ.

563 5034 973 5166 ἈνδριούΒεθα.
1010 5034 1133 5095 Πὺῦ
1166 5040 1370 5165 Reg?"
1398 5034 1819 5124 άνδρειούμεθά.

566 5110 770 5166 ’Δκιιη.
872 5128 946 5166 uo
997 5117 1160 5166 Ree'.
1193 5110 1242 5166 ἰν
1313 5132 1447 5166 mm.
1478 5137 1505 5165 ‹‹
1542 5114 1790 5166 Periculi

442 5110 533 5182 69)
566 5110 770 5184 ’Δκμῇ.
822 5110 946 5184 Duo
997 5117 1160 5184 Regi,
1193 5110 1447 5184 ἔν’ἆκμῇ.
1478 5110 1514 5165 ‹‹’
1542 5110 1790 5171 Periculi
1840 5114 2006 5168 ﬂam-

350 5197 565 5258 mam_»
602 5183 749 5258 solet
778 5183 971 5258 dicere
1016 5183 1265 5240 Tullius.
1298 5185 1613 5258 Gregorius
1662 5203 1794 5243 vero
1843 5191 2009 5242 vocat

350 5276 377 5306 (ι
413 5254 655 5331 periculi
712 5254 973 5331 aciem,»
1015 5273 1148 5331 cum
1210 5254 1691 5331 statimlgacerbo
1750 5259 2004 5331 quodam

349 5326 556 5400 mortis
606 5328 995 5400 genere,ivita
1023 5328 1153 5400 piis
1185 5328 1324 5383 viris
1350 5328 1609 5400 tollitur;
1661 5326 1783 5397 cui,
1813 5338 1874 5386 ut
1924 5331 2007 5385 ait

346 5396 898 5470 Nicet88,j0pponit
954 5396 1078 5460 τοὺ-ς
1130 5397 1460 5469 ἀσκητικοὺς
1512 5396 1733 5468 πόνους,
1766 5396 1819 5453 γι(
1870 5419 2005 5457 san-

344 5472 447 5523 ctis
474 5492 501 5517 ››
526 5468 793 5546 scilicet}
822 5475 878 5527 et
909 5471 1195 5546 religiosa
1223 5468 1353 5546 vitae
1384 5474 1637 5542 labores,
1660 5475 1758 5546 qui
1797 5477 1852 5530 in
1887 5474 2006 5530 lon-

344 5556 501 5618 gum,
516 5542 799 5618 temporis
832 5542 1093 5618 spatium
1126 5545 1530 5618 porriguntur.
1556 5570 1584 5596 ››

415 5614 526 5682 (70)
560 5611 891 5691 Ἐγγυτάτωή.
942 5616 1089 5691 ᾖδε..
1126 5611 1232 5691 bm
1282 5611 1557 5691 5t_Cuisl.
1612 5619 1663 5689 1,
1716 5615 2001 5691 ἆγγύτατα.

346 5682 755 5764 Μοέριρὶγῲ
791 5685 909 5764 μέν,
939 5682 1089 5745 0r.'1
1132 5689 1327 5764 habet,
1361 5687 1464 5764 ἐγὼ
1496 5685 1575 5745 δὲ.

414 5701 479 5738 Dx
552 5701 614 5741 ro
645 5701 755 5757 εγω
791 5701 909 5756 μεν,
939 5701 1035 5743 UI‘.
1066 5701 1089 5745 1
1132 5701 1327 5759 habet,
1361 5701 1464 5764 εγω
1496 5701 1575 5745 δὲ.

414 5701 544 5830 (71))
562 5756 778 5833 Παρών.
813 5757 1052 5833 Nempe,
1083 5758 1292 5837 καιρός,
1328 5785 1357 5818 ‹‹
1390 5767 1643 5835 tempus.
1672 5782 1695 5815 ι

566 4966 658 5022 Ἥ.
692 4968 785 5022 Sic

443 5040 512 5093 68

517 4970 535 5182 ί

2121 4653 2230 4714 tes,
2264 4653 2556 4717 quantum
2595 4648 3041 4702 messuerimus.
3077 4648 3348 4702 Conferat
3387 4647 3651 4717 quidem,
3688 4646 3781 4699 hic

2334 4894 2654 4972 Ἐγείρεσθε.
2688 4898 2874 4972 Pass.,
2910 4895 3222 4972 ἐγείρωμεν.

2192 4967 2308 5040 (73)
2349 4967 2788 5031 ’Ᾱπανιστάντοφ
2847 4967 2986 5042 Reg.
3023 4967 3115 5038 Ic,
3158 4975 3215 5025 et
3266 4970 3548 5037 C0mbef.,
3608 4967 3776 5021 ἀπαν-

2123 5061 2398 5102 ιστωντος.

2189 5116 2302 5187 (74)
2334 5115 2612 5187 Καθαρῷς,
2648 5118 2754 5168 etc.
2791 5112 2964 5187 Coisl.
3001 5114 3027 5167 1
3062 5118 3303 5187 etunus
3333 5112 3517 5181 Colb.,
3551 5112 3774 5187 καθαροὶ

2116 5189 2195 5257 τῷ
2226 5186 2513 5253 ποιήσαντι
2546 5186 2713 5255 ἡμᾶς,
2747 5208 2773 5235 ‹‹
2812 5186 2941 5256 puri
2988 5186 3316 5240 efficiamur
3364 5186 3621 5240 Creatori
3672 5203 3773 5240 no-

2119 5256 2260 5315 stro.
2290 5260 2537 5331 ngPassq
2570 5256 2813 5331 καθαρῶς
2845 5258 3256 5331 τῷᾉποιήσαντι.

2188 5332 2298 5399 (75)
2324 5327 2814 5403 Ἐγκαταμὲνομεν.
2841 5329 3012 5384 Coisl.
3043 5331 3091 5397 1,
3119 5327 3557 5399 ἐναπομένωμεν.
3587 5327 3726 5383 Pass
3759 5369 3772 5395 ,

2118 5399 2281 5455 ἆναπο
2290 5399 2521 5473 μένομεν
2534 5442 2544 5453 .

2189 5468 2299 5546 (76)
2330 5468 2901 5547 Καρποιρορείτωᾴῡῐκ
2939 5474 2988 5540 1,
3022 5473 3427 5547 καρποφορήτω
3462 5473 3696 5543 [prave].

2189 5493 2296 5546 (/0)
2332 5493 2771 5599 uapnogipurw.
2807 5493 2901 5527 ur.
2939 5493 2988 5540 1,
3022 5493 3286 5547 καρποφοε

2187 5548 2300 5617 (77)
2332 5544 2493 5617 Βίων.
2577 5563 2619 5598 ι’.
2652 5544 2701 5613 1,
2739 5540 2877 5617 βίον.

2187 5614 2296 5689 (78)
2331 5614 2663 5690 Θερίσαντες.
2696 5614 2797 5690 0r.
2839 5618 2889 5681 1,
2939 5617 3300 5689 τηρήσαντες,
3337 5638 3363 5665 ‹‹
3397 5616 3711 5669 servantes.
3744 5635 3763 5660 ιι

2187 5684 2302 5760 (79)
2340 5684 2513 5761 Ὅσον
2559 5684 3023 5761 ἐγεωργλιςσαμεν.’
3065 5712 3091 5738 ιι
3151 5692 3443 5761 Quantum
3508 5701 3769 5761 messua-

2115 5754 2377 5820 rimus.»
2412 5754 2619 5818 Billius
2670 5754 2756 5816 εὶ(
2788 5754 3076 5833 quantum
3139 5754 3516 5817 araverimus.
3562 5776 3590 5803 υ
3641 5754 3767 5809 Non
