4090 6414
329 400 479 462 1051

1571 406 1635 468 S.
1684 405 2059 467 GREGORII
2104 405 2503 468 THEOLOGI

3591 403 3751 465 1052

326 534 629 605 pecunias,
674 534 773 590 ille
820 534 930 591 hoc
976 534 1175 609 ipsum
1209 539 1365 609 quod
1420 538 1567 594 nihil
1618 538 1861 606 habeat;
1892 555 1985 594 me

2102 558 2262 609 ματα,
2295 539 2323 592 6
2355 536 2412 593 δὲ
2440 537 2503 592 τὸ
2538 535 2706 610 μηδὲν
2741 535 2885 613 ἔχειν
2914 539 3067 608 (80)·
3106 536 3133 589 6
3184 536 3277 609 μὲν
3334 536 3397 590 τὸ
3453 540 3749 611 προθυμεῖ·

328 642 361 695 p
390 641 677 695 apt-usam
712 626 783 679 ad
821 626 966 681 bene
996 628 1065 680 de
1112 630 1372 697 ,αι’-ις.ίῐηΟ
1406 629 1749 683 merendum
1783 629 1984 683 volun-

325 720 529 779 tatem,
552 713 650 767 ille
682 715 893 769 bonam
928 716 1166 769 alterius
1195 716 1551 772 voluntatem
1578 717 1984 790 suscipiendo;

329 802 425 857 hic
458 803 763 858 honestam
787 806 1098 873 actionem,
1123 806 1219 860 ille
1240 807 1449 861 scitam
1472 812 1528 862 et
1548 806 1822 863 solertem
1848 824 1984 863 con-

329 891 804 962 templationem;
839 892 931 946 hic
953 894 1365 964 tempestivum
1386 899 1442 950 et
1464 898 1839 951 commodum
1863 913 1983 952 sor-

332 980 712 1044 monem,ille
757 998 889 1035 cum
943 982 1167 1037 ratione
1206 985 1585 1055 conjunctum
1648 985 1981 1054 silentium;

330 1068 426 1122 hic
448 1068 795 1125 inoffensam
820 1072 1144 1127 doctrinam
1169 1074 1463 1145 vitamque
1489 1075 1731 1130 minime
1754 1079 1983 1131 contra-

332 1157 504 1223 riam,
540 1158 636 1214 ille
688 1162 1104 1232 obsequentem
1155 1168 1211 1217 et
1258 1164 1571 1220 candidam
1620 1182 1856 1233 aurem;
1891 1166 1984 1220 hic

331 1254 553 1303 castam
598 1249 1017 1321 virginitatem,
1049 1256 1106 1307 et
1135 1271 1167 1309 a
1200 1255 1420 1309 mundo
1472 1255 1706 1326 penitus
1753 1256 1983 1311 abscin-

330 1337 588 1404 dentem,
624 1338 721 1394 ille
770 1341 1015 1411 pudicas
1061 1343 1321 1414 nuptias,
1353 1361 1458 1400 nec
1504 1362 1745 1417 prorsus
1789 1362 1822 1400 a
1870 1345 1985 1400 Deo

331 1427 768 1498 disjungentes;
794 1427 884 1482 hic
907 1429 1205 1499 jejunium
1238 1433 1427 1487 fastus
1458 1448 1682 1503 expers,
1715 1432 1813 1488 ille
1842 1450 1983 1505 epu-

328 1514 417 1569 las
460 1516 533 1571 ab
569 1516 1025 1588 intemperantia
1075 1524 1133 1574 et
1182 1520 1505 1591 petulantia
1553 1527 1840 1590 remotas;
1892 1522 1985 1577 hic

326 1604 707 1660 attentionem
742 1611 801 1660 et
843 1606 1252 1664 assiduitatem
1282 1609 1340 1664 in
1375 1611 1740 1667 orationibus
1770 1616 1828 1667 et
1857 1611 1985 1682 spi-

2098 628 2236 695 σθαι,
2272 628 2300 679 6
2332 624 2389 681 δὲ
2417 628 2479 682 τὸ
2507 627 2598 683 τὸν
2631 629 3085 701 προθυμσνλρμκιον
3139 627 3255 698 (81)
3283 622 3681 700 ἀποδέχεσθαι·
3720 627 3748 680 6

2102 716 2195 789 μὲν
2228 715 2417 791 πρᾶξιν
2452 717 2756 785 ἐπαινετὴν,
2793 716 2820 769 6
2854 714 2910 770 δὲ
2948 713 3176 790 Θεωρίαν
3226 711 3487 789 εὔστοχον
3510 733 3522 747 ·
3576 716 3604 769 ὁ
3656 717 3751 787 μὶν

2098 804 2263 879 λόγον
2296 805 2528 881 καίριον,
2564 806 2592 859 6
2620 802 2677 859 δὲ
2708 806 2919 871 σιωπὴν
2950 803 3178 878 εὔλογον
3206 823 3218 835 ·
3255 805 3283 858 6
3337 803 3431 876 μιν
3460 824 3546 865 τις
3595 800 3746 858 διδα-

2095 894 2318 949 σκαλίαν
2369 892 2658 949 ἄπταιστον
2717 894 2806 948 καὶ
2866 894 2980 967 βίον
3048 914 3122 965 μη
3178 892 3588 966 ἀνθιστάμενον,
3630 892 3657 947 6
3690 890 3749 948 δὲ

2096 985 2268 1053 ἀκοὴν
2304 985 2522 1053 εὺπειθῆ
2558 985 2645 1039 καὶ
2682 986 2795 1057 (82)
2826 983 3150 1057 εὐγνώμονα
3174 1002 3187 1015 ’
3224 983 3253 1037 6
3304 983 3396 1054 μὶν
3456 982 3746 1059 παρθενίαν

2096 1074 2265 1147 ἁγνὴν
2313 1074 2399 1129 καὶ
2432 1074 2642 1145 κόσμου
2674 1071 2957 1133 παντελῶς
2987 1070 3420 1144 ἀποτέμνουσαν,
3469 1072 3496 1124 6
3543 1069 3599 1125 δὲ
3648 1075 3747 1146 γά-

2099 1184 2199 1234 μον
2232 1162 2423 1235 σεμνὸν
2454 1163 2540 1216 καὶ
2576 1163 2652 1234 μὴ
2687 1163 2856 1227 πάντη
2890 1166 3023 1215 Θεοῦ
3054 1160 3366 1237 χωρίζοντα
3390 1180 3401 1192 ·
3462 1161 3489 1213 6
3525 1160 3617 1233 μὲν
3648 1182 3751 1232 νη-

2096 1252 2271 1306 στείαν
2308 1249 2528 1330 ἄτυφον,
2561 1253 2589 1306 6
2622 1249 2678 1306 δὲ
2706 1249 3006 1305 ἀπόλαυσιν
3058 1252 3132 1323 μὴ
3186 1248 3489 1305 ἀκόλαστον
3519 1269 3530 1280 ·
3577 1248 3749 1313 ἄλλος

2093 1342 2156 1396 τὸ
2206 1340 2257 1396 ἐν
2304 1347 2639 1417 προσευχαῖς
2683 1341 3079 1415 ἀπερίσπαστον
3107 1339 3196 1394 καὶ
3228 1338 3421 1412 ὕμνοις
3452 1360 3752 1411 πνευματι-

2092 1437 2233 1497 κοῖς,
2268 1429 2437 1493 ἄλλος
2466 1433 2528 1486 τὸ
2559 1431 2609 1485 ἐν
2644 1430 2943 1506 προστασίᾳ
2974 1431 3086 1503 (83)
3115 1434 3221 1483 τῶν
3266 1427 3532 1501 δεομένων
3558 1448 3571 1461 ’
3617 1429 3748 1483 πάν-

2090 1540 2180 1583 τες
2215 1518 2437 1594 δάκρυα,
2470 1522 2665 1583 πάντες
2698 1521 2978 1595 κάθαρσιν,
3010 1514 3266 1573 ἀνάϐασιν
3313 1518 3507 1580 πάντες
3552 1519 3643 1573 καὶ
3687 1519 3752 1573 τὸ

2092 1614 2211 1671 τοῖς
2242 1606 2546 1685 ἔμπροσθεν
2580 1608 2995 1672 ἐπεκτείνεσθαι.

326 1692 642 1749 ritualibus
674 1694 933 1766 hymnis,
966 1696 1067 1751 ille
1104 1715 1428 1770 pauperum
1480 1717 1679 1756 curam
1713 1707 1770 1755 et
1799 1700 2139 1772 praesidium
2175 1716 2189 1755 :
2223 1716 2429 1755 omnes
2477 1705 2673 1761 autem
2723 1700 3033 1772 lacrymas,
3066 1714 3272 1755 omnes
3320 1698 3754 1770 purgationem,

326 1798 533 1839 omnes
565 1800 899 1853 ascensum,
932 1790 1107 1858 atque
1139 1789 1535 1845 extensionem
1569 1792 1639 1846 ad
1675 1807 1741 1846 ea
1772 1808 1899 1863 quas
1933 1790 2129 1861 priora
2158 1795 2299 1845 sunt
2320 1790 2384 1844 ⁸⁷.

400 1871 549 1927 VIII.
586 1873 930 1930 Praeclarum
967 1893 1200 1948 quoque
1232 1895 1449 1934 munus
1480 1884 1570 1935 est
1611 1879 1983 1951 simplicitas,

2169 1878 2248 1933 H'.
2287 1875 2439 1946 Καλή
2471 1876 2559 1931 καὶ
2592 1875 2838 1946 ἁπλότης
2868 1894 3233 1951 καρποφορια,
3283 1874 3373 1929 καὶ
3421 1871 3599 1950 γελως
3648 1895 3754 1929 σω-

326 1964 386 2017 et
419 1961 602 2017 risum
636 1979 918 2034 coercere,
952 1967 1099 2022 iram
1152 1968 1491 2040 reprimere,
1524 1968 1760 2024 oculum
1818 1969 1981 2024 cohi-

326 2051 483 2121 bere,
510 2056 686 2108 menti
715 2057 959 2127 vagandi
1000 2062 1345 2128 potestatem
1375 2060 1527 2115 368
1562 2076 1793 2131 negare.
1832 2058 1983 2113 Nihil

325 2157 529 2197 eorum
559 2161 685 2213 quis
712 2149 823 2199 Deo
845 2145 1191 2217 offeruntur,
1215 2153 1334 2202 tam
1370 2166 1612 2220 parvum
1641 2154 1749 2213 est,
1775 2166 1982 2221 quam—

325 2230 412 2287 vis
442 2232 617 2287 etiam
656 2233 885 2288 minimi
937 2236 1220 2291 momenti
1253 2238 1350 2300 sit,
1374 2237 1643 2308 quamvis
1675 2237 1845 2307 longe
1895 2238 1982 2291 in-

328 2321 417 2374 tra
447 2319 607 2376 illius
652 2322 1020 2395 dignitatem,
1054 2327 1208 2395 quod
1261 2342 1375 2380 non
1424 2327 1664 2382 omnino
1713 2326 1983 2397 accipiat,

328 2415 683 2482 gratumque
714 2412 945 2484 habeat,
968 2414 1199 2471 tametsi
1218 2416 1382 2485 justo
1405 2417 1631 2487 judicio
1654 2416 1987 2472 misericor-

329 2498 487 2554 diam
546 2502 869 2571 ponderare
928 2502 1113 2558 soleat
1137 2504 1200 2559 ⁸⁸.
1250 2504 1475 2575 Accipit
1532 2504 1648 2572 ille,
1708 2509 1763 2559 et
1824 2503 1987 2559 Pauli

329 2588 773 2659 plantationem,
812 2595 873 2644 ut
918 2591 1103 2657 Pauli,
1126 2597 1181 2647 et
1231 2592 1576 2665 rigationcm
1610 2592 1812 2665 Apollo
1833 2594 1898 2660 ⁸⁸,
1931 2596 1989 2648 et

327 2678 445 2732 duo
476 2678 663 2733 vidua:
710 2679 941 2735 minuta
962 2681 1025 2751 ⁸ο,
1059 2681 1359 2753 publicani
1408 2682 1806 2738 humilitatem
1829 2684 1897 2750 οι,
1932 2687 1989 2738 et

331 2766 623 2823 Manassis
653 2769 1081 2825 confessionem
1105 2772 1169 2826 9’.
1196 2772 1423 2844 Moyses
1449 2772 1893 2828 tabernaculum
1926 2771 1991 2826 il-

327 2855 454 2923 lud,
480 2858 550 2913 ad
584 2857 909 2915 cmlestium
955 2860 1253 2932 exemplar
1282 2866 1707 2927 constructum,
1742 2863 1799 2916 in
1834 2866 1990 2917 terra

328 2945 572 3017 ﬁgebat;
606 2952 663 3002 et
693 2965 919 3014 omnes,
953 2950 1109 3020 quod
1154 2950 1367 3021 cuique
1410 2951 1825 3007 denuntiatum
1859 2952 1988 3007 fue-

329 3040 439 3101 rat,
464 3036 859 3093 conferebant.
884 3039 1035 3104 Quin
1062 3040 1238 3095 etiam
1271 3046 1479 3113 suapte
1509 3046 1719 3113 sponte
1750 3041 1848 3097 alii
1880 3058 1991 3097 au-

330 3141 483 3192 rum,
517 3125 617 3179 alii
652 3133 986 3197 argentum,
1013 3128 1113 3183 alii
1154 3146 1420 3201 gemmas
1462 3130 1748 3201 pretiosas
1778 3132 1851 3185 ad
1885 3148 1989 3186 su-

329 3214 760 3286 perbumeralis
809 3223 1079 3274 ornatum
1122 3220 1490 3290 erogabant:
1527 3220 1805 3276 mulieres
1854 3238 1989 3293 par-

329 3303 435 3358 tim
478 3304 721 3375 byssum
772 3310 1069 3373 retortam,
1124 3309 1337 3379 partim
1388 3309 1689 3364 coccinum
1739 3313 1987 3377 textum,

330 3393 543 3464 partim
570 3410 913 3466 purpuram,
932 3397 1138 3467 partim
1163 3397 1409 3453 arietum
1436 3398 1614 3469 pelles
1637 3399 1987 3468 rubricatas,

333 3484 546 3555 partim
581 3500 889 3556 caprarum
934 3486 1106 3558 pilos,
1143 3504 1263 3543 rem
1312 3487 1685 3553 vilissimam,
1720 3489 1788 3543 ad
1842 3506 1991 3561 opus

332 3573 695 3629 tabernaculi
719 3575 794 3643 9';
830 3576 948 3640 alii,
986 3578 1139 3648 quod
1173 3578 1423 3650 quisque
1457 3582 1559 3633 aut
1590 3595 1836 3651 quasque
1890 3580 1991 3633 ha-

333 3662 536 3729 bebat;
569 3669 843 3720 ceterum
900 3682 1104 3722 omnes
1153 3668 1490 3737 aﬁ‘erebant,
1526 3685 1629 3723 nec
1679 3668 1991 3739 quisquam

333 3752 619 3808 immunis
669 3760 812 3819 erat,
848 3772 919 3811 ne
964 3756 1297 3811 tenuiorum
1332 3757 1588 3825 quidem.
1614 3757 1991 3815 Consimilem

332 3858 440 3896 nos
471 3859 704 3913 quoque
750 3844 808 3898 in
858 3845 1098 3900 modum
1154 3846 1402 3915 pretioso
1446 3847 1542 3903 Dei
1592 3846 1993 3915 tabernaculo,

333 3930 442 3986 hoc
474 3937 581 4000 est,
616 3932 794 4001 hujus
826 3933 1114 4003 Ecclesia,
1148 3937 1305 4005 quod
1344 3952 1455 3991 non
1490 3937 1562 3991 ah
1596 3936 1853 4004 homine,
1891 3937 1993 3991 sed

334 4036 368 4075 a
397 4021 512 4076 Deo
546 4022 723 4076 fixum
770 4027 857 4078 est
878 4024 943 4093 9‘,
974 4024 1250 4094 quodque
1278 4024 1456 4081 variis
1486 4025 1768 4079 virtutum
1820 4042 1991 4080 orna-

336 4110 551 4165 mentis
574 4111 953 4179 construitur,
981 4113 1133 4169 alius
1157 4115 1353 4169 minus
1376 4115 1682 4186 quiddam,
1702 4114 1852 4170 alius
1876 4132 1996 4170 ma-

325 4200 453 4271 jus,
477 4216 681 4257 omnes
724 4206 922 4257 tamen
955 4202 1100 4257 citra
1128 4204 1530 4274 exceptionem
1564 4204 1899 4271 offeramus,
1932 4205 1994 4258 in

335 4305 484 4360 opus
534 4291 878 4360 perfectum,
914 4290 973 4345 in
1026 4290 1433 4346 habitaculum
1465 4292 1703 4359 Christi,
1734 4292 1791 4346 in
1842 4296 1994 4347 tem-

337 4377 502 4451 plum
537 4382 806 4434 sanctum
830 4380 893 4444 95,
918 4379 1370 4436 architectonica
1390 4380 1645 4451 Spiritus
1678 4384 1801 4436 arte
1832 4398 1998 4437 cons-

340 4467 598 4536 tructi,et
614 4467 1188 4539 coagmentati.[llud
1212 4469 1451 4540 quidem
1477 4469 1722 4526 minime
1748 4471 1995 4527 dubium

339 4562 447 4625 est,
473 4557 641 4628 quin,
671 4557 905 4613 etiamsi
953 4558 1152 4613 omnia
1198 4559 1645 4626 contulerimus,
1678 4560 1879 4617 minus
1909 4564 1995 4618 ta-

412 4692 455 4726 ετ
485 4692 676 4765 Philip

2094 1966 2511 2045 φρονιζόμενος,
2545 1965 2633 2020 καὶ
2678 1964 2848 2034 Ουμὸς
2890 1962 3289 2037 κολαζόμενος,
3320 1964 3409 2017 καὶ
3442 1958 3598 2037 ὄμμα
3626 1984 3753 2017 παι-

2095 2052 2538 2130 δαγωγούμενον,
2588 2055 2677 2109 καὶ
2726 2058 2847 2115 νοῦς
2897 2051 3202 2116 πλανᾶσθαι
3250 2053 3325 2125 μὴ
3360 2051 3754 2128 συγχωρούμε-

2092 2166 2207 2207 νος.
2240 2143 2408 2201 Οὐδὲν
2439 2144 2582 2199 οὕτω
2636 2144 2827 2217 μικρὸν
2872 2146 2979 2197 τῶν
3034 2142 3431 2218 εἰσφερομένων
3485 2146 3619 2213 Θεῷ,
3654 2141 3753 2195 κᾶν

2095 2233 2385 2310 ἰλάχιστον
2419 2236 2478 2305 ᾖ,
2509 2233 2602 2288 κᾶν
2638 2233 2784 2308 παρὰ
2817 2235 2925 2305 (84)
2958 2231 3101 2287 πολὺ
3146 2238 3245 2300 τῆς
3292 2230 3440 2303 ἀξίας
3499 2230 3760 2303 λειπόμε-

2094 2344 2185 2378 νον
2246 2325 2379 2397 (85),
2431 2323 2460 2377 ὅ
2510 2324 2585 2395 μὴ
2636 2321 2918 2398 προσίεται
2960 2319 3177 2381 πάντως
3205 2320 3295 2374 καὶ
3326 2316 3673 2394 ἀποδέχεται,
3711 2319 3758 2374 εἰ

2094 2412 2185 2468 καὶ
2217 2412 2527 2485 σταθμίζειν
2560 2409 2675 2466 οἵδε
2694 2415 2763 2484 τῇ
2797 2408 2977 2481 δικαίᾳ
3006 2409 3180 2483 κρίσει
3209 2408 3273 2464 τὸ
3304 2406 3478 2470 ἔλεος.
3530 2407 3755 2483 Δέχεται

2094 2502 2186 2558 καὶ
2218 2500 2438 2556 Παύλου
2468 2502 2566 2569 τήν
2592 2500 2829 2579 φυτείαν,
2863 2499 2937 2561 ὡς
2962 2496 3207 2570 Παύλου,
3237 2498 3328 2551 καὶ
3361 2496 3625 2552 Ἀπολλῶ
3652 2498 3753 2564 τήν

2097 2588 2334 2663 ἀρδείαν,
2366 2590 2456 2645 καὶ
2484 2590 2550 2645 τὰ
2581 2587 2676 2644 δύο
2709 2587 2883 2644 λεπτὰ
2910 2594 3011 2657 τῆς
3040 2588 3240 2664 χήρας,
3272 2586 3361 2641 καὶ
3391 2591 3489 2641 τοῦ
3513 2584 3757 2641 τελώνου

2095 2681 2196 2749 τήν
2255 2678 2602 2748 ταπείνωσιν,
2662 2679 2753 2734 καὶ
2809 2682 2906 2733 τοῦ
2956 2683 3209 2745 Μανασσῆ
3255 2677 3355 2745 τὴν
3395 2674 3753 2751 ἐξαγόρευσιν.

2096 2774 2301 2838 Μωσῆς
2334 2768 2603 2843 ἐπήγνυτο
2650 2769 2749 2837 τὴν
2803 2768 3011 2836 σκηνήν
3198 2764 3368 2836 κάτω,
3395 2765 3495 2833 τὴν
3521 2767 3627 2818 τῶν
3663 2762 3755 2818 οὐ-

2099 2858 2298 2935 ρανίων
2355 2858 2663 2931 ἀντίτυπον,
2704 2854 2793 2912 καί
2841 2858 3035 2918 πάντες
3084 2855 3356 2932 εἰσέφερον
3386 2854 3449 2910 τὸ
3478 2853 3755 2929 κηρυχθὶν

2096 2948 2305 3010 αὐτοῖς.
2340 2949 2403 3002 Oi
2435 2945 2492 3002 δὲ
2520 2949 2609 3003 καὶ
2641 2943 3094 3023 αὐτεπάγγελτοι,
3125 2946 3178 3000 οἱ
3214 2945 3307 3017 μὲν
3352 2945 3467 3018 (87)
3526 2943 3754 3018 χρυσὸν,

2100 3038 2154 3093 οἱ
2185 3036 2243 3091 δὲ
2273 3036 2531 3113 ἄργυρον,
2566 3038 2618 3091 οἱ
2648 3034 2706 3091 δὲ
2745 3036 2928 3098 λίθους
2955 3035 3172 3109 τιμίους
3224 3034 3303 3096 εἷς
3331 3035 3433 3102 τὴν
3462 3029 3715 3105 ὶπωμίδα
3737 3050 3750 3062 ·

2100 3128 2156 3183 αἱ
2210 3125 2267 3181 δὲ
2323 3126 2518 3202 βύσσον
2576 3124 3079 3198 διακεκλωσμὲνην,
3140 3124 3196 3177 αἱ
3254 3120 3312 3178 δὲ
3365 3123 3615 3177 κόκκινον
3668 3142 3756 3175 νε-

2099 3216 2391 3289 νησμὲνον,
2425 3217 2477 3270 οἱ
2510 3212 2568 3270 δὲ
2596 3214 2900 3291 πορφύραν,
2936 3215 2988 3269 oi
3020 3211 3078 3268 δὲ
3122 3210 3363 3289 δέρματα
3409 3215 3576 3287 κριῶν
3625 3211 3760 3285 ἠρυ-

2100 3304 2490 3380 θροόανωμὲνα
2513 3323 2525 3335 ·
2561 3305 2616 3359 αἳ
2648 3302 2705 3359 δὲ
2733 3304 2822 3359 καὶ
2852 3303 3050 3379 τρίχας
3080 3301 3289 3377 αἱγείας
3331 3300 3408 3363 είς
3454 3301 3521 3355 τὰ
3567 3299 3763 3374 κάτερ-

2100 3417 2169 3473 γα
2216 3402 2319 3465 τῆς
2369 3397 2592 3465 σκηνῆς,
2638 3394 2702 3448 τὸ
2752 3391 3089 3471 φαυλότατον
3116 3410 3128 3423 ·
3182 3392 3233 3446 οἱ
3270 3388 3328 3446 δὲ
3352 3389 3383 3445 ὅ
3409 3411 3463 3445 τι
3494 3392 3606 3463 (88)
3630 3386 3759 3443 Exa-

2102 3506 2250 3556 στος,
2302 3486 2336 3554 ἣ
2387 3484 2580 3554 ἑκάστη
2642 3482 2863 3559 τῦχοιεν
2925 3478 3144 3556 ἔχοντες
3185 3498 3200 3514 ⁶
3227 3482 3423 3542 πάντες
3456 3476 3514 3534 δὶ
3543 3477 3756 3556 ἔφερον,

2100 3573 2191 3630 καὶ
2222 3570 2398 3635 οὐδεὶς
2429 3575 2493 3642 ἧν
2527 3570 2846 3640 ἂσυντελής,
2881 3569 3007 3625 οὐδὲ
3039 3574 3146 3626 τῶν
3196 3568 3550 3624 πενεστάτων.
3599 3566 3760 3624 Οὒτω

2100 3664 2191 3718 καὶ
2221 3665 2384 3735 ἡμεῖς
2415 3661 2484 3736 τῇ
2517 3662 2685 3735 μιμίᾳ
2710 3666 2808 3716 τοῦ
2864 3665 2998 3716 Θεοῦ
3046 3664 3221 3733 σκηνῇ
3268 3656 3437 3728 τῆσδε
3492 3664 3592 3727 τῆς
3644 3658 3760 3711 Ἐκ-

2100 3751 2354 3822 κλησίας,
2386 3754 2447 3820 ἦν
2476 3752 2503 3806 6
2531 3752 2727 3826 Κύριος
2758 3750 2941 3821 επηξε,
3000 3749 3091 3805 καὶ
3140 3750 3252 3823 (89)
3305 3746 3404 3804 οὐκ
3454 3744 3759 3822 ἅνθρωπος,

2101 3843 2137 3912 ἢ
2168 3840 2451 3919 διαφόροις
2497 3842 2689 3913 ἀρετῆς
2740 3837 3207 3911 συνοικοδομεῖται
3255 3836 3539 3904 κάλλεσιν,
3580 3836 3608 3890 6
3661 3834 3757 3908 μὶν

2108 3931 2325 4007 μικρὸν,
2373 3932 2400 3984 6
2450 3928 2508 3985 δὲ
2559 3934 2767 4003 μεῖζον,
2812 3928 3002 3991 πάντες
3059 3926 3117 3983 δὲ
3167 3927 3379 4001 ὁμοίως
3424 3924 3759 4003 εῗσφὲρωμεν

2104 4020 2183 4082 είς
2244 4019 2402 4096 ἔργον
2460 4017 2690 4085 τέλειον,
2746 4018 2820 4079 είς
2866 4019 3291 4092 κατοικητήριον
3340 4018 3575 4091 Χριστοῦ
3622 4015 3765 4086 (90),

2103 4110 2183 4171 εἷς
2228 4109 2353 4163 ναὸν
2412 4106 2589 4183 ἅγιον,
2644 4107 3033 4181 συντιθέμενοι,
3092 4106 3182 4163 καὶ
3240 4103 3762 4181 συναρμολογούμε-

2102 4220 2190 4255 νοι
2257 4200 2367 4272 (91)
2426 4201 2494 4271 τῇ
2527 4196 2909 4273 ἀρχιτεκτονίᾳ
2932 4201 3031 4251 τοῦ
3058 4195 3397 4270 Πνεῦματος.
3429 4194 3647 4253 Πάντως
3703 4189 3763 4247 δὲ

2105 4285 2232 4343 οὐδὲ
2305 4287 2611 4360 εἰσοίσομεν
2694 4289 2975 4357 τοσοῦτον,
3057 4284 3181 4340 ὅσον
3261 4284 3587 4363 είλήφαμεν,
3659 4281 3755 4336 κᾶν

2103 4376 2281 4433 πάντα
2334 4375 2688 4452 είσφὲρωμεν.
2750 4374 2895 4430 Ἐπεὶ
2956 4375 3045 4431 καὶ
3091 4375 3153 4430 τὸ
3185 4374 3315 4429 εἶναι
3346 4376 3482 4447 ἡμῖν
3517 4372 3577 4427 ὲκ
3603 4373 3758 4445 Θεοῦ,

2104 4466 2196 4524 καὶ
2252 4465 2316 4520 τὸ
2375 4463 2569 4520 εἰδέναι
2626 4465 2780 4535 Θεὸν,
2836 4465 2926 4520 καὶ
2957 4464 3088 4520 αὐτὸ
3118 4464 3182 4520 τὸ
3214 4463 3359 4541 ἔχειν
3393 4462 3423 4518 6'
3452 4460 3763 4537 εἰσενέγκω-

2111 4577 2227 4633 μεν.
2262 4556 2332 4611 Τὸ
2364 4552 2422 4610 δὲ
2470 4552 2767 4612 κάλλιστον
2824 4555 2915 4610 καὶ
2973 4548 3510 4633 φιλανθρωπότατον,
3544 4550 3625 4607 ὅτι
3682 4551 3763 4623 μὴ

682 4710 738 4765 p.
774 4710 856 4761 ιιι,
893 4694 978 4748 13.
1056 4693 1100 4728 ⁸⁸
1133 4696 1242 4749 Isa.
1295 4711 1492 4763 xxvm,
1549 4696 1633 4749 17.
1711 4696 1756 4731 ⁸⁹
1792 4697 1810 4751 Ι
1843 4695 1971 4752 Cor.

2123 4694 2177 4748 6.
2256 4693 2299 4728 ⁸ο
2331 4692 2469 4747 Luc.
2520 4708 2637 4765 axx,
2676 4693 2754 4765 2ἑ
2802 4691 2858 4765 ,θί
2893 4692 3032 4746 Luc.
3058 4706 3224 4765 grvm,
3261 4690 3346 4745 13.
3422 4688 3467 4724 ⁸³
3499 4689 3545 4744 ΙΙ
3572 4686 3766 4742 Paral.

339 4739 856 4838 munifi‘é’siﬁq‘.”
879 4739 1366 4833 οἱνὲχοάΪέιῖίνξέ
1382 4739 1736 4837 ᾖξςίἑέπ,
1766 4739 1989 4841 έεέιῖίά.

2102 4739 2320 4822 ιῖιθιπ.
2336 4739 2477 4831 ἲῆἦ,
2509 4739 2934 4835 ἱ””θδ”ιέριιθεῗ
2944 4739 3032 4835 ἶῐ,
3051 4739 3142 4817 ἔι.

340 4909 494 4963 recte
526 4905 786 4976 quidem.
820 4905 1049 4961 Etenim
1082 4912 1215 4978 post
1260 4922 1510 4963 messem
1542 4907 1739 4979 fruges
1767 4907 1828 4961 in
1859 4906 1999 4961 hor-

340 4979 456 5033 reis
490 4979 906 5033 reconduntur.

414 5050 528 5123 (80)
559 5048 635 5123 T6
671 5046 840 5123 μηδὶν
870 5046 1040 5123 ἔχειν.
1062 5049 1280 5123 _Billius
1314 5067 1325 5106 :
1353 5073 1381 5100 «
1415 5053 1841 5123 paupertatem.
1878 5070 1906 5098 ››

559 5121 632 5195 Το
656 5118 748 5175 τὸν
789 5118 1267 5195 προθῖομοῦμενον,
1300 5118 1863 5195 etchilliusnimis
1888 5138 2002 5195 pa-

344 5193 704 5265 raphrastice
739 5210 752 5248 :
781 5218 807 5243 ‹‹
836 5192 1100 5249 hominis
1131 5211 1197 5251 eo
1228 5195 1437 5250 affectu
1493 5193 1717 5265 praediti
1768 5192 2002 5249 laudem

345 5270 401 5318 et
430 5266 1072 5322 commendationem.»

347 5404 359 5417 _
416 5337 528 5459 (ΘΞ)
560 5335 680 5391 Καί.
718 5337 811 5391 Sic
862 5339 1063 5393 decem
1098 5336 1279 5406 Colb.,
1315 5337 1411 5392 0r.
1452 5338 1503 5407 1,
1535 5340 1592 5392 et
1642 5341 1801 5392 Pass.
1835 5336 2007 5393 Deest

347 5422 405 5459 ιιι
436 5424 465 5459 e
518 5450 528 5459 .

345 5422 405 5461 ID
436 5422 528 5461 eo.

418 5478 530 5548 (83)
581 5478 666 5550 Ἑν
730 5478 1048 5550 προστασίᾳ.
1100 5480 1273 5535 Cois].
1338 5482 1371 5533 3
1420 5486 1475 5534 et
1524 5480 1618 5534 ΟΡ.
1674 5481 1723 5547 1,
1789 5476 1839 5531 ἐν
1888 5484 2005 5540 ταῖς

347 5547 723 5621 προστασίαις.

421 5622 535 5689 (84)
568 5620 738 5691 Παρὰ,
772 5617 867 5670 Sic
902 5620 1038 5689 Reg.
1073 5623 1168 5691 ph.
1206 5626 1377 5676 Deest
1409 5623 1467 5676 in
1502 5624 1594 5678 ed.

444 5693 531 5767 ξιξ)
565 5686 925 5767 ῥειπόμιντξν.
1170 5697 1219 5764 1,
1256 5691 1719 5767 ἀπολειπόμενον.

444 5700 531 5759 85)
568 5700 925 5755 Λειπομενον.
959 5700 1133 5751 Goisl.
1170 5700 1219 5764 1,
1256 5700 1719 5767 ἀπολειπόμενον.

423 5700 537 5833 (86)
564 5760 673 5826 Τὴν
708 5758 929 5827 σκηνήν.
958 5764 1163 5825 Billlus
1200 5785 1227 5820 α
1265 5781 1531 5825 ουσιαι..
1568 5772 1633 5823 In
1664 5765 1859 5840 prima
1886 5766 2005 5825 edi-

2108 4903 2266 4959 tione
2294 4905 2564 4971 verterat,
2586 4924 2614 4951 ‹‹
2642 4900 3111 4966 tabernaculum,
3135 4921 3163 4950 »
3193 4898 3351 4971 quod
3382 4914 3526 4955 sane
3556 4897 3771 4971 rectius

2108 4976 2358 5032 videtur.
2394 4970 2573 5029 Aliud
2603 4974 2761 5029 enim
2792 4976 2919 5027 erat
2951 4995 2972 5022 ι
3007 4988 3161 5040 arca,
3183 4992 3212 5022 ι»
3245 4970 3404 5027 aliud
3438 4994 3465 5021 «
3497 4970 3770 5026 taberna-

2112 5046 2335 5104 culum.
2367 5066 2395 5094 ››

2207 5119 2298 5189 87)
2330 5116 2393 5170 Οἱ
2430 5114 2548 5187 μὲν.
2585 5120 2706 5172 Duo
2738 5114 2916 5189 Regg.
2950 5119 3009 5171 et
3035 5115 3131 5172 Or.
3164 5114 3214 5183 1,
3246 5112 3275 5168 6
3310 5111 3425 5186 μιν.

2206 5184 2295 5260 88)
2324 5190 2389 5241 ’Ὀ
2421 5184 2500 5260 τι.
2534 5189 2722 5254 Pass.,
2756 5184 2904 5260 εῗὶῐ.

2207 5257 2299 5333 89)
2330 5257 2451 5314 Καί.
2485 5260 2580 5314 Sic
2611 5266 2777 5333 Pass.
2810 5259 2983 5315 Deest
3008 5259 3068 5314 in
3101 5257 3195 5313 ed.

2206 5331 2298 5401 90)
2332 5334 2588 5406 Χριστοῦ.
2623 5331 2781 5388 Colb.
2820 5334 3055 5406 l,_0eoﬁ.

2188 5396 2301 5475 (91)
2362 5396 2734 5475 Συντιθὲμενοι
2809 5396 2902 5456 καί
2975 5396 3573 5475 συναρμολογούμενον...
3653 5397 3772 5475 Ιξὶιέ

2114 5470 2230 5533 lius
2265 5470 2334 5532 εἰ(
2368 5470 2774 5533 constructum
2820 5480 2878 5530 et
2919 5470 3472 5545 coagmentatum.»
3502 5472 3567 5545 ,Ιᾶ
3603 5470 3778 5545 refert

2117 5573 2145 5601 ‹‹
2182 5550 2251 5604 ad
2287 5548 2598 5621 templum,
2628 5572 2655 5598 ››
2687 5565 2823 5604 cum
2856 5547 2927 5603 ad
2958 5543 3066 5621 nos
3108 5545 3271 5621 ipsos
3313 5543 3773 5621 referri_deb_e_at.

2114 5621 2232 5677 Nos
2260 5616 2427 5676 enim.
2454 5621 2563 5693 ipsi
2612 5637 2843 5693 sumus,
2877 5620 3000 5689 qui,
3033 5616 3489 5693 architectonica
3519 5616 3777 5693 Spiritus

2116 5694 2306 5751 sancti
2336 5689 2532 5765 arte,'«
2566 5695 2627 5750 in
2654 5692 2945 5765 templum
2976 5689 3076 5749 Dei
3104 5690 3530 5761 construimur,
3561 5692 3619 5746 et
3645 5704 3776 5745 coa-

2116 5768 2513 5841 gmsntamur.
