4090 6430
347 407 503 471 1053

830 405 1128 466 ORATIO
1171 403 1324 465 XIX.
1360 437 1436 448 —
1466 406 1571 466 AD
1614 401 2014 466 JULlANUM
2057 402 2577 466 TRIBUTORUM
2622 401 3270 474 EXJEQUATOREM.

3610 401 3768 464 1054

341 540 413 613 τῇ
475 539 595 612 ἀξίᾳ
649 543 746 594 τοῦ
818 535 1127 611 διδομένου,
1203 537 1271 612 τῇ
1347 535 1404 592 δὶ
1479 535 1704 611 δυνάμει
1777 536 1868 591 καὶ
1932 537 1992 608 τῇ

2116 553 2249 592 men
2301 535 2569 592 collaturi
2622 537 2831 602 simus,
2883 553 3060 605 quam
3111 535 3464 608 accepimus.
3498 537 3771 601 Quando-

347 627 582 684 διαθέσει
629 633 726 682 τοῦ
774 631 1275 707 καρποφοροῦντ.ς,
1333 632 1518 702 μετρεῖ
1564 628 1692 690 Θεὸς
1738 627 1836 696 τὴν
1884 624 2001 680 ἐπί-

347 715 519 774 δοσιν.

2116 626 2354 698 quidem
2409 626 2587 682 divini
2643 627 2907 682 benefici;
2973 632 3093 693 καὶ,
3125 626 3278 696 quod
3335 643 3565 697 sumus,
3613 635 3765 698 (lUui

2115 715 2298 770 Deum
2342 717 2776 788 cognoscimus,
2810 715 3080 785 quodque
3127 715 3324 785 etiam,
3359 715 3513 786 quod
3559 715 3765 770 offera-

349 825 503 875 mus,
539 809 848 864 habemus.
879 809 1068 879 Atque
1110 807 1253 862 illud
1300 806 1761 879 pulcherrimum
1795 806 2415 876 humanissimumque
2446 806 2800 861 censendum
2829 809 2939 872 est,
2972 806 3126 876 quod
3175 810 3326 861 Deus
3371 803 3766 876 largitionem,

350 915 464 953 non
498 897 703 953 oblatae
735 897 818 953 rei
851 898 1037 969 pretio
1067 901 1125 952 et
1155 897 1457 969 dignitate,
1490 899 1590 953 sed
1624 897 1916 953 offerentis
1950 897 2156 952 aﬁ‘ectu
2187 900 2243 950 et
2273 895 2546 950 facultate
2577 895 2872 951 metiatur.

421 987 494 1042 6'.
528 990 613 1054 Μή
650 986 740 1040 οὗν
773 985 1062 1059 ἀναμείνῃς
1099 985 1343 1060 γενέσθαι
1395 986 1654 1062 χρηστὸς,
1707 983 1832 1041 ἀλλ’
1889 982 1998 1054 ἤδη

348 1080 507 1149 γενοῦ
533 1095 544 1107 ·
585 1074 725 1147 μηδι
755 1075 837 1130 δτι
869 1082 969 1144 τῆς
1003 1073 1150 1146 ἀξίας
1183 1074 1431 1149 λείπῃ,τὸ
1461 1081 1563 1129 πᾶν
1600 1073 1830 1149 έλλίπῃς
1866 1076 1996 1149 (92).

343 1163 524 1220 Ἀλλὰ
575 1167 636 1220 τὸ
696 1167 789 1238 μὶν
840 1164 1132 1240 εἰσένεγκε,
1191 1166 1253 1219 τὸ
1319 1163 1376 1219 δὲ
1425 1166 1811 1241 προθυμήθητι
1867 1166 1998 1237 (93),

343 1255 473 1330 ὑπερ
506 1252 562 1309 δὲ
587 1259 682 1308 τοῦ
716 1252 942 1325 δεήθητι
974 1251 1198 1322 δοθῆναι
1247 1254 1571 1330 συγγνώμην
1619 1259 1687 1326 τῇ
1740 1253 1996 1323 ἀσθενείᾳ.

342 1343 456 1400 Οὐκ
515 1343 749 1420 ὀφθήσῃ,
817 1342 970 1421 φησὶ,
1047 1343 1203 1406 κενὸς
1279 1342 1515 1397 ἐναντίον
1596 1364 1723 1416 μου.
1793 1339 1998 1412 Μηδεὶς

341 1432 480 1486 ἔστω
527 1434 700 1501 κενὸς,
756 1429 897 1505 μηδὲ
929 1429 1192 1508 ἄκαρπος,
1231 1429 1372 1505 μηδέ
1395 1453 1479 1494 τις
1511 1437 1695 1507 στεῖρα
1724 1432 1878 1506 ψυχὴ
1910 1431 1999 1486 καὶ

344 1519 557 1596 ἄγονος.
613 1523 879 1584 Ἕκαστος
937 1521 997 1577 ἐκ
1055 1525 1162 1576 τῶν
1236 1520 1520 1597 παρόντων
1578 1521 1997 1599 καρποφορείτω

347 1615 483 1682 Θεῷ,
515 1611 605 1664 καὶ
635 1609 695 1665 ἐκ
722 1614 829 1665 τῶν
863 1609 1076 1666 οἰκείων
1110 1611 1220 1685 (94)
1246 1629 1259 1642 ’
1296 1611 1324 1664 6
1375 1609 1693 1686 ἁμαρτάνων
1750 1612 1850 1680 τὴν
1904 1630 1997 1684 με-

343 1694 611 1772 ταϐολὴν,
645 1700 672 1753 6
701 1699 888 1763 καλῶς
920 1701 1153 1775 νρέχων,
1183 1701 1285 1769 τὴν
1337 1699 1597 1773 εὐτονίαν,
1651 1700 1678 1753 6
1725 1700 1844 1761 νέος
1898 1700 1998 1768 τὴν

346 1788 681 1864 ἐγκράτειαν,
730 1790 765 1859 ἡ
819 1788 992 1845 πολιὰ
1036 1790 1134 1859 τήν
1188 1787 1473 1868 φρόνησιν,
1529 1788 1556 1843 ὁ
1605 1787 1869 1851 πλούσιος
1897 1789 1996 1858 τὴν

349 1847 717 1951 μετάδοσινίὸ
747 1847 916 1948 πένης
949 1879 1045 1947 τήν
1080 1847 1512 1954 εὐχάριστίανλ
1544 1878 1596 1932 έν
1640 1847 1865 1950 έξουσίᾳν
1898 1847 1997 1946 τήν
2036 1847 2083 1914 Β

342 1966 592 2040 άτυγίαν,
653 1969 681 2022 6
741 1967 1076 2043 εἰσπράττων
1137 1969 1237 2037 τὴν
1296 1967 1638 2040 ἡμερότητα.
1700 1969 1763 2020 Οἱ
1812 1967 2000 2042 ἱερεῖς,

341 2053 628 2120 ένδόσασθε
667 2055 1035 2128 δικαιοσύνην,
1089 2058 1148 2127 ἢ,
1199 2057 1260 2111 τό
1318 2078 1378 2133 γε
1407 2056 1771 2133 ἀληθέστερον
1807 2056 2000 2125 εἰπεῖν,

345 2143 730 2218 ἐνδυσώμεθα.
765 2146 840 2216 μὴ
883 2143 1278 2221 διασπείρωμεν
1325 2148 1392 2199 τὰ
1448 2141 1698 2221 πρόϐατα
1751 2153 1852 2214 τῆς
1908 2167 1999 2200 νο-

346 2241 477 2306 μῆς,
538 2233 627 2288 καὶ
661 2232 1082 2310 διαφθείρωμεν,
1145 2236 1276 2311 ὑπὲρ
1312 2237 1384 2289 ὧν
1416 2233 1575 2304 ἔθηκε
1605 2237 1702 2302 τὴν
1737 2236 1920 2310 ψυχὴν
1972 2236 2000 2289 6

341 2323 552 2394 ποιμὴν
587 2325 614 2376 6
646 2324 836 2390 καλὸς,
872 2327 898 2378 ὁ
930 2325 1208 2397 γινώσκων
1239 2327 1307 2379 τὰ
1336 2323 1466 2392 ἴδια,
1519 2324 1606 2378 καὶ
1665 2325 2002 2400 γινωσκόμε-

339 2431 430 2472 νος
482 2411 586 2465 ὑπὸ
633 2416 741 2465 τῶν
785 2409 962 2484 ἰδίων,
1012 2411 1101 2467 καί
1146 2412 1328 2468 καλῶν
1378 2415 1496 2468 κατ’
1526 2409 1720 2486 ὄνομα,
1753 2413 1842 2468 καὶ
1892 2413 1998 2467 εἰσ-

344 2499 492 2575 άγων
526 2500 678 2572 αὐτὰ,
711 2501 800 2554 καὶ
851 2500 1051 2576 ἐξάγων
1103 2501 1208 2556 ἀπό
1265 2523 1323 2557 τε
1369 2502 1617 2564 ἀπιστίας
1673 2502 1748 2564 εἷς
1797 2502 1997 2572 πίστιν,

347 2590 436 2644 καὶ
493 2590 598 2643 ἀπὸ
657 2597 756 2660 τῆς
811 2594 952 2660 ζωῆς
998 2590 1198 2663 ταύτης
1245 2591 1333 2647 έπὶ
1379 2594 1478 2662 τήν
1534 2591 1731 2656 ἐκεῖθεν
1765 2591 1998 2647 ἀνάπαυ-

346 2699 452 2734 σιν.
489 2673 855 2753 Φοϐηθῶμεν,
893 2682 968 2752 μὴ
1005 2682 1093 2758 ἀφ’
1125 2683 1285 2754 ἡμῶν
1319 2679 1542 2755 ἄρξηται
1575 2683 1636 2736 τὸ
1667 2687 1859 2758 κρῖμα,
1903 2702 1998 2737 κα·-

342 2770 408 2823 τὰ
437 2769 535 2837 τήν
567 2767 798 2840 ἀπειλήν
823 2789 835 2802 ⁸
873 2771 949 2842 μὴ
979 2765 1234 2844 λάϐωμεν
1278 2770 1336 2826 ἐκ
1367 2773 1554 2847 χειρὸς
1595 2770 1798 2848 Κυρίου
1830 2769 1998 2827 διπλᾶ

339 2857 406 2910 τὰ
469 2857 841 2931 ἆμαρτήματα
899 2862 1030 2932 (95),
1092 2860 1247 2914 αὑτοί
1303 2881 1361 2915 τε
1416 2860 1516 2916 οὐκ
1573 2861 1848 2931 εἷ’σιόντες,
1906 2860 1996 2916 καὶ

338 2944 466 3005 τοὺς
501 2945 759 3008 εἰσελθεῖν
795 2944 1125 3020 δυναμένους
1157 2947 1487 3012 κωλύοντες.

2187 987 2268 1041 lX.
2311 985 2556 1040 Proinde
2589 1001 2659 1040 ne
2690 984 2978 1056 benignus
3011 1001 3138 1041 esse
3169 984 3483 1055 cuncteris,
3513 984 3614 1040 sed
3638 985 3765 1055 jam

2110 1081 2263 1143 esto;
2311 1091 2433 1144 nec,
2468 1075 2607 1145 quia
2655 1073 2798 1129 satis
2833 1075 3076 1146 dignum
3128 1091 3345 1129 munus
3394 1074 3600 1129 oﬁ'erre
3649 1091 3765 1128 non

2111 1169 2296 1238 potes,
2328 1164 2545 1220 idcirco
2603 1164 2862 1219 ofﬁcium
2916 1165 3157 1220 omnino
3204 1165 3426 1220 desere.
3461 1163 3610 1227 Quin
3665 1180 3764 1234 po-

2111 1254 2226 1308 tius
2278 1254 2358 1308 ita
2406 1257 2462 1308 te
2513 1269 2809 1324 compara,
2845 1255 2908 1308 ut
2953 1252 3068 1308 alia
3123 1255 3322 1308 statim
3377 1253 3608 1322 offeras,
3652 1251 3767 1306 alia

2111 1348 2384 1415 prompta
2412 1359 2478 1398 ac
2509 1359 2805 1414 propensa
2841 1341 3140 1397 voluntate
3170 1343 3374 1397 oil'erre
3405 1346 3660 1412 exoptes,
3695 1341 3766 1395 de

2111 1431 2242 1487 aliis
2280 1431 2608 1486 inﬁrmitati
2639 1436 2752 1487 tuas
2782 1431 3012 1486 veniam
3061 1436 3246 1501 petas.
3278 1434 3400 1487 Non
3447 1430 3760 1501 apparebz's,

2110 1520 2326 1591 inquit,
2375 1536 2560 1576 coram
2604 1536 2692 1575 me
2740 1536 2943 1576 vacuus
2963 1521 3026 1574 9°.
3060 1520 3240 1576 Nemo
3287 1519 3470 1592 igitur
3516 1535 3762 1586 vacuus,

2110 1614 2167 1666 et
2196 1610 2600 1666 infructuosus
2632 1610 2728 1678 sit,
2761 1627 2866 1666 nec
2897 1609 3095 1666 anima
3124 1609 3247 1665 ulla
3285 1608 3502 1665 sterilis
3533 1615 3585 1665 et
3614 1608 3763 1664 infe-

2111 1699 2324 1756 cunda.
2355 1699 2778 1771 Unusquisque
2826 1703 2939 1755 Deo
2987 1715 3115 1770 quae
3162 1701 3504 1770 suppetunt,
3537 1701 3593 1753 et
3636 1715 3764 1770 quae

2111 1789 2351 1860 propria
2381 1792 2540 1856 sunt,
2569 1788 2722 1844 869
2754 1787 3018 1844 muneris
3050 1787 3174 1843 loco
3217 1787 3422 1843 offerat
3455 1803 3467 1841 :
3501 1786 3600 1858 qui
3633 1804 3762 1860 pec-

2114 1883 2229 1949 cat,
2260 1877 2388 1934 vitw
2437 1879 2858 1947 mutationem;
2890 1877 2992 1949 qui
3049 1881 3202 1934 recte
3246 1877 3452 1946 currit,
3482 1875 3543 1931 in
3589 1893 3763 1933 cursu

2114 1967 2537 2034 constantiam;
2570 1967 2910 2023 adolescens
2941 1967 3385 2034 continentiam,
3420 1983 3598 2023 senex
3627 1984 3766 2039 pru-

2114 2057 2394 2123 dentiam,
2414 2057 2574 2112 dives
2595 2058 2983 2129 largitionem,
3005 2074 3226 2128 pauper
3245 2058 3568 2128 gratiarum
3592 2058 3769 2112 actio-

2113 2164 2278 2214 nem;
2326 2146 2427 2218 qui
2478 2147 2736 2218 potentia
2783 2145 2979 2215 pollet,
3014 2145 3400 2211 modestiam;
3433 2146 3532 2217 qui
3565 2147 3764 2219 exigit,

2113 2235 2648 2291 mansuetudinem.
2723 2235 3064 2302 Sacerdotes,
3126 2234 3340 2291 induite
3394 2237 3676 2307 justitiam
3699 2237 3762 2306 ’7,

2113 2329 2234 2393 aut,
2265 2329 2331 2379 ut
2359 2323 2555 2379 verius
2583 2324 2798 2389 dicam,
2829 2323 3144 2378 induamus
3178 2339 3191 2377 :
3226 2340 3454 2395 pascuae
3506 2341 3640 2380 oves
3693 2342 3765 2381 ne

2111 2413 2522 2485 dispergamus
2549 2417 2603 2468 et
2629 2412 2977 2485 jugulemus
2997 2413 3060 2481 '3,
3086 2429 3190 2485 pro
3210 2414 3428 2485 quibus
3448 2413 3639 2469 bonus
3668 2413 3765 2469 ille

2109 2503 2313 2559 Pastor
2343 2503 2602 2560 animam
2633 2521 2800 2559 suam
2833 2503 3048 2574 posuit,
3074 2503 3175 2574 qui
3208 2519 3340 2558 oves
3373 2520 3511 2559 suas
3543 2520 3762 2576 cogno-

2109 2594 2240 2662 scit,
2263 2598 2321 2650 et
2351 2612 2384 2651 a
2414 2594 2537 2650 suis
2588 2593 2979 2665 cognoscitur,
3013 2597 3070 2648 et
3107 2608 3206 2648 eas
3249 2597 3434 2661 vocat,
3469 2597 3525 2648 et
3572 2592 3759 2649 intro-

2108 2686 2270 2741 ducit
2298 2691 2474 2756 atque
2504 2686 2699 2741 educit
2722 2686 2786 2756 θ’,
2818 2689 2945 2740 tum
2978 2684 3050 2739 ab
3080 2683 3382 2755 impietate
3433 2685 3505 2739 ad
3559 2684 3757 2756 ﬁdem,

2105 2779 2234 2831 tum
2266 2776 2337 2831 ab
2367 2775 2476 2831 hac
2505 2775 2627 2831 vita
2655 2775 2728 2829 ad
2777 2774 3035 2830 futuram
3080 2774 3364 2845 requiem.
3397 2773 3756 2841 Timeamus,

2105 2881 2198 2933 ne,
2223 2865 2379 2936 quod
2418 2864 2721 2935 Scriptura
2764 2863 3177 2933 comminatur,
3209 2879 3244 2918 a
3273 2862 3442 2917 nobis
3475 2862 3572 2917 Dei
3596 2863 3757 2933 judi-

2107 2953 2261 3009 cium
2295 2952 2537 3024 incipiat
2557 2954 2605 3021 ¹;
2638 2969 2712 3008 ne
2741 2953 2812 3007 de
2841 2969 3021 3007 manu
3066 2951 3296 3006 Domini
3328 2951 3588 3024 duplicia
3617 2967 3755 3022 pec-

335 3040 464 3090 cata
511 3036 874 3108 accipiamus
895 3039 936 3106 ²,
969 3055 1086 3094 non
1136 3041 1308 3095 modo
1359 3041 1473 3113 ipsi
1523 3058 1639 3096 non
1697 3042 2085 3110 introeuntes,
2118 3044 2218 3099 sed
2265 3043 2442 3098 etiam
2474 3046 2533 3097 et
2561 3058 2660 3098 eos
2712 3042 2810 3114 qui
2857 3041 3100 3097 introire
3147 3045 3418 3113 possunt,
3451 3040 3763 3114 prohiben-

331 3128 420 3180 tes
445 3125 488 3180 ³.

408 3212 463 3269 I'.
534 3214 610 3266 Τὰ
686 3209 954 3289 πρόϐατα,
1017 3216 1091 3288 μὴ
1149 3216 1465 3290 ποιμαίνετε
1517 3218 1646 3283 τοὺς
1703 3220 1990 3295 ποιμένας,

2170 3221 2238 3278 Χ.
2272 3222 2437 3293 Oves,
2472 3226 2735 3295 pastores
2796 3237 2868 3279 ne
2926 3220 3168 3294 pascite,
3212 3237 3317 3277 nec
3375 3237 3557 3294 supra
3616 3221 3762 3276 fines

345 3298 488 3375 μηδὲ
536 3301 668 3378 ὑπὲρ
716 3303 842 3366 τοὺς
902 3304 1103 3360 ἑαυτῶν
1152 3305 1312 3383 ὅρους
1344 3306 1660 3384 ἐπαίρεσθε·
1694 3310 1850 3387 ἀρκεῖ
1892 3311 1993 3387 γὰρ

338 3390 494 3464 ὑμῖν,
552 3390 612 3445 ἂν
654 3391 839 3455 καλῶς
884 3395 1250 3467 ποιμαίνησθε
1298 3401 1438 3472 (96).
1497 3400 1584 3468 Μὴ
1639 3398 1847 3472 κρίνετε
1869 3400 1996 3462 τοὺς

335 3481 544 3554 κριτὰς,
612 3479 752 3553 μηδὲ
799 3489 1145 3554 νομοτεθεῖτε
1190 3491 1307 3547 τοῖς
1359 3486 1716 3559 νομοθέταις·
1771 3485 1832 3543 οὗ
1889 3495 1993 3564 γάρ

338 3567 448 3620 ἔστι
510 3567 638 3629 Θεὸς
699 3567 1089 3632 ἀκαταστασίας
1144 3573 1233 3626 καὶ
1293 3575 1528 3646 ἀταξίας,
1589 3574 1716 3630 ἀλλ’
1772 3577 1993 3652 εἰρήνης

333 3655 423 3709 καὶ
470 3654 693 3725 τάξεως.
743 3657 832 3726 Μὴ
880 3658 1060 3713 τοίνυν
1113 3659 1250 3714 ἔστω
1289 3682 1370 3724 τις
1400 3663 1635 3738 κεφαλὴ,
1672 3665 1835 3740 μόγις
1889 3687 1994 3721 που

335 3744 460 3822 χεὶρ
491 3745 800 3821 τυγχάνων,
830 3747 865 3815 ἢ
898 3751 1055 3820 ποῦς,
1089 3752 1122 3817 ἢ
1164 3748 1306 3806 ἄλλο
1351 3773 1403 3805 τι
1451 3755 1559 3806 τῶν
1603 3752 1992 3829 εὐτελεστέρων

340 3835 522 3908 μελῶν
573 3838 688 3908 (97)
731 3841 829 3890 τοῦ
870 3839 1122 3909 σώματος
1147 3859 1158 3870 ·
1195 3837 1320 3894 ἀλλ’
1351 3837 1575 3902 ἕκαστος
1608 3841 1657 3896 έν
1693 3841 1730 3915 ᾖ
1781 3842 1987 3914 ἐκλήθη

329 3923 496 3995 τάξει,
550 3922 802 4003 ἀδελφοὶ,
853 3925 904 3980 έν
953 3926 1120 4003 ταύτῃ
1176 3929 1403 4001 μενέτω,
1432 3929 1527 3984 κᾶν
1623 3938 1724 4000 τῆς
1751 3931 1994 4008 κρείττο-

329 4033 423 4075 νος
481 4013 670 4084 ἄξιος·
733 4014 784 4070 έν
835 4016 880 4088 ᾧ
930 4017 1144 4092 στέργει
1176 4020 1434 4092 (98)τὴν
1468 4024 1766 4096 παροῦσαν,
1825 4020 1990 4077 πλέον

329 4100 659 4176 εὐδοκιμῶν,
715 4105 749 4174 ἣ
804 4104 854 4159 έν
902 4110 980 4179 τῷ
1034 4111 1214 4178 ζητεῖν
1261 4110 1322 4178 ἣν
1377 4110 1475 4164 οὐκ
1519 4106 1733 4167 ἔλαϐεν.
1769 4114 1856 4183 Μή
1885 4133 1992 4185 τις,

329 4189 442 4246 ένὸν
503 4190 802 4257 ἀκινδύνως
851 4191 1094 4270 ἕπεσθαι,
1155 4195 1344 4274 ἄρχειν
1406 4198 1761 4263 ἐπικινδύνως
1813 4201 1996 4267 ἐπιθυ-

332 4279 538 4356 μείτω·
596 4281 739 4357 μηδὲ
787 4285 815 4340 6
861 4291 964 4356 τῆς
1016 4286 1299 4365 ὑποταγῆς
1347 4289 1518 4362 νόμος
1556 4289 1929 4361 καταλυέσθω,
1960 4293 1994 4362 ἣ

327 4370 418 4425 καὶ
473 4373 542 4426 τὰ
599 4370 809 4449 ἐπίγεια
855 4375 1073 4452 συνέχει
1104 4378 1290 4433 καὶτὰ
1319 4378 1544 4452 οὐράνια
1569 4399 1580 4412 ⁸
1620 4377 1761 4454 μηδὶ
1808 4386 1982 4437 ποιῶ-

334 4478 455 4546 μεν,
496 4458 760 4533 ἀναρχίαν
813 4463 912 4530 τὴν
959 4461 1330 4540 πολυαρχίαν.
1381 4469 1443 4522 Οἱ
1473 4469 1596 4544 περὶ
1655 4467 1877 4546 λόγους,
1914 4473 1988 4545 μὴ

2105 3317 2332 3369 vestros
2390 3313 2716 3386 assurgite;
2750 3312 2895 3368 satis
2940 3311 3097 3368 enim
3146 3312 3309 3368 vobis
3366 3315 3474 3382 est,
3509 3310 3559 3366 si
3616 3315 3769 3366 recte

2106 3401 2450 3475 pascamini.
2485 3402 2674 3458 Nolite
2697 3402 2966 3474 judicare
2997 3401 3249 3473 judices,
3284 3417 3390 3457 nec
3418 3399 3767 3471 legislatori-

2106 3491 2218 3547 bus
2248 3491 2405 3565 leges
2455 3491 2835 3562 prescribite.
2871 3492 2998 3546 Non
3051 3495 3137 3546 est
3187 3490 3344 3545 enim
3378 3489 3767 3545 dissensionis

2105 3583 2162 3635 et
2192 3579 2553 3636 confusionis
2586 3585 2759 3646 Deus,
2784 3580 2884 3634 sed
2927 3579 3087 3650 pacis
3114 3583 3172 3634 et
3201 3579 3425 3633 ordinis
3446 3578 3486 3632 ‘.
3517 3577 3598 3633 Ne
3629 3579 3765 3648 quis

2103 3668 2288 3739 igitur
2338 3673 2513 3739 caput
2556 3670 2651 3734 sit,
2677 3668 2778 3739 qui
2807 3667 2900 3722 vix
2945 3672 3046 3722 aut
3094 3685 3328 3731 manus,
3361 3672 3462 3721 aut
3510 3683 3632 3737 pes,
3666 3673 3767 3720 aut

2102 3757 2279 3812 vilius
2304 3757 2597 3829 quoddam
2642 3757 2797 3811 aliud
2833 3755 3093 3828 corporis
3134 3757 3466 3812 membrum
3502 3761 3591 3811 est
3623 3771 3635 3810 :
3671 3772 3764 3809 ve-

2105 3863 2402 3918 rum,quo
2431 3850 2670 3902 vocatus
2726 3851 2833 3916 est,
2867 3847 2927 3901 in
2977 3862 3043 3901 eo
3093 3847 3276 3919 gradu
3333 3847 3586 3919 quisque
3636 3862 3763 3901 ma-

2104 3941 2258 4002 neat,
2291 3935 2523 3992 etiamsi
2569 3935 2787 4006 alioqui
2823 3935 3210 4008 prmstantiori
3244 3935 3459 4008 dignus
3491 3935 3596 4004 sit;
3633 3935 3765 4004 plus

2105 4025 2308 4098 utique
2334 4026 2527 4080 laudis
2558 4025 2866 4080 habiturus
2898 4041 2966 4080 ex
2995 4041 3060 4080 eo
3085 4026 3240 4097 quod
3274 4024 3546 4096 praesenti
3575 4025 3760 4097 gradu

2105 4116 2446 4188 acquiescit,
2481 4132 2659 4188 quam
2710 4116 2758 4171 si
2801 4132 2935 4171 eum
2969 4119 3208 4187 quaerat,
3244 4130 3418 4186 quem
3454 4131 3568 4170 non
3601 4131 3763 4170 acce-

2105 4206 2210 4278 pit.
2235 4205 2317 4261 Ne
2345 4204 2497 4277 quis,
2523 4221 2657 4262 cum
2700 4205 2824 4261 sine
2864 4203 3123 4276 periculo
3157 4203 3339 4260 alium
3372 4203 3538 4278 sequi
3569 4203 3761 4269 liceat,

2105 4295 2307 4368 praeire
2336 4312 2470 4352 cum
2503 4294 2760 4368 periculo
2809 4298 3076 4366 expetat;
3111 4310 3216 4350 nec
3265 4293 3602 4350 obedientiae
3651 4292 3763 4359 lex,

2105 4401 2233 4459 quas
2264 4391 2385 4441 tam
2415 4390 2648 4440 terrena
2689 4400 2867 4456 quam
2902 4382 3160 4439 coelestia
3187 4387 3386 4438 tuetur
3417 4388 3596 4454 atque
3625 4399 3762 4438 con-

2103 4481 2316 4541 servat,
2351 4475 2736 4542 infringatur:
2768 4490 2958 4546 neque
3005 4473 3469 4538 committamus,
3502 4477 3568 4527 ut
3615 4489 3756 4544 pres-

330 4544 909 4662 σφόδραλτοῖςὶλόγρις
948 4551 1217 4662 θαρῥξῖτε,
1255 4553 1397 4627 μηδὲ
1428 4557 1710 4634 σοφίζεσθε
1741 4544 1992 4636 περισσὰ

2111 4564 2386 4619 factorum
2419 4562 2739 4617 multitudo
2761 4561 2818 4616 in
2843 4544 3192 4617 dissolutam
3226 4561 3354 4616 sine
3385 4560 3523 4616 ullis
3554 4563 3755 4632 praafe-

328 4634 420 4691 καὶ
470 4635 602 4712 ὑπὶρ
645 4636 736 4690 τὸν
780 4635 967 4714 λόγον,
1004 4638 1146 4712 μηδὶ
1175 4647 1323 4713 νικᾷν
1357 4643 1670 4717 ἐπιθυμεῖτε
1699 4634 1870 4702 πάντα
1897 4669 1988 4703 κα-

326 4729 458 4795 κῶς,
487 4724 617 4781 ἀλλ’
646 4723 787 4781 ἔστιν
821 4727 854 4781 ἃ
881 4727 970 4782 καὶ
998 4730 1259 4797 ἡττᾶσθαι
1298 4729 1486 4794 καλῶς
1535 4733 1788 4810 ἀνέχεσθε
1845 4739 1982 4810 (99).

330 4814 462 4870 Δότε
491 4820 569 4888 τῷ
599 4816 761 4891 Λόγῳ
781 4817 870 4871 τὸν
895 4815 1064 4893 λόγον
1093 4840 1106 4854 ο
1126 4821 1392 4892 ποιήσατε
1415 4819 1760 4896 δικαιοσύνης
1783 4823 1977 4898 ὅπλον,

331 4905 407 4978 μὴ
441 4903 669 4961 θανάτου
697 4907 796 4976 τὴν
820 4905 1120 4966 παίδευσιν.

2097 4655 2206 4709 ctis
2235 4651 2463 4707 vivendi
2509 4650 2810 4706 licentiam
2841 4651 3083 4706 recidat.
3116 4651 3224 4714 Qui
3275 4649 3487 4705 litteris
3517 4666 3751 4720 operam

2094 4741 2267 4808 datis,
2302 4756 2376 4796 ne
2401 4737 2679 4796 doctrinae
2711 4743 2885 4812 atque
2916 4739 3260 4810 eloquentiae
3294 4743 3494 4794 vestrae
3517 4753 3754 4810 magno-

2093 4847 2228 4904 pere
2272 4830 2605 4899 confidatis,
2639 4847 2744 4886 nec
2775 4828 3090 4885 immodice
3119 4832 3175 4898 et
3204 4827 3339 4901 plus
3373 4845 3552 4900 quam
3604 4829 3752 4884 ratio

2091 4920 2369 4994 postulat,
2430 4919 2726 4993 sapientes
2783 4920 2936 4989 sitis,
2976 4936 3082 4976 nec
3139 4917 3416 4976 omnibus
3467 4917 3524 4972 in
3578 4918 3753 4974 rebus

396 5041 843 5128 “nEqu;_xs_i'11,
877 5045 964 5100 15.
1042 5047 1490 5128 91Psal._c§xx1,
1526 5052 1612 5106 16.
1644 5123 1668 5128 _
1684 5053 1734 5128 f3
1765 5054 1968 5110 Ezeoh.

2115 5072 2191 5126 Iv,
2213 5057 2269 5126 5,
2291 5059 2346 5113 6.
2422 5058 2467 5093 ⁰⁹
2493 5058 2663 5115 Joan.
2695 5077 2746 5125 ε,
2780 5059 2841 5113 11
2877 5073 3004 5128 sqq.
3083 5056 3099 5090 ¹
3132 5056 3286 5111 Petr.
3315 5070 3393 5122 IV,
3419 5055 3506 5110 17.
3583 5054 3604 5088 ⁸
3638 5055 3750 5110 Isa.

322 5127 411 5183 XL,
443 5114 500 5170 2.
575 5113 597 5148 ³
627 5114 829 5173 Matth.
865 5134 1028 5185 xxm,
1060 5118 1146 5174 13.
1223 5119 1247 5153 ⁴
1278 5119 1300 5175 Ι
1328 5113 1609 5190 (ὠτίων,
1641 5123 1732 5181 33.
1773 5169 1777 5173 .

412 5246 482 5300 92
535 5243 826 5321 Ἐλλίπ-ῃς.
859 5250 956 5305 Or.
991 5252 1042 5319 1,
1078 5247 1335 5324 έλλειπῃς
1372 5255 1542 5320 [male
1576 5299 1587 5310 .

414 5246 505 5382 93)
533 5318 603 5371 Τὸ
636 5315 692 5372 δὶ
718 5323 1130 5382 προθυμήθητι.
1152 5325 1245 5380 Sic
1267 5257 1596 5382 auinaueil

414 5315 504 5402 93)
533 5318 603 5402 [ὁ
636 5315 1130 5402 δὶπροθυμήθητι.
1152 5325 1245 5380 Sic
1267 5315 1524 5402 quinque
1547 5315 1754 5402 Regg.,
1780 5329 1980 5386 decem

324 5387 507 5457 Colb.,
542 5390 638 5466 Or.
687 5391 735 5463 1,
763 5387 973 5462 Pass,
1001 5387 1248 5466 quorum
1283 5387 1977 5458 'auctbritatewresecavi-

487 5463 563 5532 μή
607 5467 740 5520 ante
781 5463 1192 5541 προθυμήθητι,
1223 5471 1379 5543 quod
1431 5471 1490 5526 in
1537 5472 1711 5528 editis
1760 5474 1977 5546 reperi-

393 5605 507 5686 (913)
541 5601 731 5686 ἕαξέκ
758 5609 864 5659 τῶν
884 5605 1131 5686 ,οἷ’κείων.
1162 5613 1256 5668 Sic
1289 5612 1486 5686 plures
1515 5615 1683 5670 codd.
1718 5615 1892 5674 Deest
1919 5637 1980 5671 εκ

322 5673 385 5730 in
403 5675 504 5756 ed,
540 5675 747 5756 Billius
777 5684 948 5756 vertit
975 5697 988 5735 :
1013 5703 1041 5734 ‹‹
1071 5690 1128 5756 et
1157 5673 1312 5756 quod
1348 5687 1458 5742 Deo
1488 5687 1777 5743 convenit.
1804 5711 1832 5738 ››

398 5747 506 5821 (95)
538 5747 717 5805 Διπλᾶ
755 5748 823 5807 τὰ
869 5747 1257 5829 ἁμαρτήματα.
1293 5781 1317 5812 ε
1351 5757 1620 5833 Duplioia
1663 5764 1974 5835 peccata,»

2093 5260 2152 5317 id
2174 5267 2294 5336 est,
2323 5285 2344 5313 α
2379 5263 2645 5336 duplices
2677 5267 3049 5336 peccatorum
3083 5278 3315 5336 pinnas.
3337 5283 3366 5336 »ξ

2165 5331 2694 5408 (96)’Ποιμᾶίνησθεί
2755 5336 2892 5408 Reg.
2958 5331 3168 5406 pbfet
3223 5332 3396 5390 Coisl.
3433 5333 3484 5401 1,
3530 5331 3753 5404 ποιμαί-

2088 5406 2283 5462 νοισθε.

2159 5478 2272 5565 (Qj)
2304 5475 2521 5534 Μελῶν.
2555 5479 2692 5553 Reg.
2734 5477 2834 5551 ph,
2867 5474 3042 5534 Coisl.
3079 5477 3128 5546 1,
3164 5480 3292 5533 octo
3340 5476 3525 5547 Colb.,
3559 5474 3654 5531 Or.
3690 5476 3742 5541 1,

2091 5568 2312 5624 iupva
2329 5570 2350 5599 ι
2384 5568 2540 5624 pars.
2571 5575 2601 5624 ῃ

2157 5617 2398 5767 ξ98)Ἐν“
2420 5623 2465 5692 ᾧ
2497 5621 2723 5696 στέργει.
2763 5624 2998 5682 Forsan.
3034 5619 3085 5674 έν
3117 5623 3195 5690 τῷ
3225 5617 3477 5693 στέργειν.

2179 5697 2270 5767 99)
2305 5692 2609 5767 ’Δνέχεσθε.
2643 5695 2815 5752 Coisl.
2853 5698 2903 5767 1,
2935 5693 3237 5767 ἀνέχεσθαι.

2179 5692 2270 5768 99)
2305 5692 2609 5769 'Avéxcaet.
2637 5692 2815 5752 ‘Goisl.
2853 5698 2903 5768 1,
2935 5693 3237 5769 ἀνέχεσθαι.
