4090 6460
300 407 457 469 1058

1545 412 1610 473 S.
1659 411 2033 474 GREGORII
2083 408 2480 473 THEOLOGI

3567 408 3727 471 i056

298 541 528 597 vincere
561 543 711 597 male
741 544 1013 616 cupiatis,
1045 547 1145 601 scd
1177 547 1234 600 in
1268 546 1623 619 quibusdam
1655 545 1831 601 etiam
1872 545 2116 600 honeste
2147 543 2302 599 vinei
2339 560 2505 616 inquo
2537 543 2730 599 animo
2762 541 2980 598 feratis.
3014 541 3203 598 Verbo
3234 557 3536 598 sermones
3567 543 3728 599 date.

301 630 529 698 Curate,
566 638 630 687 ut
659 635 946 699 doctrina,
983 654 1091 689 nm.
1135 639 1349 692 I:1:vr‘lis.
1388 637 1486 692 sed
1512 636 1755 707 justitiac
1787 635 1951 690 vobis
1982 635 2444 689 instrumentum
2475 634 2571 689 sit.

372 721 458 776 XI.
496 723 711 789 Milites,
761 729 1004 779 contenti
1053 731 1218 780 estote
1267 728 1459 781 vestris
1504 726 1818 796 stipendiis,
1852 741 1958 781 nec

2149 725 2251 778 IA'.
2287 723 2562 798 Ἀρκεῖσθε
2588 726 2705 782 τοῖς
2737 718 2898 782 ίδίοις
2935 720 3220 792 ὀψωνίοις,
3275 721 3329 773 οἱ
3377 724 3727 794 στρατιῶται,

303 813 624 880 quidquam
675 823 882 880 prieter
933 816 984 868 Id
1034 818 1186 885 quod
1219 816 1383 870 vobis
1415 816 1799 870 constitutum
1850 819 1958 882 est,

305 903 600 971 exposeite
619 902 660 955 ⁸.
695 903 810 957 Hoc
859 920 1087 957 mecum
1119 905 1281 958 vobis
1314 905 1645 960 faciendum
1690 904 1961 976 praescri-

307 989 392 1043 bit
442 1006 693 1062 magnus
738 991 834 1045 ille
866 993 1127 1047 veritatis
1181 1011 1365 1065 praeco
1415 995 1694 1060 Joannes,
1727 1012 1835 1049 vox
1864 993 1966 1050 illa

309 1078 483 1133 Verbi
519 1080 743 1150 praevia.
779 1082 921 1146 Quid
967 1083 1328 1154 stipendium
1379 1083 1676 1157 appellat?
1724 1084 1963 1156 Regiam

313 1173 466 1223 certe
517 1185 831 1235 annonam,
883 1176 1059 1243 atque
1108 1189 1352 1229 munera
1401 1175 1521 1244 illa,
1568 1192 1692 1246 qua:
1741 1174 1832 1243 iis,
1867 1173 1966 1245 qui

314 1258 469 1312 370
488 1258 801 1329 dignitates
819 1260 1104 1329 obtinent,
1120 1262 1274 1335 leges
1293 1266 1614 1319 constituta
1636 1263 1966 1330 sunt.Quod

313 1352 508 1402 autem
543 1349 907 1419 superfluum
942 1356 1051 1421 est,
1076 1354 1385 1422 eujusnam
1421 1353 1538 1408 sit?
1571 1355 1698 1424 Ipse
1729 1355 1967 1424 quidem

311 1453 511 1491 vereor
543 1437 753 1506 dicere,
787 1457 857 1494 ne
891 1440 1029 1510 quid
1083 1441 1304 1497 sinistri
1359 1443 1574 1498 ominis
1629 1443 1724 1498 hic
1774 1460 1967 1498 sermo

314 1525 568 1581 habeat:
603 1528 703 1582 sed
752 1527 866 1600 ipsi
916 1538 1073 1585 certe
1125 1532 1268 1587 satis
1318 1550 1420 1604 per
1466 1549 1565 1588 vos
1618 1532 1966 1604 intelligitis,

315 1615 584 1686 quamvis
612 1617 803 1673 dicere
834 1621 1273 1691 supersedeam.
1299 1622 1405 1686 Qui
1439 1639 1472 1677 a
1502 1621 1834 1694 reipublicie
1867 1623 1969 1677 ad-

317 1704 746 1761 ministratione
804 1725 1014 1764 nomen
1073 1710 1310 1778 ducitis,
1357 1729 1474 1783 quae
1520 1711 1769 1767 Caesaris
1816 1715 1967 1782 sunt,

321 1793 541 1847 Caesari
595 1795 829 1866 reddite,
875 1803 926 1851 et
978 1814 1098 1868 qum
1148 1801 1260 1864 Dei,
1314 1801 1494 1868 Deo‘;
1556 1800 1641 1854 illi
1703 1798 1968 1871 vectigal,

318 1880 456 1935 huic
485 1882 793 1951 timorem;
842 1887 1111 1941 timorem
1160 1894 1350 1943 autem
1403 1905 1537 1944 cum
1571 1890 1720 1958 dico,
1753 1890 1970 1961 expila-

317 1969 534 2025 tionem
565 1973 864 2043 prohibeo.
892 1976 1038 2041 Quid
1070 1994 1203 2032 vero
1232 1979 1449 2050 magni,
1481 1979 1724 2034 fortasse
1758 1978 1973 2034 dicturi

2071 813 2161 868 xui
2211 809 2380 883 μηδὲν
2434 812 2564 884 ὑπὶρ
2616 813 2678 866 τὸ
2728 807 3144 884 διατεταγμένον
3197 808 3498 868 ἀπαιτεῖτε.
3555 814 3731 864 Ταῦτα

2075 903 2201 975 ὑμῖν
2252 899 2620 956 διακελεύεται
2676 901 2789 973 μεθ’
2841 903 3002 972 ἡμῶν
3053 900 3332 970 Ἰωάννης,
3366 899 3394 953 ὁ
3431 897 3593 975 μέγας
3623 906 3725 968 τῆς

2074 991 2337 1060 ἀληθείας
2370 990 2559 1066 κῆρυξ,
2592 993 2625 1060 ἡ
2663 993 2736 1064 (1)
2770 987 3087 1065 πρόδρομος
3115 986 3212 1043 τοῦ
3245 987 3425 1063 Λόγου
3457 991 3632 1066 φωνή.
3665 987 3728 1043 Τί

2076 1079 2249 1156 λέγων
2305 1079 2539 1153 ὀψώνιον
2594 1083 2708 1151 (2);
2759 1079 2828 1132 Τὸ
2873 1079 3153 1154 βασιλιικὸν
3187 1079 3492 1153 σιτηρέσιον
3526 1075 3730 1147 δηλον-

2077 1169 2182 1237 ότι,
2209 1169 2296 1224 xui
2326 1171 2422 1230 τὰς
2456 1167 2813 1245 ὖωαρχοῦσας
2847 1167 2906 1222 ἐκ
2934 1167 3106 1241 νόμου
3147 1173 3265 1229 τοῖς
3313 1167 3582 1240 ἀξιώμασι
3629 1165 3736 1222 δω-

2079 1259 2223 1334 ρεάς.
2282 1259 2352 1312 Τὸ
2401 1256 2458 1312 δὲ
2505 1259 2776 1334 περισσὸν,
2826 1257 2968 1319 τίνος
3019 1259 3134 1331 (3);
3182 1258 3311 1331 Εγὼ
3345 1259 3440 1330 μὲν
3474 1257 3616 1311 ὀκνῶ
3646 1255 3736 1311 Λέ-

2077 1369 2189 1424 γειν
2243 1349 2306 1402 τὸ
2370 1347 2732 1425 βλάσφημον⁸
2797 1348 2950 1420 ὑμεῖς
3006 1344 3083 1420 δὲ,
3133 1343 3234 1401 οἶδ’
3284 1346 3367 1401 ὅτι
3399 1349 3476 1420 (4)
3507 1345 3732 1419 συνίετε,

2077 1437 2172 1492 κᾶν
2235 1436 2344 1513 έγὼ
2403 1435 2694 1515 φείδωμαι.
2756 1431 3024 1492 Ἀπόδοτε
3098 1437 3164 1491 τά
3220 1435 3485 1512 Καίσαρος
3534 1436 3727 1490 Καίσα-

2080 1547 2153 1602 ρι,
2204 1527 2293 1580 καὶ
2345 1527 2412 1581 τὰ
2458 1531 2553 1580 τοῦ
2603 1531 2737 1581 Θεοῦ
2784 1524 2864 1599 τῲ
2906 1531 3020 1598 Θεῷ
3046 1546 3057 1558 ·
3089 1530 3168 1598 τῷ
3201 1526 3295 1598 μὲν
3323 1525 3386 1580 τὸ
3413 1523 3598 1594 τέλος,
3655 1529 3734 1596 τῷ

2080 1614 2138 1672 δὲ
2165 1617 2255 1670 τὸν
2289 1610 2479 1694 φόϐον,
2515 1617 2668 1688 ὑμεῖς
2701 1617 2752 1670 οἱ
2781 1622 2882 1684 τῆς
2915 1612 3194 1676 πολιτείας
3217 1613 3496 1687 έπώνυμοι
3523 1633 3535 1646 ·
3568 1609 3739 1692 φόϐον

2080 1703 2137 1760 δὲ
2169 1705 2290 1760 ὅταν
2340 1703 2496 1777 εἶίπω,
2548 1703 2751 1759 κωλύω
2798 1706 2896 1772 τὴν
2944 1702 3275 1772 πλεονεξίαν.
3325 1702 3385 1756 Τί
3436 1703 3528 1757 οῦν
3569 1705 3736 1777 ἡμεῖς

2079 1793 2464 1871 κερδανοῦμεν,
2496 1795 2642 1869 τάχα
2673 1793 2731 1848 ἂν
2777 1791 3001 1862 εἷ’ποιτε,
3058 1795 3234 1866 μέγα;
3285 1793 3356 1847 Τὸ
3385 1793 3599 1847 πάντων
3636 1792 3734 1864 μέο

2080 1906 2264 1960 γιστον
2315 1885 2427 1938 ,γαὶ
2460 1883 2505 1938 εἷ
2541 1883 2821 1960 βούλεσθε,
2856 1879 2925 1936 δι’
2976 1882 3111 1955 ἐμοῦ
3160 1881 3400 1955 μεσίτου,
3448 1882 3544 1944 τὰς
3593 1901 3739 1957 χρη-

2082 1975 2208 2036 στὰς
2257 1971 2507 2043 έλπίδας,
2554 1972 2643 2028 καὶ
2695 1972 2760 2027 τὰ
2809 1976 3054 2049 πρωτεῖα
3101 1978 3201 2042 τῆς
3235 1972 3344 2026 ἅνω
3374 1969 3614 2039 πόλεως,
3675 1969 3738 2026 οὗ

321 2061 486 2128 estis,
522 2078 589 2116 ex
622 2079 685 2116 ea
735 2081 795 2118 re
842 2063 1247 2121 luerabimur?
1279 2069 1416 2122 Rem
1467 2070 1732 2124 omnium
1786 2067 1974 2123 maxi-

2104 2071 2180 2133 ῖῆς
2215 2061 2642 2139 μικρᾶς’ταύτης
2675 2062 2763 2116 καὶ
2797 2059 3097 2136 έλαχιστης
3129 2061 3178 2116 έν
3225 2060 3467 2130 πόλεσιν,
3524 2063 3589 2129 ἧς
3648 2059 3738 2114 οὖ-

323 2166 509 2221 mam;
555 2168 782 2224 meque,
835 2155 882 2209 si
940 2157 1020 2211 ita
1066 2155 1265 2224 vultis,
1299 2159 1638 2223 mediatore,
1692 2158 1975 2213 nimirum

323 2257 458 2312 spes
489 2239 736 2313 faustas,
772 2261 837 2299 ac
871 2245 1091 2316 primas
1124 2264 1388 2317 superna)
1422 2249 1692 2317 civitatis,
1718 2265 1831 2301 non
1865 2248 1976 2302 hu-

323 2331 418 2400 ius
467 2332 685 2404 exiguae
738 2334 1116 2406 miuimrrque
1165 2337 1318 2392 inter
1364 2338 1652 2404 civitates,
1687 2338 1857 2408 cujus
1906 2353 1979 2392 ne

325 2420 640 2492 imperium
675 2424 911 2494 quidem
963 2430 1178 2489 tenere,
1205 2431 1268 2480 ut
1298 2426 1355 2482 in
1389 2426 1612 2482 altricis
1667 2445 1804 2482 meae
1848 2444 1978 2499 gra-

324 2509 466 2564 tiam
502 2511 843 2581 parcissime
873 2512 1100 2584 loquar,
1135 2516 1454 2571 admodum
1489 2516 1750 2588 amplum
1782 2521 1870 2572 est
1913 2531 1980 2572 ac

323 2599 670 2669 gloriosum.
698 2600 819 2655 lllic
851 2602 1071 2672 primas
1103 2607 1299 2657 tenore
1333 2605 1671 2676 cupiamus;
1704 2605 1866 2660 illius
1897 2605 1980 2659 vi-

323 2692 394 2742 tae
446 2688 817 2760 splendorem
867 2691 1097 2761 assequi
1148 2695 1524 2762 studeamus;
1580 2712 1685 2766 pro
1735 2695 1982 2750 misera-

326 2777 484 2833 tione
531 2778 586 2832 in
639 2779 749 2834 hac
780 2779 898 2835 vita
931 2781 1289 2837 calamitosis
1339 2783 1615 2852 exhibita,
1647 2783 1705 2838 in
1739 2783 1983 2840 Abrahaa

324 2867 460 2923 sinu
493 2869 967 2940 requiescamus;
1002 2871 1230 2942 justum
1273 2872 1564 2943 judicium
1608 2873 1983 2943 judieemus;

325 2975 642 3030 pauperem
675 2964 730 3013 et
760 2975 1008 3030 egenum
1035 2961 1356 3032 eripiamus
1383 2979 1395 3017 :
1420 2962 1605 3016 viduae
1638 2967 1693 3017 et
1723 2962 1986 3033 orphano

325 3048 792 3103 misericordiam
853 3049 1294 3121 impertiamur;
1347 3068 1466 3118 eos,
1514 3053 1610 3122 qui
1663 3053 1732 3107 ad
1785 3067 1988 3106 necem

326 3136 666 3200 trahuntur,
701 3138 1099 3206 redimamus;
1151 3145 1272 3201 aut.
1315 3146 1380 3195 ut
1427 3141 1723 3196 levissime
1771 3140 1989 3206 dicam,

329 3243 546 3281 manus
601 3225 747 3298 ipsis
809 3243 880 3282 ne
938 3229 1299 3284 alferamus:
1347 3247 1480 3284 eum
1544 3230 1643 3300 qui
1702 3235 1989 3299 nostram,

329 3315 507 3370 etiam
542 3332 730 3386 usque
762 3317 831 3370 ad
867 3333 1080 3372 mensa:
1115 3319 1297 3374 micas
1321 3321 1360 3382 7,
1385 3337 1553 3391 opem
1586 3319 1885 3391 implorat,
1921 3334 1992 3374 ne

331 3404 727 3476 despiciemus
755 3422 766 3460 :
798 3405 1127 3461 ulcerosum
1161 3414 1217 3462 et
1258 3426 1358 3478 pro
1404 3409 1627 3463 foribus
1661 3409 1992 3478 nostrisja-

2087 2152 2144 2210 δέ
2173 2156 2235 2210 τὸ
2298 2156 2510 2231 ἄρχειν,
2554 2151 2646 2208 ’ίνα
2691 2152 2925 2228 μετρίως
2976 2149 3112 2206 εἴπω
3155 2155 3332 2225 τιμῶν
3365 2151 3439 2213 ὡς
3471 2149 3741 2226 Θρεψαμέ-

2085 2267 2208 2315 νην,
2260 2245 2398 2298 πάνυ
2449 2265 2499 2298 τι
2541 2243 2734 2316 σεμνὸν
2785 2242 2873 2296 καὶ
2923 2241 3336 2315 ὑπέρλαμπρον.
3392 2241 3537 2294 Ἐκεῖ
3591 2241 3738 2314 γενέ-

2088 2345 2209 2398 σθαι
2240 2338 2450 2410 πρῶτοι
2484 2332 2803 2404 θελήσωμεν
2828 2350 2840 2362 ·
2889 2332 3345 2404 μεταποιηθῶμεν
3390 2335 3491 2398 τῆς
3540 2329 3740 2392 ἐκεῖθεν

2089 2418 2507 2498 λαμπρότητοςο
2559 2421 2610 2475 έν
2656 2420 2888 2482 κόλποις
2917 2414 3190 2492 Ἀϐραὰμ,
3222 2417 3338 2473 ἀντὶ
3368 2424 3469 2487 τῆς
3501 2416 3738 2472 έντεῦθεν

2089 2510 2517 2587 εὐσπλαγχνίας,
2568 2510 3037 2582 ἀναπαυσώμεθαο
3089 2513 3261 2584 κρῖμα
3306 2504 3511 2562 δίκαιον
3543 2505 3742 2580 κρίνω-

2095 2622 2228 2676 μεν·
2291 2600 2600 2672 έξελώμεθα
2673 2598 2878 2669 πένητα
2933 2597 3023 2652 καὶ
3081 2596 3304 2673 πτωχόν
3341 2615 3354 2629 ·
3415 2597 3594 2671 χήραν
3649 2593 3742 2648 καὶ

2092 2690 2324 2770 ὂρφανὸν
2402 2689 2758 2762 έλεήσωμεν⁶
2837 2687 3188 2764 έκπριώμεθα
3257 2683 3660 2758 κτεινομένους,
3711 2685 3747 2752 ἢ

2091 2780 2153 2837 τό
2210 2802 2274 2855 γε
2335 2781 2700 2854 μετριώτατον
2761 2780 2838 2851 (5)
2917 2776 3110 2849 εἰπεῖν,
3173 2776 3249 2850 μὴ
3303 2774 3458 2830 αὐτοὶ
3518 2771 3745 2828 κτείνω-

2099 2891 2193 2946 μεν
2221 2888 2234 2900 ·
2291 2871 2365 2942 μὴ
2421 2865 2738 2946 παρίδωμεν
2781 2867 2871 2921 τὸν
2923 2861 3179 2940 δεόμενον
3230 2867 3418 2938 ἡμῶν,
3461 2865 3628 2940 μέχρι
3654 2863 3747 2918 καὶ

2093 2965 2199 3016 τῶν
2234 2959 2340 3014 ἀπὸ
2369 2958 2639 3035 τραπέζης
2669 2956 2873 3032 ψιχίων
2907 2958 2985 3029 (6)
3011 2974 3024 2987 °
3056 2954 3145 3010 xui
3183 2956 3257 3028 μὴ
3303 2952 3748 3030 παραδράμωμεν

2095 3051 2186 3105 τὸν
2237 3046 2562 3121 ἡλκωμένον
2618 3049 2714 3120 (7),
2765 3046 2853 3101 xui
2908 3041 3250 3121 βεϐλημένον
3300 3043 3350 3098 ἐν
3400 3047 3519 3104 τοῖς
3551 3041 3754 3114 ἡμετέ-

2101 3159 2216 3215 ροις
2268 3136 2556 3192 πυλῶσιν·
2620 3137 2696 3209 μή
2787 3137 3174 3211 τρυφήσωμεν,
3242 3131 3428 3188 ἄλλων
3509 3151 3752 3186 κακοπα-

2101 3226 2340 3282 θούντων
2368 3245 2380 3258 ο
2420 3229 2493 3298 μή
2533 3222 2919 3300 βδελυξώμεθα
2947 3225 3037 3278 τὸν
3081 3220 3390 3297 ὁμόδουλον
3418 3240 3430 3253 ·
3468 3222 3568 3294 μὴ,
3600 3217 3756 3293 φίλοι

2099 3318 2190 3372 καὶ
2247 3313 2498 3392 ἀδελφοὶ,
2549 3315 2831 3390 γενώμεθα
2887 3321 2986 3382 τῆς
3044 3317 3140 3367 τοῦ
3189 3311 3459 3366 πλουσίου
3511 3306 3758 3386 μερίδος,

2109 3405 2251 3480 μηδέ
2284 3402 2634 3477 ὀδυνηθῶμεν
2665 3403 2716 3459 έν
2751 3403 2819 3478 τῇ
2853 3401 3044 3482 φλογὶ,
3082 3399 3221 3474 μηδὲ
3250 3405 3326 3472 τῷ
3355 3400 3599 3476 χάσματι
3649 3395 3764 3452 δια-

331 3498 558 3550 centem
594 3511 666 3549 ne
697 3500 1113 3566 praetereamus
1140 3515 1152 3552 :
1193 3497 1597 3553 laborantibus
1629 3497 1781 3563 aliis,
1817 3501 1986 3568 atque

2105 3500 2317 3568 στῶμεν
2373 3494 2480 3548 ἀπὸ
2527 3498 2635 3548 τῶν
2675 3492 2856 3560 ὁσίων,
2893 3489 3034 3565 μηδὲ
3066 3489 3346 3563 δεηθῶμεν
3379 3489 3628 3562 Λαζάροο
3662 3489 3762 3540 τοῦ

333 3583 392 3638 in
425 3583 754 3640 calamitate
787 3586 1144 3654 constitutis,
1182 3587 1342 3642 luxui
1378 3605 1447 3642 ne
1479 3590 1854 3654 studeamus;
1890 3603 1996 3643 nec

333 3690 676 3729 conservum
737 3678 1005 3730 nostrum
1065 3677 1575 3733 exhorrescamus.
1619 3679 1722 3746 Ne,
1774 3693 1994 3748 quaeso,

334 3765 541 3819 fratres
574 3770 630 3819 et
671 3765 867 3829 amici,
902 3783 934 3820 a
966 3767 1164 3823 divitis
1214 3767 1374 3823 illius
1429 3768 1698 3840 partibus
1747 3773 1993 3836 stemus,

335 3869 441 3908 nec
473 3853 730 3908 ﬂammis
775 3855 1127 3923 cruciemur,
1161 3873 1266 3911 nec
1299 3866 1458 3913 vaslo
1507 3856 1670 3912 hiatu
1701 3874 1732 3912 a
1763 3856 1996 3927 piorum

337 3951 487 4000 coetu
543 3946 896 4002 dirimamur
928 3966 940 4003 :
974 3965 1080 4004 nec
1132 3966 1266 4003 cum
1319 3950 1532 4004 Lazaro
1595 3965 1847 4020 paupere
1897 3947 1996 4002 illo

338 4033 636 4104 supplices
668 4052 935 4107 agamus,
962 4043 1026 4092 ut
1059 4043 1320 4093 nostram
1356 4038 1620 4110 linguam
1655 4038 1807 4110 ignis
1831 4038 2000 4092 ardo-

337 4123 502 4178 ribus
533 4131 828 4192 exustam,
855 4133 1113 4181 extremo
1146 4129 1330 4200 digito
1380 4129 1702 4199 refrigeret,
1736 4144 1802 4182 ac
1835 4143 1906 4182 ne
1939 4126 1998 4180 id

339 4212 572 4283 quidem
608 4213 1011 4286 impetremus.
1045 4216 1240 4272 Simus
1272 4216 1998 4288 benigniﬁmisericordes,

339 4301 634 4357 humani:
684 4303 946 4376 Magistri
1005 4306 1189 4360 nostri
1252 4307 1572 4361 bonitatem
1632 4305 1999 4374 aemulemur,

343 4389 442 4461 qui
477 4391 662 4446 solem
685 4392 821 4446 oriri
850 4393 1006 4463 facit,
1034 4411 1146 4448 non
1183 4395 1380 4449 minus
1407 4411 1585 4466 super
1607 4392 2002 4466 malos,quam

345 4496 522 4550 super
552 4480 760 4552 bonos,
785 4480 1101 4554 pluviaque
1142 4500 1251 4538 sua
1294 4501 1498 4539 omnes
1531 4500 1694 4555 mque
1727 4482 1886 4538 alit”.
1921 4482 2004 4538 Ne

345 4585 414 4624 ex
445 4568 695 4624 aliorum
746 4575 1002 4642 egestate
1043 4590 1162 4627 rem
1208 4572 1557 4629 familiarem
1609 4590 1822 4645 augere
1871 4590 2003 4629 sus-

416 4671 436 4704 δ
471 4671 608 4726 Luc.
644 4687 728 4737 In,
763 4672 849 4726 14.
925 4673 947 4707 ⁶
979 4673 1186 4729 Matth.
1221 4692 1360 4744 xxu,
1391 4675 1480 4730 21.
1557 4675 1574 4709 ⁷
1609 4675 1747 4730 Luc.
1781 4692 1895 4743 XVI,
1925 4675 1998 4729 20
2027 4688 2158 4744 sqq.

2037 4777 2086 4842 D

417 4773 492 4910 (1)
524 4771 608 4826 Ἣ.
643 4771 736 4827 Sic
767 4774 882 4829 duo
916 4773 1092 4846 Regg.
1128 4774 1189 4829 In
1221 4776 1337 4844 ed.,
1366 4775 1424 4842 ἡ.

417 4845 471 4910 (2
531 4842 590 4896 Τί
649 4839 826 4910 λέγων
882 4843 1141 4910 ὀψώνιον.
1193 4847 1324 4902 Haec
1371 4853 1424 4902 et

415 4839 492 4915 (2)
531 4842 590 4896 Τί
634 4839 826 4918 λέγων
882 4839 1141 4918 «item...
1193 4839 1335 4918 Haec.
1371 4839 1429 4902 et
1475 4864 1601 4918 quae
1649 4850 1998 4917 sequuntur,

344 4933 534 4988 usque
579 4917 648 4992 ad
705 4915 1056 4992 haeeiverba,
1088 4917 1149 4992 τὸ
1199 4915 1255 4971 δὲ
1313 4915 1584 4992 περισσὸν,
1634 4915 1821 4992 τίνος;
1885 4934 2003 4992 non

345 4996 515 5061 sunt,
568 4990 740 5060 juxta
797 4991 1258 5058 Montacutium,
1315 4989 1574 5061 Gregorii
1634 4991 1839 5060 verba,
1900 4989 2003 5046 sed

345 5059 673 5134 scholiaswe
719 5064 1028 5132 cujusdam
1086 5062 1400 5134 glossema,
1436 5059 1599 5133 quod
1660 5063 1719 5116 in
1779 5066 2004 5134 lentum

344 5131 597 5202 irrepsit.
647 5131 886 5189 Miratur
934 5136 989 5190 id
1032 5131 1342 5190 a"nemine
1392 5131 1786 5190 observatum.
1839 5133 2004 5188 Nice-

345 5207 437 5326 tqs
489 5209 685 5326 ttamen
719 5212 784 5261 ut
822 5207 1140 5278 genuinam
1191 5207 1450 5280 Gregorii
1503 5206 1855 5261 sententiam
1907 5222 2002 5260 ex-

347 5291 381 5326 n
410 5290 499 5326 ica
535 5317 545 5326 .

347 5274 545 5344 plicat.

418 5347 495 5418 (_3)
524 5344 595 5418 Τὸ
641 5341 698 5398 δὲ
740 5349 1014 5418 περισσὸν,
1046 5346 1230 5415 τίνοςς
1279 5349 1500 5404 Alludit
1544 5347 1879 5418 Gregorius,
1914 5348 2004 5402 in-

349 5416 480 5491 quit
514 5417 761 5491 Nicetes,
796 5416 866 5473 ad
909 5422 1052 5475 illud
1087 5421 1322 5491 Christi,
1356 5422 1511 5490 apud
1557 5416 1763 5474 Matth.
1797 5437 1850 5484 v,
1887 5420 1954 5473 37
1988 5435 2003 5475 :

356 5509 389 5560 ἐκ
412 5489 573 5560 Quod
611 5492 801 5543 autem
850 5491 940 5546 his
990 5489 1535 5560 abundanti'us’est,
1570 5509 1602 5546 a
1635 5491 1786 5545 malo
1839 5496 1943 5545 est.
1977 5513 2004 5538 »

354 5559 563 5634 Eodem
593 5561 764 5634 modo
796 5562 991 5618 innuit
1013 5565 1365 5633 Theologus,
1389 5581 1476 5632 ea,
1503 5581 1626 5634 qua:
1661 5563 2008 5619 necessariis

355 5632 484 5707 vitae
519 5628 725 5707 usibus
760 5641 1103 5707 supersunt,
1136 5645 1208 5690 ab
1234 5628 1478 5707 impuro
1511 5628 1725 5707 spiritu
1754 5650 1910 5700 esse;
1947 5635 2005 5690 id

353 5698 774 5826 gangeuteloqtui
819 5698 931 5759 non
963 5707 1160 5775 audet,
1195 5724 1265 5762 ne
1294 5698 1434 5780 quid
1467 5698 1748 5763 tristioris
1789 5698 2007 5763 ominis

403 5788 434 5826 a
479 5787 545 5824 ea
598 5787 698 5824 ora
728 5789 801 5826 ιο.

403 5787 572 5826 abeat
598 5787 801 5826 oratio.

2104 3588 2181 3659 (8)
2210 3583 2466 3657 πένητος,
2499 3580 2649 3657 ἄκρῳ
2681 3580 2934 3654 δακτύλῳ
2962 3583 3040 3653 (9)
3072 3581 3367 3654 καταψῦξαι
3425 3578 3525 3647 τήν
3573 3574 3761 3653 γλῶσ-

2105 3697 2196 3730 σαν
2230 3677 2390 3748 ἡμῶν
2422 3670 2792 3751 φλεγομένην,
2841 3671 2930 3725 xui
2986 3667 3126 3743 μηδὲ
3166 3667 3427 3724 τοσούτου
3472 3666 3756 3741 τυγχάνω-

2109 3787 2227 3839 μεν.
2312 3763 2600 3834 Γενώμεθα
2656 3761 2892 3838 χρηστοὶ
2964 3756 3358 3834 εὔσπλαγχνοι,
3417 3755 3714 3830 συμπαθεῖς
3744 3771 3758 3784 ·

2109 3854 2482 3928 μιμησώμεθα
2525 3856 2623 3906 τοῦ
2672 3849 2944 3906 Δεσπότου
2990 3851 3089 3919 τὴν
3138 3847 3472 3924 ἀγαθότητα,
3521 3843 3580 3906 ὅς
3627 3843 3761 3898 ἀνα-

2103 3941 2291 3998 τέλλει
2320 3943 2410 3998 τὸν
2440 3940 2596 4010 ἣλιον
2628 3940 2847 4016 ἀγαθοῖς
2878 3937 2968 3994 καὶ
3000 3942 3261 4013 πονηροῖς
3294 3939 3426 4009 (10),
3457 3933 3546 3988 καὶ
3577 3934 3765 4009 τρέφει

2104 4037 2173 4107 τῇ
2208 4034 2389 4108 βροχῇ
2420 4032 2624 4092 πάντας
2676 4027 2906 4102 ὁμοίως.
2953 4032 3042 4096 Μὴ
3076 4025 3355 4101 δεξώμεθα
3381 4022 3639 4079 πλουτεῖν
3675 4019 3768 4077 διὰ

2106 4130 2206 4192 τῆς
2251 4126 2357 4175 τῶν
2411 4119 2596 4175 ἄλλων
2645 4119 2866 4180 πενίας·
2923 4120 2998 4191 μὴ
3048 4117 3195 4194 παρὰ
3222 4119 3477 4170 τοσοῦτον
3512 4111 3762 4184 ἔλθωμεν

2107 4219 2206 4282 τῆς
2266 4209 2410 4274 θείας
2472 4209 2762 4278 ἰσότητοςο
2847 4205 2987 4281 μηδὲ
3049 4207 3290 4280 μίξωμεν
3343 4207 3434 4260 τὸν
3491 4203 3760 4276 ἡμέτερον

2110 4297 2350 4354 πλοῦτον
2399 4295 2718 4372 ἀλλοτρίοις
2769 4293 3046 4372 δάκρυσιν,
3101 4296 3184 4372 ὑφ’
3217 4295 3290 4348 ὧν
3321 4294 3393 4355 ὼς
3425 4292 3510 4346 ἰοῦ
3539 4291 3625 4346 καὶ
3658 4311 3764 4358 ση-

2110 4389 2201 4450 τὸς
2272 4383 2796 4456 ἐκδαπανηθήσεται,
2853 4385 2906 4454 ἣ,
2982 4383 3044 4438 τό
3119 4405 3179 4460 γε
3235 4389 3337 4452 τῆς
3408 4382 3621 4459 Γραφῆς
3685 4376 3765 4432 εί-

2113 4483 2256 4547 πεῖν,
2328 4475 2725 4548 έξεμεθήσεται.
2788 4471 2968 4528 ’ΔΛλὰ
3016 4472 3174 4546 ἐσμεν
3219 4476 3317 4527 τοῦ
3377 4469 3590 4530 δέοντος
3635 4466 3772 4522 ἀπο-

2116 4565 2481 4640 πληστότεροι
2541 4566 2692 4638 (11);
2772 4561 2884 4618 ἔστι
2957 4563 3046 4618 καὶ
3111 4561 3506 4630 πλεονεκτῆσαι
3562 4556 3766 4618 καλῶς.

2237 4670 2256 4703 ε
2290 4667 2494 4723 Matth.
2527 4684 2582 4735 ν,
2615 4667 2705 4721 45.

2189 4770 2267 4842 (li)
2299 4763 2413 4820 Ot8'
2444 4763 2546 4842 ὅτι.
2584 4765 2680 4842 _S_ic
2709 4781 2915 4842 omnes
2960 4764 3206 4822 codices.
3239 4763 3335 4842 Sic
3365 4762 3505 4835 legit
3531 4759 3772 4842 _Pirc_hy-

2116 4831 2337 4906 merus,
2371 4838 2473 4911 qui
2503 4838 2694 4911 reddit
2724 4856 2736 4894 :
2769 4860 2790 4911 ᾳ
2825 4838 2941 4894 Vos
2971 4843 3191 4909 autem,
3223 4840 3378 4892 recte
3416 4831 3570 4900 novi,
3601 4831 3775 4887 intel-

2111 4913 2315 4987 ligitis.
2345 4907 2578 4987 {Deest
2609 4907 2823 4987 6(3an
2855 4911 2947 4987 ed_.

2187 4974 2261 5054 (5)
2293 4983 2695 5056 Μετριώτατον.
2728 4982 2872 5038 Tres
2922 4982 3130 5053 Regg.,
3161 4982 3415 5050 quatuor
3460 4975 3642 5044 Colb.,
3677 4974 3775 5029 Or.

2113 5058 2168 5128 Ι,
2202 5059 2386 5124 Pass.,
2410 5055 2805 5130 μετριώτερον

2185 5130 2263 5202 (6)
2294 5120 2534 5202 ιιῖιχίῳνξ
2568 5120 2707 5202 Tres
2740 5126 2918 5202 Regg.
2951 5123 3046 5180 Or.
3061 5125 3130 5202 _1,
3161 5123 3352 5202 Pass_.,
3385 5120 3590 5202 QIEIEW‘.

2185 5190 2264 5274 (7)
2292 5190 2761 5274 τὸϊῄλκωμινον.
2789 5190 2895 5254 Sic
2913 5201 3032 5274 tres
3061 5190 3409 5274 ﬁegquuo‘
3427 5190 3626 5258 Cbisl.,
3654 5190 3770 5245 duo

2115 5265 2297 5340 0015.,
2331 5275 2388 5325 et
2417 5265 2512 5328 Or.
2548 5265 2600 5340 1,
2633 5271 2692 5326 in
2724 5275 2855 5324 Par.
2891 5271 3007 5334 ed.,
3039 5265 3400 5340 εἱλκωμένον.

2185 5334 2550 5469 (8)t"l_‘oB.dSic
2581 5334 2847 5416 quinque
2877 5342 3082 5414 Regg.,
3105 5334 3279 5396 Coisl.
3316 5339 3365 5405 1,
3398 5336 3494 5393 Or.
3530 5336 3582 5403 1,
3611 5334 3772 5389 Pass.

2185 5435 2259 5469 563
2315 5434 2371 5469 ῙΠ
2405 5433 2434 5469 e
2485 5459 2496 5469 .

2120 5416 2286 5472 Deest
2315 5416 2371 5469 in
2405 5417 2496 5471 ed.

2187 5490 2265 5557 (9)
2296 5483 2580 5557 Δακτύλῳ.
2610 5485 2813 5542 Plures
2845 5478 3419 5557 codices,_8uxt~3).ou.

2188 5547 2300 5628 (1Ο)
2328 5547 2591 5648 ’ἶὶγαθοῖς
2639 5557 2728 5612 καὶ
2772 5558 3058 5630 πονηροῖς.
3084 5547 3278 5622 Pass”
3313 5551 3400 5606 ἐπὶ
3433 5547 3663 5624 ἀγαθοὺς
3688 5547 3779 5602 xui

2116 5650 2419 5690 πονηρους.

2188 5651 2839 5775 ἴ1η1ἣοζῖποπληστότεροι
2866 5698 3028 5775 ;“8-ἰο
3059 5698 3197 5775 ῌΘε.
3235 5697 3351 5775 δίῃ,
3386 5694 3485 5768 ph,
3520 5710 3654 5752 eum
3687 5693 3776 5750 in-

2188 5714 2300 5775 (11)
2337 5714 2750 5769 ’ΔποπΛηστοτε
2790 5717 2879 5769 οι;
2934 5714 3028 5754 me
3059 5714 3136 5754 ne
3184 5738 3197 5752 .
3235 5714 3351 5766 Dm,
3386 5714 3485 5768 pn,

2113 5773 2528 5849 terrogationis
2558 5777 2717 5834 nota.
2750 5720 2816 5834 in
2847 5770 3040 5844 editis,
3064 5714 3487 5845 ἀπίηπότεροι.
