4090 6402
319 422 474 489 ιοδτ
799 420 1092 484 ORATIO
1136 419 1292 482 XIX.
1327 453 1405 466 -
1441 421 1544 480 AD
1589 417 1995 482 JULIANUM
2040 416 2559 480 TRIBUTORUM
2607 417 3252 488 EXZEQUATOREM.
3583 423 3739 482 ωδε

320 559 508 633 Δωμέν
539 581 590 614 τι
629 558 820 632 μικρὸν
850 555 1106 628 ἐντεῦθεν,
1133 553 1206 609 ἵν’
1238 553 1436 618 ἐκεῖθεν
1470 552 1680 623 πλουτή
1694 573 1895 625 σωμεν.
1999 612 2003 620 ,

2124 571 2414 621 .neamus;
2477 555 2633 609 absit
2675 562 2739 608 ut
2785 559 2907 608 tam
2955 553 3125 624 longe
3156 572 3189 610 a
3221 555 3414 611 divina
3463 559 3739 629 aequitate

319 652 694 718 recedamus;
746 664 852 703 nec
901 647 1134 701 divitias
1181 652 1412 700 nostras
1464 662 1597 700 curn
1649 645 1898 699 aliorum
1954 643 2227 715 lacrymis
2278 644 2654 713 misceamus,
2689 661 2720 697 a
2752 643 2966 714 quibus
3021 649 3300 714 tanquam
3335 664 3367 700 a
3397 648 3646 719 rubigne
3678 667 3743 702 ac

319 741 478 795 tinea
510 740 954 803 consumantur,
989 739 1108 802 aut,
1147 738 1209 789 ut
1251 734 1559 806 Scripturas
1591 735 1764 788 verbo
1809 739 1960 799 utar,
1997 735 2401 788 evomentur”.
2436 735 2649 787 Verum
2685 734 2754 787 ad
2792 749 2908 786 rem
2963 732 3251 788 avidiores
3300 751 3528 802 sumus,
3562 754 3738 807 quam

323 847 428 902 par
459 828 576 883 sit?
605 825 757 882 Nihil
792 825 1082 897 prohibet,
1117 825 1435 896 quominus
1487 823 1767 879 laudabili
1800 821 2044 878 avaritia
2081 827 2405 877 teneamur.
2441 821 2749 876 Paululum
2786 821 3064 894 quiddam
3121 822 3214 878 hic
3246 825 3476 895 demus,
3512 830 3575 880 ut
3627 825 3746 882 illic

322 918 531 972 divites
561 921 618 970 et
649 913 870 986 cepiosi
903 913 1110 968 simus.

395 1006 486 1060 IB'.
539 1007 714 1056 Ταῦτα
770 1002 862 1074 μὲν
915 999 1006 1054 οὖν
1051 1002 1162 1073 (12)
1216 997 1323 1070 ἤδη
1368 1001 1526 1053 κοινά
1571 999 1706 1072 πρὸς
1751 1000 1976 1070 πάντας,

323 1092 384 1148 οὐ
415 1091 543 1153 τοὺς
759 1089 809 1144 έν
861 1087 1112 1158 πολιτείᾳ
1167 1088 1350 1160 μόνον,
1400 1088 1467 1142 τὰ
1507 1085 1978 1164 φαραγγέλματα·

323 1183 480 1236 κοινᾶ
527 1182 630 1256 γάρ
678 1177 768 1233 καί
817 1185 1006 1247 κοινῆς
1056 1177 1358 1252 ἀῤῥωστίας
1390 1177 1456 1231 τά
1487 1177 1762 1253 φάρμακα.
1801 1175 1874 1228 Σὺ
1926 1173 1982 1229 δὲ

324 1271 602 1347 ἀπόγραφε
633 1267 858 1328 δικαίως
890 1270 1062 1339 ἡμᾶς,
1105 1267 1132 1319 ὁ
1162 1270 1270 1320 τῶν
1303 1267 1585 1340 ἡμετέρων
1633 1265 1812 1342 φόρων
1845 1265 1979 1319 ἀπο-

324 1359 562 1436 γραφεύς
594 1360 704 1432 (14)
731 1376 743 1390 ⁸
796 1355 1098 1433 ἀπόγραφε,
1153 1357 1228 1428 μή
1278 1355 1403 1416 τοὺς
1435 1353 1600 1426 ἰμους
1637 1353 1832 1429 λόγους
1865 1353 1980 1408 ἐπι-

330 1445 533 1517 μελῶς,
566 1444 639 1497 ὧν
671 1439 844 1512 οὐδὲν,
877 1444 910 1510 ἣ
947 1442 1137 1517 μικρὸν
1164 1442 1226 1495 τὸ
1258 1439 1471 1517 κέρδος,
1506 1442 1540 1510 ἢ
1571 1440 1645 1502 εἲς
1677 1443 1788 1514 (15)
1812 1442 1980 1509 ἀκοῆς

325 1535 486 1609 χάριν
513 1533 602 1587 καὶ
634 1529 863 1601 ἡδονὴν,
898 1529 1043 1586 ἀλλὰ
1068 1532 1157 1586 τὸν
1191 1530 1322 1604 ἐμὸν
1357 1531 1488 1586 λαὸν
1541 1531 1704 1592 ὁσίως
1753 1531 1841 1584 καὶ
1889 1551 1981 1607 φι-

327 1622 666 1698 λανθρώπως
694 1641 704 1652 ·
759 1618 1044 1693 αἰδεσθεὶς,
1095 1619 1139 1675 εἰ
1193 1623 1267 1693 μή
1315 1641 1364 1674 τι
1409 1617 1571 1691 ἄλλο,
1605 1621 1638 1688 ἢ
1672 1621 1762 1673 τὸν
1793 1621 1978 1694 καιρὸν

371 1712 384 1728 ν
436 1714 447 1730 ε
585 1711 592 1727 ν
766 1711 781 1730 \
1047 1711 1060 1728 ς
1252 1711 1264 1726 ς
1505 1713 1530 1722 ~
1622 1709 1632 1726 I
1874 1711 1886 1728 ,
1937 1709 1956 1734 ν

328 1733 510 1783 αυτον,
563 1714 646 1766 ὁτι
694 1732 782 1765 και
829 1712 856 1765 ὁ
911 1717 1105 1783 Σωτηρ
1155 1710 1206 1764 ἐν
1241 1730 1534 1786 απογραφῃ
1582 1730 1838 1765 τικτεται.
1891 1712 1980 1778 Ες-

328 1801 468 1871 ἦλθε
541 1801 642 1877 γὰρ
687 1798 913 1876 δόγμα,
993 1799 1148 1878 φησὶ,
1226 1801 1371 1874 παρὰ
1445 1798 1710 1870 Καίσαρος
1771 1797 1981 1872 Αὐγού-

2165 1000 2312 1054 371
2350 999 2469 1054 XII.
2495 998 2623 1053 Haec
2657 999 2894 1070 quidem
2943 1005 3229 1070 praecepta
3273 1018 3387 1056 non
3421 1003 3489 1056 ad
3523 1018 3622 1058 eos
3655 1021 3746 1058 so-

2092 1086 2236 1157 lum,
2263 1088 2361 1159 qui
2396 1087 2819 1160 rempublicam
2853 1094 3082 1158 gerunt,
3109 1091 3210 1144 sed
3236 1092 3410 1145 etiam
3446 1093 3518 1146 ad
3545 1110 3752 1148 omnes

2093 1177 2486 1232 communiter
2516 1181 2799 1248 spectant.
2823 1178 3168 1232 Communis
3199 1180 3353 1233 enim
3380 1181 3568 1236 morbi
3597 1198 3754 1236 com—

2093 1267 2300 1321 munia
2331 1283 2563 1338 quoque
2595 1267 3023 1320 medicamenta
3054 1272 3210 1320 sunt.
3243 1268 3325 1322 Tu
3359 1285 3490 1323 vero
3517 1271 3612 1340 qui
3649 1272 3752 1324 tri-

2093 1355 2235 1409 buta
2289 1363 2487 1409 nostra
2536 1355 2593 1408 in
2646 1355 2912 1426 publicas
2964 1356 3220 1411 rationes
3268 1358 3468 1424 refers,
3502 1359 3593 1413 fac
3643 1375 3754 1413 nos

2084 1445 2247 1513 juste
2277 1444 2605 1510 describas;
2642 1445 2695 1498 id
2731 1461 2856 1515 age,
2893 1461 3002 1497 non
3055 1453 3116 1498 ut
3164 1445 3366 1500 sedulo
3397 1452 3451 1500 et
3483 1453 3753 1503 accurate

2093 1532 2386 1588 orationes
2419 1549 2603 1600 meas,
2637 1550 2910 1604 quarum,
2942 1533 3026 1587 vel
3063 1533 3241 1596 nulla,
3275 1533 3359 1588 vel
3393 1552 3568 1606 parva
3597 1535 3754 1590 utili-

2092 1626 2185 1676 tas
2217 1627 2328 1686 est,
2359 1621 2445 1676 vel
2493 1621 2734 1677 auribus
2765 1625 2995 1676 tantum
3036 1626 3200 1693 grata
3249 1627 3425 1694 atque
3461 1625 3752 1694 jucunda,

2093 1711 2192 1766 sed
2227 1710 2509 1782 populum
2538 1728 2734 1766 meum
2760 1719 2956 1766 sancte
2979 1718 3034 1766 et
3056 1711 3310 1767 humane
3334 1713 3630 1768 describas
3658 1731 3670 1767 ι
3702 1713 3752 1770 si

2095 1799 2242 1853 nihil
2274 1799 2454 1871 aliud,
2489 1806 2546 1854 at
2578 1804 2729 1855 certe
2761 1805 2995 1872 tempus
3030 1800 3137 1855 hoc
3187 1802 3509 1857 reverentia
3557 1819 3754 1874 prose-

330 1912 479 1962 στου,
537 1895 633 1944 τοῦ
687 1889 1097 1966 ἀπογράφεσθαι
1171 1891 1283 1962 (16)
1343 1894 1515 1942 πᾶσαν
1574 1889 1672 1956 τὴν
1731 1886 1984 1959 οἷ’κοδμέ-

2131 1897 2296 1957 utus;
2332 1869 2809 1961 quandoquidem
2840 1869 2965 1962 ipse
2993 1909 3226 1963 quoque
3253 1891 3519 1948 Salvator
3545 1869 3760 1948 descri-

329 1999 472 2049 νην·
525 1978 613 2033 καὶ
688 1979 1050 2056 ἀπεγράφετο.
1124 1973 1314 2048 ’Δνέϐη
1380 1975 1436 2030 δὶ
1510 1977 1600 2030 καὶ
1671 1978 1870 2052 Ἰωσὴφ
1931 1975 1980 2030 έν

339 2065 585 2139 Βηθλεὲμ
663 2067 754 2120 σὺν
833 2068 1063 2142 Μαριάμ
1135 2071 1202 2139 τῇ
1301 2064 1745 2139 μεμνηστευμένῃ
1839 2064 1984 2136 αὐτῷ

635 2158 749 2228 (17)
834 2155 1270 2228 ἀπογράψασθαι,
1345 2151 1434 2208 διὰ
1499 2155 1562 2208 τὸ
1618 2155 1748 2208 εἶναι
1827 2153 1984 2207 αὐτὸν

337 2244 388 2315 ἐξ
441 2244 595 2299 οἳκου
645 2244 734 2298 καὶ
785 2249 1013 2318 πατριᾶς
1063 2238 1249 2300 Δαϐἰδ.
1309 2243 1406 2297 Καὶ
1456 2247 1753 2312 τηνικαῦτα
1806 2243 1833 2296 ὁ
1865 2249 1987 2295 Σω-

335 2335 440 2408 τὴρ
487 2333 747 2402 τίκτεται,
798 2333 860 2386 τὸ
909 2333 1230 2404 θαυμάσιον,
1278 2332 1306 2385 ὁ
1368 2332 1584 2386 πάντων
1653 2329 1987 2406 δημιουργὸς

336 2424 449 2494 (18)
499 2421 588 2475 καὶ
626 2419 916 2490 δεσπότης,
952 2420 1002 2475 ἒν
1046 2419 1240 2499 φαύλῳ
1272 2423 1385 2494 (19)
1418 2421 1506 2474 καὶ
1545 2425 1722 2496 μικρῷ
1751 2419 1986 2475 καταλύ-

343 2532 492 2585 ματι.
541 2506 884 2583 Φοϐηθῶμεν
933 2510 996 2564 τὸ
1043 2512 1342 2585 μυστήριον
1372 2531 1382 2543 ·
1420 2509 1751 2583 αἶ’δεσθῶμεν
1783 2510 1880 2578 τήν
1915 2509 1993 2562 ol-

336 2600 596 2673 κονομίαν
652 2602 783 2672 (20),
835 2599 925 2653 καὶ
975 2598 1128 2653 αὐτοὶ
1173 2603 1252 2671 τῷ
1300 2598 1474 2675 καιρῷ
1501 2621 1551 2654 τι
1583 2597 1993 2674 συνεισενέγκω-

347 2711 456 2762 μεν.
500 2694 604 2743 Νῦν
651 2687 874 2764 ἄγγελοι
922 2691 1199 2764 χαίρουσι,
1251 2693 1340 2742 νῦν
1389 2689 1644 2762 ποιμένες
1677 2687 1997 2763 περιαστρά-

341 2799 588 2850 πτονται,
637 2782 727 2832 νῦν
778 2777 947 2852 ἀστὴρ
999 2777 1048 2847 ἐξ
1099 2776 1400 2834 Ἀνατολῶν
1430 2779 1615 2852 τρέχει
1651 2779 1783 2853 πρὸς
1815 2778 1875 2831 τὸ
1911 2779 2001 2850 μέ-

351 2889 538 2941 γιστον
589 2871 702 2944 φῶς
753 2868 841 2921 καὶ
893 2866 1180 2940 ἀπρόσιτον
1209 2886 1220 2898 ·
1255 2871 1345 2920 νῦν
1384 2869 1544 2943 μάγοι
1579 2867 1998 2942 προσπίπτουσι,

350 2955 439 3009 καί
473 2954 870 3033 δωροφοροῦσι,
921 2956 1010 3010 καὶ
1054 2957 1146 3010 τὸν
1192 2956 1401 3010 πάντων
1445 2956 1669 3032 βασιλέα
1707 2958 2002 3033 γινώσκου-

357 3067 429 3116 σι,
480 3047 568 3099 καὶ
616 3045 797 3106 καλῶς
849 3046 928 3117 τῷ
976 3045 1156 3120 ἀστέρι
1196 3045 1544 3121 τεκμαίροντι
1595 3047 1685 3101 τὸν
1718 3046 1998 3123 οὐράνιον·

353 3133 469 3188 νυνί
518 3154 576 3188 τε
621 3132 868 3209 Ἡρώδης
923 3133 1187 3207 μαίνεται,
1236 3134 1324 3188 καὶ
1378 3134 1719 3212 παιδοφονεῖ,
1778 3136 1867 3190 καὶ
1918 3133 2006 3189 διὰ

1301 2087 1365 2139 με
1373 2087 1478 2137 μνη
1489 2087 1608 2119 στευ
1617 2064 1745 2138 μένῃ

335 2157 549 2230 γυναικὶ

2097 1979 2315 2050 ptionis
2357 1985 2618 2050 tempore
2669 1979 2950 2034 nascitur.
2979 1981 3148 2047 Exiit,
3181 1981 3360 2046 enim,
3396 1981 3608 2052 inquit,
3640 1982 3758 2037 edi-

2097 2075 2241 2122 ctum
2282 2085 2315 2122 a
2361 2072 2582 2124 Caesare
2629 2070 2886 2138 Augusto,
2921 2078 2980 2124 ut
3025 2070 3421 2124 describeretur
3466 2073 3759 2126 universus

2099 2158 2274 2217 Orbis;
2315 2162 2370 2212 et
2421 2158 2656 2227 quidem
2691 2158 3147 2211 describebatur.
3179 2158 3428 2213 Ascendit
3476 2164 3662 2213 autem
3709 2169 3760 2214 et

2099 2247 2294 2316 Ioseph
2329 2248 2385 2300 in
2439 2245 2775 2309 Bethlehem,
2808 2252 2867 2300 ut
2919 2263 3043 2299 cum
3093 2247 3265 2300 Maria
3308 2247 3625 2318 desponsata
3653 2249 3764 2303 sibi

2101 2351 2273 2390 uxore
2301 2336 2676 2404 proﬁteretur,
2709 2350 2767 2389 eo
2798 2335 2938 2406 quod
2980 2339 3114 2389 esset
3143 2335 3208 2390 de
3236 2336 3397 2391 domo
3444 2342 3497 2391 et
3539 2339 3762 2407 familia

2109 2424 2281 2480 Damit
2311 2425 2372 2478 ¹⁰.
2407 2427 2593 2494 Atque
2619 2441 2683 2478 eo
2717 2429 2980 2495 tempore
3007 2423 3215 2479 salutis
3250 2431 3451 2481 auctor
3482 2426 3537 2480 in
3571 2426 3759 2481 lucem

2106 2513 2342 2585 prodiit,
2378 2530 2467 2568 res
2502 2512 2878 2567 admiranda!
2925 2512 3185 2567 omnium
3237 2531 3430 2569 rerum
3483 2516 3673 2586 epil'ex
3707 2519 3764 2569 et

2109 2602 2405 2670 dominus,
2425 2603 2480 2655 in
2501 2603 2708 2673 exiguo
2729 2608 2783 2656 et
2803 2603 3042 2672 ignobili
3063 2603 3399 2658 diversorio.
3423 2604 3761 2676 Mysterium

2110 2693 2218 2747 hoc
2249 2692 2599 2757 timeamus;
2625 2689 2839 2746 Christi
2869 2691 3330 2746 incarnationem
3360 2710 3764 2758 revereamur;

2111 2783 2170 2836 in
2203 2780 2452 2853 gratiam
2485 2780 2767 2850 temporis
2795 2798 2900 2834 nos
2932 2797 3164 2850 quoque
3187 2780 3409 2852 aliquid
3432 2799 3763 2852 erogemus.

2112 2872 2277 2926 Nunc
2305 2868 2493 2940 angeli
2523 2869 2800 2940 gaudent,
2826 2875 3087 2940 pastores
3115 2869 3358 2923 luminis
3384 2871 3606 2941 fulgore
3637 2888 3767 2942 per-

2113 2959 2544 3029 stringuntur“
2570 2975 2581 3011 :
2607 2974 2761 3011 nunc
2784 2958 2855 3012 ab
2878 2958 3111 3012 Oriente
3133 2959 3203 3011 ad
3234 2957 3422 3013 lucem
3447 2959 3764 3014 maximam

2115 3053 2171 3104 et
2200 3046 2662 3102 inaccessiliilem
2693 3045 2860 3100 stella
2884 3047 3098 3114 currit;
3135 3063 3289 3101 nunc
3321 3047 3473 3119 magi
3503 3065 3742 3119 procum

2117 3139 2286 3202 bunt,
2319 3153 2384 3191 ac
2416 3137 2567 3190 dona
2598 3136 2869 3198 oil'erunt,
2894 3136 3279 3207 omniumque
3310 3137 3522 3209 Regem
3559 3153 3766 3206 agnos-

351 3232 443 3278 τυν
494 3220 886 3297 έλευθερωτὴν,
945 3224 1151 3300 ἀναιρεῖ
1195 3225 1321 3286 τοὺς
1363 3231 1462 3294 τῆς
1517 3224 1824 3300 ἐλευθερίας
1873 3246 2003 3302 τυγ-

2124 3233 2278 3296 eunt,
2301 3233 2358 3281 et
2383 3244 2451 3281 ex
2477 3227 2687 3281 sideris
2714 3231 2949 3297 aspectu
2973 3225 3267 3281 caelestem
3290 3226 3519 3298 egregie
3541 3227 3769 3298 conjec-

353 3317 539 3388 χάνειν
574 3310 909 3390 ὀφείλοντας,
965 3313 1120 3369 Ἀλλ’
1149 3315 1315 3388 ἡμεῖς
1346 3336 1408 3390 γε
1443 3315 1577 3389 μετὰ
1603 3320 1709 3371 τῶν
1768 3336 2004 3392 προσκυ-

352 3403 588 3457 νούντων
642 3404 948 3477 γενώμεθα,
998 3405 1088 3458 καὶ
1138 3406 1588 3480 προσενέγκωμεν
1639 3410 1718 3477 τῷ
1761 3403 1828 3459 δι’
1860 3406 2007 3478 ἦμᾶς

355 3490 734 3565 πτωχεύσαντι
789 3491 953 3566 μέχρι
997 3493 1087 3546 καὶ
1135 3495 1408 3565 σώματος,
1475 3495 1550 3567 μὴ
1587 3489 1831 3565 λίϐανον,
1870 3492 2011 3566 μηδὲ

358 3579 586 3652 χρυσὸν,
643 3575 784 3649 μηδὲ
816 3579 1055 3653 σμύρναν
1086 3599 1100 3614 ·
1127 3581 1219 3634 τὸν
1253 3581 1346 3652 μὲν
1381 3582 1455 3642 ὡς
1488 3586 1603 3652 Θεῷ
1637 3585 1768 3655 (21),
1813 3583 1902 3635 τὸν
1957 3580 2014 3636 δὲ

361 3666 438 3728 ὡς
493 3664 728 3741 βασιλεῖ,
775 3667 874 3735 τήν
927 3664 983 3720 δὲ
1022 3668 1096 3729 ὡς
1127 3669 1447 3741 γευσαμένῳ
1481 3666 1551 3723 δι’
1581 3672 1728 3741 ἡμᾶς
1761 3671 2016 3744 νεκρότη-

360 3775 455 3816 τος
504 3757 654 3828 (22)⁶
710 3753 856 3809 ἀλλὰ
899 3751 1046 3829 δῶρα
1098 3756 1348 3827 μυστικὰ,
1396 3757 1484 3811 καὶ
1547 3758 1676 3833 ὑπὲρ
1707 3759 1770 3813 τὸ
1829 3759 2016 3835 φαινό-

371 3865 528 3918 μενον
556 3864 566 3876 ’
604 3843 662 3898 τό
691 3865 752 3920 γε
782 3841 950 3917 μηδὲν
984 3839 1194 3916 λαϐεῖν,
1244 3843 1384 3918 μηδὲ
1429 3851 1509 3918 τῷ
1557 3845 1783 3919 πλούτῳ
1811 3869 1864 3901 τι
1896 3869 2019 3923 συγ-

368 3940 622 4008 χωρῆσαι
682 3933 816 3987 κατὰ
871 3934 1076 4003 πενίας,
1131 3931 1260 4006 μηδ’
1301 3932 1553 4005 ἀδικῆσαι
1585 3937 1647 3990 τὸ
1676 3934 1902 4008 πλάσμα
1935 3934 2023 3990 διὰ

366 4027 466 4076 τοῦ
497 4023 842 4094 πλάσματος.

2117 3323 2250 3373 tura
2282 3320 2699 3387 assequuntur.
2724 3315 2889 3369 Nunc
2910 3315 3163 3370 Herodes
3187 3315 3347 3385 furit,
3367 3320 3422 3371 et
3443 3333 3654 3388 pueros
3677 3319 3777 3371 ob-

2117 3411 2372 3474 truncat,
2400 3412 2457 3460 et
2489 3410 2723 3477 propter
2752 3404 3039 3460 libertatis
3072 3410 3280 3460 nostrae
3311 3405 3623 3472 vindicem,
3651 3423 3773 3472 eos,

2123 3496 2221 3567 qui
2253 3496 2309 3548 in
2338 3495 2664 3549 libertatem
2693 3493 2992 3548 asserendi
3017 3497 3201 3562 erant,
3228 3493 3297 3548 de
3321 3493 3512 3548 medio
3536 3493 3687 3548 tollit
3711 3495 3775 3550 1³.

2124 3588 2199 3637 At
2229 3600 2335 3637 nos
2379 3583 2449 3636 ab
2500 3582 2884 3636 adorantibus
2915 3588 3164 3648 stemus;
3198 3581 3368 3652 eique
3417 3581 3518 3652 qui
3568 3587 3779 3636 nostrae

2127 3671 2335 3726 salutis
2367 3685 2547 3724 causa
2585 3685 2650 3722 eo
2698 3669 3058 3740 paupertatis
3091 3687 3151 3722 se
3183 3669 3440 3735 demisit,
3475 3675 3539 3724 ut
3568 3687 3784 3742 corpus

2128 3761 2303 3814 etiam
2337 3759 2655 3828 acciperet;
2689 3775 2803 3811 non
2857 3759 3013 3823 thus,
3048 3775 3162 3811 non
3196 3775 3427 3824 aurum,
3462 3775 3577 3813 non
3628 3775 3782 3831 myr-

2131 3847 2321 3913 rham,
2357 3847 2614 3917 primum
2653 3850 2716 3899 ut
2746 3846 2882 3913 Deo,
2916 3847 3241 3900 secundum
3275 3851 3340 3900 ut
3370 3847 3511 3919 regi,
3545 3848 3784 3902 tertium

2133 3943 2197 3991 ut
2227 3937 2276 3991 ei
2310 3935 2408 4008 qui
2443 3939 2638 3988 nostra
2674 3951 2853 3990 causa
2898 3940 3144 3989 mortem
3199 3936 3549 4006 degustavit,
3581 3935 3789 3992 otl‘era-

2134 4043 2297 4093 mus;
2333 4025 2433 4080 sed
2471 4023 2717 4096 mystica
2748 4025 2920 4090 dona,
2946 4024 3157 4095 iisque,
3181 4041 3306 4094 quae
3337 4025 3519 4080 oculis
3543 4042 3794 4080 cernun-

370 4117 486 4181 tur,
519 4113 901 4180 sublimiora;
937 4113 1238 4183 nimirum,
1273 4119 1336 4170 ut
1367 4115 1517 4170 nihil
1549 4116 1927 4188 accipiamus,
1963 4134 2067 4172 nec
2097 4115 2318 4172 divitiis
2366 4114 2691 4185 quidquam
2733 4115 3013 4168 adversus
3061 4118 3463 4186 paupertatem
3510 4115 3794 4170 conceda-

372 4217 528 4272 mus,
564 4218 668 4256 nec
700 4201 797 4257 Dei
829 4207 1158 4259 creaturam
1192 4222 1294 4276 per
1326 4206 1502 4262 aliam
1535 4213 1864 4262 creaturam
1899 4207 2116 4279 injuria
2145 4206 2492 4262 afﬁciamus.

444 4290 541 4347 II".
577 4288 682 4344 Σὺν
735 4295 957 4366 Χριστῷ
1006 4294 1252 4370 γράφεις,
1286 4293 1376 4348 σὺν
1414 4299 1628 4367 Χριστῷ
1658 4293 2024 4365 ταλαντεῦεις,

371 4377 464 4433 σὺν
517 4381 584 4451 τῇ
634 4378 847 4457 κεφαλῇ
895 4378 1227 4454 δοκιμάζεις,
1285 4384 1420 4457 μετᾶ
1465 4388 1562 4438 τοῦ
1616 4383 1783 4460 λόγου
1815 4383 2024 4462 λογίζῃ.

371 4467 602 4539 Χριστὸς
649 4464 770 4540 ἄρτι
814 4470 1052 4542 γεννᾶταί
1105 4492 1213 4539 σοι,
1271 4473 1361 4525 καὶ
1415 4473 1544 4534 Θεὸς
1605 4473 1737 4546 ἐστι,
1785 4474 1874 4528 καὶ
1936 4474 2026 4528 ἄν·

373 4555 592 4628 Ορωπος
637 4554 866 4627 γίνεται,
914 4557 1004 4609 καὶ
1053 4557 1360 4630 ἀνθρώποις
1397 4565 1899 4640 συναναστρέφεται.
1961 4563 2028 4619 Τί

373 4647 470 4696 τοῦ
519 4639 692 4717 λόγου
742 4639 1084 4714 δηλοῦντος;
1139 4647 1298 4718 Ἐμοὶ
1349 4645 1498 4702 δοκεῖ
1545 4653 1680 4722 (23),
1734 4639 1810 4712 είς
1843 4653 2027 4706 νουθε-

379 4732 494 4785 σίαν
523 4735 631 4786 τῶν
658 4731 726 4785 τὰ
766 4736 988 4786 τοιαῦτα
1036 4736 1438 4807 πιστευομένων
1489 4739 1623 4810 (24),
1672 4737 1754 4792 ὅτι
1784 4744 1902 4801 ταῖς
1940 4760 2030 4811 με-

379 4820 591 4894 γίσταις
639 4824 746 4874 τῶν
797 4817 1118 4892 διοικήσεων
1169 4824 1296 4885 Θεὸς
1331 4825 1410 4877 ἀεὶ
1447 4826 1868 4902 συνεισέρχεται.
1933 4827 2029 4881 Καὶ

452 4966 472 4999 ⁰
498 4966 625 5020 Job.
657 4983 750 5032 xx,
784 4967 870 5022 15.
950 4968 994 5003 ¹⁰
1020 4967 1157 5024 Luc.
1191 4985 1252 5036 ix,
1287 4971 1311 5023 1
1343 4986 1475 5041 sqq.
1555 4971 1596 5008 “
1632 4971 1778 5026 lbid.
1811 4973 1845 5024 9
1875 4990 2006 5044 sqq.

453 5108 565 5165 (12)
597 5105 722 5161 Οὗν.
765 5110 931 5164 Deest
962 5109 1017 5165 in
1048 5111 1138 5164 ed.

477 5177 562 5250 13)
593 5177 750 5240 Τούς.
786 5182 970 5251 Pass.,
1008 5187 1142 5242 τοῖς.

449 5179 562 5322 (14)
595 5249 789 5322 Φόρων
836 5251 1142 5322 ἀπογραφεέ

595 5233 1203 5328 Φόρωνῖᾶῖπνογραφνέός.
1236 5254 1334 5328 Sic
1361 5253 1534 5309 Coisl.
1573 5257 1621 5310 1.
1659 5258 1720 5310 In
1771 5256 1945 5314 Coisl.
1981 5233 2066 5328 2,¹

377 5325 436 5377 et
457 5322 581 5401 led"
614 5322 871 5401 γραφεύς.
910 5322 1078 5401 Deest
1107 5324 1288 5401 φόρων
1322 5325 1378 5401 in
1413 5328 1503 5381 ed.

478 5394 563 5470 te)
595 5394 708 5470 lite.
735 5394 916 5470 Deest
943 5399 1000 5470 in
1035 5394 1212 5470 Regg.
1247 5414 1296 5466 c,
1331 5399 1388 5465 d,
1422 5404 1478 5453 et
1507 5399 1680 5470 Coisl.
1715 5401 1764 5453 1.

477 5465 1047 5543 16)"A1ro~{paiqps00at.
1107 5465 1250 5526 Ties
1297 5470 1458 5542 Reg.,
1511 5469 1684 5526 Coisl.
1739 5473 1800 5542 1,
1851 5471 2038 5537 Pass.,

381 5532 817 5609 ἀπογράψασθαι.

453 5608 568 5686 (1:7)
601 5608 838 5664 Γυναικί.
873 5612 966 5686 Sic
997 5618 1136 5686 Reg.
1173 5630 1221 5670 ο.
1255 5612 1428 5686 Deest
1462 5611 1522 5668 in
1556 5613 1648 5686 ed.

605 5681 963 5756 Δημιουργός.
999 5681 1111 5742 Or.-
1132 5689 1182 5755 1,
1215 5684 1480 5756 ποιητής.
1506 5705 1550 5756 «ί
1571 5685 1773 5742 factor.
1797 5706 1826 5739 η

459 5751 570 5824 (19)
598 5751 692 5807 Ἐν
735 5751 948 5831 φαῦλῳ.
1007 5751 1301 5830 Βθεξρὶὶ.
1338 5751 1417 5813 et
1457 5755 1609 5814 Coisl
1659 5759 1710 5826 1,
1765 5756 1815 5812 ἐν
1851 5758 2041 5834 φάτνῃ,

2211 4295 2356 4350 ΧΙΙΙ.
2391 4295 2535 4350 Cum
2568 4292 2796 4349 Christo
2829 4291 3136 4358 describis,
3175 4309 3306 4348 cum
3339 4293 3568 4350 Christo
3603 4293 3795 4349 tribu-

2137 4391 2264 4442 tum
2326 4383 2626 4456 expendis,
2661 4399 2794 4436 cum
2856 4383 3044 4454 capite
3102 4399 3411 4437 censuram
3468 4383 3797 4448 facis,cum

2137 4475 2323 4530 Verbo
2355 4473 2638 4528 rationem
2665 4472 2970 4527 subducis.
2996 4472 3161 4526 Nunc
3186 4472 3454 4528 Christus
3481 4472 3588 4528 tibi
3610 4472 3801 4527 nasci-

2142 4571 2258 4626 tur,
2286 4567 2342 4616 et
2375 4561 2526 4616 Deus
2559 4565 2669 4624 est,
2695 4565 2749 4615 et
2782 4560 2956 4614 homo
2989 4561 3268 4626 efﬁcitur,
3291 4567 3349 4616 et
3380 4578 3512 4615 cum
3545 4561 3799 4616 homini-

2143 4653 2249 4705 bus
2282 4653 2681 4704 conversatur.
2717 4647 2862 4712 Quid
2897 4655 3093 4702 autem
3136 4648 3248 4703 sibi
3281 4649 3404 4703 vult
3437 4649 3530 4703 hic
3561 4667 3752 4704 sermo
3774 4649 3802 4702 ?

2140 4740 2308 4807 Sane,
2335 4737 2445 4791 nisi
2481 4754 2573 4791 me
2605 4738 2899 4792 sententia
2925 4737 3090 4807 fallit,
3118 4756 3235 4807 eos,
3261 4740 3414 4794 372
3440 4739 3655 4810 quibus
3690 4738 3800 4792 hu-

2135 4826 2399 4898 jusmodi
2434 4843 2676 4881 munera
2719 4827 3037 4881 commissa
3089 4832 3250 4892 sunt,
3283 4828 3581 4895 admonet,
3621 4833 3798 4882 Deum

2087 4973 2131 5007 ¹²
2167 4971 2374 5026 Matth.
2408 4988 2468 5036 ιι,
2504 4971 2528 5024 1
2566 4988 2697 5042 sqq.

2157 5137 2182 5164 ‹‹
2219 5113 2274 5167 in
2310 5113 2608 5184 praesepio.
2627 5134 2664 5184 ν»

2218 5182 2332 5252 (20)
2364 5182 2719 5256 Οἰκονομίαν.
2755 5185 2960 5241 Billius
2995 5205 3005 5242 :
3037 5211 3062 5237 α
3096 5185 3527 5242 humanitatem
3576 5205 3807 5244 assum-

2195 5263 2332 5311 tam.
2369 5280 2395 5305 »

2150 5275 2333 5402 Ἆγι)
2367 5325 2465 5402 Τὸν.
2518 5326 2611 5395 μὲν
2662 5325 2734 5402 ᾡς
2781 5331 2922 5398 Θεῷ,
2975 5335 3082 5383 etc.
3136 5328 3337 5383 Billius
3384 5351 3448 5381 ιιι
3480 5336 3689 5402 partim
3746 5335 3809 5386 ut

2150 5400 2288 5469 Deo,
2322 5400 2533 5471 partim
2567 5404 2631 5451 ut
2663 5399 2824 5469 Regi,
2859 5403 3098 5471 partim,
3127 5423 3152 5449 ››
3187 5412 3296 5457 etc.

2221 5468 2336 5541 (2:3)
2368 5468 2725 5539 Νεκρότητος.
2757 5468 2966 5539 ίΡίιέιδη
3017 5468 3350 5543 νεκρώσεως,
3405 5496 3431 5523 ‹‹
3487 5471 3808 5529 mortalita-

2151 5547 2542 5684 1’ϐιέξειῖιλοκεὶ
2577 5612 2671 5684 Sic
2703 5612 2876 5668 Coisl.
2917 5616 2962 5668 1.
2997 5621 3058 5670 lu
3092 5615 3205 5682 ed.,
3243 5610 3437 5666 δοκεῖν.

2226 5681 2342 5758 (24)-
2372 5682 2806 5755 ιΙιστευομένων.
2863 5686 3040 5758 “83g.
3076 5704 3126 5757 ο,
3157 5688 3215 5755 d,
3259 5693 3315 5741 et
3361 5681 3530 5739 Coisl.
3567 5684 3619 5749 1,
3646 5700 3808 5734 πεπι-

2151 5776 2274 5812 neu
2283 5755 2481 5830 μένων.
