4090 6406
355 384 508 445 1059

1596 378 1659 437 S.
1710 372 2083 436 GBEGORlI
2128 373 2521 435 THEOLOGI

3618 378 3777 439 1060

354 535 470 573 una
501 532 732 588 semper
754 513 1027 569 maximis
1052 529 1245 568 rerum
1277 509 1888 568 administrationibus
1913 524 2006 563 co-

2119 502 2205 558 ’ίνα
2258 504 2351 577 μὲν
2396 500 2726 558 καταιδέσειε
2780 505 2891 577 (25)
2946 503 3075 566 τοὺς
3125 504 3560 583 ἀπογράφοντας,
3618 530 3777 579 τηνι-

353 606 547 662 mitem
581 606 886 659 interesse.
912 604 979 657 Et
1006 602 1349 673 quidem,ut
1370 600 1761 671 descriptores
1791 597 2010 669 pudore

349 696 603 767 quodam
634 694 873 756 afficiat,
894 708 959 746 ac
987 697 1372 756 commoveat,
1400 707 1463 745 eo
1486 694 1749 759 tempore
1773 701 2006 741 carnem

349 784 624 850 assumit,
647 789 704 837 et
728 799 861 836 cum
883 780 1223 836 hominibus
1257 785 1547 844 versatur;
1574 782 1639 831 ut
1661 782 1855 831 autem
1889 792 2008 831 ser-

349 873 520 927 vituti
554 878 766 926 nostris
795 870 1068 925 solatium
1094 870 1315 937 afferat,
1341 867 1645 937 animique
1675 865 2007 936 aequitatem

351 961 527 1017 veluti
563 961 686 1031 lege
718 960 937 1013 sanciat
962 960 1119 1028 (nam
1157 974 1225 1012 ne
1264 958 1320 1011 id
1356 958 1589 1028 quidem
1624 954 2007 1025 contemptim

355 1050 822 1123 praetereundum
850 1052 979 1113 est),
1004 1064 1119 1101 non
1153 1048 1324 1101 modo
1349 1064 1476 1111 suo,
1504 1047 1604 1100 sed
1630 1046 1805 1099 etiam
1831 1041 2008 1107 Petri,

353 1138 778 1211 discipulorum
814 1136 1079 1191 omnium
1136 1134 1495 1203 charissimi,
1532 1134 1769 1189 nomine
1816 1132 2010 1187 didra-

352 1228 591 1284 chmum
615 1226 813 1299 pendit
829 1228 893 1279 ‘3.
916 1226 1058 1281 Nam
1084 1228 1319 1297 propter
1338 1241 1442 1279 nos
1461 1224 1635 1277 homo
1656 1223 1843 1277 factus
1864 1224 2007 1287 erat,

354 1317 620 1389 servique
672 1317 919 1371 formam
973 1314 1318 1385 suscepit”,
1346 1318 1400 1367 et
1447 1330 1547 1385 pro
1598 1311 2011 1383 iniquitatibus

352 1408 572 1462 nostris
602 1407 673 1461 ad
700 1410 944 1460 mortem
971 1404 1183 1459 ductus
1203 1408 1291 1458 est
1314 1403 1375 1457 ιδ.
1402 1407 1531 1457 Haec
1556 1402 1823 1458 Salvator
1855 1400 2008 1465 fecit,

351 1497 529 1568 idque
560 1512 695 1549 cum
724 1494 1020 1548 voluntate
1052 1492 1176 1547 sola
1208 1493 1397 1558 nobis,
1425 1497 1623 1562 utpote
1649 1497 1818 1559 Deus,
1850 1489 2008 1545 salu-

350 1591 469 1640 tem
494 1584 698 1639 ail‘erre
729 1589 946 1654 posset,
970 1582 1469 1653 quemadmodum
1493 1586 1548 1635 et
1571 1580 1902 1635 universam
1928 1594 2012 1633 re-

350 1692 481 1729 rum
517 1674 854 1728 machinam
888 1671 1011 1726 solo
1036 1673 1211 1741 jussu
1254 1677 1429 1741 atque
1460 1669 1705 1740 imperio
1738 1684 2008 1741 procrea-

351 1765 450 1818 vit.
485 1765 671 1833 Majus
717 1768 933 1823 autem,
969 1767 1025 1815 et
1058 1764 1126 1815 ad
1159 1760 1560 1814 incutiendum
1595 1760 1878 1831 pudorem
1912 1774 2009 1811 ac-

350 1852 782 1906 commodatius
832 1850 998 1903 nobis
1048 1846 1314 1913 contulit,
1350 1864 1560 1919 nempe
1616 1847 1893 1918 pietatem
1944 1862 2009 1900 ac

352 1940 843 2005 misericordiam,
898 1944 1074 2009 atque
1119 1937 1357 1991 honoris
1416 1936 1824 2006 aequalitatem.
1861 1936 2008 1999 Quid

351 2048 485 2087 vero
521 2048 646 2093 nos,
670 2028 880 2083 Christi
916 2025 1212 2098 discipuli,
1247 2025 1425 2093 illius,
1460 2026 1724 2096 inquam,
1764 2024 1923 2079 mitis
1954 2029 2011 2079 et

350 2118 611 2192 benigni,
637 2124 693 2173 et
725 2117 823 2189 qui
859 2117 1027 2171 nobis
1062 2133 1247 2187 usque
1280 2116 1422 2170 adeo
1454 2114 1850 2170 ministravit?
1884 2114 2008 2168 Non

353 2208 616 2279 magistri
651 2208 920 2279 pietatem
969 2206 1139 2259 nobis
1170 2205 1519 2258 imitandam
1569 2203 2008 2275 proponemus?

350 2299 473 2354 Non
508 2298 792 2367 benignos
820 2312 885 2350 ac
920 2293 1117 2349 faciles
1145 2310 1251 2348 nos
1282 2294 1441 2364 ipsos
1468 2292 1764 2348 conservis
1792 2292 2007 2363 praebe-

352 2387 569 2453 bimus,
597 2391 660 2439 ut
682 2384 855 2438 talem
890 2382 1001 2453 ipsi
1030 2399 1263 2453 quoque
1285 2382 1592 2436 dominum
1614 2382 2005 2452 experiamur,

352 2476 521 2532 nobis
553 2472 816 2529 videlicet
858 2473 1061 2527 eadem
1114 2488 1410 2537 mensura,
1444 2488 1562 2542 qua
1608 2471 1797 2525 mensi
1832 2469 2007 2525 fueri-

352 2582 507 2631 mus,
543 2578 928 2635 repensurum
954 2560 1037 2615 '5?
1066 2561 1190 2615 Non
1223 2560 1451 2615 animas
1497 2564 1730 2615 nostras
1770 2558 2008 2614 lenitate

352 2653 754 2710 redimemus?
786 2651 942 2707 Satis
963 2667 1256 2722 superque
1287 2667 1456 2721 grave
1480 2653 1567 2704 est
1591 2648 1789 2703 liberis
1814 2647 2006 2702 homi-

352 2744 525 2799 nibus
558 2742 838 2798 servitute
872 2739 1447 2812 premi,tantumque
1481 2738 1634 2792 inter
1661 2754 1782 2803 eos,
1808 2736 1907 2808 qui
1939 2753 2007 2791 ex

350 2834 553 2890 eadem
582 2837 747 2887 terra:
773 2847 969 2884 massa
1001 2831 1393 2900 coagmentati
1423 2832 1581 2896 sunt,
1604 2827 1911 2895 interesse,
1944 2832 2007 2881 ut

353 2922 448 2978 alii
494 2922 806 2993 imperent,
840 2918 937 2974 alii
972 2917 1216 2989 imperio
1267 2922 1599 2984 teneantur;
1636 2916 1734 2971 alii
1786 2916 2006 2971 tributa

352 3011 735 3075 constituant,
770 3008 869 3063 alii
926 3007 1129 3062 tributi
1188 3024 1366 3062 causa
1413 3007 1851 3073 describantur;
1904 3005 2002 3061 alii

2120 597 2288 646 καῦτα
2341 593 2530 665 ὁμιλεῖ
2578 592 2731 667 σαρκὶ
2781 593 2869 646 καὶ
2919 593 3265 669 ἀνθρὼποις’
3294 593 3382 649 ’ἱνα
3414 593 3471 651 δὲ
3522 618 3778 673 παραμυ-

2121 684 2352 752 θῆσηται
2398 689 2498 751 τῆς
2556 678 2806 743 δουλείας
2861 685 3031 754 ἡμᾶς,
3085 684 3176 737 καὶ
3216 685 3317 753 τὴν
3350 684 3774 761 εὐγνωμοσύνην

2118 773 2456 845 νομοθετήσῃ
2513 769 2661 843 (οὐδὲ
2715 772 2815 847 γὰρ
2867 776 3027 825 τοῦτο
3086 775 3437 847 παροπτέον),
3496 776 3645 831 τελεῖ
3683 779 3777 832 καὶ

2120 861 2277 922 άύτὸς
2334 861 2397 915 τὸ
2456 858 2781 936 δίδραχμον,
2843 860 2929 914 xui
2990 862 3098 937 οὐχ
3154 863 3285 938 ὑπὲρ
3340 863 3529 919 ἑαυτοῦ
3583 866 3771 938 μόνον,

2122 949 2266 1004 ἀλλά
2294 950 2382 1004 xui
2416 951 2620 1024 Πέτρου
2672 954 2768 1004 τοῦ
2813 950 3149 1022 τιμιωτάτου
3188 956 3295 1005 τῶν
3330 955 3585 1025 μαθητῶν
3612 998 3623 1009 .
3659 956 3774 1011 ἐπεὶ

2119 1040 2207 1093 xui
2263 1038 2529 1114 ἄνθροπος
2581 1038 2792 1113 ἐγένετο
2844 1036 2913 1092 δι’
2953 1042 3123 1111 ἡμᾶς,
3175 1043 3263 1095 xui
3318 1039 3519 1096 δούλου
3556 1046 3772 1122 μορφὴν

2120 1126 2400 1198 ἀνεδὲξατο
2449 1132 2584 1202 (26),
2629 1129 2716 1182 xui
2753 1129 2882 1203 ὑπὲρ
2916 1133 3021 1182 τῶν
3056 1130 3301 1203 ἀνομιῶν
3323 1133 3482 1204 ἡμῶν
3516 1130 3665 1208 ἤχθη
3701 1132 3777 1194 εἷς

2119 1217 2362 1274 θάνατον.
2412 1222 2586 1271 Ταῦτα
2638 1218 2730 1291 μὶν
2783 1218 2811 1271 6
2858 1219 3077 1293 Σωτὴρ,
3124 1219 3212 1272 xui
3258 1223 3335 1290 τῷ
3366 1218 3636 1293 θελήματι
3672 1221 3775 1295 μό-

2120 1328 2234 1375 νον,
2286 1308 2359 1369 ὡς
2404 1307 2552 1375 Θεὸς,
2604 1312 2771 1376 σῶσα,
2829 1304 3145 1380 δυνάμενος,
3197 1307 3313 1363 ἐπεὶ
3363 1310 3453 1363 καὶ
3502 1311 3569 1364 τὰ
3604 1310 3779 1366 πάντα

2120 1398 2496 1473 προστάγματι
2535 1399 2933 1467 συνεστήσατοο
2988 1402 3169 1470 μεῖζον
3224 1395 3281 1452 δὶ
3329 1399 3418 1453 καὶ
3470 1396 3779 1471 δυσωπητι-

2119 1485 2354 1558 κώτερον
2418 1485 2722 1561 εἰσήνεγκεν
2800 1487 2959 1558 ἡμῖν,
3016 1486 3115 1553 τὴν
3174 1487 3506 1559 συμπάθειαν
3566 1489 3654 1543 καὶ
3712 1489 3777 1544 τὸ

2120 1573 2390 1647 ὁμότιμον
2440 1577 2573 1646 (27).
2622 1575 2681 1627 Τί
2736 1572 2793 1628 δὲ
2839 1577 3003 1646 ἡμεῖς
3056 1575 3106 1629 oi
3140 1577 3379 1648 Χριστοῦ
3414 1578 3649 1649 μαθηταὶ
3676 1582 3776 1633 τοῦ

2119 1664 2293 1739 πράου
2343 1663 2431 1717 καὶ
2480 1663 2892 1741 φιλανθρώπου,
2943 1664 3032 1718 καὶ
3071 1669 3329 1719 τοσοῦτον
3358 1668 3492 1739 ἡμῖν
3530 1666 3777 1741 λειτουρ-

2118 1755 2421 1827 γήσαντος;
2482 1754 2555 1807 Ού
2620 1752 2975 1826 μιμησόμεθα
3034 1758 3135 1808 τοῦ
3196 1755 3467 1809 Δεσπότου
3532 1758 3631 1824 τήν
3694 1758 3779 1812 εὐ-

2122 1840 2501 1918 σπλαγχνίαν,
2553 1842 2651 1896 οὐκ
2698 1839 2933 1915 ἐσόμεθα
2988 1843 3223 1919 χρηστοὶ
3272 1850 3386 1907 τοῖς
3418 1842 3776 1918 ὁμοδούλοις,

2114 1929 2205 1985 ’ἱνα
2235 1931 2484 1986 τοιούτου
2536 1932 2792 2007 τύχωμεν
2844 1931 2931 1986 xui
2969 1932 3123 1987 αὐτοὶ
3154 1938 3251 1987 τοῦ
3284 1933 3483 2009 Κυρίου
3519 1941 3777 2009 μετροῦν-

2118 2041 2233 2090 τος,
2296 2021 2369 2082 ὡς
2424 2022 2481 2074 ἄν
2533 2024 2931 2093 μετργςσωμεν;
2986 2022 3045 2075 ού
3096 2022 3409 2095 κτησόμεθα
3445 2025 3540 2086 τὰς
3573 2025 3775 2079 ἑαυτῶν

2119 2110 2322 2184 ψυχὰς,
2376 2107 2464 2164 διὰ
2504 2117 2602 2178 τῆς
2656 2110 3044 2184 ἡμερότητος
3097 2113 3280 2187 Ἀρκεῖ
3329 2109 3605 2167 δουλεύειν
3658 2119 3777 2183 τοῖς

2120 2197 2449 2273 ἐλευθέροις,
2526 2199 2615 2253 καὶ
2672 2204 2929 2254 τοσοῦτον
2989 2201 3118 2253 εἶναι
3176 2201 3239 2255 τὸ
3298 2200 3581 2277 διάφορον,
3640 2202 3779 2258 ὥστε

2116 2292 2212 2342 τοῦ
2264 2288 2427 2342 αὐτοῦ
2472 2289 2625 2362 χοὸς,
2655 2289 2717 2343 τὸ
2753 2289 2847 2359 μὲν
2876 2294 3114 2362 κρατεῖν,
3144 2289 3207 2343 τὸ
3239 2286 3296 2344 δὲ
3327 2290 3586 2365 ἄρχεσθαι
3612 2311 3624 2323 ⁸
3684 2292 3774 2345 καὶ

2114 2378 2178 2432 τὸ
2212 2378 2306 2449 μὶν
2336 2377 2548 2431 τάσσειν
2600 2378 2823 2456 φόρους,
2876 2379 2937 2432 τὸ
2973 2375 3029 2432 δὲ
3061 2379 3500 2456 ἀπογράφεσθαι·
3534 2381 3622 2435 xui
3652 2386 3770 2444 τοῖς

2120 2468 2214 2539 μὶν
2259 2465 2462 2522 ἀδικεῖν
2525 2468 2717 2536 ἐξεῖναι
2776 2467 2867 2521 καὶ
2925 2473 3100 2521 ποιεῖν
3156 2472 3358 2539 κακῶς,
3402 2474 3518 2530 τοῖς
3568 2466 3624 2523 δὶ
3654 2473 3770 2540 (28)

2119 2558 2250 2633 ὑπὲρ
2302 2562 2400 2611 τοῦ
2464 2559 2539 2629 μὴ
2589 2560 2702 2630 (29)
2750 2558 2937 2611 παθεῖν
2985 2554 3188 2620 δεῖσθαι
3238 2558 3327 2611 καὶ
3378 2558 3770 2635 ἀγωνίζεσθαι*

2114 2648 2203 2701 καὶ
2247 2650 2413 2701 ταῦτα
2472 2648 2601 2700 εἶναι
2659 2646 2782 2720 περὶ
2842 2647 2937 2715 τὴν
3003 2646 3125 2720 μίαν
3187 2647 3389 2719 εἰκόνα,
3448 2648 3538 2703 xui
3593 2649 3655 2702 τὸ
3712 2646 3769 2705 ἓν

2114 2736 2347 2809 ἀξιωμα,
2378 2737 2507 2799 τοὺς
2537 2743 2636 2806 τῆς
2666 2735 2833 2805 αὐτῆς
2885 2740 3030 2805 ζωῆς
3079 2735 3485 2812 κληρονόμους·
3532 2738 3661 2813 ὑπὲρ
3696 2738 3771 2793 ὧν

2115 2827 2341 2901 Χριστὸς
2392 2826 2599 2899 ὁμοίως
2649 2826 2929 2889 ἀπέθανεν.
2984 2826 3162 2902 ’Δρκεὶ
3207 2831 3371 2881 ταῦτα
3401 2832 3516 2889 τοῖς
3553 2826 3771 2883 ἐλευθὲ-

2116 2934 2271 2989 ροιςο
2337 2917 2411 2988 μή
2464 2911 2774 2991 βαρυνέσοω
2826 2912 2883 2969 δὲ
2931 2915 2959 2969 6
3010 2916 3192 2990 ζυγὸς,
3248 2914 3389 2989 μηδὲ
3417 2924 3515 2985 τῆς
3545 2918 3772 2991 πρώτης

2114 3007 2275 3077 ἡμῶν
2308 3004 2575 3081 ἁμαρτίας
2606 3005 2668 3058 τὸ
2700 3004 2999 3078 ἐπιτίμιον.

352 3100 631 3172 injuriam
664 3098 899 3165 inferre,
923 3096 1195 3166 maloque
1227 3097 1457 3151 afﬁcere
1491 3096 1728 3166 impune
1762 3096 2011 3167 possint,
2044 3096 2163 3163 alii,
2199 3112 2269 3150 ne
2301 3096 2440 3167 quid
2478 3097 2799 3167 patiantur,
2828 3096 3115 3165 laborent,
3140 3112 3206 3151 ac
3237 3097 3507 3168 precibus
3538 3102 3776 3153 conten-

352 3191 521 3257 dant;
552 3204 735 3256 eaque
767 3187 921 3240 circa
968 3202 1148 3240 unam
1181 3190 1236 3240 et
1266 3186 1531 3239 eamdem
1582 3185 1919 3257 imaginem,
1952 3184 2107 3240 circa
2147 3202 2323 3240 unam
2356 3190 2415 3241 et
2444 3186 2711 3241 eamdem
2762 3186 3069 3258 dignitatis
3120 3186 3517 3257 praestantiam
3549 3187 3775 3242 contin-

350 3294 507 3351 gere,
541 3278 696 3333 circa
725 3276 988 3344 ejusdem
1023 3274 1150 3329 vita:
1186 3275 1462 3343 hmredes,
1496 3279 1552 3328 et
1584 3292 1682 3345 pro
1714 3275 1927 3346 quibus
1959 3274 2225 3330 Christus
2257 3295 2283 3326 ει
2308 3292 2421 3346 que
2470 3280 2741 3330 mortuus
2770 3280 2859 3329 est
2913 3276 3090 3341 Satis,
3124 3276 3391 3346 inquam,
3424 3276 3545 3333 haec
3579 3275 3781 3332 liberis

349 3367 689 3423 hominibus
722 3364 971 3418 molesta
1001 3367 1169 3430 sunt;
1202 3379 1271 3417 ne
1303 3362 1440 3433 quid
1476 3361 1609 3417 huic
1635 3364 1778 3433 jugo
1821 3362 2094 3434 ponderis
2127 3364 2397 3433 addatur,
2431 3380 2503 3419 ne
2535 3364 2675 3436 quid
2721 3381 2901 3436 poena:
2933 3363 3039 3431 illi,
3073 3381 3186 3435 qua
3215 3364 3473 3436 primum
3508 3368 3777 3421 nostrum

348 3459 650 3528 peccatum
685 3452 1034 3506 mulctatum
1066 3455 1173 3517 est,
1211 3450 1545 3505 acerbitatis
1575 3451 1831 3505 accedat.

419 3543 558 3598 XIV.
594 3542 825 3597 Utinam
862 3541 1128 3595 funditus
1174 3544 1369 3612 pereat
1398 3539 1626 3606 vitium,
1660 3542 1715 3595 et
1749 3539 2003 3611 primum
2037 3541 2080 3607 C

347 3633 507 3688 illius
539 3648 763 3695 semen,
797 3648 863 3685 ac
895 3647 1108 3702 pravus
1141 3629 1258 3696 ille,
1284 3629 1405 3701 qui,
1440 3629 1869 3685 dormientibus
1902 3647 2002 3684 no-

346 3722 459 3792 bis,
492 3720 715 3775 zizania
758 3718 1251 3790 superseminavit
1276 3719 1339 3785 ¹⁷,
1368 3723 1433 3773 ut
1466 3718 1601 3773 mali
1648 3718 2002 3789 principium

346 3827 415 3867 ex
444 3810 581 3865 boni
614 3810 842 3864 incuria
890 3815 1248 3876 nasceretur,
1275 3826 1391 3864 non
1439 3825 1607 3863 secus
1640 3826 1704 3863 ac
1735 3810 2004 3864 tenebra-

346 3917 475 3955 rum
513 3899 893 3971 principium,
927 3903 1016 3951 est
1065 3896 1212 3951 lucis
1244 3897 1515 3952 secessio.
1552 3897 1681 3952 Haec
1731 3899 1900 3953 nobis
1933 3897 2006 3952 li-

351 4005 534 4061 gnum
568 3988 707 4042 illud
734 3988 972 4055 invexit,
993 3992 1048 4041 et
1095 4003 1334 4041 amarus
1359 4004 1515 4050 esus,
1541 3994 1598 4042 et
1626 3986 1861 4042 invidus
1890 4005 2006 4043 ser-

344 4095 509 4150 pens,
530 4084 585 4133 et
616 4077 705 4131 lex
734 4076 970 4145 violata,
998 4094 1124 4147 quae
1153 4076 1301 4131 373
1334 4077 1480 4131 hanc
1516 4093 1745 4147 poenam
1778 4079 2003 4149 irroga—

341 4168 441 4233 vit,
468 4174 531 4222 ut
564 4168 618 4221 in
645 4167 859 4221 sudore
880 4166 1078 4220 vultus
1102 4165 1271 4220 nobis
1296 4165 1484 4220 victus
1513 4166 1589 4220 sit
1615 4168 1911 4236 parandus
1938 4166 1999 4201 1⁸·

344 4256 487 4311 Hinc
509 4272 615 4329 ego
644 4256 839 4310 nudus
865 4258 925 4309 et
953 4254 1287 4319 indecorus,
1308 4259 1363 4307 et
1385 4255 1713 4309 nuditatem
1737 4254 2003 4339 cognovi,

341 4349 399 4399 et
432 4345 735 4417 pelliceam
769 4348 987 4398 vestem
1040 4342 1225 4409 indui,
1258 4347 1315 4397 et
1354 4359 1383 4398 e
1414 4343 1689 4414 paradiso
1740 4344 2003 4415 dejectus

342 4438 701 4505 sum,atque
751 4434 819 4487 ad
865 4438 1105 4501 terram,
1147 4449 1215 4486 ex
1265 4449 1383 4503 qua
1431 4436 1703 4504 sumptus
1755 4432 2001 4506 fueram,

342 4540 580 4577 aversus
605 4540 759 4588 sum,
788 4521 841 4575 id
867 4537 1052 4575 unum
1075 4520 1418 4576 deliciarum
1441 4520 1567 4576 loco
1592 4521 2001 4594 habens,quod

341 4610 707 4667 calamitates
742 4628 901 4667 meas
941 4610 1205 4682 cognitas
1244 4611 1492 4666 habeam
1527 4628 1539 4666 :
1574 4615 1631 4666 et
1662 4629 1765 4683 pro
1794 4613 2005 4684 exigua

342 4700 660 4773 voluptate,
696 4706 976 4773 perpetuo
1027 4716 1271 4756 mmrore
1317 4701 1636 4757 damnatus
1669 4718 1837 4771 sum;
1872 4718 2001 4758 eam

341 4807 454 4862 que
487 4808 721 4863 poenam
767 4792 981 4863 pendo,
1016 4794 1079 4845 ut
1121 4790 1266 4845 mihi
1298 4807 1430 4845 cum
1465 4806 1552 4859 eo,
1589 4791 1689 4863 qui
1743 4792 1893 4847 male
1942 4793 2002 4847 in

410 4935 453 4969 ¹⁸
480 4934 685 4991 Matth.
716 4951 855 5002 xvu,
886 4935 977 4989 26.
1055 4933 1097 4967 "
1127 4933 1382 5005 Philipp.
1416 4950 1478 5004 ιι,
1509 4934 1564 4990 7.

1646 4934 1689 4971 ιδ
1720 4936 1833 4991 Isa.
1867 4952 1987 5003 Lm,
2018 4935 2075 4992 5.

2192 3540 2287 3595 1Δ’.
2336 3541 2424 3602 Ὡς
2476 3538 2740 3595 ἀπόλοιτο
2790 3542 2823 3609 ἡ
2876 3538 3056 3610 κακία,
3106 3539 3194 3595 καὶ
3246 3542 3279 3610 ἡ
3331 3542 3522 3617 πρώτη
3570 3539 3775 3611 ταύτης

2113 3623 2419 3701 καταϐολὴ,
2468 3630 2557 3683 xui
2607 3630 2634 3683 6
2678 3627 3027 3684 καθεύδουσιν
3076 3632 3211 3703 ἡμῖν
3248 3628 3563 3705 ὲπισπείρας
3594 3628 3659 3683 τὰ
3692 3634 3773 3698 ζι-

2118 3720 2267 3788 ζάνια
2320 3720 2587 3795 Πονηρὸς,
2630 3718 2703 3773 ’ἐν’
2751 3719 2899 3796 ἀρχὴ
2948 3724 3045 3774 τοῦ
3095 3724 3265 3774 κακοῦ
3297 3718 3513 3795 γένηται
3544 3719 3605 3774 τὸ
3634 3718 3769 3791 ἀμε-

2116 3809 2280 3878 λῆσαι
2329 3814 2426 3863 τοῦ
2472 3810 2696 3884 ἀγαθοῦ,
2751 3809 2931 3883 ὥσπερ
2982 3809 3069 3865 xui
3116 3809 3340 3871 σκότους
3385 3811 3419 3877 ἡ
3460 3813 3557 3863 τοῦ
3592 3809 3768 3884 φωτὸς

2117 3899 2495 3974 ὑποχώρησις.
2545 3903 2720 3953 Ταῦτα
2766 3898 2829 3953 τὸ
2874 3898 3057 3969 ξύλον,
3126 3898 3215 3953 xui
3263 3901 3297 3967 ἡ
3348 3899 3517 3973 πικρά
3561 3902 3765 3972 γεῦσις,

2114 3988 2202 4041 xui
2247 3989 2273 4040 6
2325 3986 2588 4061 βάσκανος
2644 3983 2788 4064 ὄφις,
2838 3988 2928 4041 xui
2987 3990 3021 4057 ἡ
3066 3988 3314 4061 παρακοὴ
3349 3986 3401 4043 ἐν
3436 3983 3620 4059 ἱδρῶτι
3668 3990 3767 4040 τοῦ

2114 4078 2413 4151 προσώπου
2483 4081 2574 4149 ζῇν
2639 4076 3020 4152 κατακρίνασα.
3088 4078 3354 4131 Ἐντεῦθεν
3404 4076 3610 4152 γυμνὸς
3662 4074 3768 4152 ἐγὼ

2112 4167 2199 4220 xui
2230 4167 2524 4241 ἀσχήμων,
2575 4166 2664 4219 xui
2715 4167 2813 4234 τὴν
2863 4166 3137 4240 γύμνωσιν
3188 4162 3382 4242 ἔγνων,
3411 4165 3499 4220 xui
3532 4166 3622 4220 τὸν
3652 4161 3771 4239 δερ-

2117 4256 2336 4329 μάτινον
2398 4259 2609 4330 χιτῶνα
2664 4254 3053 4333 ἠμφιασάμην,
3113 4256 3204 4309 xui
3262 4260 3361 4311 τοῦ
3437 4252 3766 4328 παραδείσου

2115 4341 2357 4398 διέπεσον
2410 4346 2543 4415 (30),
2593 4344 2681 4398 ναὶ
2724 4344 2800 4406 εἰς
2830 4345 2928 4413 τὴν
2959 4352 3061 4420 γῆν
3092 4345 3463 4424 ἀπεστραφην,
3497 4344 3614 4399 ὅθεν
3644 4344 3774 4414 ἐλή-

2114 4435 2273 4509 φθην,
2305 4430 2359 4487 ’ἐν
2404 4437 2569 4487 τοῦτο
2617 4433 2733 4488 ἀντὶ
2778 4440 2987 4511 τρυφῆς
3038 4430 3203 4509 ἔχων,
3233 4436 3302 4490 τὰ
3333 4434 3570 4508 ἐμαυτοῦ
3601 4433 3769 4509 γινώ-

2112 4544 2255 4579 σκειν
2313 4524 2491 4577 κακά’
2552 4522 2642 4577 xui
2703 4520 2884 4594 λύπην
2936 4523 3259 4598 κατεκρίθην
3328 4522 3598 4578 ἄπαυστον
3654 4521 3769 4577 ἀντὶ

2111 4615 2210 4680 τῆς
2246 4618 2443 4689 μικρᾶς
2475 4614 2587 4686 (31)
2620 4609 2851 4682 ἡδονῆς,
2882 4612 2971 4667 xui
3006 4611 3250 4685 πόλεμον
3281 4613 3416 4689 πρὸς
3447 4613 3539 4666 τὸν
3591 4624 3770 4689 φιλω-

2115 4701 2267 4767 θίντα
2313 4706 2517 4772 κακῶς,
2576 4703 2665 4756 xui
2725 4698 2813 4756 διὰ
2884 4708 2985 4771 τῆς
3048 4702 3284 4777 γεύσεως
3365 4702 3767 4757 ὑποσπάσαντα.

2112 4797 2288 4847 Ταῦτα
2340 4798 2440 4861 τῆς
2496 4790 2689 4853 κακίας
2748 4789 2870 4864 ἐμοί
2924 4792 2992 4846 τὰ
3049 4790 3341 4867 ἐπίχειραο
3414 4790 3649 4846 ἐντεῦθεν
3701 4788 3768 4844 τὸ

2154 4938 2197 4972 ¹⁶
2230 4938 2364 4993 Luc.
2398 4953 2475 5005 γι,
2507 4935 2597 4991 38.
2676 4937 2717 4970 ¹⁷
2749 4935 2955 4991 Matth.
2983 4954 3107 5004 xm,
3138 4938 3226 4991 25.
3309 4937 3351 4973 1⁸
3381 4939 3523 4992 Gen.
3555 4952 3639 5005 ιιι,
3677 4934 3764 4989 19.

410 5080 915 5161 (25)-ῐξαταιδεσᾳειε,
951 5084 1152 5139 Plures
1178 5084 1376 5161 ﬁegg.
1413 5088 1471 5139 et
1515 5083 1692 5141 Coisl.
1728 5086 1781 5155 1,
1812 5106 1997 5141 καται-

2119 5088 2277 5161 Heu;
2309 5088 2465 5159 ἡμῖν,
2498 5084 2586 5161 xui
2638 5084 2907 5161 ὁμότιμος
2950 5085 3266 5161 γενόμενος,
3293 5083 3381 5140 ’ἶνα
3427 5089 3605 5161 ταῦτα,
3644 5080 3765 5137 δυσ-

340 5150 485 5226 δέσῃ.
508 5150 766 5226 Plurimi
801 5157 985 5226 C01b.,
1012 5150 1334 5226 καταιδήσῇ.

342 5176 485 5218 οεση.
524 5176 766 5211 r'lurlml
801 5176 985 5226 u010.,
1012 5176 1238 5226 καταιοη
1322 5200 1323 5207 χ

342 5208 523 5348 Θὲιὶὲῗ)
572 5224 901 5295 ’Λνεδὲξατο.
963 5176 1323 5294 Οιιιιῐυονᾝ

392 5316 523 5348 ιαοε.

342 5434 365 5453 ἢ
410 5369 527 5439 (2.7)
578 5366 966 5453 Εἶσήνεγκενκ.
1013 5370 1075 5424 τὸ
1127 5368 1421 5453 ὁμότιμον.
1455 5370 1629 5453 Coisl.
1665 5371 1718 5439 3,
1738 5370 1828 5453 Λτὸ
1861 5371 1997 5453 ὁμόῖ

339 5439 561 5515 δουξιον,
593 5460 622 5487 ‹‹
673 5439 971 5515 servitutis
1028 5439 1445 5515 aequalitatem.
1478 5463 1506 5492 »
1556 5441 1686 5497 Haec
1718 5439 1999 5515 Gregorii

339 5509 524 5589 verba
539 5527 659 5589 non
692 5512 841 5565 male
874 5509 1305 5589 interpretatur
1346 5514 1579 5568 Nicetas
1612 5515 1681 5569 dc
1717 5509 1995 5574 hum'anis

338 5580 666 5663 affectibus,
692 5598 837 5663 quos
871 5580 1061 5640 induit
1081 5588 1369 5663 Christus,
1397 5590 1659 5641 nostram
1682 5602 1995 5646 assumens

341 5654 639 5732 naturam,
682 5650 962 5732 nobisque
1009 5674 1110 5732 per
1157 5650 1376 5732 omnia,
1411 5664 1619 5732 praeter
1666 5665 1993 5732 peccatum,

340 5722 537 5776 factus
568 5720 783 5777 similis
816 5737 828 5775 :
862 5722 959 5776 Διᾶ
984 5720 1146 5783 τόῢτο
1186 5720 1740 5804 γέγονεν’ἄνθρωπὸς,
1775 5720 1996 5805 suum;

1329 5243 1455 5299 egg.
1518 5231 1575 5281 et
1632 5227 1725 5283 Or.
1788 5230 1853 5292 1,
1908 5230 1996 5284 ἀν·-
2033 5216 2059 5240 ’

2111 5157 2424 5232 ωπούμενοι
2484 5157 3092 5234 φιλανθρωπευώμεθαί
3127 5184 3153 5210 ε(
3214 5161 3522 5234 Propterea
3582 5158 3768 5234 factus

2110 5238 2198 5290 est
2229 5228 2426 5298 homo,
2462 5228 2701 5285 all‘ectus
2735 5228 2968 5288 nostros
3000 5233 3056 5287 in
3093 5250 3155 5287 se
3186 5228 3496 5303 recipiens,
3528 5228 3769 5303 perinde

2111 5322 2176 5360 ac
2209 5324 2315 5391 nos
2348 5303 2521 5359 malis
2565 5302 2873 5371 obnoxius,
2909 5310 2972 5359 ut
3003 5322 3109 5360 nos
3141 5300 3362 5377 pudore
3411 5300 3629 5375 perfusi
3660 5300 3768 5356 hu-

2109 5392 2404 5433 memores
2434 5391 2722 5431 essemus.
2752 5397 2780 5425 ››

2181 5452 2290 5519 (28)
2319 5451 2443 5509 Τοῖς
2477 5443 2555 5501 δέ.
2590 5447 2686 5503 Or.
2722 5448 2774 5519 1,
2804 5444 2930 5509 τοὺς
2963 5442 3041 5505 δέ.

2198 5489 2289 5588 Ξουῇ
2320 5489 2441 5588 illi?
2464 5489 2918 5575 oéiaéi‘in‘iriié;

2200 5589 2290 5660 30)
2321 5592 2594 5647 Διὲπεσον.
2631 5592 2857 5658 Comb.,
2889 5589 3156 5660 ἐξέπεσον.

2177 5662 2288 5739 (31)
2319 5668 2550 5741 Μικρᾶς.
2584 5662 2739 5720 Coll).
2777 5664 2829 5732 1,
2861 5668 3085 5738 πικρᾶς,
3120 5684 3149 5714 ‹‹
3180 5664 3409 5721 acerba.
3438 5684 3466 5712 »
