4090 6398
322 392 475 456 1061

806 389 1099 451 ORATIO
1144 386 1302 448 XIX.
1337 418 1415 433 —
1452 386 1557 447 AD
1601 384 2004 447 JULIANUM
2052 380 2576 445 'l‘HlBUTORUM
2625 380 3265 453 EXIEQUATOBEM.

3595 388 3751 451 1062

321 523 595 603 γεννᾶσθαι
824 519 1043 595 μόχθῳ,
1092 517 1182 573 καὶ
1230 520 1347 590 ζῇν,
1396 514 1487 571 καί
1537 515 1776 572 Λύεσθαι.
1822 512 1973 603 Αὕτη

2105 531 2289 569 meam
2338 514 2659 570 amicitiam
2708 514 2962 586 irrepsit,
2990 533 3056 572 ac
3086 534 3189 589 per
3234 519 3460 575 arboris
3507 525 3750 593 gustum

329 602 515 688 μήτηρ
548 610 761 687 χρείας,
796 612 828 678 ἡ
862 608 921 663 δὲ
944 607 1280 677 πλεονεξίας,
1314 609 1347 674 ἡ
1384 604 1439 660 δὲ
1478 603 1758 677 πολέμων,
1810 602 1977 657 πόλε-

331 725 424 777 μοι
457 701 515 757 δὲ
545 700 727 777 φόρων
756 701 871 768 (33)
900 697 1149 773 πατέρες,
1185 698 1237 750 oi.
1269 694 1326 750 δὶ
1363 702 1465 763 τῆς
1511 693 1876 769 κατακρίσεως
1920 693 1982 745 τὸ

334 792 654 869 βαρύτατον.
710 787 865 843 Ἀλλ’
912 790 1077 859 ἡμεῖς
1125 806 1189 860 γι
1240 787 1315 857 μὴ
1364 784 1426 838 τὸ
1458 784 1758 858 πρόστιμον
1792 781 1985 836 ἐπιτεί-

332 902 535 954 νωμεν,
571 880 673 933 ὑπὸ
696 881 796 946 τὴν
839 876 1003 944 αὐτὴν
1037 875 1275 948 κείμενοι
1324 870 1642 941 καταδίκην,
1699 869 1837 943 μηδὲ
1887 870 1984 925 ἄλ-

336 969 457 1031 λοις
499 968 657 1023 κακοὶ
712 968 1013 1042 γενώμεθα.
1085 962 1505 1038 Φιλανθριι)πίαν
1561 964 1707 1033 ἡμᾶς
1760 962 1858 1028 τήν
1910 960 1985 1021 εἷς

334 1059 620 1129 ἀλλήλους
680 1058 895 1110 ἀπαιτεῖ
954 1055 1104 1124 Θεὸς,
1182 1052 1275 1107 κᾶν
1356 1052 1443 1105 ὑπ’
1512 1050 1676 1106 αὐτοῦ
1744 1050 1988 1118 κολαζώ-

339 1151 491 1223 μεθα.

2091 604 2150 658 in
2185 604 2450 658 fraudem
2485 620 2577 658 me
2608 604 2856 674 induxit,
2891 605 3109 660 bellum
3154 623 3353 678 gerere
3384 609 3460 663 sit
3492 627 3749 667 necesse.

2095 693 2212 748 Hoc
2251 692 2396 746 mihi
2447 693 2665 762 peccati
2720 695 3045 763 praemium.
3082 694 3228 750 Hinc
3279 698 3496 752 factum
3548 706 3656 763 est,
3690 704 3758 754 ut

2097 783 2151 836 in
2186 781 2383 837 labore
2414 785 2471 836 et
2515 798 2777 836 aerumna
2823 800 3051 853 nascar,
3087 790 3144 837 et
3174 786 3386 851 vivam,
3419 804 3484 842 ac
3516 791 3753 843 moriar.

2096 872 2242 925 Hinc
2273 871 2598 941 indigentia
2646 876 2781 925 nata
2812 877 2927 933 est;
2962 888 3030 926 ex
3069 873 3394 945 indigentia
3441 878 3753 948 cupiditas,

2096 976 2163 1015 ex
2198 960 2518 1032 cupiditate
2550 959 2722 1024 bella,
2755 978 2823 1014 ex
2866 960 3029 1017 hellis
3062 980 3231 1033 porro
3264 965 3503 1033 tributa,
3540 967 3756 1037 quibus

2094 1050 2154 1105 in
2188 1050 2384 1104 divina
2414 1049 2900 1105 condemnatione
2933 1050 3074 1105 nihil
3108 1052 3341 1123 gravius
3374 1058 3461 1109 est
3491 1060 3544 1111 et
3590 1072 3756 1111 acer-

2100 1139 2252 1194 bius.
2284 1140 2357 1193 At
2402 1155 2509 1193 nos
2557 1139 2789 1208 saltem,
2823 1156 2894 1193 ne
2945 1140 3192 1195 multam
3242 1159 3585 1215 augeamus,
3621 1162 3755 1201 cum

334 1241 523 1296 eidem
554 1253 734 1310 pinnae
765 1234 998 1290 obnoxii
1030 1233 1238 1301 simus,
1273 1247 1379 1286 nec
1413 1229 1564 1285 male
1595 1246 1729 1284 cum
1775 1229 1906 1285 aliis
1939 1244 2205 1301 agamus.
2241 1229 2505 1283 Mutuam
2540 1244 2677 1300 erga
2727 1244 2833 1283 nos
2883 1229 3043 1300 ipsos
3090 1230 3508 1301 benignitatem
3543 1236 3695 1291 Deus
3725 1253 3759 1291 a

334 1328 505 1384 nobis
535 1324 816 1397 exposcit,
848 1322 1078 1378 etiamsi
1113 1322 1184 1376 ab
1215 1321 1342 1391 ipso
1377 1319 1713 1391 puniamur.

406 1420 501 1470 lE'.
536 1414 724 1469 Ἔσται
754 1409 844 1465 καὶ
894 1406 1041 1479 ἄλλη
1090 1429 1173 1469 τις
1226 1408 1489 1483 ὲγγραφή,
1521 1406 1610 1460 καὶ
1644 1404 1817 1466 ἄλλος
1848 1404 1982 1459 ἀπο-

328 1500 559 1581 γραφεύς
586 1520 598 1534 '
648 1497 700 1554 εἷ’
740 1520 857 1554 τινα
909 1494 1101 1573 βίϐλον
1150 1498 1362 1565 ζώντων
1399 1497 1635 1563 ἀκούεις,
1667 1494 1756 1548 καὶ
1793 1489 1986 1569 βίϐλον

333 1592 395 1646 οὐ
460 1588 803 1662 σωζομένων.
866 1589 1011 1642 Ἐκεῖ
1060 1584 1250 1647 πάντες
1310 1584 1785 1661 ἐγγραφησόμεθα,
1842 1582 1983 1655 μᾶλ-

336 1680 432 1735 λον
481 1677 538 1733 δὲ
584 1675 693 1746 ἤδη
744 1678 1099 1753 γεγράμμεθα
1145 1675 1260 1729 κατ’
1315 1673 1458 1745 ἀξίαν
1508 1678 1613 1727 τῶν
1647 1670 1869 1726 ἐνταῦθα
1902 1673 1986 1746 βε-

2167 1406 2285 1461 XV.
2338 1406 2458 1461 Erit
2507 1405 2622 1461 alia
2674 1423 2907 1477 quoque
2956 1408 3290 1478 descriptio,
3325 1414 3383 1465 et
3432 1411 3758 1484 descriptor

2096 1495 2249 1551 alius
2279 1513 2291 1549 :
2319 1497 2434 1550 nisi
2463 1498 2608 1551 forte
2631 1498 2700 1550 de
2724 1498 2979 1566 quodam
3002 1498 3319 1553 viventium
3353 1501 3757 1571 pereuntium-

2097 1601 2209 1654 que
2239 1584 2387 1639 libro
2422 1584 2568 1639 nihil
2592 1601 2853 1655 unquam
2888 1584 3126 1641 audisti.
3153 1586 3275 1641 Illic
3306 1604 3509 1643 omnes
3541 1589 3755 1644 inscri-

2098 1675 2323 1739 bemur,
2349 1673 2458 1743 vel,
2487 1676 2551 1727 ut
2584 1674 2799 1728 rectius
2832 1674 3188 1745 dicam,jam
3225 1676 3491 1748 inscripti
3523 1694 3757 1746 sumus,

337 1764 619 1841 6ιωμένων
680 1768 787 1837 (34)
835 1764 1079 1825 ἕκαστος.
1132 1762 1204 1817 Οὐ
1261 1762 1502 1824 πλοῦτος
1550 1760 1666 1837 ἔχει
1717 1763 1777 1815 τὸ
1818 1759 1984 1814 πλέον

2105 1779 2200 1835 pro
2250 1762 2456 1817 merito
2496 1780 2611 1832 quo
2659 1762 2912 1834 quisque
2960 1764 3052 1817 hic
3103 1765 3281 1819 vitam
3333 1767 3600 1822 confecit.
3639 1766 3761 1822 [llic

338 1858 468 1925 ἐκεῖ,
514 1856 575 1911 οὐ
624 1855 776 1910 πενία
821 1855 882 1908 τὸ
928 1851 1171 1924 ἔλαττον,
1224 1852 1285 1907 οὐ
1314 1854 1499 1927 χάρις,
1542 1851 1641 1905 οὐκ
1671 1850 1858 1925 ἔχθρα,
1894 1850 1992 1904 οὐκ

339 1944 481 2000 ἄλλο
527 1967 578 1999 τι
626 1949 731 1998 τῶν
781 1944 1048 2011 ἁπάντων,
1096 1944 1177 2003 οἷς
1229 1941 1457 2003 ἐνταῦθα
1504 1937 1802 1993 τὸδίκαιον
1862 1939 1989 1993 κλέ-

339 2056 548 2089 πτεται.
580 2032 841 2104 Δακτύλῳ
880 2037 1013 2086 Θεοῦ
1057 2033 1250 2091 πάντες
1291 2028 1663 2105 γεγράμμεθα,
1709 2029 1797 2081 καὶ
1850 2029 1993 2082 ἀνοι-

340 2127 566 2198 γήσεται
593 2125 729 2193 ἡμῖν
768 2115 965 2195 βίϐλος
998 2119 1049 2174 έν
1092 2120 1274 2193 ἡμέρᾳ
1324 2116 1741 2190 ἀποκαλύψεως.
1784 2118 1993 2191 Μικρὸς

343 2213 437 2284 μὶν
468 2211 558 2265 καὶ
591 2209 750 2285 μέγας
786 2209 894 2263 ἐκεῖ
939 2209 1070 2277 ἐστι,
1120 2208 1210 2262 καὶ
1260 2208 1505 2283 θεράπων
1552 2208 1691 2277 ὁμοῦ
1740 2204 1990 2279 δεσπότῃ,

335 2303 397 2355 τὸ
450 2298 815 2371 Σολομῶντος
865 2298 1166 2374 φθέγξομαι
1215 2300 1349 2368 (35),
1401 2294 1490 2350 καί
1544 2293 1797 2371 βασιλεὺς
1828 2294 1993 2369 ἀρχο-

340 2379 505 2461 μένῳ,
564 2388 654 2441 καὶ
714 2386 1061 2464 ἀπογραφεὺς
1120 2389 1232 2460 (36)
1292 2383 1758 2462 ἀπογραφομένῳ,
1811 2384 1899 2437 καὶ
1952 2385 1987 2437 ἢ

337 2476 661 2552 λαμπρότης
713 2475 952 2549 ἐγγύθεν.
1006 2474 1104 2529 Καὶ
1153 2475 1218 2528 τὸ
1268 2471 1553 2551 δύσφημον
1597 2474 1987 2545 σιωπήσομαι’

334 2567 480 2634 πλὴν
508 2568 597 2620 οἷα
625 2566 928 2642 γράφομεν,
984 2567 1209 2619 τοιαῦτα
1262 2563 1350 2617 καὶ
1401 2562 1810 2641 γραφησόμεθα.
1856 2560 1991 2615 Ταό-

333 2678 433 2725 την
467 2654 699 2724 ποίησον
735 2658 941 2725 σεαυτῷ
968 2654 1067 2722 τὴν
1113 2652 1392 2731 ἐγγραφὴν
1425 2653 1822 2727 χρηστοτέραν,
1854 2653 1989 2724 ἡμῖν

338 2744 516 2819 φανεὶς
545 2743 786 2818 χρηστὸς
819 2743 905 2796 καὶ
939 2742 1348 2818 φιλάνθρωπος.

2104 1868 2217 1906 non
2252 1851 2479 1906 meliori
2527 1851 2866 1906 conditione
2915 1858 3053 1906 sunt
3084 1852 3318 1924 divitiae,
3354 1872 3458 1910 uec
3489 1856 3762 1911 deteriori

2104 1948 2440 2012 paupertas,
2493 1958 2605 1995 non
2665 1942 2870 2011 gratia,
2924 1959 3034 1995 non
3078 1942 3300 2010 odium,
3334 1961 3449 1999 non
3508 1945 3762 2017 denique

2103 2030 2218 2084 alia.
2247 2031 2446 2084 omnia
2491 2030 2706 2100 quibus
2743 2030 3101 2099 judiciorum
3137 2033 3282 2086 tides
3314 2050 3381 2086 ac
3416 2032 3617 2105 religio
3668 2034 3763 2090 hic

2103 2120 2429 2189 subripitur
2459 2125 2515 2173 et
2545 2120 2946 2175 labefactatur.
2968 2120 3183 2174 Omnes
3209 2120 3299 2175 Dei
3335 2122 3521 2193 digito
3543 2123 3761 2178 descri-

2104 2208 2186 2278 pti
2219 2223 2449 2272 sumus,
2485 2208 2772 2278 nobisque
2805 2208 2863 2260 in
2910 2208 3283 2263 revelationis
3314 2210 3407 2264 die
3451 2211 3598 2265 liber
3626 2229 3762 2283 ape-

2104 2297 2304 2350 rietur.
2341 2296 2463 2349 Illic
2516 2312 2729 2366 parvus
2774 2300 2831 2351 et
2878 2312 3131 2366 magnus
3162 2303 3269 2362 est,
3305 2304 3362 2353 et
3391 2316 3596 2355 servus
3645 2318 3766 2357 una

2102 2400 2237 2438 cum
2284 2384 2425 2439 hero
2451 2385 2515 2449 η,
2542 2389 2605 2438 ut
2648 2388 2736 2439 est
2779 2385 2933 2455 apud
2968 2385 3341 2441 Salomonem
3368 2387 3543 2458 [Job],
3576 2393 3636 2443 et
3666 2407 3765 2444 rex

2102 2490 2221 2528 una
2250 2489 2383 2527 cum
2417 2474 2675 2539 subdito,
2700 2478 2756 2528 et
2780 2474 3107 2546 descriptor
3133 2491 3249 2530 una
3269 2492 3401 2531 cum
3434 2478 3759 2547 proﬁtente,

2103 2568 2159 2618 et
2188 2562 2465 2634 splendor
2494 2563 2551 2616 in
2585 2563 2947 2634 propinquo;
2984 2580 3118 2618 nam
3153 2566 3304 2635 quod
3339 2565 3494 2620 dictu
3528 2567 3763 2621 omino-

2104 2669 2238 2709 sum
2288 2656 2396 2717 est,
2431 2650 2663 2706 silentio
2723 2651 3046 2722 praeteribo.
3080 2654 3365 2709 Caeterum
3418 2671 3533 2726 quo
3588 2656 3761 2711 modo

2104 2741 2249 2797 alios
2280 2741 2787 2811 descripserimus,
2820 2742 3025 2797 eodem
3056 2741 3169 2813 ipsi
3200 2760 3434 2815 quoque
3465 2744 3764 2800 describe-

341 2852 492 2890 mur.
532 2836 687 2890 lianc
714 2834 1157 2906 inscriptionem
1191 2834 1239 2888 si
1272 2832 1500 2888 facilem
1531 2835 1589 2887 et
1618 2832 1988 2887 commodam
2020 2829 2265 2902 experiri
2297 2830 2483 2902 cupis,
2520 2832 2607 2885 fac
2638 2835 2692 2886 te
2724 2832 3097 2887 commodum
3132 2832 3299 2888 nobis
3339 2837 3397 2888 et
3434 2833 3758 2890 humanum

343 2923 621 2993 praebeas.

414 3009 502 3075 lC'.
557 3006 617 3060 Τί
669 3008 806 3081 πρὸς
855 3010 1021 3060 ταῦτα
1068 3005 1288 3079 λέγεις;
1339 3006 1398 3059 Τί
1444 3005 1689 3083 γράφεις,
1743 3007 1789 3059 ὦ
1821 3004 1991 3082 φίλων

2180 3007 2321 3062 XVI.
2356 3006 2501 3072 Quid
2535 3009 2604 3063 ad
2638 3008 2757 3062 haec
2789 3008 2975 3063 dicis?
3004 3008 3152 3073 Quid
3184 3009 3414 3079 scribis,
3435 3011 3761 3066 amicorum

343 3094 525 3171 ἄριστε
580 3093 671 3149 καί
727 3094 939 3165 ἡλίκων
1000 3096 1090 3149 καὶ
1148 3094 1449 3149 παιδευτῶν
1483 3098 1617 3167 ἡμῖν
1649 3098 1877 3149 κοινωνὲ
1906 3096 1996 3149 καὶ

340 3181 746 3256 παιδευμάτων,
797 3184 840 3237 εἰ
892 3184 981 3237 καὶ
1027 3188 1117 3238 νῦν
1169 3186 1315 3256 ἡμᾶς
1354 3184 1428 3245 εἷς
1458 3185 1556 3251 τὴν
1589 3184 1816 3258 κρείττω
1871 3189 1993 3256 μοῖ-

340 3294 432 3347 ραν
498 3274 523 3327 ὁ
582 3274 711 3335 Θεὸς
765 3272 962 3346 ἔταξεν,
1027 3274 1167 3345 ὑμᾶς
1217 3278 1383 3327 ταῦτα
1441 3271 1712 3327 παιδεύειν
1769 3274 1895 3335 τοὺς
1947 3273 1997 3327 ἐν

335 3362 549 3434 ἐξουσίᾳ
600 3362 767 3435 (ὀκνῶ
823 3364 923 3439 γὰρ
973 3363 1139 3418 εἰπεῖν
1192 3364 1553 3439 βαρυτέραν);
1605 3364 1671 3416 Ὠ
1735 3360 1996 3439 πατρίδος

335 3446 596 3513 εὖσεϐους
648 3453 761 3523 (37)
811 3450 900 3505 καί
945 3452 1156 3525 γένους,
1207 3454 1253 3505 ὠ
1285 3452 1489 3527 γονέων
1523 3452 1682 3526 ἱερῶν
1717 3453 1860 3526 ἱερὸν
1897 3473 1995 3527 φυ-

342 3542 457 3608 τὸν,
488 3540 533 3591 ὦ
583 3537 705 3614 ῥίζα
751 3538 951 3592 τέκνων
1000 3538 1303 3613 ἱερωτέρων
1351 3542 1485 3611 (38),
1518 3544 1634 3600 πῶς
1665 3560 1800 3593 ποτε
1858 3540 1993 3592 ἁπο-

341 3626 475 3703 ὃέχῃ
520 3627 649 3689 τοὺς
693 3626 857 3697 έμοὺς
910 3627 1142 3702 Λόγους;
1177 3625 1315 3702 Ἀρά
1344 3648 1393 3680 τι
1427 3627 1707 3699 πείθομεν,
1741 3628 1775 3696 ἧ
1813 3625 1992 3697 δεήσει

337 3714 654 3786 κχτεπάδειν
728 3716 1073 3791 μακρότερα,
1144 3720 1312 3770 Τοῦτο
1392 3717 1486 3787 μὲν
1566 3716 1665 3770 οὐκ
1744 3716 1993 3784 εἰκάζειν,

340 3805 466 3860 ἀλλ’
524 3803 578 3859 εὖ
629 3803 825 3859 εἰδέναι
874 3806 1009 3880 χρὴ,
1060 3803 1143 3858 ὅτι
1191 3825 1249 3858 σε
1301 3805 1350 3858 οἱ
1403 3806 1529 3879 παρ’
1560 3804 1695 3875 ἐμοῦ
1728 3804 1882 3879 λόγοι
1936 3804 1997 3858 ὲκ

339 3895 593 3956 πλείονος
646 3893 887 3969 ἔχουσιν.
942 3894 1043 3951 Καὶ
1094 3896 1197 3969 γὰρ
1244 3892 1287 3946 εἷ
1344 3896 1417 3964 μή
1450 3915 1555 3947 τινι
1589 3891 1747 3965 ἄλλῳ
1782 3894 1996 3969 θαρῥεῖν

338 3985 563 4059 εἴχομεν
596 3988 729 4058 (39),
782 3982 928 4037 ἀλλᾶ
975 3988 1092 4044 τοῖς
1145 3985 1254 4055 (40)
1286 3979 1472 4059 λὸγοις
1503 3982 1709 4053 αὐτοῖς,
1744 3982 1794 4037 ο⁹ί
1826 4005 1883 4037 σε
1914 3984 1993 4038 ἀεὶ

341 4076 475 4148 πρὸς
530 4075 597 4128 τὰ
654 4071 795 4126 καλὰ
838 4070 1037 4148 ῥᾳδίως
1071 4070 1311 4147 ἄγουσιν,
1344 4074 1377 4140 ἢ
1408 4072 1739 4147 ἀρχόμενον,
1868 4073 1994 4126 ἐπό-

343 4184 497 4234 μενον
527 4183 539 4195 ·
568 4167 727 4216 τοῦτο
776 4164 880 4238 γάρ
930 4162 1092 4231 ἐστιν,
1125 4164 1169 4234 ᾧ
1199 4167 1305 4215 τῶν
1340 4161 1567 4217 πολλῶν
1603 4162 1652 4215 oi
1686 4162 1842 4240 σοφοὶ
1882 4160 1997 4216 δια-

342 4253 611 4330 φέρουσιν.
677 4254 813 4327 Ἐγὼ
858 4249 915 4307 δὶ
979 4252 1169 4327 μικρὸν
1227 4250 1305 4306 ἔτι
1364 4253 1661 4327 προσθήσω
1700 4258 1815 4313 τοῖς
1849 4252 1999 4325 εἰρη-

343 4342 525 4413 μένοις
549 4362 560 4373 ’
593 4340 655 4395 σὺ
691 4342 784 4415 μὶν
820 4340 1024 4403 ἔδωκας
1060 4342 1250 4413 μισθὸν
1295 4346 1412 4403 τοῖς
1438 4340 1616 4415 ἐμοῖς,
1673 4340 1878 4418 λόγοις,
1915 4341 1994 4396 ὅν-

338 4449 455 4482 τινα
505 4428 742 4490 δέδωκας
771 4451 782 4462 ’
838 4431 889 4483 οἱ
941 4428 997 4483 δέ
1048 4451 1130 4482 σοι
1166 4427 1373 4483 διδόασι
1404 4431 1495 4483 καὶ
1527 4432 1861 4505 προσάγουσι
1895 4432 1990 4485 πέ-

334 4536 521 4586 νητας,
572 4517 741 4569 πάντα
791 4517 960 4590 χορὸν
997 4518 1208 4590 ἱερέων,
1242 4518 1412 4592 χορὸν
1446 4516 1783 4596 φιλοσόφων,
1819 4518 1993 4573 οὐδενὶ

340 4602 526 4676 δεσμῷ
582 4604 729 4658 κάτω
783 4604 1192 4678 κατεχομένων,
1248 4606 1386 4677 μόνα
1417 4626 1577 4676 κεκτη
1593 4607 1762 4678 μένων
1797 4607 1862 4661 τὰ
1891 4610 1996 4660 σώ-

345 4715 507 4766 ματα,
541 4694 629 4749 καὶ
663 4690 775 4748 οὐδ’
805 4692 939 4748 αὐτὰ
976 4691 1254 4754 παντελῶς
1286 4712 1297 4724 ·
1355 4691 1509 4747 οὐδὲν
1566 4694 1803 4769 ἑχόντων
1866 4696 1993 4750 Καί-

342 4803 489 4859 σαρι,
518 4781 691 4838 πάντα
722 4787 856 4855 Θεῷ,
908 4781 1135 4856 ὕμνους,
1179 4780 1364 4857 εὐχὰς,
1396 4780 1715 4857 ἀγρυπνίας,
1767 4780 1991 4859 δάκρυα,

416 4929 462 4964 ¹⁹
487 4928 621 4984 Job.
654 4944 739 4995 ιιι,
775 4928 861 4985 19.

401 5072 523 5153 ’(32)
584 5072 855 5153 Ἐντευϐεν
921 5070 982 5124 τὸ
1049 5074 1355 5153 γεννᾶσθαι,
1424 5074 1535 5153 8,ιοΣ
1602 5072 1698 5126 Sic
1740 5076 2002 5153 exponit

348 5144 576 5199 Nicetes
636 5162 647 5198 :
711 5145 1029 5219 ’Ἄνθρωπος
1088 5148 1335 5216 γεννᾶται
1393 5144 1611 5217 μόχθῳ,
1667 5144 1755 5197 καὶ
1818 5144 1880 5218 ζῇ
1950 5147 2000 5201 ἐν

348 5211 530 5297 λόπῃ·
565 5239 593 5266 ‹‹
626 5221 810 5273 Homo
861 5219 918 5271 in
970 5216 1165 5271 labore
1198 5216 1479 5283 nascitur,
1514 5216 1573 5271 in
1607 5233 1869 5275 aerumna
1920 5222 2001 5274 vi-

345 5293 775 5434 Tltléglfi’ér’iwv.
812 5360 983 5415 Coisl.
1040 5361 1092 5424 1,
1140 5365 1196 5413 et
1244 5357 1338 5413 ΟΡ·
1394 5359 1445 5424 1,
1497 5357 1695 5434 φόνωνν
1729 5383 1756 5410 “
1792 5364 1998 5431 cades’

346 5430 683 5485 homicidia.
713 5454 739 5480 ››

412 5504 525 5572 (34)
576 5505 689 5553 Τῶν
750 5501 974 5564 ἐνταῦθα
1035 5494 1409 5575 βεϐιωμένων.
1471 5500 1564 5575 Sic
1621 5503 1791 5558 Coisl.
1856 5507 2000 5575 iret

342 5572 490 5646 {es},
514 5574 668 5646 quod
700 5576 875 5629 etiam
908 5572 1253 5631 Combeﬁsio
1285 5572 1492 5643 placet.
1518 5574 1580 5628 In
1610 5576 1725 5643 ed.,
1750 5580 1856 5629 τῶν
1888 5574 1995 5646 ἤδη

350 5637 761 5717 βιὸᾴιώμένωνο

415 5716 531 5790 (35)
566 5714 964 5793 ’Σολομῶντος
1043 5714 1361 5794 φθέγξομαι.
1441 5716 1626 5789 Pass.,
1693 5721 1994 5799 προσφθέγ-

711 5141 1611 5226 “Ανθρωπρς“’γεννᾶταιημόχθῳ
1667 5144 1755 5197 καὶ
1818 5141 1880 5218 ζῇ
1950 5147 2023 5226 έν

2107 3102 2163 3151 et
2202 3097 2512 3168 aequalium
2566 3098 2804 3168 optime,
2839 3103 3014 3166 atque
3060 3098 3265 3152 iisdem
3318 3100 3624 3153 nobiscum
3659 3116 3764 3155 use

2108 3186 2407 3257 magistris
2429 3191 2488 3240 et
2508 3185 2882 3257 disciplinis?
2910 3186 3169 3240 Tametsi
3195 3204 3349 3241 nunc
3375 3189 3765 3259 praistantiori

2108 3277 2290 3349 gradu
2326 3281 2502 3346 atque
2534 3275 2737 3331 ordine
2765 3280 2989 3343 (vereor
3026 3277 3182 3330 enim
3229 3277 3439 3347 direre,
3468 3277 3764 3349 graviori),

2108 3382 2212 3420 nos
2246 3365 2397 3419 Deus
2430 3364 2751 3433 collocarit,
2776 3369 2843 3418 ut
2872 3381 2994 3432 vos,
3020 3365 3119 3435 qui
3167 3366 3579 3437 magistratum
3614 3366 3766 3438 geri-

2105 3453 2200 3520 tis,
2238 3453 2353 3507 ista
2382 3454 2718 3508 doceamus.
2755 3456 2795 3503 0
2842 3462 2923 3520 tu,
2954 3454 3051 3525 qui
3095 3452 3191 3524 pia
3234 3455 3425 3525 patria
3455 3458 3512 3509 et
3547 3454 3770 3510 familia

2107 3547 2271 3595 ortus
2304 3558 2385 3606 es,
2420 3559 2451 3596 ο
2485 3545 2691 3595 sancta
2731 3547 3069 3596 sanctorum
3118 3546 3429 3613 parentum
3480 3542 3700 3614 planta,
3734 3560 3767 3598 ο

2105 3630 2466 3684 sanctiorum
2498 3628 2817 3683 liberorum
2862 3629 3063 3685 radix!
3097 3631 3219 3694 Quo
3257 3638 3422 3702 pacto
3456 3648 3613 3686 nunc
3645 3649 3765 3687 ser-

2106 3734 2310 3772 mones
2345 3734 2505 3772 meos
2529 3720 2683 3772 374
2706 3717 2923 3789 excipis
2941 3718 2967 3771 ‘I
3000 3719 3274 3789 Nunquid
3299 3725 3355 3775 te
3378 3721 3655 3775 ﬂectunt?
3680 3724 3766 3776 An

2105 3807 2356 3877 longiori
2388 3807 2653 3861 oratione
2688 3807 2828 3859 mihi
2864 3807 3239 3864 delinieudus
3270 3827 3336 3864 ac
3367 3810 3527 3864 velut
3566 3812 3767 3865 incan-

2104 3896 2320 3950 tandus
2352 3894 2511 3949 eris?
2555 3895 2839 3964 Equidem
2870 3901 2927 3950 te
2952 3898 3177 3963 jamdiu
3212 3900 3591 3954 sermonibus
3623 3898 3771 3953 meis

2107 3990 2440 4055 correptum
2501 3984 2705 4048 teneri,
2744 4001 2857 4037 non
2915 3986 3257 4055 conjectura
3304 3988 3560 4057 quadam
3611 4004 3768 4041 asse-

2107 4090 2275 4146 quor,
2302 4074 2400 4128 sed
2434 4077 2651 4127 certum
2686 4078 2742 4127 et
2771 4072 3136 4144 eXploratum
3171 4073 3393 4141 habeo;
3429 4076 3613 4130 fretus
3646 4077 3770 4145 qui-

2108 4166 2263 4231 dem,
2297 4165 2345 4219 si
2381 4163 2541 4219 nulla
2573 4163 2688 4218 alia
2730 4181 2811 4232 re,
2846 4163 3057 4219 litteris
3088 4170 3241 4219 certe
3281 4165 3426 4235 ipsis
3457 4171 3515 4220 et
3546 4166 3767 4220 doctri-

2112 4272 2204 4320 na,
2229 4272 2352 4326 quae
2377 4258 2434 4308 te
2468 4252 2631 4307 facile
2664 4270 2895 4325 semper
2927 4253 2997 4307 ad
3042 4254 3265 4325 optima
3296 4270 3543 4326 quaeque
3584 4255 3765 4323 ducit,

2112 4343 2196 4399 vel
2230 4348 2330 4399 tua
2360 4343 2548 4415 ipsius
2577 4349 2783 4413 sponte
2814 4342 3202 4410 incedentem,
3228 4342 3314 4397 vel
3346 4342 3491 4399 alios
3524 4359 3771 4415 sequen-

2112 4440 2250 4489 tem.
2281 4434 2398 4487 Hoc
2428 4433 2583 4488 enim
2617 4438 2727 4499 est,
2753 4450 2867 4503 quo
2897 4433 3194 4502 sapientes
3224 4432 3433 4505 vulgus
3467 4437 3767 4505 superant.

2106 4522 2223 4591 Ego
2255 4538 2386 4576 vero
2420 4520 2687 4575 nonnihil
2729 4521 2905 4575 etiam
2938 4521 3007 4575 ad
3040 4538 3127 4587 ea,
3163 4538 3293 4592 qua:
3337 4523 3463 4592 jam
3496 4522 3634 4591 dixi,
3665 4523 3768 4577 ad-

2097 4609 2322 4677 jiciam.
2350 4609 2436 4661 Tu
2463 4607 2700 4677 quidem
2729 4608 2978 4662 orationi
3015 4626 3153 4663 meae
3190 4611 3513 4664 mercedem
3544 4610 3769 4681 persol-

2106 4696 2261 4765 visti,
2293 4711 2709 4765 quamcunque
2740 4696 3004 4765 tandem,
3046 4697 3407 4767 persolvisti;
3441 4703 3501 4753 at
3530 4697 3626 4755 illa
3659 4698 3766 4753 tibi

2105 4785 2257 4839 dono
2298 4797 2587 4856 pauperes
2640 4783 2825 4851 otfert,
2863 4788 3051 4838 totum
3100 4786 3470 4841 sacerdotum
3519 4784 3764 4841 chorum

2111 5073 2292 5145 ξομαι.
2319 5074 2547 5157 Lapsus
2574 5075 2856 5155 memoria
2886 5076 2981 5131 hic
3000 5076 3233 5159 videtur
3262 5075 3594 5147 Gregorius,
3620 5076 3763 5133 dum

2111 5148 2401 5203 Salomonl
2455 5147 2664 5201 tribuit
2692 5148 2865 5202 verba
2914 5166 3044 5219 quae
3093 5166 3149 5203 in
3201 5148 3349 5205 llbt‘O
3397 5149 3506 5205 Job
3557 5165 3763 5205 occur-

2114 5226 2291 5361 rugitli)
2322 5286 2720 5367 ’,Απογραφεόᾳ
2887 5289 3055 5367 Co_isl_.
3093 5292 3115 5343 1
3154 5297 3206 5344 et
3235 5293 3289 5357 2,
3324 5293 3543 5347 decem.
3578 5291 3760 5358 C0lh.,

2111 5368 2201 5417 Or.
2239 5366 2289 5426 1.
2324 5361 2607 5429 ,ΙεξΒῚΑειοζ
2644 5362 2707 5415 lu
2743 5364 2863 5415 Par.
2898 5363 2988 5416 ed.
3022 5364 3207 5417 deest.

2184 5424 2293 5504 (37)
2325 5424 2615 5504 Εὐσεϐοῦς.
2652 5432 2823 5487 Coisl.
2858 5435 2910 5501 3,
2944 5432 3213 5504 εὐγενοῦς,
3249 5455 3276 5483 ‹‹
3308 5434 3543 5489 celebri.
3572 5457 3592 5483 ι

2180 5503 2291 5576 (38)
2320 5503 2660 5580 Ἰερωτέρων.
2698 5504 2869 5580 Coisl.
2908 5507 2956 5575 1,
2991 5505 3318 5580 ἱερωτάτων.

2324 5571 2564 5650 Εἲχοελεν
2603 5576 2786 5650 Pass,
2812 5571 3052 5650 ,ἔχομενί
3082 5580 3141 5633 ln
3184 5578 3339 5642 aliis,
3370 5574 3614 5649 ἔχοιμεν.

2182 5647 2294 5721 (40)
2325 5648 2477 5707 Τοῖς.
2511 5647 2685 5703 Deest
2718 5648 2774 5703 in
2810 5647 2949 5721 Reg.
2984 5651 3080 5705 bm
3114 5654 3172 5705 et
3202 5654 3296 5704 Ur.
3334 5651 3383 5705 1.
