4090 6412
352 378 507 437 1063

1595 377 1658 433 S.
1711 369 2083 434 GREGORII
2129 367 2525 429 THEOLOGI

3617 374 3776 434 1064

349 528 414 566 ac
447 510 930 583 philosophorum
977 512 1214 575 cmtum,
1239 508 1337 580 qui
1383 507 1542 563 nullo
1573 505 1801 561 vinculo
1834 501 2000 558 humi

2117 505 2308 568 κτῆσιν
2355 499 2417 553 οὐ
2467 501 2864 576 κρατουμένην,
2928 499 3215 564 ἀποθανεῖν
3267 501 3463 577 κόσμῳ
3504 506 3640 577 (41),
3675 510 3775 575 ζῆ-

348 605 643 665 tenentur,
670 601 766 671 qui
816 599 941 654 sola
983 617 1245 671 cerpora,
1281 616 1345 654 ac
1391 615 1459 652 ne
1492 614 1558 652 ea
1589 595 1826 668 quidem
1860 597 2001 659 tota,

346 691 684 762 possident;
719 689 818 759 qui
849 688 1053 744 Caesari
1092 688 1234 741 nihil
1270 687 1506 753 habent,
1532 686 1645 740 Deo
1677 683 1876 739 omnia
1905 682 2005 735 tri-

347 782 560 849 buunt,
614 779 885 850 hymnos,
929 795 1150 849 preces,
1184 776 1432 846 vigilias,
1479 775 1792 846 lacrymas,
1840 787 2002 841 opes,

345 887 472 940 quae
511 869 782 922 manibus
812 868 990 938 arripi
1018 869 1344 937 nequeunt,
1368 865 1589 919 mundo
1615 863 1821 928 emori,
1846 859 2004 916 Chri-

345 966 436 1013 sto
481 958 691 1027 vivere,
723 971 959 1011 carnem
1023 972 1334 1019 macerare,
1371 954 1628 1008 animam
1683 969 1716 1007 a
1763 964 2003 1021 corpore

347 1046 704 1102 abstrahere.
756 1046 857 1099 llis
908 1062 1173 1116 parcens,
1227 1048 1328 1099 aut
1375 1045 1548 1097 etiam
1600 1042 1838 1096 omnino
1887 1039 2002 1093 Deo

347 1137 597 1190 reddens
642 1134 821 1188 divini
868 1134 1129 1187 numinis
1181 1132 1435 1187 famulos
1483 1137 1540 1186 et
1588 1128 2001 1201 mysteriorum

345 1224 634 1289 conscios,
683 1222 1127 1292 caelestiumque
1187 1237 1382 1275 rerum
1441 1219 1826 1292 inspectores,
1871 1216 2003 1282 has,

347 1314 611 1383 inquam,
645 1312 876 1384 generis
928 1310 1111 1365 nostri
1164 1310 1474 1382 primitias,
1518 1310 1638 1363 haec
1685 1307 2003 1372 columina,

345 1403 452 1458 has
503 1402 634 1456 ﬁdei
682 1418 948 1469 coronas,
984 1400 1090 1455 has
1142 1400 1426 1472 pretiosas
1477 1397 1848 1470 margaritas,
1896 1395 2005 1451 hos

345 1490 550 1562 templi
611 1490 788 1558 illius,
842 1488 1127 1560 prmclari,
1179 1489 1442 1560 inquam,
1479 1486 1744 1543 Ecclesiaa
1795 1490 2000 1540 cmtus.

346 1580 593 1652 lapides,
626 1582 798 1649 cujus
833 1579 1280 1633 fundamentum
1315 1584 1372 1632 et
1403 1576 1550 1648 lapis
1583 1575 1883 1648 angularis
1915 1576 2005 1628 est

343 1669 611 1724 Christus
647 1685 660 1723 ε
709 1667 1105 1738 pulcherrime
1150 1667 1375 1738 utique,
1411 1681 1468 1720 et
1500 1665 1667 1736 ipsis,
1699 1669 1756 1718 et
1787 1663 1915 1726 tibi,
1948 1665 2006 1717 et

2117 609 2201 642 σαι
2253 590 2490 664 Χριστῷ,
2542 589 2712 663 σάρκα
2758 593 3012 659 κενῶσαι,
3065 591 3250 666 ψυχὴν
3285 589 3506 646 ὶλκῦσαι
3538 592 3644 648 ἀπὸ
3674 599 3774 649 τοῦ

2114 677 2388 749 σώματος.
2419 678 2634 732 Τούτων
2665 675 3008 756 φειδόμενος,
3057 679 3091 747 ἢ
3143 679 3232 734 καὶ
3278 685 3527 757 καθαρῶς
3577 680 3773 738 ἀποδι-

2114 763 2240 828 δοὺς
2413 771 2493 839 τῷ
2524 772 2639 838 Θεῴ
2669 767 2795 830 τοὺς
2828 767 3156 841 θεραπεύτὰς
3187 773 3283 823 τοῦ
3331 774 3468 824 Θεοῦ
3515 771 3605 824 καὶ
3667 771 3768 844 μύ-

2113 877 2259 925 στας,
2314 855 2402 910 καὶ
2448 861 2556 911 τῶν
2606 856 2866 932 οὐρανίων
2919 856 3176 925 ἐπόπτας,
3223 860 3323 927 τὴν
3375 859 3631 935 ἀπαρχὴν
3664 866 3762 915 τοῦ

2113 943 2382 1020 ἡμετέρου
2429 945 2642 1020 γένους,
2690 944 2753 1000 τὸ
2800 945 3023 1022 ἔρεισμα
3063 946 3191 1008 τοὺς
3243 955 3344 1016 τῆς
3377 948 3610 1012 πίστεως
3644 971 3767 1005 στε-

2113 1037 2333 1111 φάνους,
2360 1033 2488 1096 τοὺς
2540 1034 2876 1109 μαργαρίτας
2920 1033 3047 1096 τοὺς
3075 1035 3318 1106 τιμίους,
3349 1036 3477 1099 τοὺς
3508 1043 3605 1092 τοῦ
3634 1043 3768 1093 ναοῦ

2113 1123 2325 1194 λίθους,
2380 1121 2441 1176 οῦ
2491 1123 2743 1196 θεμέλιος
2790 1124 2879 1178 καί
2927 1124 3325 1200 ἀκρογωνιαῖος
3361 1128 3616 1200 Χριστὸς,
3669 1133 3769 1183 τοῦ

2111 1211 2284 1266 καλοῦ
2343 1213 2490 1287 λέγω
2533 1220 2633 1282 τῆς
2685 1213 3012 1284 Ἐκκλησίας
3059 1212 3469 1290 πληρώματος*
3521 1216 3609 1272 καὶ
3659 1220 3770 1290 (43)

2112 1301 2379 1357 κάλλιστα
2409 1301 2468 1356 ἂν
2499 1302 2589 1357 καὶ
2618 1303 2857 1374 τούτοις,
2889 1303 2979 1357 καὶ
3012 1308 3240 1376 σεαυτῷ,
3293 1305 3380 1359 καὶ
3419 1311 3578 1359 πᾶσιν
3631 1309 3768 1379 ἡμῖν

2118 1391 2462 1465 βουλεύσαιο.
2516 1391 2618 1448 Καί
2667 1413 2750 1447 σοι
2804 1389 3039 1469 εὔχομαι
3092 1398 3284 1448 τοῦτον
3327 1401 3452 1470 παρ’
3483 1397 3641 1468 ἡμῶν
3672 1397 3769 1451 τὸν

2112 1479 2350 1536 πλοῦτον
2410 1482 2655 1556 γενέσθαι
2717 1480 2957 1556 μᾶλλον,
3015 1482 3050 1552 ἢ
3110 1481 3328 1538 πολλοῦ
3387 1486 3616 1560 χρυσίου
3673 1486 3767 1540 καὶ

2112 1569 2369 1646 ἀργυρίου
2400 1571 2726 1644 θησαυροὺς⁹
2756 1576 2849 1626 νῦν
2884 1573 3254 1649 ὑπάρχοντας,
3299 1572 3389 1628 καὶ
3426 1575 3541 1647 μετ’
3572 1573 3767 1649 ὀλίγον

2113 1659 2214 1713 οὐκ
2242 1658 2330 1713 ὶσο
2340 1658 2555 1732 μὲνους.

344 1758 514 1814 nobis
546 1757 825 1812 omnibus
856 1756 1243 1810 consulueris.
1281 1762 1360 1810 Ac
1396 1755 1499 1810 tibi
1550 1755 1656 1809 has
1708 1754 1901 1825 potius
1935 1769 1967 1807 a
1997 1751 2166 1806 nobis
2195 1751 2432 1806 divitias
2462 1751 2736 1822 optarim,
2773 1769 2949 1824 quam
2985 1768 3231 1826 magnos
3279 1752 3408 1809 auri
3453 1758 3627 1825 atque
3673 1772 3772 1810 ar-

343 1847 500 1917 genti
535 1846 866 1912 thesauros,
902 1845 996 1913 qui
1034 1861 1190 1898 nunc
1221 1844 1530 1913 exsistunt,
1563 1859 1628 1898 ac
1661 1841 1833 1914 paulo
1865 1845 1998 1912 post
2030 1855 2141 1894 non
2175 1843 2368 1894 erunt.

416 1936 583 1990 XVII.
610 1935 848 1989 Habetis
872 1933 1155 1988 orationis
1185 1951 1322 1988 mea:
1350 1950 1589 1997 munus,
1616 1932 1666 1986 si
1690 1947 1792 2002 spe
1814 1935 2005 1985 vestra
2035 1933 2081 1997 B

341 2025 612 2088 inferius,
642 2029 700 2078 at
731 2029 882 2077 certe
915 2023 1087 2094 quale
1131 2024 1334 2078 oll‘crre
1374 2022 1696 2094 potuimus.
1725 2020 1840 2074 Vos
1871 2036 2002 2074 vero

345 2114 487 2168 mihi
523 2130 624 2184 pro
659 2113 764 2166 hac
797 2129 924 2166 mea
974 2113 1326 2183 erogatione,
1362 2111 1516 2182 quod
1549 2111 1742 2179 majus
1771 2113 1878 2176 est,
1916 2124 2002 2162 re-

345 2203 598 2274 pendite,
623 2218 830 2272 nempe
879 2201 1212 2256 tractabiles
1243 2206 1299 2255 et
1329 2200 1718 2270 obsequentes
1751 2198 1997 2253 animos.

343 2293 434 2347 Sic
458 2293 527 2346 ad
555 2291 669 2345 alia
691 2290 1002 2345 commoda
1027 2290 1134 2344 hoc
1157 2305 1389 2361 quoque
1410 2290 1668 2358 accedat,
1694 2293 1757 2342 ut
1779 2303 2000 2343 sermo-

345 2382 520 2436 nibus
552 2381 698 2434 meis
731 2380 927 2434 minus
969 2396 1116 2450 opus
1160 2379 1448 2444 habeatis,
1481 2377 1762 2432 nimirum
1798 2382 2000 2432 mutuo

342 2487 443 2526 vos
460 2472 619 2541 ipsos
638 2469 1070 2523 considerantes
1090 2470 1161 2522 ad
1184 2469 1653 2540 provocationem
1672 2465 1996 2534 charitatis,

342 2565 398 2614 et
430 2561 716 2614 bonorum
751 2574 993 2628 operum
1015 2559 1092 2625 ’0;
1128 2563 1302 2628 atque
1350 2558 1431 2612 ita
1478 2557 1713 2612 tandem
1749 2555 1807 2609 in
1839 2554 2000 2610 cmlis

342 2649 570 2704 facilem
604 2654 659 2701 et
691 2648 1003 2718 benignam
1037 2647 1096 2700 in
1129 2647 1227 2701 illo
1250 2664 1366 2701 aevo
1390 2646 1843 2717 descriptionem
1867 2661 2002 2699 con-

344 2738 550 2805 secuti,
568 2741 623 2791 et
644 2739 863 2791 circum
887 2737 1151 2791 omnium
1173 2737 1386 2809 Regem
1410 2735 1801 2807 tripudiantes
1820 2734 1996 2805 (quod

346 2842 523 2881 unum
558 2831 742 2896 agunt
792 2825 892 2896 qui
943 2825 1061 2879 illic
1103 2824 1377 2896 descripti
1413 2823 1849 2895 sunt),laudem
1883 2824 1998 2878 Deo

345 2914 772 2981 ministremus,
807 2930 986 2967 unam
1019 2917 1075 2968 et
1123 2914 1388 2968 eamdem
1439 2913 1630 2968 Patris
1680 2917 1736 2966 et
1785 2912 1910 2967 Filii
1945 2917 2000 2967 et

343 3005 598 3076 Spiritus
631 3003 817 3058 sancti
864 3002 1190 3057 divinitatis
1223 3002 1470 3074 gloriam
1518 3007 1574 3058 et
1623 3002 1995 3074 splendorem

340 3093 661 3157 intuentes,
713 3092 1109 3162 laudibusque
1166 3093 1507 3158 exaltantes,
1560 3094 1654 3146 cui
1701 3091 1909 3163 gloria,
1943 3095 2000 3147 et

345 3181 553 3245 honor,
584 3187 642 3235 et
671 3182 933 3236 adoratio
965 3182 1024 3234 in
1053 3181 1269 3236 saecula
1297 3181 1668 3236 saeculorum.
1705 3186 1908 3235 Amen.

416 3308 461 3342 ὀ
491 3307 665 3362 Hebr.
698 3323 755 3374 x,
794 3308 883 3361 24.

417 3432 524 3502 (41)
556 3431 872 3505 ΪΔποθανεῖν
905 3429 1120 3503 κόσμῳ,
1153 3437 1261 3488 etc.
1296 3433 1502 3488 Billius
1537 3451 1548 3487 :
1577 3457 1605 3483 ‹‹
1639 3433 1738 3505 qui
1776 3435 1998 3489 mundo

349 3504 565 3558 mortui
627 3511 844 3570 sunt,»
877 3513 984 3559 etc.
1039 3506 1233 3559 Minus
1283 3515 1466 3571 recte;
1520 3504 1671 3561 nam’
1713 3506 1802 3561 hae
1861 3511 2002 3564 sunt

351 3597 371 3623 ιι
409 3576 912 3647 ρίλὶίοδυρίιοιυῐη,
942 3600 968 3626 ››
1004 3594 1103 3632 seu
1160 3600 1186 3626 «
1247 3578 1667 3633 monachorum
1703 3601 1729 3628 η
1761 3579 1996 3648 divitias,

341 3664 488 3723 quas
519 3655 825 3723 enumerat
853 3651 1190 3720 Gregorius,
1221 3666 1451 3722 nempe,
1479 3674 1504 3699 ‹‹
1538 3652 1758 3706 mundo
1789 3652 1994 3723 emori,

2186 1928 2279 1982 lZ'.
2317 1925 2460 1995 Αὕτη
2509 1930 2616 1981 τῶν
2669 1926 2816 1999 ἐμῶν
2861 1925 3043 2002 λόγων
3097 1929 3224 2000 ὑμῖν
3273 1930 3386 2000 (44)
3417 1931 3451 1998 ἡ
3485 1951 3769 2009 καρποφο-

2115 2015 2223 2092 ρία,
2278 2016 2322 2069 εί
2371 2015 2462 2070 xui
2504 2023 2604 2085 τῆς
2649 2013 2873 2078 ὶλπίδος
2925 2017 3186 2087 ἐλάττων,
3238 2015 3383 2073 ἀλλὰ
3413 2019 3548 2074 κατὰ
3575 2041 3635 2096 γε
3663 2023 3765 2089 τήν

2113 2106 2382 2180 ἡμετέραν
2445 2105 2692 2178 δύναμιν.
2753 2107 2936 2179 Ὑμεῖς
2996 2103 3053 2160 δὲ
3111 2103 3420 2178 ἀντιδοίητέ
3499 2131 3591 2180 μοι
3667 2116 3768 2179 τῆς

2109 2194 2247 2268 ἐμῆς
2299 2195 2550 2272 εἰσφορᾶς
2598 2197 2662 2250 τὸ
2714 2202 2922 2268 μεῖζον,
2977 2197 3074 2265 τὴν
3129 2195 3428 2260 εὐπείθειαν
3457 2217 3468 2229 ⁸
3503 2198 3578 2260 ὡς
3611 2197 3670 2254 ἂν
3700 2200 3770 2254 τά

2107 2306 2165 2339 τε
2195 2283 2340 2339 ἄλλα
2369 2286 2457 2339 καὶ
2489 2288 2650 2354 ἦττον
2682 2282 2874 2355 δέησθε
2904 2289 3009 2339 τῶν
3042 2285 3188 2359 ἐμῶν
3221 2283 3427 2361 λόγων,
3475 2286 3762 2357 ἀλλήλους

2107 2379 2491 2436 κατανοοῦντες
2558 2373 2634 2436 εἷς
2707 2375 3053 2450 παροξυσμὸν
3123 2374 3340 2450 ἀγάπης
3417 2373 3506 2430 καὶ
3580 2375 3766 2431 καλῶν

2110 2463 2280 2540 ἔργων
2309 2485 2319 2497 ·
2373 2463 2446 2525 ὡς
2495 2462 2554 2517 ἂν
2604 2470 2856 2539 χρηστῆς
2886 2464 2975 2517 καὶ
3007 2461 3398 2540 φιλανθρώπου
3429 2470 3527 2534 τῆς
3563 2463 3766 2529 ἰκιῖθεν

2107 2556 2320 2630 γραφῆς
2365 2553 2645 2628 τυχόντες,
2703 2552 2792 2606 καὶ
2849 2553 2973 2626 περὶ
3021 2553 3112 2608 τὸν
3162 2553 3376 2608 πάντων
3411 2552 3637 2629 βασιλέα
3665 2574 3770 2630 χο-

2111 2642 2378 2718 ρεύοντες,
2429 2641 2458 2696 ὅ
2510 2641 2669 2714 μόνον
2716 2639 2874 2717 ἔργον
2927 2641 3038 2696 ἐστὶ
3083 2644 3196 2716 (45)
3224 2647 3344 2704 τοῖς
3377 2641 3488 2697 ἐκεῖ
3529 2663 3770 2718 γεγραμ-

2115 2731 2316 2804 μὲνοις,
2376 2729 2784 2808 λειτουργῶμεν
2841 2736 2957 2804 Θεῷ
3011 2733 3111 2801 τὴν
3179 2731 3402 2803 αἶ’νεσιν,
3459 2733 3558 2800 τὴν
3636 2731 3766 2804 μίαν

2112 2821 2342 2893 Πατρὸς,
2366 2822 2454 2876 καὶ
2487 2819 2638 2891 Υἱοῦ,
2669 2819 2758 2876 καί
2785 2821 2942 2897 ἁγίου
2975 2822 3314 2895 Πνεύματος,
3364 2821 3453 2876 καὶ
3504 2823 3771 2897 θεωροῦν-

2106 2931 2193 2972 τες
2223 2910 2314 2964 καὶ
2367 2909 2692 2984 ἀνυψοῦντες
2738 2912 2838 2980 τὴν
2886 2913 2998 2985 (46)
3045 2917 3146 2980 τῆς
3187 2911 3446 2979 θεότητος
3495 2907 3649 2979 δόξαν
3710 2932 3771 2966 τε

2107 3000 2196 3053 καὶ
2259 3001 2644 3076 Λαμπρότητα,
2703 2999 2850 3072 αότῷ
2907 3002 2942 3070 ἡ
3004 2997 3151 3070 δόξα,
3211 2998 3301 3053 καὶ
3351 3000 3575 3072 ἡτιμὴ,
3607 2999 3696 3053 καὶ
3729 3002 3767 3070 ἠ

2108 3088 2466 3163 προσκύνησις
2497 3089 2572 3151 εἰς
2603 3088 2729 3151 τοὺς
2761 3089 2958 3151 αἰῶνας
2982 3094 3091 3144 τῶν
3123 3089 3357 3146 αἰώνων.
3395 3089 3595 3162 Ἀμήν.

2115 3506 2126 3518 ⁸
2181 3429 2443 3518 (4ἒῇξζαί.
2478 3433 2573 3490 Sic
2605 3435 2785 3506 Regg.
2819 3434 2940 3499 bm,
2973 3433 3073 3505 ph,
3107 3434 3205 3490 Or.
3234 3433 3286 3502 4,
3319 3437 3378 3488 et
3409 3432 3566 3488 Pass.
3594 3430 3773 3486 Deest

2112 3507 2498 3650 m(2(-’ilt']:piv.
2531 3578 2621 3633 Sic
2681 3578 2796 3650 duo
2855 3577 3062 3650 Regg.,
3116 3580 3174 3650 et
3227 3575 3389 3632 Pass.
3440 3574 3533 3632 Sic
3591 3573 3767 3630 etiam

2113 3649 2339 3706 videtur
2369 3650 2580 3721 legisse
2611 3649 2835 3704 Billius.
2871 3649 2933 3704 In
2967 3650 3084 3716 ed.,
3115 3649 3268 3719 ἡμῖν.

340 3719 569 3774 Christo
598 3720 805 3786 vivere,
832 3743 850 3767 ιι
885 3719 992 3774 etc;

343 3859 374 3913 ἀ
411 3789 920 3915 (4ἒλἈποὸιδούς.
981 3792 1249 3863 Quinque
1321 3793 1521 3864 Regg.,
1581 3799 1639 3850 et
1705 3794 1878 3850 Coisl.
1942 3797 1994 3864 1,

378 3881 448 3915 πο
489 3877 604 3915 00C.

2179 3724 2293 3794 (45)
2326 3719 2486 3776 Ἐστί.
2519 3723 2613 3778 Sic
2645 3726 2781 3793 Reg.
2818 3721 2916 3793 ph.
2950 3722 3122 3777 Deest
3151 3721 3210 3794 in
3243 3719 3334 3774 ed.

2183 3786 2292 3867 (46)
2321 3796 2675 3868 ῘΑνυψοῦντες
2711 3786 2838 3868 ἕτενῖ
2873 3796 2964 3848 Sic
3013 3794 3130 3868 duo
3180 3791 3357 3868 Regg.
3387 3789 3456 3868 _In
3502 3786 3674 3868 Cpisl.
3708 3789 3763 3856 1,

2183 3807 2292 3867 (ac)
2327 3807 2675 3868 Ἀνυψουντες
2719 3807 2838 3862 την.
2873 3807 2964 3848 διο
3013 3807 3130 3848 (1υο
3181 3807 3299 3863 neg
3345 3831 3357 3844 .
3395 3807 3456 3844 1n
3502 3807 3566 3843 uc

2109 3866 2490 3938 ἀνυμνοῦντες,
2523 3890 2552 3918 ‹‹
2581 3867 2969 3922 .celebrantes.
2996 3886 3025 3915 »
3057 3865 3230 3921 Deest
3256 3807 3354 3932 τγῗν
3385 3861 3444 3916 in
3475 3861 3566 3916 ed.

1076 4158 1227 4213 ³⁷⁵
1293 4170 1850 4255 MoM'rUM
1908 4171 2022 4256 IN
2078 4168 2773 4256 ()ltA’I‘IONliM
2829 4169 3033 4252 XX.

423 4495 469 4554 Ι.
539 4494 868 4577 Defunctis
916 4497 1195 4574 Gregorii
1257 4496 1662 4574 parentibus,
1739 4497 1912 4576 ipse,
1985 4497 2173 4577 juxta
2227 4497 2718 4577 probabiliorem
2793 4498 3199 4576 opinionem,
3276 4495 3572 4577 abdicata
3617 4493 3769 4577 __Na-

346 4576 658 4657 zianzenze
737 4572 1276 4649 lijcclesiaa'cura,
1357 4596 1524 4638 anno
1581 4581 1698 4639 375
1768 4572 2127 4640 Seleuciam
2185 4572 2249 4640 se
2305 4579 2596 4640 contulit.
2659 4579 2750 4639 lbi
2823 4572 2935 4657 per
2989 4578 3328 4638 triennium
3403 4572 3775 4657 solitudini,

350 4655 579 4738 vigiliis
654 4674 727 4715 ac
801 4676 1008 4717 rerum
1081 4660 1429 4720 cmlestium
1507 4661 2026 4738 contemplationi
2101 4661 2389 4733 deditus,
2469 4653 2842 4721 hominibus.
2903 4661 3033 4719 fere
3104 4657 3462 4735 incognitus
3523 4653 3772 4714 mansit.

349 4737 1160 4820 Verumtobusanctitatis
1216 4747 1278 4799 et
1334 4742 1713 4817 eloquentiae
1762 4737 2042 4811 ’famam,
2104 4743 2523 4820 plurimorum
2585 4741 2930 4820 praesulum
2991 4739 3150 4800 votis
3209 4738 3578 4820 expetitus,_
3620 4740 3681 4820 et
3725 4751 3777 4820 _a

349 4817 706 4899 Theodosio
763 4817 992 4895 Magno
1054 4821 1112 4878 in
1175 4812 1873 4899 Constantinopolitana
1931 4812 2124 4896 sede;
2151 4824 2318 4883 circa
2375 4812 2609 4882 annum
2663 4822 2805 4894 379,
2853 4820 3220 4893 collocatus,
3275 4812 3493 4880 eadem
3544 4812 3774 4899 doctri-

349 4917 445 4956 na:
505 4916 578 4956 ac
652 4894 902 4982 pietatis
959 4902 1198 4959 semina
1254 4903 1314 4958 in
1395 4894 1616 4959 navem
1677 4903 1794 4961 sibi
1851 4894 2152 4962 creditam
2228 4903 2477 4982 plebem
2536 4902 2784 4980 sparsit.
2847 4903 3173 4962 Invaserat
3247 4907 3395 4982 tunc
3470 4894 3771 4982 temporis

350 4973 957 5059 Constantinopolim
1019 4982 1402 5040 incredibilis
1460 4982 1752 5059 quaedam
1812 4983 1992 5059 quasi
2061 4973 2346 5043 error'um
2421 4973 2669 5042 cohors.
2732 4985 2869 5042 Non
2944 4989 3189 5043 tantum
3268 4973 3611 5048 haaretici,
3664 4973 3774 5059 sed

349 5058 466 5141 ipsi
527 5056 1089 5141 etiarnﬂCathollci
1146 5081 1340 5121 novas
1398 5056 1904 5139 efpericulos—as
1959 5063 2037 5123 de
2094 5065 2282 5123 rebus
2339 5063 2566 5123 divinis
2622 5065 3004 5140 quaestiones
3072 5063 3422 5141 agitabant.
3487 5061 3575 5141 Ex
3631 5056 3772 5135 cpi-

350 5138 608 5220 nionum
689 5139 1049 5202 diversitate
1125 5143 1492 5203 oriebantur
1523 5138 1532 5139 ἡ
1564 5144 1717 5202 rixae
1795 5151 1858 5202 et
1927 5144 2410 5216 dissensiones;
2491 5138 2794 5220 tantaque
2869 5149 3005 5203 erat
3081 5138 3439 5204 animorum
3507 5140 3637 5220 vis,
3714 5141 3777 5195 et

351 5216 707 5293 linguarum
770 5224 1064 5300 prurigo,
1128 5229 1195 5283 ut
1251 5225 1328 5282 de
1386 5223 1573 5281 rebus
1627 5222 1820 5282 sacris
1875 5242 2002 5284 non
2058 5225 2261 5285 solum
2322 5225 2592 5303 templa,
2655 5216 2764 5283 sed
2824 5230 2886 5283 et
2946 5225 3083 5284 fora
3133 5231 3196 5285 et
3253 5223 3418 5283 aedes
3476 5218 3773 5280 continuo

399 5308 784 5358 ersonareni.

399 5315 784 5358 ersonarem.

353 5315 392 5374 Ρ
433 5378 509 5436 ll.
549 5379 739 5475 lianc
798 5382 1214 5475 temeritatem
1272 5381 2008 5475 retunditnTheoloogus,
2041 5404 2141 5475 __ac
2198 5385 2406 5466 primo
2438 5384 2721 5475 _quidem
2772 5401 2901 5475 eos
2943 5386 3264 5464 praecipue
3314 5380 3561 5475 parpit,
3621 5376 3771 5475 qui2

354 5474 466 5546 nec
507 5472 860 5546 ‘sacrarum
939 5461 1293 5524 litterarum
1365 5461 1724 5539 cognitione
1795 5455 2121 5546 instructi,
2199 5455 2320 5527 nec
2393 5455 2538 5526 vitae
2613 5455 2965 5546 sanctitate”
3003 5455 3581 5534 commendabiles,
3629 5455 3779 5546 _si_bi

354 5535 792 5627 theologorum
881 5560 1109 5627 nomen
1195 5535 1564 5620 arroganter
1649 5535 2118 5608 ascribebantf
2176 5546 2499 5627 Pluribus,
2553 5545 2860 5626 exemplis
2940 5564 3018 5606 ex
3100 5547 3426 5627 Scriptura
3511 5537 3776 5627 prolatis

353 5615 663 5706 ostendit,
706 5635 868 5706 ‘non
925 5625 1151 5706 cuique
1207 5615 1445 5683 licitum
1503 5642 1636 5683 esse
1695 5631 1928 5686 Sancta
1982 5634 2347 5689 sanctorum
2405 5626 2616 5699 adire,
2698 5615 2798 5687 vel
2854 5634 3177 5704 spectare,
3239 5615 3356 5689 ‘vel
3422 5615 3777 5706 attingere,

355 5696 460 5755 sed
519 5694 644 5754 illis
701 5698 944 5759 tantum
998 5694 1108 5780 qui
1164 5722 1202 5764 a
1260 5706 1387 5763 Deo
1447 5711 1593 5764 sunt
1647 5707 1894 5779 vocati,
1975 5715 2037 5770 et
2109 5710 2348 5789 seipsos
2421 5694 2693 5769 hostiam
2757 5694 3108 5784 viventem,
3163 5694 3313 5771 'imo
3385 5694 3617 5788 ipsum.
3666 5700 3782 5764 Dei
