  <div class='ocr_page' id='page_1' title='image "/cluster/home/n/w/nwhite01/storage/ocr_20150623/35:no.1/coo.31924054869320/539.png"; bbox 0 0 4090 6410; ppageno 0'>
   <div class='ocr_carea' id='block_1_1' title="bbox 371 440 529 503">
    <p class='ocr_par' dir='ltr' id='par_1_1' title="bbox 371 440 529 503">
     <span class='ocr_line' id='line_1_1' title="bbox 371 440 529 503; baseline 0 0"><span class='ocrx_word' id='word_1_1' title='bbox 371 440 529 503; x_wconf 80' lang='grc'><strong>1067</strong></span> 
     </span>
    </p>
   </div>
   <div class='ocr_carea' id='block_1_2' title="bbox 1617 431 2548 501">
    <p class='ocr_par' dir='ltr' id='par_1_2' title="bbox 1617 431 2548 501">
     <span class='ocr_line' id='line_1_2' title="bbox 1617 431 2548 501; baseline -0.001 0"><span class='ocrx_word' id='word_1_2' title='bbox 1617 441 1684 501; x_wconf 91' lang='lat' dir='ltr'><strong>S.</strong></span> <span class='ocrx_word' id='word_1_3' title='bbox 1734 434 2107 500; x_wconf 76' lang='lat' dir='ltr'><strong>GREGORII</strong></span> <span class='ocrx_word' id='word_1_4' title='bbox 2149 431 2548 500; x_wconf 87' lang='lat' dir='ltr'><strong>THEOLOGI</strong></span> 
     </span>
    </p>
   </div>
   <div class='ocr_carea' id='block_1_3' title="bbox 3638 435 3798 501">
    <p class='ocr_par' dir='ltr' id='par_1_3' title="bbox 3638 435 3798 501">
     <span class='ocr_line' id='line_1_3' title="bbox 3638 435 3798 501; baseline 0.006 -1"><span class='ocrx_word' id='word_1_5' title='bbox 3638 435 3798 501; x_wconf 74' lang='grc'>1068</span> 
     </span>
    </p>
   </div>
   <div class='ocr_carea' id='block_1_4' title="bbox 373 566 2041 647">
    <p class='ocr_par' dir='ltr' id='par_1_4' title="bbox 373 572 2029 647">
     <span class='ocr_line' id='line_1_4' title="bbox 373 572 2029 647; baseline -0.004 -17"><span class='ocrx_word' id='word_1_6' title='bbox 373 574 658 647; x_wconf 82' lang='lat' dir='ltr'><strong>paulatim</strong></span> <span class='ocrx_word' id='word_1_7' title='bbox 689 574 1024 646; x_wconf 75' lang='lat' dir='ltr'><strong>abrumpat,</strong></span> <span class='ocrx_word' id='word_1_8' title='bbox 1046 573 1133 629; x_wconf 86' lang='lat' dir='ltr'><strong>vel</strong></span> <span class='ocrx_word' id='word_1_9' title='bbox 1164 573 1429 628; x_wconf 86' lang='lat' dir='ltr'><strong>divinum</strong></span> <span class='ocrx_word' id='word_1_10' title='bbox 1462 589 1678 628; x_wconf 86' lang='lat' dir='ltr'><strong>numen</strong></span> <span class='ocrx_word' id='word_1_11' title='bbox 1711 572 2029 644; x_wconf 89' lang='lat' dir='ltr'><strong>propitium</strong></span> 
     </span>
    </p>
   </div>
   <div class='ocr_carea' id='block_1_5' title="bbox 2154 566 3800 647">
    <p class='ocr_par' dir='ltr' id='par_1_5' title="bbox 2154 566 3800 647">
     <span class='ocr_line' id='line_1_5' title="bbox 2154 566 3800 647; baseline 0.002 -24"><span class='ocrx_word' id='word_1_12' title='bbox 2154 589 2312 639; x_wconf 70' lang='grc' dir='ltr'><strong>νοιαν,</strong></span> <span class='ocrx_word' id='word_1_13' title='bbox 2346 567 2380 638; x_wconf 70' lang='grc' dir='ltr'><strong>ἥ</strong></span> <span class='ocrx_word' id='word_1_14' title='bbox 2413 571 2600 645; x_wconf 78' lang='grc' dir='ltr'><strong>ψυχῆς</strong></span> <span class='ocrx_word' id='word_1_15' title='bbox 2633 568 2939 624; x_wconf 71' lang='grc' dir='ltr'><strong>ἐπιστασίαν</strong></span> <span class='ocrx_word' id='word_1_16' title='bbox 2977 566 3242 642; x_wconf 78' lang='grc' dir='ltr'><strong>δέξασθαι,</strong></span> <span class='ocrx_word' id='word_1_17' title='bbox 3273 569 3308 639; x_wconf 78' lang='grc' dir='ltr'><strong>ἢ</strong></span> <span class='ocrx_word' id='word_1_18' title='bbox 3338 567 3598 646; x_wconf 71' lang='grc' dir='ltr'><strong>θεολογιᾳ</strong></span> <span class='ocrx_word' id='word_1_19' title='bbox 3626 591 3800 647; x_wconf 76' lang='grc' dir='ltr'><strong>προσο</strong></span> 
     </span>
    </p>
   </div>
   <div class='ocr_carea' id='block_1_6' title="bbox 373 663 2029 735">
    <p class='ocr_par' dir='ltr' id='par_1_6' title="bbox 373 663 2029 735">
     <span class='ocr_line' id='line_1_6' title="bbox 373 663 2029 735; baseline -0.004 -15"><span class='ocrx_word' id='word_1_20' title='bbox 373 664 610 730; x_wconf 89' lang='lat' dir='ltr'><strong>sentiat,</strong></span> <span class='ocrx_word' id='word_1_21' title='bbox 640 668 742 720; x_wconf 91' lang='lat' dir='ltr'><strong>aut</strong></span> <span class='ocrx_word' id='word_1_22' title='bbox 772 668 1092 735; x_wconf 88' lang='lat' dir='ltr'><strong>utrumque</strong></span> <span class='ocrx_word' id='word_1_23' title='bbox 1141 664 1351 718; x_wconf 90' lang='lat' dir='ltr'><strong>horum</strong></span> <span class='ocrx_word' id='word_1_24' title='bbox 1385 663 1620 729; x_wconf 80' lang='lat' dir='ltr'><strong>habeat,</strong></span> <span class='ocrx_word' id='word_1_25' title='bbox 1655 679 1721 716; x_wconf 91' lang='lat' dir='ltr'><strong>ac</strong></span> <span class='ocrx_word' id='word_1_26' title='bbox 1773 665 2029 716; x_wconf 90' lang='lat' dir='ltr'><strong>mentem</strong></span> 
     </span>
    </p>
   </div>
   <div class='ocr_carea' id='block_1_7' title="bbox 2142 653 3224 736">
    <p class='ocr_par' dir='ltr' id='par_1_7' title="bbox 2142 653 3224 736">
     <span class='ocr_line' id='line_1_7' title="bbox 2142 653 3224 736; baseline 0.003 -25"><span class='ocrx_word' id='word_1_27' title='bbox 2142 653 2354 729; x_wconf 71' lang='grc' dir='ltr'><strong>ϐαλεῖν,</strong></span> <span class='ocrx_word' id='word_1_28' title='bbox 2390 657 2489 712; x_wconf 83' lang='grc' dir='ltr'><strong>οὐκ</strong></span> <span class='ocrx_word' id='word_1_29' title='bbox 2519 658 2754 736; x_wconf 65' lang='grc' dir='ltr'><strong>ἀσφαλὲς</strong></span> <span class='ocrx_word' id='word_1_30' title='bbox 2789 659 2920 713; x_wconf 77' lang='grc' dir='ltr'><strong>εἶναι</strong></span> <span class='ocrx_word' id='word_1_31' title='bbox 2945 659 3224 734; x_wconf 80' lang='grc' dir='ltr'><strong>γινώσκω.</strong></span> 
     </span>
    </p>
   </div>
   <div class='ocr_carea' id='block_1_8' title="bbox 374 749 3804 825">
    <p class='ocr_par' dir='ltr' id='par_1_8' title="bbox 374 749 3804 825">
     <span class='ocr_line' id='line_1_8' title="bbox 374 749 3804 825; baseline -0.001 -17"><span class='ocrx_word' id='word_1_32' title='bbox 374 754 632 809; x_wconf 82' lang='lat' dir='ltr'><strong>maxima</strong></span> <span class='ocrx_word' id='word_1_33' title='bbox 662 770 798 809; x_wconf 89' lang='lat' dir='ltr'><strong>cum</strong></span> <span class='ocrx_word' id='word_1_34' title='bbox 830 753 1133 825; x_wconf 83' lang='lat' dir='ltr'><strong>diligentia</strong></span> <span class='ocrx_word' id='word_1_35' title='bbox 1164 754 1233 807; x_wconf 84' lang='lat' dir='ltr'><strong>ad</strong></span> <span class='ocrx_word' id='word_1_36' title='bbox 1268 752 1524 808; x_wconf 80' lang='lat' dir='ltr'><strong>ccslestia</strong></span> <span class='ocrx_word' id='word_1_37' title='bbox 1555 751 1792 824; x_wconf 80' lang='lat' dir='ltr'><strong>dirigat,</strong></span> <span class='ocrx_word' id='word_1_38' title='bbox 1825 751 1936 818; x_wconf 87' lang='lat' dir='ltr'><strong>vix,</strong></span> <span class='ocrx_word' id='word_1_39' title='bbox 1972 751 2238 821; x_wconf 86' lang='lat' dir='ltr'><strong>inquam,</strong></span> <span class='ocrx_word' id='word_1_40' title='bbox 2270 755 2564 805; x_wconf 81' lang='lat' dir='ltr'><strong>terrenam</strong></span> <span class='ocrx_word' id='word_1_41' title='bbox 2605 750 2755 805; x_wconf 88' lang='lat' dir='ltr'><strong>hanc</strong></span> <span class='ocrx_word' id='word_1_42' title='bbox 2787 749 2998 805; x_wconf 90' lang='lat' dir='ltr'><strong>molem</strong></span> <span class='ocrx_word' id='word_1_43' title='bbox 3033 749 3308 805; x_wconf 79' lang='lat' dir='ltr'><strong>deorsum</strong></span> <span class='ocrx_word' id='word_1_44' title='bbox 3337 749 3665 805; x_wconf 82' lang='lat' dir='ltr'><strong>trahentem</strong></span> <span class='ocrx_word' id='word_1_45' title='bbox 3693 766 3804 806; x_wconf 91' lang='lat' dir='ltr'><strong>su-</strong></span> 
     </span>
    </p>
   </div>
   <div class='ocr_carea' id='block_1_9' title="bbox 373 837 3803 914">
    <p class='ocr_par' dir='ltr' id='par_1_9' title="bbox 373 837 3803 914">
     <span class='ocr_line' id='line_1_9' title="bbox 373 837 3803 914; baseline -0.001 -17"><span class='ocrx_word' id='word_1_46' title='bbox 373 858 578 914; x_wconf 85' lang='lat' dir='ltr'><strong>perare</strong></span> <span class='ocrx_word' id='word_1_47' title='bbox 608 843 840 914; x_wconf 88' lang='lat' dir='ltr'><strong>poterit.</strong></span> <span class='ocrx_word' id='word_1_48' title='bbox 874 841 1224 912; x_wconf 90' lang='lat' dir='ltr'><strong>Priusquam</strong></span> <span class='ocrx_word' id='word_1_49' title='bbox 1258 846 1455 896; x_wconf 89' lang='lat' dir='ltr'><strong>autem</strong></span> <span class='ocrx_word' id='word_1_50' title='bbox 1486 857 1638 906; x_wconf 90' lang='lat' dir='ltr'><strong>eam,</strong></span> <span class='ocrx_word' id='word_1_51' title='bbox 1671 844 1960 910; x_wconf 90' lang='lat' dir='ltr'><strong>quantum</strong></span> <span class='ocrx_word' id='word_1_52' title='bbox 1993 838 2116 892; x_wconf 84' lang='lat' dir='ltr'><strong>fieri</strong></span> <span class='ocrx_word' id='word_1_53' title='bbox 2151 841 2363 908; x_wconf 82' lang='lat' dir='ltr'><strong>potest,</strong></span> <span class='ocrx_word' id='word_1_54' title='bbox 2395 838 2888 908; x_wconf 90' lang='lat' dir='ltr'><strong>uperaverimus,</strong></span> <span class='ocrx_word' id='word_1_55' title='bbox 2917 853 3208 909; x_wconf 89' lang='lat' dir='ltr'><strong>auresque</strong></span> <span class='ocrx_word' id='word_1_56' title='bbox 3241 842 3471 893; x_wconf 89' lang='lat' dir='ltr'><strong>nostras</strong></span> <span class='ocrx_word' id='word_1_57' title='bbox 3503 843 3559 893; x_wconf 90' lang='lat' dir='ltr'><strong>et</strong></span> <span class='ocrx_word' id='word_1_58' title='bbox 3587 837 3803 894; x_wconf 88' lang='lat' dir='ltr'><strong>mentis</strong></span> 
     </span>
    </p>
   </div>
   <div class='ocr_carea' id='block_1_10' title="bbox 375 926 3804 1003">
    <p class='ocr_par' dir='ltr' id='par_1_10' title="bbox 375 926 3804 1003">
     <span class='ocr_line' id='line_1_10' title="bbox 375 926 3804 1003; baseline -0.001 -16"><span class='ocrx_word' id='word_1_59' title='bbox 375 931 558 988; x_wconf 89' lang='lat' dir='ltr'><strong>aciem</strong></span> <span class='ocrx_word' id='word_1_60' title='bbox 591 933 734 987; x_wconf 88' lang='lat' dir='ltr'><strong>satis</strong></span> <span class='ocrx_word' id='word_1_61' title='bbox 767 931 1299 1003; x_wconf 88' lang='lat' dir='ltr'><strong>repurgaverimus,</strong></span> <span class='ocrx_word' id='word_1_62' title='bbox 1324 931 1656 986; x_wconf 87' lang='lat' dir='ltr'><strong>animarum</strong></span> <span class='ocrx_word' id='word_1_63' title='bbox 1690 945 1892 985; x_wconf 91' lang='lat' dir='ltr'><strong>curam</strong></span> <span class='ocrx_word' id='word_1_64' title='bbox 1923 927 2241 999; x_wconf 82' lang='lat' dir='ltr'><strong>suscipere,</strong></span> <span class='ocrx_word' id='word_1_65' title='bbox 2267 932 2368 982; x_wconf 90' lang='lat' dir='ltr'><strong>aut</strong></span> <span class='ocrx_word' id='word_1_66' title='bbox 2397 927 2468 982; x_wconf 78' lang='lat' dir='ltr'><strong>ad</strong></span> <span class='ocrx_word' id='word_1_67' title='bbox 2501 943 2696 982; x_wconf 89' lang='lat' dir='ltr'><strong>rerum</strong></span> <span class='ocrx_word' id='word_1_68' title='bbox 2727 926 3060 983; x_wconf 90' lang='lat' dir='ltr'><strong>divinarum</strong></span> <span class='ocrx_word' id='word_1_69' title='bbox 3095 927 3605 999; x_wconf 90' lang='lat' dir='ltr'><strong>pertractationem</strong></span> <span class='ocrx_word' id='word_1_70' title='bbox 3637 944 3804 983; x_wconf 87' lang='lat' dir='ltr'><strong>acos-</strong></span> 
     </span>
    </p>
   </div>
   <div class='ocr_carea' id='block_1_11' title="bbox 375 1019 1590 1092">
    <p class='ocr_par' dir='ltr' id='par_1_11' title="bbox 375 1019 1590 1092">
     <span class='ocr_line' id='line_1_11' title="bbox 375 1019 1590 1092; baseline -0.002 -16"><span class='ocrx_word' id='word_1_71' title='bbox 375 1019 511 1077; x_wconf 86' lang='lat' dir='ltr'><strong>dere</strong></span> <span class='ocrx_word' id='word_1_72' title='bbox 541 1021 1004 1092; x_wconf 87' lang='lat' dir='ltr'><strong>haudquaquam</strong></span> <span class='ocrx_word' id='word_1_73' title='bbox 1037 1025 1231 1075; x_wconf 89' lang='lat' dir='ltr'><strong>tutum</strong></span> <span class='ocrx_word' id='word_1_74' title='bbox 1260 1036 1389 1075; x_wconf 87' lang='lat' dir='ltr'><strong>esse</strong></span> <span class='ocrx_word' id='word_1_75' title='bbox 1419 1021 1590 1074; x_wconf 91' lang='lat' dir='ltr'><strong>duco.</strong></span> 
     </span>
    </p>
   </div>
   <div class='ocr_carea' id='block_1_12' title="bbox 448 1106 2030 1179">
    <p class='ocr_par' dir='ltr' id='par_1_12' title="bbox 448 1106 2030 1179">
     <span class='ocr_line' id='line_1_12' title="bbox 448 1106 2030 1179; baseline -0.003 -14"><span class='ocrx_word' id='word_1_76' title='bbox 448 1109 517 1165; x_wconf 90' lang='lat' dir='ltr'><strong>II.</strong></span> <span class='ocrx_word' id='word_1_77' title='bbox 553 1115 631 1165; x_wconf 76' lang='lat' dir='ltr'><strong>Ac</strong></span> <span class='ocrx_word' id='word_1_78' title='bbox 681 1125 752 1165; x_wconf 89' lang='lat' dir='ltr'><strong>ne</strong></span> <span class='ocrx_word' id='word_1_79' title='bbox 803 1125 895 1164; x_wconf 91' lang='lat' dir='ltr'><strong>me</strong></span> <span class='ocrx_word' id='word_1_80' title='bbox 947 1110 1090 1164; x_wconf 84' lang='lat' dir='ltr'><strong>forte</strong></span> <span class='ocrx_word' id='word_1_81' title='bbox 1134 1109 1514 1178; x_wconf 86' lang='lat' dir='ltr'><strong>timidiorem,</strong></span> <span class='ocrx_word' id='word_1_82' title='bbox 1557 1124 1735 1179; x_wconf 90' lang='lat' dir='ltr'><strong>quam</strong></span> <span class='ocrx_word' id='word_1_83' title='bbox 1787 1124 1886 1178; x_wconf 87' lang='lat' dir='ltr'><strong>par</strong></span> <span class='ocrx_word' id='word_1_84' title='bbox 1935 1106 2030 1176; x_wconf 88' lang='lat' dir='ltr'><strong>sit,</strong></span> 
     </span>
    </p>
   </div>
   <div class='ocr_carea' id='block_1_13' title="bbox 375 1196 2035 1269">
    <p class='ocr_par' dir='ltr' id='par_1_13' title="bbox 375 1196 2035 1269">
     <span class='ocr_line' id='line_1_13' title="bbox 375 1196 2035 1269; baseline -0.003 -14"><span class='ocrx_word' id='word_1_85' title='bbox 375 1200 745 1266; x_wconf 83' lang='lat' dir='ltr'><strong>existimetis,</strong></span> <span class='ocrx_word' id='word_1_86' title='bbox 778 1200 879 1253; x_wconf 90' lang='lat' dir='ltr'><strong>sed</strong></span> <span class='ocrx_word' id='word_1_87' title='bbox 911 1198 1223 1254; x_wconf 87' lang='lat' dir='ltr'><strong>consilium</strong></span> <span class='ocrx_word' id='word_1_88' title='bbox 1257 1199 1454 1269; x_wconf 91' lang='lat' dir='ltr'><strong>potius</strong></span> <span class='ocrx_word' id='word_1_89' title='bbox 1485 1202 1752 1252; x_wconf 88' lang='lat' dir='ltr'><strong>nostrum</strong></span> <span class='ocrx_word' id='word_1_90' title='bbox 1785 1196 2035 1268; x_wconf 90' lang='lat' dir='ltr'><strong>pruden-</strong></span> 
     </span>
    </p>
   </div>
   <div class='ocr_carea' id='block_1_14' title="bbox 375 1285 2033 1360">
    <p class='ocr_par' dir='ltr' id='par_1_14' title="bbox 375 1285 2033 1360">
     <span class='ocr_line' id='line_1_14' title="bbox 375 1285 2033 1360; baseline -0.002 -17"><span class='ocrx_word' id='word_1_91' title='bbox 375 1288 639 1360; x_wconf 89' lang='lat' dir='ltr'><strong>tiamque</strong></span> <span class='ocrx_word' id='word_1_92' title='bbox 684 1287 1098 1360; x_wconf 86' lang='lat' dir='ltr'><strong>comprobetis,</strong></span> <span class='ocrx_word' id='word_1_93' title='bbox 1135 1287 1289 1342; x_wconf 90' lang='lat' dir='ltr'><strong>unde</strong></span> <span class='ocrx_word' id='word_1_94' title='bbox 1320 1288 1379 1340; x_wconf 92' lang='lat' dir='ltr'><strong>in</strong></span> <span class='ocrx_word' id='word_1_95' title='bbox 1412 1286 1569 1341; x_wconf 91' lang='lat' dir='ltr'><strong>hunc</strong></span> <span class='ocrx_word' id='word_1_96' title='bbox 1603 1291 1824 1340; x_wconf 89' lang='lat' dir='ltr'><strong>metum</strong></span> <span class='ocrx_word' id='word_1_97' title='bbox 1857 1285 2033 1339; x_wconf 87' lang='lat' dir='ltr'><strong>indu-</strong></span> 
     </span>
    </p>
   </div>
   <div class='ocr_carea' id='block_1_15' title="bbox 377 1374 2034 1448">
    <p class='ocr_par' dir='ltr' id='par_1_15' title="bbox 377 1374 2034 1448">
     <span class='ocr_line' id='line_1_15' title="bbox 377 1374 2034 1448; baseline -0.002 -17"><span class='ocrx_word' id='word_1_98' title='bbox 377 1380 507 1431; x_wconf 87' lang='lat' dir='ltr'><strong>ctus</strong></span> <span class='ocrx_word' id='word_1_99' title='bbox 584 1376 814 1447; x_wconf 87' lang='lat' dir='ltr'><strong>fuerim,</strong></span> <span class='ocrx_word' id='word_1_100' title='bbox 862 1393 1170 1448; x_wconf 89' lang='lat' dir='ltr'><strong>exponam.</strong></span> <span class='ocrx_word' id='word_1_101' title='bbox 1223 1376 1489 1430; x_wconf 89' lang='lat' dir='ltr'><strong>Primum</strong></span> <span class='ocrx_word' id='word_1_102' title='bbox 1565 1374 1743 1445; x_wconf 79' lang='lat' dir='ltr'><strong>igitur</strong></span> <span class='ocrx_word' id='word_1_103' title='bbox 1791 1391 1859 1429; x_wconf 85' lang='lat' dir='ltr'><strong>ex</strong></span> <span class='ocrx_word' id='word_1_104' title='bbox 1907 1374 2034 1444; x_wconf 92' lang='lat' dir='ltr'><strong>ipso</strong></span> 
     </span>
    </p>
   </div>
   <div class='ocr_carea' id='block_1_16' title="bbox 380 1462 2036 1538">
    <p class='ocr_par' dir='ltr' id='par_1_16' title="bbox 380 1462 2036 1538">
     <span class='ocr_line' id='line_1_16' title="bbox 380 1462 2036 1538; baseline -0.003 -16"><span class='ocrx_word' id='word_1_105' title='bbox 380 1465 574 1538; x_wconf 83' lang='lat' dir='ltr'><strong>Moyse</strong></span> <span class='ocrx_word' id='word_1_106' title='bbox 595 1465 641 1500; x_wconf 77' lang='grc'>²²</span> <span class='ocrx_word' id='word_1_107' title='bbox 677 1465 874 1536; x_wconf 88' lang='lat' dir='ltr'><strong>audio,</strong></span> <span class='ocrx_word' id='word_1_108' title='bbox 899 1482 1014 1536; x_wconf 94' lang='lat' dir='ltr'><strong>quo</strong></span> <span class='ocrx_word' id='word_1_109' title='bbox 1056 1466 1204 1519; x_wconf 78' lang='lat'><strong>377</strong></span> <span class='ocrx_word' id='word_1_110' title='bbox 1243 1470 1505 1536; x_wconf 88' lang='lat' dir='ltr'><strong>tempore</strong></span> <span class='ocrx_word' id='word_1_111' title='bbox 1534 1462 1771 1519; x_wconf 90' lang='lat' dir='ltr'><strong>oracula</strong></span> <span class='ocrx_word' id='word_1_112' title='bbox 1801 1462 1850 1518; x_wconf 93' lang='lat' dir='ltr'><strong>ei</strong></span> <span class='ocrx_word' id='word_1_113' title='bbox 1887 1464 2036 1517; x_wconf 87' lang='lat' dir='ltr'><strong>Deus</strong></span> 
     </span>
    </p>
   </div>
   <div class='ocr_carea' id='block_1_17' title="bbox 379 1553 2036 1627">
    <p class='ocr_par' dir='ltr' id='par_1_17' title="bbox 379 1553 2036 1627">
     <span class='ocr_line' id='line_1_17' title="bbox 379 1553 2036 1627; baseline -0.002 -17"><span class='ocrx_word' id='word_1_114' title='bbox 379 1555 610 1622; x_wconf 88' lang='lat' dir='ltr'><strong>edebat,</strong></span> <span class='ocrx_word' id='word_1_115' title='bbox 649 1554 919 1627; x_wconf 85' lang='lat' dir='ltr'><strong>quamvis</strong></span> <span class='ocrx_word' id='word_1_116' title='bbox 962 1555 1033 1609; x_wconf 89' lang='lat' dir='ltr'><strong>ad</strong></span> <span class='ocrx_word' id='word_1_117' title='bbox 1083 1559 1343 1609; x_wconf 89' lang='lat' dir='ltr'><strong>montem</strong></span> <span class='ocrx_word' id='word_1_118' title='bbox 1377 1553 1546 1608; x_wconf 90' lang='lat' dir='ltr'><strong>multi</strong></span> <span class='ocrx_word' id='word_1_119' title='bbox 1596 1553 1767 1608; x_wconf 89' lang='lat' dir='ltr'><strong>acciti</strong></span> <span class='ocrx_word' id='word_1_120' title='bbox 1817 1557 2036 1619; x_wconf 90' lang='lat' dir='ltr'><strong>essent,</strong></span> 
     </span>
    </p>
   </div>
   <div class='ocr_carea' id='block_1_18' title="bbox 381 1640 2037 1716">
    <p class='ocr_par' dir='ltr' id='par_1_18' title="bbox 381 1640 2037 1716">
     <span class='ocr_line' id='line_1_18' title="bbox 381 1640 2037 1716; baseline -0.003 -16"><span class='ocrx_word' id='word_1_121' title='bbox 381 1660 636 1716; x_wconf 88' lang='lat' dir='ltr'><strong>quorum</strong></span> <span class='ocrx_word' id='word_1_122' title='bbox 669 1661 828 1700; x_wconf 91' lang='lat' dir='ltr'><strong>unus</strong></span> <span class='ocrx_word' id='word_1_123' title='bbox 867 1648 993 1699; x_wconf 88' lang='lat' dir='ltr'><strong>erat</strong></span> <span class='ocrx_word' id='word_1_124' title='bbox 1037 1643 1164 1715; x_wconf 88' lang='lat' dir='ltr'><strong>ipse</strong></span> <span class='ocrx_word' id='word_1_125' title='bbox 1213 1646 1425 1708; x_wconf 87' lang='lat' dir='ltr'><strong>Aaron,</strong></span> <span class='ocrx_word' id='word_1_126' title='bbox 1449 1659 1584 1698; x_wconf 90' lang='lat' dir='ltr'><strong>cum</strong></span> <span class='ocrx_word' id='word_1_127' title='bbox 1616 1643 1847 1696; x_wconf 90' lang='lat' dir='ltr'><strong>duobus</strong></span> <span class='ocrx_word' id='word_1_128' title='bbox 1879 1640 2037 1710; x_wconf 81' lang='lat' dir='ltr'><strong>filiis,</strong></span> 
     </span>
    </p>
   </div>
   <div class='ocr_carea' id='block_1_19' title="bbox 381 1730 2040 1805">
    <p class='ocr_par' dir='ltr' id='par_1_19' title="bbox 381 1730 2040 1805">
     <span class='ocr_line' id='line_1_19' title="bbox 381 1730 2040 1805; baseline -0.002 -16"><span class='ocrx_word' id='word_1_129' title='bbox 381 1734 573 1805; x_wconf 86' lang='lat' dir='ltr'><strong>iisque</strong></span> <span class='ocrx_word' id='word_1_130' title='bbox 603 1733 1030 1802; x_wconf 87' lang='lat' dir='ltr'><strong>sacerdotibus,</strong></span> <span class='ocrx_word' id='word_1_131' title='bbox 1064 1738 1262 1788; x_wconf 89' lang='lat' dir='ltr'><strong>tamen</strong></span> <span class='ocrx_word' id='word_1_132' title='bbox 1306 1743 1544 1787; x_wconf 70' lang='lat' dir='ltr'><strong>caeteros</strong></span> <span class='ocrx_word' id='word_1_133' title='bbox 1577 1748 1780 1787; x_wconf 88' lang='lat' dir='ltr'><strong>omnes</strong></span> <span class='ocrx_word' id='word_1_134' title='bbox 1811 1730 2040 1785; x_wconf 87' lang='lat' dir='ltr'><strong>eminus</strong></span> 
     </span>
    </p>
   </div>
   <div class='ocr_carea' id='block_1_20' title="bbox 384 1820 2039 1893">
    <p class='ocr_par' dir='ltr' id='par_1_20' title="bbox 384 1820 2039 1893">
     <span class='ocr_line' id='line_1_20' title="bbox 384 1820 2039 1893; baseline -0.003 -15"><span class='ocrx_word' id='word_1_135' title='bbox 384 1824 627 1878; x_wconf 86' lang='lat' dir='ltr'><strong>adorare</strong></span> <span class='ocrx_word' id='word_1_136' title='bbox 650 1823 853 1893; x_wconf 89' lang='lat' dir='ltr'><strong>jussos</strong></span> <span class='ocrx_word' id='word_1_137' title='bbox 879 1838 1030 1887; x_wconf 90' lang='lat' dir='ltr'><strong>esse,</strong></span> <span class='ocrx_word' id='word_1_138' title='bbox 1055 1822 1310 1893; x_wconf 88' lang='lat' dir='ltr'><strong>Moysem</strong></span> <span class='ocrx_word' id='word_1_139' title='bbox 1344 1825 1542 1876; x_wconf 88' lang='lat' dir='ltr'><strong>autem</strong></span> <span class='ocrx_word' id='word_1_140' title='bbox 1575 1821 1767 1875; x_wconf 90' lang='lat' dir='ltr'><strong>solum</strong></span> <span class='ocrx_word' id='word_1_141' title='bbox 1801 1820 1872 1874; x_wconf 93' lang='lat' dir='ltr'><strong>ad</strong></span> <span class='ocrx_word' id='word_1_142' title='bbox 1905 1835 2039 1873; x_wconf 91' lang='lat' dir='ltr'><strong>eum</strong></span> 
     </span>
    </p>
   </div>
   <div class='ocr_carea' id='block_1_21' title="bbox 385 1907 2041 1984">
    <p class='ocr_par' dir='ltr' id='par_1_21' title="bbox 385 1907 2041 1984">
     <span class='ocr_line' id='line_1_21' title="bbox 385 1907 2041 1984; baseline -0.002 -19"><span class='ocrx_word' id='word_1_143' title='bbox 385 1911 628 1984; x_wconf 89' lang='lat' dir='ltr'><strong>propius</strong></span> <span class='ocrx_word' id='word_1_144' title='bbox 679 1909 1022 1976; x_wconf 84' lang='lat' dir='ltr'><strong>accessisse,</strong></span> <span class='ocrx_word' id='word_1_145' title='bbox 1057 1908 1341 1981; x_wconf 89' lang='lat' dir='ltr'><strong>populum</strong></span> <span class='ocrx_word' id='word_1_146' title='bbox 1394 1925 1526 1963; x_wconf 90' lang='lat' dir='ltr'><strong>vero</strong></span> <span class='ocrx_word' id='word_1_147' title='bbox 1577 1925 1648 1962; x_wconf 89' lang='lat' dir='ltr'><strong>ne</strong></span> <span class='ocrx_word' id='word_1_148' title='bbox 1695 1907 1874 1962; x_wconf 90' lang='lat' dir='ltr'><strong>simul</strong></span> <span class='ocrx_word' id='word_1_149' title='bbox 1913 1907 2041 1978; x_wconf 85' lang='lat' dir='ltr'><strong>qui-</strong></span> 
     </span>
    </p>
   </div>
   <div class='ocr_carea' id='block_1_22' title="bbox 386 1996 2043 2069">
    <p class='ocr_par' dir='ltr' id='par_1_22' title="bbox 386 1996 2043 2069">
     <span class='ocr_line' id='line_1_22' title="bbox 386 1996 2043 2069; baseline -0.002 -14"><span class='ocrx_word' id='word_1_150' title='bbox 386 2001 520 2055; x_wconf 90' lang='lat' dir='ltr'><strong>dem</strong></span> <span class='ocrx_word' id='word_1_151' title='bbox 571 1998 929 2055; x_wconf 87' lang='lat' dir='ltr'><strong>ascendisse.</strong></span> <span class='ocrx_word' id='word_1_152' title='bbox 965 2003 1178 2069; x_wconf 82' lang='lat' dir='ltr'><strong>Atque,</strong></span> <span class='ocrx_word' id='word_1_153' title='bbox 1213 2001 1278 2052; x_wconf 89' lang='lat' dir='ltr'><strong>ut</strong></span> <span class='ocrx_word' id='word_1_154' title='bbox 1324 1997 1463 2052; x_wconf 89' lang='lat' dir='ltr'><strong>item</strong></span> <span class='ocrx_word' id='word_1_155' title='bbox 1514 1996 1816 2067; x_wconf 88' lang='lat' dir='ltr'><strong>aliquanto</strong></span> <span class='ocrx_word' id='word_1_156' title='bbox 1866 2013 2043 2067; x_wconf 90' lang='lat' dir='ltr'><strong>supe-</strong></span> 
     </span>
    </p>
   </div>
   <div class='ocr_carea' id='block_1_23' title="bbox 385 2085 2044 2159">
    <p class='ocr_par' dir='ltr' id='par_1_23' title="bbox 385 2085 2044 2159">
     <span class='ocr_line' id='line_1_23' title="bbox 385 2085 2044 2159; baseline -0.003 -15"><span class='ocrx_word' id='word_1_157' title='bbox 385 2089 509 2144; x_wconf 90' lang='lat' dir='ltr'><strong>rius</strong></span> <span class='ocrx_word' id='word_1_158' title='bbox 541 2094 760 2157; x_wconf 88' lang='lat' dir='ltr'><strong>narrat,</strong></span> <span class='ocrx_word' id='word_1_159' title='bbox 794 2088 941 2144; x_wconf 90' lang='lat' dir='ltr'><strong>alios</strong></span> <span class='ocrx_word' id='word_1_160' title='bbox 977 2086 1230 2159; x_wconf 78' lang='lat' dir='ltr'><strong>fulgura,</strong></span> <span class='ocrx_word' id='word_1_161' title='bbox 1264 2087 1545 2153; x_wconf 82' lang='lat' dir='ltr'><strong>tonitrua,</strong></span> <span class='ocrx_word' id='word_1_162' title='bbox 1578 2086 1852 2140; x_wconf 89' lang='lat' dir='ltr'><strong>tubarum</strong></span> <span class='ocrx_word' id='word_1_163' title='bbox 1886 2085 2044 2140; x_wconf 89' lang='lat' dir='ltr'><strong>elan-</strong></span> 
     </span>
    </p>
   </div>
   <div class='ocr_carea' id='block_1_24' title="bbox 386 2174 2044 2251">
    <p class='ocr_par' dir='ltr' id='par_1_24' title="bbox 386 2174 2044 2251">
     <span class='ocr_line' id='line_1_24' title="bbox 386 2174 2044 2251; baseline -0.003 -18"><span class='ocrx_word' id='word_1_164' title='bbox 386 2193 512 2251; x_wconf 89' lang='lat' dir='ltr'><strong>gor,</strong></span> <span class='ocrx_word' id='word_1_165' title='bbox 556 2183 613 2234; x_wconf 89' lang='lat' dir='ltr'><strong>et</strong></span> <span class='ocrx_word' id='word_1_166' title='bbox 665 2194 834 2233; x_wconf 90' lang='lat' dir='ltr'><strong>mons</strong></span> <span class='ocrx_word' id='word_1_167' title='bbox 895 2177 1056 2232; x_wconf 87' lang='lat' dir='ltr'><strong>fumo</strong></span> <span class='ocrx_word' id='word_1_168' title='bbox 1115 2175 1507 2231; x_wconf 86' lang='lat' dir='ltr'><strong>circumfusus</strong></span> <span class='ocrx_word' id='word_1_169' title='bbox 1531 2174 1595 2244; x_wconf 67' lang='grc'><strong>³⁸,</strong></span> <span class='ocrx_word' id='word_1_170' title='bbox 1629 2179 1685 2230; x_wconf 88' lang='lat' dir='ltr'><strong>et</strong></span> <span class='ocrx_word' id='word_1_171' title='bbox 1741 2174 2044 2229; x_wconf 64' lang='lat' dir='ltr'><strong>horrendae</strong></span> 
     </span>
    </p>
   </div>
   <div class='ocr_carea' id='block_1_25' title="bbox 385 2264 2043 2335">
    <p class='ocr_par' dir='ltr' id='par_1_25' title="bbox 385 2264 2043 2335">
     <span class='ocr_line' id='line_1_25' title="bbox 385 2264 2043 2335; baseline -0.002 -14"><span class='ocrx_word' id='word_1_172' title='bbox 385 2265 896 2335; x_wconf 86' lang='lat' dir='ltr'><strong>comminationes,</strong></span> <span class='ocrx_word' id='word_1_173' title='bbox 951 2271 1123 2335; x_wconf 87' lang='lat' dir='ltr'><strong>atque</strong></span> <span class='ocrx_word' id='word_1_174' title='bbox 1182 2264 1524 2334; x_wconf 87' lang='lat' dir='ltr'><strong>hujusmodi</strong></span> <span class='ocrx_word' id='word_1_175' title='bbox 1582 2267 1834 2318; x_wconf 89' lang='lat' dir='ltr'><strong>terrores</strong></span> <span class='ocrx_word' id='word_1_176' title='bbox 1879 2264 2043 2318; x_wconf 89' lang='lat' dir='ltr'><strong>deor-</strong></span> 
     </span>
    </p>
   </div>
   <div class='ocr_carea' id='block_1_26' title="bbox 388 2352 2046 2424">
    <p class='ocr_par' dir='ltr' id='par_1_26' title="bbox 388 2352 2046 2424">
     <span class='ocr_line' id='line_1_26' title="bbox 388 2352 2046 2424; baseline -0.002 -14"><span class='ocrx_word' id='word_1_177' title='bbox 388 2373 522 2410; x_wconf 91' lang='lat' dir='ltr'><strong>sum</strong></span> <span class='ocrx_word' id='word_1_178' title='bbox 555 2356 865 2421; x_wconf 88' lang='lat' dir='ltr'><strong>sistebant,</strong></span> <span class='ocrx_word' id='word_1_179' title='bbox 890 2355 1034 2410; x_wconf 90' lang='lat' dir='ltr'><strong>adeo</strong></span> <span class='ocrx_word' id='word_1_180' title='bbox 1067 2359 1130 2408; x_wconf 92' lang='lat' dir='ltr'><strong>ut</strong></span> <span class='ocrx_word' id='word_1_181' title='bbox 1160 2353 1272 2424; x_wconf 91' lang='lat' dir='ltr'><strong>ipsi</strong></span> <span class='ocrx_word' id='word_1_182' title='bbox 1301 2352 1574 2424; x_wconf 59' lang='lat' dir='ltr'><strong>praeclare</strong></span> <span class='ocrx_word' id='word_1_183' title='bbox 1605 2369 1804 2408; x_wconf 91' lang='lat' dir='ltr'><strong>secum</strong></span> <span class='ocrx_word' id='word_1_184' title='bbox 1840 2353 1928 2422; x_wconf 84' lang='lat' dir='ltr'><strong>agi</strong></span> <span class='ocrx_word' id='word_1_185' title='bbox 1960 2369 2046 2407; x_wconf 92' lang='lat' dir='ltr'><strong>ar-</strong></span> 
     </span>
    </p>
   </div>
   <div class='ocr_carea' id='block_1_27' title="bbox 389 2441 2042 2513">
    <p class='ocr_par' dir='ltr' id='par_1_27' title="bbox 389 2441 2042 2513">
     <span class='ocr_line' id='line_1_27' title="bbox 389 2441 2042 2513; baseline -0.002 -15"><span class='ocrx_word' id='word_1_186' title='bbox 389 2444 768 2512; x_wconf 89' lang='lat' dir='ltr'><strong>bitrarentur,</strong></span> <span class='ocrx_word' id='word_1_187' title='bbox 802 2443 959 2513; x_wconf 91' lang='lat' dir='ltr'><strong>quod</strong></span> <span class='ocrx_word' id='word_1_188' title='bbox 1000 2442 1085 2496; x_wconf 88' lang='lat' dir='ltr'><strong>vel</strong></span> <span class='ocrx_word' id='word_1_189' title='bbox 1133 2442 1316 2497; x_wconf 87' lang='lat' dir='ltr'><strong>solam</strong></span> <span class='ocrx_word' id='word_1_190' title='bbox 1355 2441 1450 2496; x_wconf 92' lang='lat' dir='ltr'><strong>Dei</strong></span> <span class='ocrx_word' id='word_1_191' title='bbox 1501 2458 1699 2496; x_wconf 89' lang='lat' dir='ltr'><strong>vocem</strong></span> <span class='ocrx_word' id='word_1_192' title='bbox 1750 2441 2042 2510; x_wconf 91' lang='lat' dir='ltr'><strong>audirent,</strong></span> 
     </span>
    </p>
   </div>
   <div class='ocr_carea' id='block_1_28' title="bbox 386 2531 2044 2605">
    <p class='ocr_par' dir='ltr' id='par_1_28' title="bbox 386 2531 2044 2605">
     <span class='ocr_line' id='line_1_28' title="bbox 386 2531 2044 2605; baseline -0.002 -17"><span class='ocrx_word' id='word_1_193' title='bbox 386 2534 564 2605; x_wconf 91' lang='lat' dir='ltr'><strong>idque</strong></span> <span class='ocrx_word' id='word_1_194' title='bbox 594 2533 703 2588; x_wconf 88' lang='lat' dir='ltr'><strong>hac</strong></span> <span class='ocrx_word' id='word_1_195' title='bbox 746 2533 891 2605; x_wconf 84' lang='lat' dir='ltr'><strong>lege,</strong></span> <span class='ocrx_word' id='word_1_196' title='bbox 918 2536 982 2587; x_wconf 89' lang='lat' dir='ltr'><strong>ut</strong></span> <span class='ocrx_word' id='word_1_197' title='bbox 1012 2548 1246 2587; x_wconf 90' lang='lat' dir='ltr'><strong>summo</strong></span> <span class='ocrx_word' id='word_1_198' title='bbox 1293 2531 1457 2602; x_wconf 90' lang='lat' dir='ltr'><strong>prius</strong></span> <span class='ocrx_word' id='word_1_199' title='bbox 1488 2531 1684 2586; x_wconf 91' lang='lat' dir='ltr'><strong>studio</strong></span> <span class='ocrx_word' id='word_1_200' title='bbox 1715 2531 1942 2601; x_wconf 86' lang='lat' dir='ltr'><strong>seipsos</strong></span> <span class='ocrx_word' id='word_1_201' title='bbox 1972 2532 2044 2586; x_wconf 93' lang='lat' dir='ltr'><strong>ab</strong></span> 
     </span>
    </p>
   </div>
   <div class='ocr_carea' id='block_1_29' title="bbox 2072 1864 2120 1928">
    <p class='ocr_par' dir='ltr' id='par_1_29' title="bbox 2072 1864 2120 1928">
     <span class='ocr_line' id='line_1_29' title="bbox 2072 1864 2120 1928; baseline 0 0"><span class='ocrx_word' id='word_1_202' title='bbox 2072 1864 2120 1928; x_wconf 91' lang='lat' dir='ltr'><strong>B</strong></span> 
     </span>
    </p>
   </div>
   <div class='ocr_carea' id='block_1_30' title="bbox 2216 1101 3794 1178">
    <p class='ocr_par' dir='ltr' id='par_1_30' title="bbox 2216 1101 3794 1178">
     <span class='ocr_line' id='line_1_30' title="bbox 2216 1101 3794 1178; baseline -0.001 -18"><span class='ocrx_word' id='word_1_203' title='bbox 2216 1104 2285 1160; x_wconf 75' lang='lat' dir='ltr'><strong>B&#39;.</strong></span> <span class='ocrx_word' id='word_1_204' title='bbox 2333 1102 2428 1158; x_wconf 80' lang='grc' dir='ltr'><strong>Καὶ</strong></span> <span class='ocrx_word' id='word_1_205' title='bbox 2480 1101 2598 1166; x_wconf 80' lang='grc' dir='ltr'><strong>ὅθεν</strong></span> <span class='ocrx_word' id='word_1_206' title='bbox 2648 1102 2724 1165; x_wconf 78' lang='grc' dir='ltr'><strong>εἰς</strong></span> <span class='ocrx_word' id='word_1_207' title='bbox 2769 1107 2932 1158; x_wconf 88' lang='grc' dir='ltr'><strong>τοῦτο</strong></span> <span class='ocrx_word' id='word_1_208' title='bbox 2977 1103 3232 1178; x_wconf 75' lang='grc' dir='ltr'>ὑπήχθην</span> <span class='ocrx_word' id='word_1_209' title='bbox 3279 1105 3342 1158; x_wconf 85' lang='grc' dir='ltr'><strong>τὸ</strong></span> <span class='ocrx_word' id='word_1_210' title='bbox 3386 1101 3528 1176; x_wconf 68' lang='grc' dir='ltr'><strong>δάος,</strong></span> <span class='ocrx_word' id='word_1_211' title='bbox 3572 1102 3664 1158; x_wconf 72' lang='grc' dir='ltr'><strong>’ίνα</strong></span> <span class='ocrx_word' id='word_1_212' title='bbox 3717 1106 3794 1178; x_wconf 78' lang='grc' dir='ltr'><strong>μή</strong></span> 
     </span>
    </p>
   </div>
   <div class='ocr_carea' id='block_1_31' title="bbox 2148 1187 3799 1269">
    <p class='ocr_par' dir='ltr' id='par_1_31' title="bbox 2148 1187 3799 1269">
     <span class='ocr_line' id='line_1_31' title="bbox 2148 1187 3799 1269; baseline 0 -23"><span class='ocrx_word' id='word_1_213' title='bbox 2148 1213 2213 1266; x_wconf 90' lang='grc' dir='ltr'><strong>με</strong></span> <span class='ocrx_word' id='word_1_214' title='bbox 2245 1194 2355 1263; x_wconf 85' lang='grc'>(54)</span> <span class='ocrx_word' id='word_1_215' title='bbox 2382 1196 2479 1247; x_wconf 86' lang='grc' dir='ltr'><strong>τοῦ</strong></span> <span class='ocrx_word' id='word_1_216' title='bbox 2529 1189 2744 1254; x_wconf 84' lang='grc' dir='ltr'><strong>δέοντος</strong></span> <span class='ocrx_word' id='word_1_217' title='bbox 2797 1190 3102 1269; x_wconf 84' lang='grc' dir='ltr'><strong>δειλότερον</strong></span> <span class='ocrx_word' id='word_1_218' title='bbox 3147 1187 3498 1262; x_wconf 71' lang='grc' dir='ltr'><strong>ὑπολάϐοιτε,</strong></span> <span class='ocrx_word' id='word_1_219' title='bbox 3533 1191 3678 1249; x_wconf 75' lang='grc' dir='ltr'><strong>ἀλλὰ</strong></span> <span class='ocrx_word' id='word_1_220' title='bbox 3706 1193 3799 1248; x_wconf 83' lang='grc' dir='ltr'><strong>καὶ</strong></span> 
     </span>
    </p>
   </div>
   <div class='ocr_carea' id='block_1_32' title="bbox 2145 1281 3793 1358">
    <p class='ocr_par' dir='ltr' id='par_1_32' title="bbox 2145 1281 3793 1358">
     <span class='ocr_line' id='line_1_32' title="bbox 2145 1281 3793 1358; baseline 0.001 -22"><span class='ocrx_word' id='word_1_221' title='bbox 2145 1281 2398 1351; x_wconf 81' lang='grc' dir='ltr'><strong>ἐπαινῆτε</strong></span> <span class='ocrx_word' id='word_1_222' title='bbox 2451 1289 2551 1351; x_wconf 84' lang='grc' dir='ltr'><strong>τῆς</strong></span> <span class='ocrx_word' id='word_1_223' title='bbox 2604 1282 2964 1358; x_wconf 82' lang='grc' dir='ltr'><strong>προμηθείας,</strong></span> <span class='ocrx_word' id='word_1_224' title='bbox 3023 1281 3206 1337; x_wconf 68' lang='grc' dir='ltr'><strong>ἀκούω</strong></span> <span class='ocrx_word' id='word_1_225' title='bbox 3265 1282 3358 1355; x_wconf 75' lang='grc' dir='ltr'><strong>μὶν</strong></span> <span class='ocrx_word' id='word_1_226' title='bbox 3420 1283 3584 1337; x_wconf 83' lang='grc' dir='ltr'><strong>αὐτοῦ</strong></span> <span class='ocrx_word' id='word_1_227' title='bbox 3631 1289 3793 1338; x_wconf 74' lang='grc' dir='ltr'><strong>Μωῦ-</strong></span> 
     </span>
    </p>
   </div>
   <div class='ocr_carea' id='block_1_33' title="bbox 2145 1370 3801 1447">
    <p class='ocr_par' dir='ltr' id='par_1_33' title="bbox 2145 1370 3801 1447">
     <span class='ocr_line' id='line_1_33' title="bbox 2145 1370 3801 1447; baseline 0 -22"><span class='ocrx_word' id='word_1_228' title='bbox 2145 1370 2278 1433; x_wconf 76' lang='grc' dir='ltr'><strong>σὲως</strong></span> <span class='ocrx_word' id='word_1_229' title='bbox 2313 1371 2473 1440; x_wconf 80' lang='grc' dir='ltr'><strong>ἡνίκα</strong></span> <span class='ocrx_word' id='word_1_230' title='bbox 2504 1371 2869 1447; x_wconf 74' lang='grc' dir='ltr'><strong>ἐχρημάτιζεν</strong></span> <span class='ocrx_word' id='word_1_231' title='bbox 2929 1371 3075 1443; x_wconf 81' lang='grc' dir='ltr'><strong>αὐτῷ</strong></span> <span class='ocrx_word' id='word_1_232' title='bbox 3105 1372 3133 1425; x_wconf 85' lang='grc' dir='ltr'>ὁ</span> <span class='ocrx_word' id='word_1_233' title='bbox 3181 1371 3333 1440; x_wconf 83' lang='grc' dir='ltr'><strong>Θεὸς,</strong></span> <span class='ocrx_word' id='word_1_234' title='bbox 3394 1370 3478 1426; x_wconf 77' lang='grc' dir='ltr'><strong>δτι</strong></span> <span class='ocrx_word' id='word_1_235' title='bbox 3530 1371 3801 1427; x_wconf 89' lang='grc' dir='ltr'><strong>πλειόνων</strong></span> 
     </span>
    </p>
   </div>
   <div class='ocr_carea' id='block_1_34' title="bbox 2147 1456 3803 1537">
    <p class='ocr_par' dir='ltr' id='par_1_34' title="bbox 2147 1456 3803 1537">
     <span class='ocr_line' id='line_1_34' title="bbox 2147 1456 3803 1537; baseline 0 -21"><span class='ocrx_word' id='word_1_236' title='bbox 2147 1460 2222 1522; x_wconf 80' lang='grc' dir='ltr'><strong>εἰς</strong></span> <span class='ocrx_word' id='word_1_237' title='bbox 2269 1461 2330 1515; x_wconf 89' lang='grc' dir='ltr'><strong>τὸ</strong></span> <span class='ocrx_word' id='word_1_238' title='bbox 2374 1456 2500 1536; x_wconf 76' lang='grc' dir='ltr'><strong>ὅρος</strong></span> <span class='ocrx_word' id='word_1_239' title='bbox 2560 1460 3058 1534; x_wconf 81' lang='grc' dir='ltr'><strong>προσκεκλημένων</strong></span> <span class='ocrx_word' id='word_1_240' title='bbox 3109 1462 3183 1514; x_wconf 83' lang='grc' dir='ltr'><strong>ὧν</strong></span> <span class='ocrx_word' id='word_1_241' title='bbox 3246 1461 3322 1523; x_wconf 74' lang='grc' dir='ltr'><strong>εἷς</strong></span> <span class='ocrx_word' id='word_1_242' title='bbox 3369 1463 3433 1530; x_wconf 71' lang='grc' dir='ltr'><strong>ἦν</strong></span> <span class='ocrx_word' id='word_1_243' title='bbox 3466 1462 3556 1516; x_wconf 82' lang='grc' dir='ltr'><strong>καὶ</strong></span> <span class='ocrx_word' id='word_1_244' title='bbox 3590 1463 3803 1537; x_wconf 81' lang='grc' dir='ltr'><strong>Ἀαρὼν</strong></span> 
     </span>
    </p>
   </div>
   <div class='ocr_carea' id='block_1_35' title="bbox 2149 1547 3805 1625">
    <p class='ocr_par' dir='ltr' id='par_1_35' title="bbox 2149 1547 3805 1625">
     <span class='ocr_line' id='line_1_35' title="bbox 2149 1547 3805 1625; baseline 0 -22"><span class='ocrx_word' id='word_1_245' title='bbox 2149 1549 2239 1603; x_wconf 75' lang='grc' dir='ltr'><strong>σῦν</strong></span> <span class='ocrx_word' id='word_1_246' title='bbox 2270 1554 2388 1611; x_wconf 89' lang='grc' dir='ltr'><strong>τοῖς</strong></span> <span class='ocrx_word' id='word_1_247' title='bbox 2422 1552 2603 1604; x_wconf 78' lang='grc' dir='ltr'><strong>παισὶν</strong></span> <span class='ocrx_word' id='word_1_248' title='bbox 2655 1550 2819 1604; x_wconf 85' lang='grc' dir='ltr'><strong>αὐτοῦ</strong></span> <span class='ocrx_word' id='word_1_249' title='bbox 2867 1555 2985 1612; x_wconf 85' lang='grc' dir='ltr'><strong>τοῖς</strong></span> <span class='ocrx_word' id='word_1_250' title='bbox 3033 1547 3127 1604; x_wconf 70' lang='grc' dir='ltr'><strong>δύο</strong></span> <span class='ocrx_word' id='word_1_251' title='bbox 3171 1555 3289 1612; x_wconf 88' lang='grc' dir='ltr'><strong>τοῖς</strong></span> <span class='ocrx_word' id='word_1_252' title='bbox 3316 1550 3569 1625; x_wconf 76' lang='grc' dir='ltr'><strong>ἱερεῦσιν,</strong></span> <span class='ocrx_word' id='word_1_253' title='bbox 3603 1550 3653 1604; x_wconf 73' lang='grc' dir='ltr'><strong>οἱ</strong></span> <span class='ocrx_word' id='word_1_254' title='bbox 3709 1553 3805 1624; x_wconf 78' lang='grc' dir='ltr'><strong>μὶν</strong></span> 
     </span>
    </p>
   </div>
   <div class='ocr_carea' id='block_1_36' title="bbox 2150 1637 3800 1716">
    <p class='ocr_par' dir='ltr' id='par_1_36' title="bbox 2150 1637 3800 1716">
     <span class='ocr_line' id='line_1_36' title="bbox 2150 1637 3800 1716; baseline 0 -21"><span class='ocrx_word' id='word_1_255' title='bbox 2150 1638 2339 1695; x_wconf 83' lang='grc' dir='ltr'><strong>λοιποὶ</strong></span> <span class='ocrx_word' id='word_1_256' title='bbox 2395 1641 2586 1701; x_wconf 89' lang='grc' dir='ltr'><strong>πάντες</strong></span> <span class='ocrx_word' id='word_1_257' title='bbox 2643 1646 3022 1716; x_wconf 82' lang='grc' dir='ltr'><strong>προσκυνῆσαι</strong></span> <span class='ocrx_word' id='word_1_258' title='bbox 3080 1639 3360 1715; x_wconf 73' lang='grc' dir='ltr'><strong>πόῤῥωθεν</strong></span> <span class='ocrx_word' id='word_1_259' title='bbox 3412 1637 3800 1710; x_wconf 65' lang='grc' dir='ltr'><strong>ἐκελεύσθησαν</strong></span> 
     </span>
    </p>
   </div>
   <div class='ocr_carea' id='block_1_37' title="bbox 2150 1723 3802 1803">
    <p class='ocr_par' dir='ltr' id='par_1_37' title="bbox 2150 1723 3802 1803">
     <span class='ocr_line' id='line_1_37' title="bbox 2150 1723 3802 1803; baseline 0.004 -23"><span class='ocrx_word' id='word_1_260' title='bbox 2150 1725 2354 1803; x_wconf 91' lang='grc' dir='ltr'><strong>ἐγγίσαι</strong></span> <span class='ocrx_word' id='word_1_261' title='bbox 2386 1723 2443 1781; x_wconf 73' lang='grc' dir='ltr'><strong>δὲ</strong></span> <span class='ocrx_word' id='word_1_262' title='bbox 2476 1730 2712 1798; x_wconf 80' lang='grc' dir='ltr'><strong>Μωϋσῆς</strong></span> <span class='ocrx_word' id='word_1_263' title='bbox 2745 1727 2929 1801; x_wconf 82' lang='grc' dir='ltr'><strong>μόνος,</strong></span> <span class='ocrx_word' id='word_1_264' title='bbox 2973 1727 3036 1782; x_wconf 81' lang='grc' dir='ltr'>οὐ</span> <span class='ocrx_word' id='word_1_265' title='bbox 3090 1723 3437 1797; x_wconf 72' lang='grc' dir='ltr'><strong>συναναϐῆναι</strong></span> <span class='ocrx_word' id='word_1_266' title='bbox 3493 1726 3548 1783; x_wconf 71' lang='grc' dir='ltr'><strong>δὲ</strong></span> <span class='ocrx_word' id='word_1_267' title='bbox 3581 1729 3608 1783; x_wconf 80' lang='grc' dir='ltr'>ὁ</span> <span class='ocrx_word' id='word_1_268' title='bbox 3645 1727 3802 1792; x_wconf 90' lang='grc' dir='ltr'><strong>λαός.</strong></span> 
     </span>
    </p>
   </div>
   <div class='ocr_carea' id='block_1_38' title="bbox 2151 1815 3802 1892">
    <p class='ocr_par' dir='ltr' id='par_1_38' title="bbox 2151 1815 3802 1892">
     <span class='ocr_line' id='line_1_38' title="bbox 2151 1815 3802 1892; baseline 0.002 -22"><span class='ocrx_word' id='word_1_269' title='bbox 2151 1816 2249 1870; x_wconf 83' lang='grc' dir='ltr'><strong>Καὶ</strong></span> <span class='ocrx_word' id='word_1_270' title='bbox 2285 1817 2474 1892; x_wconf 87' lang='grc' dir='ltr'><strong>μικρὸν</strong></span> <span class='ocrx_word' id='word_1_271' title='bbox 2507 1817 2614 1892; x_wconf 87' lang='grc' dir='ltr'><strong>πρὸ</strong></span> <span class='ocrx_word' id='word_1_272' title='bbox 2661 1817 2891 1890; x_wconf 80' lang='grc' dir='ltr'><strong>τούτων,</strong></span> <span class='ocrx_word' id='word_1_273' title='bbox 2947 1817 3076 1880; x_wconf 78' lang='grc' dir='ltr'><strong>τοὺς</strong></span> <span class='ocrx_word' id='word_1_274' title='bbox 3122 1817 3217 1890; x_wconf 78' lang='grc' dir='ltr'><strong>μὶν</strong></span> <span class='ocrx_word' id='word_1_275' title='bbox 3271 1815 3474 1880; x_wconf 81' lang='grc' dir='ltr'><strong>ἄλλους</strong></span> <span class='ocrx_word' id='word_1_276' title='bbox 3511 1817 3802 1892; x_wconf 77' lang='grc' dir='ltr'><strong>ἀστραπαὶ,</strong></span> 
     </span>
    </p>
   </div>
   <div class='ocr_carea' id='block_1_39' title="bbox 2152 1904 3802 1982">
    <p class='ocr_par' dir='ltr' id='par_1_39' title="bbox 2152 1904 3802 1982">
     <span class='ocr_line' id='line_1_39' title="bbox 2152 1904 3802 1982; baseline 0.002 -24"><span class='ocrx_word' id='word_1_277' title='bbox 2152 1904 2242 1958; x_wconf 83' lang='grc' dir='ltr'><strong>καὶ</strong></span> <span class='ocrx_word' id='word_1_278' title='bbox 2293 1905 2533 1980; x_wconf 81' lang='grc' dir='ltr'><strong>βρονταὶ,</strong></span> <span class='ocrx_word' id='word_1_279' title='bbox 2581 1904 2669 1960; x_wconf 86' lang='grc' dir='ltr'><strong>καὶ</strong></span> <span class='ocrx_word' id='word_1_280' title='bbox 2721 1905 3041 1982; x_wconf 89' lang='grc' dir='ltr'><strong>σάλπιγγες,</strong></span> <span class='ocrx_word' id='word_1_281' title='bbox 3095 1906 3183 1960; x_wconf 87' lang='grc' dir='ltr'><strong>καὶ</strong></span> <span class='ocrx_word' id='word_1_282' title='bbox 3233 1904 3362 1961; x_wconf 77' lang='grc' dir='ltr'><strong>ὃλον</strong></span> <span class='ocrx_word' id='word_1_283' title='bbox 3412 1907 3802 1981; x_wconf 82' lang='grc' dir='ltr'><strong>καπνιζόμενον</strong></span> 
     </span>
    </p>
   </div>
   <div class='ocr_carea' id='block_1_40' title="bbox 2152 1992 3806 2072">
    <p class='ocr_par' dir='ltr' id='par_1_40' title="bbox 2152 1992 3806 2072">
     <span class='ocr_line' id='line_1_40' title="bbox 2152 1992 3806 2072; baseline 0.003 -24"><span class='ocrx_word' id='word_1_284' title='bbox 2152 1995 2214 2048; x_wconf 88' lang='grc' dir='ltr'><strong>τὸ</strong></span> <span class='ocrx_word' id='word_1_285' title='bbox 2275 1995 2422 2070; x_wconf 73' lang='grc' dir='ltr'><strong>ὅρος,</strong></span> <span class='ocrx_word' id='word_1_286' title='bbox 2472 1995 2562 2049; x_wconf 81' lang='grc' dir='ltr'><strong>καὶ</strong></span> <span class='ocrx_word' id='word_1_287' title='bbox 2614 1993 2835 2049; x_wconf 85' lang='grc' dir='ltr'><strong>ἀπειλαὶ</strong></span> <span class='ocrx_word' id='word_1_288' title='bbox 2895 1992 3212 2072; x_wconf 79' lang='grc' dir='ltr'><strong>φρικώδεις,</strong></span> <span class='ocrx_word' id='word_1_289' title='bbox 3243 1995 3332 2050; x_wconf 85' lang='grc' dir='ltr'><strong>καὶ</strong></span> <span class='ocrx_word' id='word_1_290' title='bbox 3363 2000 3584 2052; x_wconf 86' lang='grc' dir='ltr'><strong>τοιαῦτα</strong></span> <span class='ocrx_word' id='word_1_291' title='bbox 3617 1994 3806 2070; x_wconf 85' lang='grc' dir='ltr'><strong>δείμα-</strong></span> 
     </span>
    </p>
   </div>
   <div class='ocr_carea' id='block_1_41' title="bbox 2151 2082 3804 2158">
    <p class='ocr_par' dir='ltr' id='par_1_41' title="bbox 2151 2082 3804 2158">
     <span class='ocr_line' id='line_1_41' title="bbox 2151 2082 3804 2158; baseline 0.002 -21"><span class='ocrx_word' id='word_1_292' title='bbox 2151 2104 2216 2137; x_wconf 89' lang='grc' dir='ltr'><strong>τα</strong></span> <span class='ocrx_word' id='word_1_293' title='bbox 2247 2089 2366 2153; x_wconf 82' lang='grc' dir='ltr'><strong>ἵστη</strong></span> <span class='ocrx_word' id='word_1_294' title='bbox 2415 2085 2562 2137; x_wconf 89' lang='grc' dir='ltr'><strong>κάτω</strong></span> <span class='ocrx_word' id='word_1_295' title='bbox 2591 2102 2603 2114; x_wconf 79' lang='grc'><strong><em>⁸</em></strong></span> <span class='ocrx_word' id='word_1_296' title='bbox 2663 2084 2753 2137; x_wconf 82' lang='grc' dir='ltr'><strong>καὶ</strong></span> <span class='ocrx_word' id='word_1_297' title='bbox 2816 2085 2955 2158; x_wconf 68' lang='grc' dir='ltr'><strong>μέγα</strong></span> <span class='ocrx_word' id='word_1_298' title='bbox 2984 2086 3048 2152; x_wconf 74' lang='grc' dir='ltr'>ἧν</span> <span class='ocrx_word' id='word_1_299' title='bbox 3099 2082 3284 2146; x_wconf 82' lang='grc' dir='ltr'><strong>αὐτοῖς</strong></span> <span class='ocrx_word' id='word_1_300' title='bbox 3323 2083 3549 2139; x_wconf 84' lang='grc' dir='ltr'><strong>ἀκοῦσαι</strong></span> <span class='ocrx_word' id='word_1_301' title='bbox 3577 2092 3677 2155; x_wconf 81' lang='grc' dir='ltr'><strong>τῆς</strong></span> <span class='ocrx_word' id='word_1_302' title='bbox 3705 2091 3804 2141; x_wconf 90' lang='grc' dir='ltr'><strong>τοῦ</strong></span> 
     </span>
    </p>
   </div>
   <div class='ocr_carea' id='block_1_42' title="bbox 2154 2170 3802 2249">
    <p class='ocr_par' dir='ltr' id='par_1_42' title="bbox 2154 2170 3802 2249">
     <span class='ocr_line' id='line_1_42' title="bbox 2154 2170 3802 2249; baseline 0.002 -22"><span class='ocrx_word' id='word_1_303' title='bbox 2154 2177 2288 2227; x_wconf 92' lang='grc' dir='ltr'><strong>Θεοῦ</strong></span> <span class='ocrx_word' id='word_1_304' title='bbox 2346 2179 2532 2249; x_wconf 69' lang='grc' dir='ltr'><strong>φωνῆς</strong></span> <span class='ocrx_word' id='word_1_305' title='bbox 2585 2172 2773 2245; x_wconf 91' lang='grc' dir='ltr'><strong>μόνον,</strong></span> <span class='ocrx_word' id='word_1_306' title='bbox 2824 2172 3110 2227; x_wconf 84' lang='grc' dir='ltr'><strong>καὶταῦτα</strong></span> <span class='ocrx_word' id='word_1_307' title='bbox 3134 2170 3188 2226; x_wconf 76' lang='grc' dir='ltr'><strong>εὖ</strong></span> <span class='ocrx_word' id='word_1_308' title='bbox 3225 2172 3373 2246; x_wconf 85' lang='grc' dir='ltr'><strong>μάλα</strong></span> <span class='ocrx_word' id='word_1_309' title='bbox 3399 2174 3802 2249; x_wconf 82' lang='grc' dir='ltr'><strong>ἀγνισαμὲνοις.</strong></span> 
     </span>
    </p>
   </div>
   <div class='ocr_carea' id='block_1_43' title="bbox 2154 2259 3800 2339">
    <p class='ocr_par' dir='ltr' id='par_1_43' title="bbox 2154 2259 3800 2339">
     <span class='ocr_line' id='line_1_43' title="bbox 2154 2259 3800 2339; baseline 0.002 -23"><span class='ocrx_word' id='word_1_310' title='bbox 2154 2263 2394 2330; x_wconf 72' lang='grc' dir='ltr'><strong>Μωυσῆς</strong></span> <span class='ocrx_word' id='word_1_311' title='bbox 2445 2259 2503 2315; x_wconf 71' lang='grc' dir='ltr'><strong>δὲ</strong></span> <span class='ocrx_word' id='word_1_312' title='bbox 2544 2261 2635 2315; x_wconf 84' lang='grc' dir='ltr'><strong>καὶ</strong></span> <span class='ocrx_word' id='word_1_313' title='bbox 2694 2262 2885 2328; x_wconf 78' lang='grc' dir='ltr'><strong>ἄνεισι,</strong></span> <span class='ocrx_word' id='word_1_314' title='bbox 2937 2261 3026 2314; x_wconf 85' lang='grc' dir='ltr'><strong>καὶ</strong></span> <span class='ocrx_word' id='word_1_315' title='bbox 3054 2268 3153 2329; x_wconf 84' lang='grc' dir='ltr'><strong>τῆς</strong></span> <span class='ocrx_word' id='word_1_316' title='bbox 3188 2259 3421 2339; x_wconf 73' lang='grc' dir='ltr'><strong>νεφέλης</strong></span> <span class='ocrx_word' id='word_1_317' title='bbox 3451 2260 3579 2317; x_wconf 73' lang='grc' dir='ltr'><strong>ε’ίσω</strong></span> <span class='ocrx_word' id='word_1_318' title='bbox 3605 2269 3800 2339; x_wconf 83' lang='grc' dir='ltr'><strong>χωρεῖ.</strong></span> 
     </span>
    </p>
   </div>
   <div class='ocr_carea' id='block_1_44' title="bbox 2153 2347 3804 2426">
    <p class='ocr_par' dir='ltr' id='par_1_44' title="bbox 2153 2347 3804 2426">
     <span class='ocr_line' id='line_1_44' title="bbox 2153 2347 3804 2426; baseline 0.002 -22"><span class='ocrx_word' id='word_1_319' title='bbox 2153 2351 2240 2404; x_wconf 90' lang='grc' dir='ltr'><strong>καὶ</strong></span> <span class='ocrx_word' id='word_1_320' title='bbox 2272 2351 2388 2422; x_wconf 87' lang='grc' dir='ltr'><strong>Θεῷ</strong></span> <span class='ocrx_word' id='word_1_321' title='bbox 2421 2349 2741 2426; x_wconf 85' lang='grc' dir='ltr'><strong>συγγίνεται,</strong></span> <span class='ocrx_word' id='word_1_322' title='bbox 2772 2351 2860 2404; x_wconf 83' lang='grc' dir='ltr'><strong>καὶ</strong></span> <span class='ocrx_word' id='word_1_323' title='bbox 2895 2347 3110 2425; x_wconf 68' lang='grc' dir='ltr'><strong>δέχεται</strong></span> <span class='ocrx_word' id='word_1_324' title='bbox 3148 2348 3342 2422; x_wconf 91' lang='grc' dir='ltr'><strong>νόμον,</strong></span> <span class='ocrx_word' id='word_1_325' title='bbox 3372 2356 3490 2414; x_wconf 85' lang='grc' dir='ltr'><strong>τοῖς</strong></span> <span class='ocrx_word' id='word_1_326' title='bbox 3525 2353 3619 2424; x_wconf 76' lang='grc' dir='ltr'><strong>μὲν</strong></span> <span class='ocrx_word' id='word_1_327' title='bbox 3666 2353 3804 2408; x_wconf 85' lang='grc' dir='ltr'><strong>πολ-</strong></span> 
     </span>
    </p>
   </div>
   <div class='ocr_carea' id='block_1_45' title="bbox 2155 2436 3804 2515">
    <p class='ocr_par' dir='ltr' id='par_1_45' title="bbox 2155 2436 3804 2515">
     <span class='ocr_line' id='line_1_45' title="bbox 2155 2436 3804 2515; baseline 0.002 -22"><span class='ocrx_word' id='word_1_328' title='bbox 2155 2438 2274 2500; x_wconf 85' lang='grc' dir='ltr'><strong>λοῖς</strong></span> <span class='ocrx_word' id='word_1_329' title='bbox 2323 2440 2412 2494; x_wconf 87' lang='grc' dir='ltr'><strong>τὸν</strong></span> <span class='ocrx_word' id='word_1_330' title='bbox 2462 2443 2558 2494; x_wconf 89' lang='grc' dir='ltr'><strong>τοῦ</strong></span> <span class='ocrx_word' id='word_1_331' title='bbox 2600 2438 2945 2513; x_wconf 79' lang='grc' dir='ltr'><strong>γράμματος,</strong></span> <span class='ocrx_word' id='word_1_332' title='bbox 3001 2445 3116 2502; x_wconf 86' lang='grc' dir='ltr'><strong>τοῖς</strong></span> <span class='ocrx_word' id='word_1_333' title='bbox 3149 2436 3206 2494; x_wconf 71' lang='grc' dir='ltr'><strong>δέ</strong></span> <span class='ocrx_word' id='word_1_334' title='bbox 3238 2439 3368 2515; x_wconf 74' lang='grc' dir='ltr'><strong>ὑπὲρ</strong></span> <span class='ocrx_word' id='word_1_335' title='bbox 3395 2439 3522 2504; x_wconf 82' lang='grc' dir='ltr'><strong>τοὺς</strong></span> <span class='ocrx_word' id='word_1_336' title='bbox 3554 2439 3804 2505; x_wconf 73' lang='grc' dir='ltr'><strong>πολλοὺς</strong></span> 
     </span>
    </p>
   </div>
   <div class='ocr_carea' id='block_1_46' title="bbox 2152 2529 2734 2601">
    <p class='ocr_par' dir='ltr' id='par_1_46' title="bbox 2152 2529 2734 2601">
     <span class='ocr_line' id='line_1_46' title="bbox 2152 2529 2734 2601; baseline 0.003 -19"><span class='ocrx_word' id='word_1_337' title='bbox 2152 2529 2242 2582; x_wconf 86' lang='grc' dir='ltr'><strong>τὸν</strong></span> <span class='ocrx_word' id='word_1_338' title='bbox 2273 2533 2373 2583; x_wconf 86' lang='grc' dir='ltr'><strong>τοῦ</strong></span> <span class='ocrx_word' id='word_1_339' title='bbox 2405 2529 2734 2601; x_wconf 84' lang='grc' dir='ltr'><strong>πνεύματος.</strong></span> 
     </span>
    </p>
   </div>
   <div class='ocr_carea' id='block_1_47' title="bbox 384 2617 3808 2693">
    <p class='ocr_par' dir='ltr' id='par_1_47' title="bbox 384 2617 3808 2693">
     <span class='ocr_line' id='line_1_47' title="bbox 384 2617 3808 2693; baseline 0 -16"><span class='ocrx_word' id='word_1_340' title='bbox 384 2622 545 2678; x_wconf 89' lang='lat' dir='ltr'><strong>omni</strong></span> <span class='ocrx_word' id='word_1_341' title='bbox 596 2621 726 2676; x_wconf 90' lang='lat' dir='ltr'><strong>labe</strong></span> <span class='ocrx_word' id='word_1_342' title='bbox 774 2624 1111 2692; x_wconf 82' lang='lat' dir='ltr'><strong>purgarent.</strong></span> <span class='ocrx_word' id='word_1_343' title='bbox 1166 2623 1239 2672; x_wconf 77' lang='lat' dir='ltr'><strong>At</strong></span> <span class='ocrx_word' id='word_1_344' title='bbox 1287 2619 1536 2689; x_wconf 87' lang='lat' dir='ltr'><strong>Moyses,</strong></span> <span class='ocrx_word' id='word_1_345' title='bbox 1569 2624 1627 2673; x_wconf 92' lang='lat' dir='ltr'><strong>et</strong></span> <span class='ocrx_word' id='word_1_346' title='bbox 1657 2619 1943 2684; x_wconf 84' lang='lat' dir='ltr'><strong>ascendit,</strong></span> <span class='ocrx_word' id='word_1_347' title='bbox 1975 2623 2032 2674; x_wconf 91' lang='lat' dir='ltr'><strong>et</strong></span> <span class='ocrx_word' id='word_1_348' title='bbox 2061 2619 2276 2674; x_wconf 90' lang='lat' dir='ltr'><strong>nubem</strong></span> <span class='ocrx_word' id='word_1_349' title='bbox 2330 2623 2614 2690; x_wconf 88' lang='lat' dir='ltr'><strong>penetrat,</strong></span> <span class='ocrx_word' id='word_1_350' title='bbox 2645 2623 2702 2673; x_wconf 91' lang='lat' dir='ltr'><strong>et</strong></span> <span class='ocrx_word' id='word_1_351' title='bbox 2733 2635 2868 2674; x_wconf 90' lang='lat' dir='ltr'><strong>cum</strong></span> <span class='ocrx_word' id='word_1_352' title='bbox 2918 2617 3035 2674; x_wconf 90' lang='lat' dir='ltr'><strong>Deo</strong></span> <span class='ocrx_word' id='word_1_353' title='bbox 3085 2620 3482 2692; x_wconf 80' lang='lat' dir='ltr'><strong>congreditur,</strong></span> <span class='ocrx_word' id='word_1_354' title='bbox 3515 2625 3573 2676; x_wconf 91' lang='lat' dir='ltr'><strong>st</strong></span> <span class='ocrx_word' id='word_1_355' title='bbox 3621 2621 3808 2693; x_wconf 88' lang='lat' dir='ltr'><strong>legem</strong></span> 
     </span>
    </p>
   </div>
   <div class='ocr_carea' id='block_1_48' title="bbox 382 2707 3812 2797">
    <p class='ocr_par' dir='ltr' id='par_1_48' title="bbox 382 2707 3812 2797">
     <span class='ocr_line' id='line_1_48' title="bbox 382 2707 3812 2797; baseline -0.001 -29"><span class='ocrx_word' id='word_1_356' title='bbox 382 2711 616 2783; x_wconf 90' lang='lat' dir='ltr'><strong>accipit,</strong></span> <span class='ocrx_word' id='word_1_357' title='bbox 660 2710 732 2765; x_wconf 90' lang='lat' dir='ltr'><strong>iis</strong></span> <span class='ocrx_word' id='word_1_358' title='bbox 781 2710 1041 2780; x_wconf 89' lang='lat' dir='ltr'><strong>quidem,</strong></span> <span class='ocrx_word' id='word_1_359' title='bbox 1077 2709 1178 2780; x_wconf 91' lang='lat' dir='ltr'><strong>qui</strong></span> <span class='ocrx_word' id='word_1_360' title='bbox 1228 2725 1256 2764; x_wconf 90' lang='lat' dir='ltr'><strong>e</strong></span> <span class='ocrx_word' id='word_1_361' title='bbox 1305 2707 1480 2779; x_wconf 88' lang='lat' dir='ltr'><strong>vulgo</strong></span> <span class='ocrx_word' id='word_1_362' title='bbox 1537 2713 1697 2777; x_wconf 90' lang='lat' dir='ltr'><strong>sunt,</strong></span> <span class='ocrx_word' id='word_1_363' title='bbox 1747 2707 2081 2775; x_wconf 88' lang='lat' dir='ltr'><strong>litteralem,</strong></span> <span class='ocrx_word' id='word_1_364' title='bbox 2134 2709 2206 2764; x_wconf 90' lang='lat' dir='ltr'><strong>iis</strong></span> <span class='ocrx_word' id='word_1_365' title='bbox 2254 2715 2472 2776; x_wconf 88' lang='lat' dir='ltr'><strong>autem,</strong></span> <span class='ocrx_word' id='word_1_366' title='bbox 2507 2709 2607 2780; x_wconf 88' lang='lat' dir='ltr'><strong>qui</strong></span> <span class='ocrx_word' id='word_1_367' title='bbox 2659 2725 2840 2780; x_wconf 88' lang='lat' dir='ltr'><strong>supra</strong></span> <span class='ocrx_word' id='word_1_368' title='bbox 2887 2708 3494 2797; x_wconf 32' lang='lat' dir='ltr'><strong>vulgus3assurgunt,</strong></span> <span class='ocrx_word' id='word_1_369' title='bbox 3527 2711 3812 2783; x_wconf 85' lang='lat' dir='ltr'><strong>spiritua-</strong></span> 
     </span>
    </p>
   </div>
   <div class='ocr_carea' id='block_1_49' title="bbox 381 2801 518 2858">
    <p class='ocr_par' dir='ltr' id='par_1_49' title="bbox 381 2801 518 2858">
     <span class='ocr_line' id='line_1_49' title="bbox 381 2801 518 2858; baseline -0.022 0"><span class='ocrx_word' id='word_1_370' title='bbox 381 2801 518 2858; x_wconf 89' lang='lat' dir='ltr'><strong>lem.</strong></span> 
     </span>
    </p>
   </div>
   <div class='ocr_carea' id='block_1_50' title="bbox 456 2885 2112 2958">
    <p class='ocr_par' dir='ltr' id='par_1_50' title="bbox 456 2885 2112 2958">
     <span class='ocr_line' id='line_1_50' title="bbox 456 2885 2112 2958; baseline -0.003 -14"><span class='ocrx_word' id='word_1_371' title='bbox 456 2889 551 2944; x_wconf 92' lang='lat' dir='ltr'><strong>III.</strong></span> <span class='ocrx_word' id='word_1_372' title='bbox 576 2890 724 2944; x_wconf 92' lang='lat' dir='ltr'><strong>Tum</strong></span> <span class='ocrx_word' id='word_1_373' title='bbox 749 2889 926 2943; x_wconf 90' lang='lat' dir='ltr'><strong>etiam</strong></span> <span class='ocrx_word' id='word_1_374' title='bbox 956 2886 1296 2958; x_wconf 93' lang='lat' dir='ltr'><strong>illud,quod</strong></span> <span class='ocrx_word' id='word_1_375' title='bbox 1319 2885 1444 2940; x_wconf 89' lang='lat' dir='ltr'><strong>Heli</strong></span> <span class='ocrx_word' id='word_1_376' title='bbox 1467 2886 1753 2941; x_wconf 90' lang='lat' dir='ltr'><strong>sacerdoti</strong></span> <span class='ocrx_word' id='word_1_377' title='bbox 1775 2886 1838 2952; x_wconf 73' lang='lat'><strong>“,</strong></span> <span class='ocrx_word' id='word_1_378' title='bbox 1865 2890 2038 2956; x_wconf 89' lang='lat' dir='ltr'><strong>atque</strong></span> <span class='ocrx_word' id='word_1_379' title='bbox 2069 2891 2112 2957; x_wconf 71' lang='grc' dir='ltr'>α</span> 
     </span>
    </p>
   </div>
   <div class='ocr_carea' id='block_1_51' title="bbox 383 2975 2040 3050">
    <p class='ocr_par' dir='ltr' id='par_1_51' title="bbox 383 2975 2040 3050">
     <span class='ocr_line' id='line_1_51' title="bbox 383 2975 2040 3050; baseline -0.005 -14"><span class='ocrx_word' id='word_1_380' title='bbox 383 2978 682 3050; x_wconf 86' lang='lat' dir='ltr'><strong>aliquanto</strong></span> <span class='ocrx_word' id='word_1_381' title='bbox 713 2982 846 3050; x_wconf 88' lang='lat' dir='ltr'><strong>post</strong></span> <span class='ocrx_word' id='word_1_382' title='bbox 874 2978 998 3032; x_wconf 70' lang='lat' dir='ltr'><strong>Osee</strong></span> <span class='ocrx_word' id='word_1_383' title='bbox 1019 2977 1064 3011; x_wconf 79' lang='grc'>²⁵</span> <span class='ocrx_word' id='word_1_384' title='bbox 1101 2976 1334 3044; x_wconf 90' lang='lat' dir='ltr'><strong>accidit,</strong></span> <span class='ocrx_word' id='word_1_385' title='bbox 1358 2975 1659 3046; x_wconf 89' lang='lat' dir='ltr'><strong>cognitum</strong></span> <span class='ocrx_word' id='word_1_386' title='bbox 1693 2981 1750 3029; x_wconf 93' lang='lat' dir='ltr'><strong>et</strong></span> <span class='ocrx_word' id='word_1_387' title='bbox 1778 2975 2040 3047; x_wconf 81' lang='lat' dir='ltr'><strong>explora-</strong></span> 
     </span>
    </p>
   </div>
   <div class='ocr_carea' id='block_1_52' title="bbox 385 3062 2039 3136">
    <p class='ocr_par' dir='ltr' id='par_1_52' title="bbox 385 3062 2039 3136">
     <span class='ocr_line' id='line_1_52' title="bbox 385 3062 2039 3136; baseline -0.002 -14"><span class='ocrx_word' id='word_1_388' title='bbox 385 3071 583 3123; x_wconf 82' lang='lat' dir='ltr'><strong>ratum</strong></span> <span class='ocrx_word' id='word_1_389' title='bbox 618 3066 805 3122; x_wconf 88' lang='lat' dir='ltr'><strong>habeo</strong></span> <span class='ocrx_word' id='word_1_390' title='bbox 852 3083 864 3121; x_wconf 92' lang='lat'>:</span> <span class='ocrx_word' id='word_1_391' title='bbox 912 3082 1159 3136; x_wconf 88' lang='lat' dir='ltr'><strong>quorum</strong></span> <span class='ocrx_word' id='word_1_392' title='bbox 1206 3063 1353 3120; x_wconf 89' lang='lat' dir='ltr'><strong>alter</strong></span> <span class='ocrx_word' id='word_1_393' title='bbox 1382 3062 1620 3120; x_wconf 90' lang='lat' dir='ltr'><strong>sceleris</strong></span> <span class='ocrx_word' id='word_1_394' title='bbox 1650 3063 1823 3118; x_wconf 62' lang='lat' dir='ltr'><strong>etiam</strong></span> <span class='ocrx_word' id='word_1_395' title='bbox 1859 3065 2039 3131; x_wconf 88' lang='lat' dir='ltr'><strong>illius,</strong></span> 
     </span>
    </p>
   </div>
   <div class='ocr_carea' id='block_1_53' title="bbox 387 3153 2043 3227">
    <p class='ocr_par' dir='ltr' id='par_1_53' title="bbox 387 3153 2043 3227">
     <span class='ocr_line' id='line_1_53' title="bbox 387 3153 2043 3227; baseline 0 -17"><span class='ocrx_word' id='word_1_396' title='bbox 387 3157 543 3227; x_wconf 89' lang='lat' dir='ltr'><strong>quod</strong></span> <span class='ocrx_word' id='word_1_397' title='bbox 577 3155 681 3209; x_wconf 81' lang='lat' dir='ltr'><strong>ﬁlii</strong></span> <span class='ocrx_word' id='word_1_398' title='bbox 713 3156 990 3210; x_wconf 88' lang='lat' dir='ltr'><strong>adversus</strong></span> <span class='ocrx_word' id='word_1_399' title='bbox 1026 3153 1313 3210; x_wconf 83' lang='lat' dir='ltr'><strong>sacriﬁcia</strong></span> <span class='ocrx_word' id='word_1_400' title='bbox 1343 3153 1807 3220; x_wconf 83' lang='lat' dir='ltr'><strong>committebant,</strong></span> <span class='ocrx_word' id='word_1_401' title='bbox 1843 3170 2043 3225; x_wconf 86' lang='lat' dir='ltr'><strong>poenas</strong></span> 
     </span>
    </p>
   </div>
   <div class='ocr_carea' id='block_1_54' title="bbox 376 3243 2042 3315">
    <p class='ocr_par' dir='ltr' id='par_1_54' title="bbox 376 3243 2042 3315">
     <span class='ocr_line' id='line_1_54' title="bbox 376 3243 2042 3315; baseline -0.001 -15"><span class='ocrx_word' id='word_1_402' title='bbox 376 3244 583 3311; x_wconf 89' lang='lat' dir='ltr'><strong>solvit,</strong></span> <span class='ocrx_word' id='word_1_403' title='bbox 607 3243 784 3315; x_wconf 90' lang='lat' dir='ltr'><strong>idque</strong></span> <span class='ocrx_word' id='word_1_404' title='bbox 805 3259 937 3299; x_wconf 91' lang='lat' dir='ltr'><strong>cum</strong></span> <span class='ocrx_word' id='word_1_405' title='bbox 960 3259 1161 3298; x_wconf 89' lang='lat' dir='ltr'><strong>eorum</strong></span> <span class='ocrx_word' id='word_1_406' title='bbox 1194 3243 1555 3314; x_wconf 86' lang='lat' dir='ltr'><strong>impietatem</strong></span> <span class='ocrx_word' id='word_1_407' title='bbox 1588 3259 1701 3297; x_wconf 93' lang='lat' dir='ltr'><strong>non</strong></span> <span class='ocrx_word' id='word_1_408' title='bbox 1731 3244 1904 3298; x_wconf 88' lang='lat' dir='ltr'><strong>modo</strong></span> <span class='ocrx_word' id='word_1_409' title='bbox 1927 3260 2042 3298; x_wconf 92' lang='lat' dir='ltr'><strong>non</strong></span> 
     </span>
    </p>
   </div>
   <div class='ocr_carea' id='block_1_55' title="bbox 387 3331 2043 3406">
    <p class='ocr_par' dir='ltr' id='par_1_55' title="bbox 387 3331 2043 3406">
     <span class='ocr_line' id='line_1_55' title="bbox 387 3331 2043 3406; baseline 0 -18"><span class='ocrx_word' id='word_1_410' title='bbox 387 3333 714 3406; x_wconf 83' lang='lat' dir='ltr'><strong>probasset,</strong></span> <span class='ocrx_word' id='word_1_411' title='bbox 746 3349 948 3388; x_wconf 85' lang='lat' dir='ltr'><strong>verum</strong></span> <span class='ocrx_word' id='word_1_412' title='bbox 997 3331 1173 3388; x_wconf 89' lang='lat' dir='ltr'><strong>etiam</strong></span> <span class='ocrx_word' id='word_1_413' title='bbox 1223 3331 1480 3387; x_wconf 89' lang='lat' dir='ltr'><strong>multum</strong></span> <span class='ocrx_word' id='word_1_414' title='bbox 1528 3348 1593 3386; x_wconf 88' lang='lat' dir='ltr'><strong>ac</strong></span> <span class='ocrx_word' id='word_1_415' title='bbox 1643 3347 2043 3404; x_wconf 65' lang='lat' dir='ltr'><strong>saepenumero</strong></span> 
     </span>
    </p>
   </div>
   <div class='ocr_carea' id='block_1_56' title="bbox 387 3420 2042 3496">
    <p class='ocr_par' dir='ltr' id='par_1_56' title="bbox 387 3420 2042 3496">
     <span class='ocr_line' id='line_1_56' title="bbox 387 3420 2042 3496; baseline -0.002 -17"><span class='ocrx_word' id='word_1_416' title='bbox 387 3424 549 3496; x_wconf 89' lang='lat' dir='ltr'><strong>ipsos</strong></span> <span class='ocrx_word' id='word_1_417' title='bbox 579 3423 690 3478; x_wconf 89' lang='lat' dir='ltr'><strong>hoc</strong></span> <span class='ocrx_word' id='word_1_418' title='bbox 720 3421 958 3478; x_wconf 90' lang='lat' dir='ltr'><strong>nomine</strong></span> <span class='ocrx_word' id='word_1_419' title='bbox 1003 3421 1403 3492; x_wconf 87' lang='lat' dir='ltr'><strong>objurgasset;</strong></span> <span class='ocrx_word' id='word_1_420' title='bbox 1440 3420 1604 3489; x_wconf 87' lang='lat' dir='ltr'><strong>alter,</strong></span> <span class='ocrx_word' id='word_1_421' title='bbox 1638 3422 1793 3492; x_wconf 91' lang='lat' dir='ltr'><strong>quod</strong></span> <span class='ocrx_word' id='word_1_422' title='bbox 1846 3438 2042 3476; x_wconf 89' lang='lat' dir='ltr'><strong>arcam</strong></span> 
     </span>
    </p>
   </div>
   <div class='ocr_carea' id='block_1_57' title="bbox 383 3511 2041 3582">
    <p class='ocr_par' dir='ltr' id='par_1_57' title="bbox 383 3511 2041 3582">
     <span class='ocr_line' id='line_1_57' title="bbox 383 3511 2041 3582; baseline -0.002 -13"><span class='ocrx_word' id='word_1_423' title='bbox 383 3512 580 3570; x_wconf 87' lang='lat' dir='ltr'><strong>solum</strong></span> <span class='ocrx_word' id='word_1_424' title='bbox 612 3529 647 3568; x_wconf 92' lang='lat' dir='ltr'><strong>a</strong></span> <span class='ocrx_word' id='word_1_425' title='bbox 672 3512 816 3567; x_wconf 89' lang='lat' dir='ltr'><strong>bove</strong></span> <span class='ocrx_word' id='word_1_426' title='bbox 837 3511 1205 3576; x_wconf 88' lang='lat' dir='ltr'><strong>distractam,</strong></span> <span class='ocrx_word' id='word_1_427' title='bbox 1229 3515 1468 3582; x_wconf 90' lang='lat' dir='ltr'><strong>tangere</strong></span> <span class='ocrx_word' id='word_1_428' title='bbox 1498 3526 1680 3565; x_wconf 88' lang='lat' dir='ltr'><strong>ausus</strong></span> <span class='ocrx_word' id='word_1_429' title='bbox 1701 3517 1885 3578; x_wconf 87' lang='lat' dir='ltr'><strong>esset;</strong></span> <span class='ocrx_word' id='word_1_430' title='bbox 1913 3528 2041 3567; x_wconf 86' lang='lat' dir='ltr'><strong>eam</strong></span> 
     </span>
    </p>
   </div>
   <div class='ocr_carea' id='block_1_58' title="bbox 387 3598 2044 3675">
    <p class='ocr_par' dir='ltr' id='par_1_58' title="bbox 387 3598 2044 3675">
     <span class='ocr_line' id='line_1_58' title="bbox 387 3598 2044 3675; baseline -0.001 -18"><span class='ocrx_word' id='word_1_431' title='bbox 387 3602 629 3675; x_wconf 88' lang='lat' dir='ltr'><strong>quidem</strong></span> <span class='ocrx_word' id='word_1_432' title='bbox 677 3599 1032 3655; x_wconf 90' lang='lat' dir='ltr'><strong>incolumem</strong></span> <span class='ocrx_word' id='word_1_433' title='bbox 1068 3599 1340 3665; x_wconf 87' lang='lat' dir='ltr'><strong>servavit,</strong></span> <span class='ocrx_word' id='word_1_434' title='bbox 1362 3599 1487 3669; x_wconf 89' lang='lat' dir='ltr'><strong>ipse</strong></span> <span class='ocrx_word' id='word_1_435' title='bbox 1505 3615 1639 3653; x_wconf 92' lang='lat' dir='ltr'><strong>vero</strong></span> <span class='ocrx_word' id='word_1_436' title='bbox 1671 3598 1926 3667; x_wconf 87' lang='lat' dir='ltr'><strong>interiit;</strong></span> <span class='ocrx_word' id='word_1_437' title='bbox 1960 3601 2044 3655; x_wconf 89' lang='lat' dir='ltr'><strong>sic</strong></span> 
     </span>
    </p>
   </div>
   <div class='ocr_carea' id='block_1_59' title="bbox 385 3689 2042 3748">
    <p class='ocr_par' dir='ltr' id='par_1_59' title="bbox 385 3689 2042 3748">
     <span class='ocr_line' id='line_1_59' title="bbox 385 3689 2042 3748; baseline -0.002 -1"><span class='ocrx_word' id='word_1_438' title='bbox 385 3691 670 3748; x_wconf 87' lang='lat' dir='ltr'><strong>nimirum</strong></span> <span class='ocrx_word' id='word_1_439' title='bbox 728 3695 876 3744; x_wconf 86' lang='lat' dir='ltr'><strong>Deus</strong></span> <span class='ocrx_word' id='word_1_440' title='bbox 924 3689 1355 3744; x_wconf 85' lang='lat' dir='ltr'><strong>venerationem</strong></span> <span class='ocrx_word' id='word_1_441' title='bbox 1420 3705 1566 3743; x_wconf 74' lang='lat' dir='ltr'><strong>arcas</strong></span> <span class='ocrx_word' id='word_1_442' title='bbox 1617 3705 1734 3744; x_wconf 65' lang='lat' dir='ltr'><strong>suae</strong></span> <span class='ocrx_word' id='word_1_443' title='bbox 1784 3689 2042 3744; x_wconf 89' lang='lat' dir='ltr'><strong>debitam</strong></span> 
     </span>
    </p>
   </div>
   <div class='ocr_carea' id='block_1_60' title="bbox 385 3776 2043 3849">
    <p class='ocr_par' dir='ltr' id='par_1_60' title="bbox 385 3776 2043 3849">
     <span class='ocr_line' id='line_1_60' title="bbox 385 3776 2043 3849; baseline -0.002 -13"><span class='ocrx_word' id='word_1_444' title='bbox 385 3781 680 3836; x_wconf 85' lang='lat' dir='ltr'><strong>tuebatur.</strong></span> <span class='ocrx_word' id='word_1_445' title='bbox 706 3780 855 3842; x_wconf 90' lang='lat' dir='ltr'><strong>Quin</strong></span> <span class='ocrx_word' id='word_1_446' title='bbox 889 3778 1028 3832; x_wconf 81' lang='lat' dir='ltr'><strong>illud</strong></span> <span class='ocrx_word' id='word_1_447' title='bbox 1065 3794 1299 3848; x_wconf 90' lang='lat' dir='ltr'><strong>quoque</strong></span> <span class='ocrx_word' id='word_1_448' title='bbox 1341 3776 1485 3831; x_wconf 90' lang='lat' dir='ltr'><strong>mihi</strong></span> <span class='ocrx_word' id='word_1_449' title='bbox 1528 3783 1898 3849; x_wconf 86' lang='lat' dir='ltr'><strong>perspectum</strong></span> <span class='ocrx_word' id='word_1_450' title='bbox 1935 3783 2043 3848; x_wconf 88' lang='lat' dir='ltr'><strong>est,</strong></span> 
     </span>
    </p>
   </div>
   <div class='ocr_carea' id='block_1_61' title="bbox 376 3865 2046 3940">
    <p class='ocr_par' dir='ltr' id='par_1_61' title="bbox 376 3865 2046 3940">
     <span class='ocr_line' id='line_1_61' title="bbox 376 3865 2046 3940; baseline -0.002 -15"><span class='ocrx_word' id='word_1_451' title='bbox 376 3886 460 3925; x_wconf 77' lang='lat' dir='ltr'><strong>ne</strong></span> <span class='ocrx_word' id='word_1_452' title='bbox 490 3869 741 3940; x_wconf 88' lang='lat' dir='ltr'><strong>parietes</strong></span> <span class='ocrx_word' id='word_1_453' title='bbox 773 3868 1012 3938; x_wconf 89' lang='lat' dir='ltr'><strong>quidem</strong></span> <span class='ocrx_word' id='word_1_454' title='bbox 1055 3865 1256 3937; x_wconf 89' lang='lat' dir='ltr'><strong>templi</strong></span> <span class='ocrx_word' id='word_1_455' title='bbox 1301 3868 1645 3938; x_wconf 70' lang='lat' dir='ltr'><strong>promiscuae</strong></span> <span class='ocrx_word' id='word_1_456' title='bbox 1677 3866 2046 3922; x_wconf 91' lang='lat' dir='ltr'><strong>multitudini</strong></span> 
     </span>
    </p>
   </div>
   <div class='ocr_carea' id='block_1_62' title="bbox 388 3955 2046 4030">
    <p class='ocr_par' dir='ltr' id='par_1_62' title="bbox 388 3955 2046 4030">
     <span class='ocr_line' id='line_1_62' title="bbox 388 3955 2046 4030; baseline -0.002 -15"><span class='ocrx_word' id='word_1_457' title='bbox 388 3958 727 4030; x_wconf 82' lang='lat' dir='ltr'><strong>contingere</strong></span> <span class='ocrx_word' id='word_1_458' title='bbox 787 3955 1059 4022; x_wconf 89' lang='lat' dir='ltr'><strong>licuisse,</strong></span> <span class='ocrx_word' id='word_1_459' title='bbox 1119 3971 1303 4026; x_wconf 89' lang='lat' dir='ltr'><strong>eaque</strong></span> <span class='ocrx_word' id='word_1_460' title='bbox 1359 3955 1430 4010; x_wconf 92' lang='lat' dir='ltr'><strong>de</strong></span> <span class='ocrx_word' id='word_1_461' title='bbox 1482 3972 1662 4010; x_wconf 89' lang='lat' dir='ltr'><strong>causa</strong></span> <span class='ocrx_word' id='word_1_462' title='bbox 1721 3956 2046 4027; x_wconf 88' lang='lat' dir='ltr'><strong>parietibus</strong></span> 
     </span>
    </p>
   </div>
   <div class='ocr_carea' id='block_1_63' title="bbox 380 4044 2046 4117">
    <p class='ocr_par' dir='ltr' id='par_1_63' title="bbox 380 4044 2046 4117">
     <span class='ocr_line' id='line_1_63' title="bbox 380 4044 2046 4117; baseline -0.002 -14"><span class='ocrx_word' id='word_1_463' title='bbox 380 4047 546 4115; x_wconf 82' lang='lat' dir='ltr'><strong>aliis,</strong></span> <span class='ocrx_word' id='word_1_464' title='bbox 579 4047 796 4117; x_wconf 90' lang='lat' dir='ltr'><strong>quibus</strong></span> <span class='ocrx_word' id='word_1_465' title='bbox 835 4045 918 4099; x_wconf 94' lang='lat' dir='ltr'><strong>illi</strong></span> <span class='ocrx_word' id='word_1_466' title='bbox 952 4045 1352 4116; x_wconf 88' lang='lat' dir='ltr'><strong>cingerentur,</strong></span> <span class='ocrx_word' id='word_1_467' title='bbox 1385 4060 1533 4114; x_wconf 89' lang='lat' dir='ltr'><strong>opus</strong></span> <span class='ocrx_word' id='word_1_468' title='bbox 1564 4044 1779 4100; x_wconf 81' lang='lat' dir='ltr'><strong>fuisse:</strong></span> <span class='ocrx_word' id='word_1_469' title='bbox 1817 4062 1921 4100; x_wconf 90' lang='lat' dir='ltr'><strong>nec</strong></span> <span class='ocrx_word' id='word_1_470' title='bbox 1951 4062 2046 4101; x_wconf 89' lang='lat' dir='ltr'><strong>sa-</strong></span> 
     </span>
    </p>
   </div>
   <div class='ocr_carea' id='block_1_64' title="bbox 390 4134 2044 4207">
    <p class='ocr_par' dir='ltr' id='par_1_64' title="bbox 390 4134 2044 4207">
     <span class='ocr_line' id='line_1_64' title="bbox 390 4134 2044 4207; baseline -0.001 -16"><span class='ocrx_word' id='word_1_471' title='bbox 390 4135 610 4192; x_wconf 80' lang='lat' dir='ltr'><strong>criﬁcia</strong></span> <span class='ocrx_word' id='word_1_472' title='bbox 665 4135 795 4207; x_wconf 91' lang='lat' dir='ltr'><strong>ipsa</strong></span> <span class='ocrx_word' id='word_1_473' title='bbox 838 4151 871 4189; x_wconf 88' lang='lat' dir='ltr'><strong>a</strong></span> <span class='ocrx_word' id='word_1_474' title='bbox 917 4135 1156 4206; x_wconf 92' lang='lat' dir='ltr'><strong>quibus,</strong></span> <span class='ocrx_word' id='word_1_475' title='bbox 1188 4139 1290 4188; x_wconf 88' lang='lat' dir='ltr'><strong>aut</strong></span> <span class='ocrx_word' id='word_1_476' title='bbox 1337 4135 1594 4204; x_wconf 84' lang='lat' dir='ltr'><strong>quando,</strong></span> <span class='ocrx_word' id='word_1_477' title='bbox 1629 4139 1731 4188; x_wconf 89' lang='lat' dir='ltr'><strong>aut</strong></span> <span class='ocrx_word' id='word_1_478' title='bbox 1778 4134 1878 4188; x_wconf 93' lang='lat' dir='ltr'><strong>ubi</strong></span> <span class='ocrx_word' id='word_1_479' title='bbox 1930 4150 2044 4189; x_wconf 88' lang='lat' dir='ltr'><strong>non</strong></span> 
     </span>
    </p>
   </div>
   <div class='ocr_carea' id='block_1_65' title="bbox 375 4221 2044 4294">
    <p class='ocr_par' dir='ltr' id='par_1_65' title="bbox 375 4221 2044 4294">
     <span class='ocr_line' id='line_1_65' title="bbox 375 4221 2044 4294; baseline -0.002 -13"><span class='ocrx_word' id='word_1_480' title='bbox 375 4225 789 4294; x_wconf 83' lang='lat' dir='ltr'><strong>conveniebat,</strong></span> <span class='ocrx_word' id='word_1_481' title='bbox 820 4223 1086 4278; x_wconf 89' lang='lat' dir='ltr'><strong>consumi</strong></span> <span class='ocrx_word' id='word_1_482' title='bbox 1139 4221 1313 4276; x_wconf 90' lang='lat' dir='ltr'><strong>solita</strong></span> <span class='ocrx_word' id='word_1_483' title='bbox 1361 4239 1490 4276; x_wconf 89' lang='lat' dir='ltr'><strong>esse</strong></span> <span class='ocrx_word' id='word_1_484' title='bbox 1525 4239 1537 4278; x_wconf 89' lang='lat'><strong>:</strong></span> <span class='ocrx_word' id='word_1_485' title='bbox 1573 4223 1787 4276; x_wconf 89' lang='lat' dir='ltr'><strong>nedum</strong></span> <span class='ocrx_word' id='word_1_486' title='bbox 1839 4222 2044 4293; x_wconf 89' lang='lat' dir='ltr'><strong>cuivis,</strong></span> 
     </span>
    </p>
   </div>
   <div class='ocr_carea' id='block_1_66' title="bbox 2223 2881 3811 2962">
    <p class='ocr_par' dir='ltr' id='par_1_66' title="bbox 2223 2881 3811 2962">
     <span class='ocr_line' id='line_1_66' title="bbox 2223 2881 3811 2962; baseline 0.002 -24"><span class='ocrx_word' id='word_1_487' title='bbox 2223 2890 2291 2940; x_wconf 92' lang='grc' dir='ltr'><strong>Γ.</strong></span> <span class='ocrx_word' id='word_1_488' title='bbox 2339 2884 2595 2938; x_wconf 87' lang='grc' dir='ltr'><strong>Γινώσκω</strong></span> <span class='ocrx_word' id='word_1_489' title='bbox 2645 2883 2702 2938; x_wconf 77' lang='grc' dir='ltr'><strong>δὲ</strong></span> <span class='ocrx_word' id='word_1_490' title='bbox 2749 2881 2906 2940; x_wconf 85' lang='grc' dir='ltr'><strong>Ἡλεῖ</strong></span> <span class='ocrx_word' id='word_1_491' title='bbox 2953 2884 3044 2938; x_wconf 87' lang='grc' dir='ltr'><strong>τὸν</strong></span> <span class='ocrx_word' id='word_1_492' title='bbox 3085 2885 3253 2960; x_wconf 72' lang='grc' dir='ltr'><strong>ἱερέα,</strong></span> <span class='ocrx_word' id='word_1_493' title='bbox 3299 2885 3388 2940; x_wconf 82' lang='grc' dir='ltr'><strong>καὶ</strong></span> <span class='ocrx_word' id='word_1_494' title='bbox 3425 2884 3618 2962; x_wconf 72' lang='grc' dir='ltr'><strong>μικρὸν</strong></span> <span class='ocrx_word' id='word_1_495' title='bbox 3651 2886 3811 2941; x_wconf 77' lang='grc' dir='ltr'><strong>ὓστε-</strong></span> 
     </span>
    </p>
   </div>
   <div class='ocr_carea' id='block_1_67' title="bbox 2152 2972 3808 3049">
    <p class='ocr_par' dir='ltr' id='par_1_67' title="bbox 2152 2972 3808 3049">
     <span class='ocr_line' id='line_1_67' title="bbox 2152 2972 3808 3049; baseline 0.002 -23"><span class='ocrx_word' id='word_1_496' title='bbox 2152 2993 2243 3047; x_wconf 91' lang='grc' dir='ltr'><strong>ρον</strong></span> <span class='ocrx_word' id='word_1_497' title='bbox 2302 2974 2457 3042; x_wconf 78' lang='grc' dir='ltr'><strong>Ὀζᾶν</strong></span> <span class='ocrx_word' id='word_1_498' title='bbox 2501 2991 2660 3027; x_wconf 86' lang='grc' dir='ltr'><strong>τινα·</strong></span> <span class='ocrx_word' id='word_1_499' title='bbox 2706 2972 2797 3027; x_wconf 89' lang='grc' dir='ltr'><strong>τὸν</strong></span> <span class='ocrx_word' id='word_1_500' title='bbox 2843 2973 2938 3045; x_wconf 72' lang='grc' dir='ltr'><strong>μὶν</strong></span> <span class='ocrx_word' id='word_1_501' title='bbox 2987 2972 3077 3027; x_wconf 84' lang='grc' dir='ltr'><strong>καὶ</strong></span> <span class='ocrx_word' id='word_1_502' title='bbox 3128 2973 3260 3049; x_wconf 74' lang='grc' dir='ltr'><strong>ὑπὲρ</strong></span> <span class='ocrx_word' id='word_1_503' title='bbox 3310 2980 3412 3043; x_wconf 77' lang='grc' dir='ltr'><strong>τῆς</strong></span> <span class='ocrx_word' id='word_1_504' title='bbox 3453 2979 3562 3029; x_wconf 83' lang='grc' dir='ltr'><strong>τῶν</strong></span> <span class='ocrx_word' id='word_1_505' title='bbox 3595 2973 3808 3030; x_wconf 79' lang='grc' dir='ltr'><strong>παίδων</strong></span> 
     </span>
    </p>
   </div>
   <div class='ocr_carea' id='block_1_68' title="bbox 2151 3059 3808 3138">
    <p class='ocr_par' dir='ltr' id='par_1_68' title="bbox 2151 3059 3808 3138">
     <span class='ocr_line' id='line_1_68' title="bbox 2151 3059 3808 3138; baseline 0.002 -21"><span class='ocrx_word' id='word_1_506' title='bbox 2151 3062 2492 3136; x_wconf 78' lang='grc' dir='ltr'><strong>παρανομίας</strong></span> <span class='ocrx_word' id='word_1_507' title='bbox 2551 3060 2915 3132; x_wconf 76' lang='grc' dir='ltr'><strong>ἀπαιτηθὲντα</strong></span> <span class='ocrx_word' id='word_1_508' title='bbox 2974 3059 3153 3134; x_wconf 84' lang='grc' dir='ltr'><strong>δίκην,</strong></span> <span class='ocrx_word' id='word_1_509' title='bbox 3212 3065 3278 3133; x_wconf 79' lang='grc' dir='ltr'><strong>ἢν</strong></span> <span class='ocrx_word' id='word_1_510' title='bbox 3360 3062 3612 3138; x_wconf 79' lang='grc' dir='ltr'><strong>ἐτόλμων</strong></span> <span class='ocrx_word' id='word_1_511' title='bbox 3671 3066 3808 3120; x_wconf 84' lang='grc' dir='ltr'><strong>κατᾶ</strong></span> 
     </span>
    </p>
   </div>
   <div class='ocr_carea' id='block_1_69' title="bbox 2149 3149 3808 3228">
    <p class='ocr_par' dir='ltr' id='par_1_69' title="bbox 2149 3149 3808 3228">
     <span class='ocr_line' id='line_1_69' title="bbox 2149 3149 3808 3228; baseline 0.003 -23"><span class='ocrx_word' id='word_1_512' title='bbox 2149 3155 2256 3206; x_wconf 81' lang='grc' dir='ltr'><strong>τῶν</strong></span> <span class='ocrx_word' id='word_1_513' title='bbox 2288 3153 2504 3220; x_wconf 80' lang='grc' dir='ltr'><strong>θυσιῶν,</strong></span> <span class='ocrx_word' id='word_1_514' title='bbox 2537 3152 2626 3205; x_wconf 84' lang='grc' dir='ltr'><strong>καὶ</strong></span> <span class='ocrx_word' id='word_1_515' title='bbox 2661 3155 2828 3205; x_wconf 86' lang='grc' dir='ltr'><strong>ταῦτα</strong></span> <span class='ocrx_word' id='word_1_516' title='bbox 2876 3150 2975 3206; x_wconf 84' lang='grc' dir='ltr'><strong>οὐκ</strong></span> <span class='ocrx_word' id='word_1_517' title='bbox 3019 3149 3428 3228; x_wconf 81' lang='grc' dir='ltr'><strong>ἀποδεχόμενον</strong></span> <span class='ocrx_word' id='word_1_518' title='bbox 3485 3153 3658 3209; x_wconf 80' lang='grc' dir='ltr'><strong>αὐτῶν</strong></span> <span class='ocrx_word' id='word_1_519' title='bbox 3705 3155 3808 3223; x_wconf 76' lang='grc' dir='ltr'><strong>τὴν</strong></span> 
     </span>
    </p>
   </div>
   <div class='ocr_carea' id='block_1_70' title="bbox 2153 3235 3799 3315">
    <p class='ocr_par' dir='ltr' id='par_1_70' title="bbox 2153 3235 3799 3315">
     <span class='ocr_line' id='line_1_70' title="bbox 2153 3235 3799 3315; baseline 0.003 -21"><span class='ocrx_word' id='word_1_520' title='bbox 2153 3235 2416 3312; x_wconf 72' lang='grc' dir='ltr'><strong>ἀσέϐειαν,</strong></span> <span class='ocrx_word' id='word_1_521' title='bbox 2469 3238 2614 3294; x_wconf 82' lang='grc' dir='ltr'><strong>ἀλλᾶ</strong></span> <span class='ocrx_word' id='word_1_522' title='bbox 2664 3238 2852 3295; x_wconf 77' lang='grc' dir='ltr'><strong>πολλὰ</strong></span> <span class='ocrx_word' id='word_1_523' title='bbox 2897 3238 3169 3303; x_wconf 75' lang='grc' dir='ltr'><strong>πολλάκις</strong></span> <span class='ocrx_word' id='word_1_524' title='bbox 3216 3241 3648 3315; x_wconf 78' lang='grc' dir='ltr'><strong>ἐπιτιμήσαντα·</strong></span> <span class='ocrx_word' id='word_1_525' title='bbox 3706 3245 3799 3300; x_wconf 82' lang='grc' dir='ltr'><strong>τὸν</strong></span> 
     </span>
    </p>
   </div>
   <div class='ocr_carea' id='block_1_71' title="bbox 2153 3324 3801 3410">
    <p class='ocr_par' dir='ltr' id='par_1_71' title="bbox 2153 3324 3801 3410">
     <span class='ocr_line' id='line_1_71' title="bbox 2153 3324 3801 3410; baseline 0.002 -26"><span class='ocrx_word' id='word_1_526' title='bbox 2153 3327 2230 3401; x_wconf 73' lang='grc' dir='ltr'><strong>δὲ,</strong></span> <span class='ocrx_word' id='word_1_527' title='bbox 2282 3327 2364 3384; x_wconf 79' lang='grc' dir='ltr'><strong>ὅτι</strong></span> <span class='ocrx_word' id='word_1_528' title='bbox 2413 3336 2515 3398; x_wconf 82' lang='grc' dir='ltr'><strong>τῆς</strong></span> <span class='ocrx_word' id='word_1_529' title='bbox 2571 3324 2810 3384; x_wconf 75' lang='grc' dir='ltr'><strong>κιϐωτοῦ</strong></span> <span class='ocrx_word' id='word_1_530' title='bbox 2867 3333 3065 3403; x_wconf 77' lang='grc' dir='ltr'><strong>ψαῦσαι</strong></span> <span class='ocrx_word' id='word_1_531' title='bbox 3111 3329 3402 3404; x_wconf 79' lang='grc' dir='ltr'><strong>τολμήσας</strong></span> <span class='ocrx_word' id='word_1_532' title='bbox 3435 3333 3622 3405; x_wconf 86' lang='grc' dir='ltr'><strong>μόνον,</strong></span> <span class='ocrx_word' id='word_1_533' title='bbox 3653 3353 3801 3410; x_wconf 84' lang='grc' dir='ltr'><strong>περι-</strong></span> 
     </span>
    </p>
   </div>
   <div class='ocr_carea' id='block_1_72' title="bbox 2153 3418 3800 3498">
    <p class='ocr_par' dir='ltr' id='par_1_72' title="bbox 2153 3418 3800 3498">
     <span class='ocr_line' id='line_1_72' title="bbox 2153 3418 3800 3498; baseline 0.003 -26"><span class='ocrx_word' id='word_1_534' title='bbox 2153 3418 2478 3488; x_wconf 85' lang='grc' dir='ltr'><strong>σπασθείσης</strong></span> <span class='ocrx_word' id='word_1_535' title='bbox 2525 3418 2628 3472; x_wconf 84' lang='grc' dir='ltr'><strong>ὑπὸ</strong></span> <span class='ocrx_word' id='word_1_536' title='bbox 2684 3423 2782 3472; x_wconf 91' lang='grc' dir='ltr'><strong>τοῦ</strong></span> <span class='ocrx_word' id='word_1_537' title='bbox 2839 3418 3075 3495; x_wconf 78' lang='grc' dir='ltr'><strong>μόσχου,</strong></span> <span class='ocrx_word' id='word_1_538' title='bbox 3133 3421 3230 3488; x_wconf 76' lang='grc' dir='ltr'><strong>τὴν</strong></span> <span class='ocrx_word' id='word_1_539' title='bbox 3286 3421 3380 3493; x_wconf 65' lang='grc' dir='ltr'><strong>μἐν</strong></span> <span class='ocrx_word' id='word_1_540' title='bbox 3413 3423 3800 3498; x_wconf 85' lang='grc' dir='ltr'><strong>περιεσώσατο,</strong></span> 
     </span>
    </p>
   </div>
   <div class='ocr_carea' id='block_1_73' title="bbox 2151 3503 3802 3583">
    <p class='ocr_par' dir='ltr' id='par_1_73' title="bbox 2151 3503 3802 3583">
     <span class='ocr_line' id='line_1_73' title="bbox 2151 3503 3802 3583; baseline 0.002 -22"><span class='ocrx_word' id='word_1_541' title='bbox 2151 3507 2310 3568; x_wconf 81' lang='grc' dir='ltr'><strong>αὐτὸς</strong></span> <span class='ocrx_word' id='word_1_542' title='bbox 2341 3504 2398 3561; x_wconf 73' lang='grc' dir='ltr'><strong>δὲ</strong></span> <span class='ocrx_word' id='word_1_543' title='bbox 2427 3505 2701 3577; x_wconf 83' lang='grc' dir='ltr'><strong>ἀπώλετο,</strong></span> <span class='ocrx_word' id='word_1_544' title='bbox 2735 3503 3096 3583; x_wconf 74' lang='grc' dir='ltr'><strong>φυϐάσσοντος</strong></span> <span class='ocrx_word' id='word_1_545' title='bbox 3128 3505 3342 3579; x_wconf 82' lang='grc' dir='ltr'><strong>δηλαδὴ</strong></span> <span class='ocrx_word' id='word_1_546' title='bbox 3524 3515 3621 3565; x_wconf 91' lang='grc' dir='ltr'><strong>τοῦ</strong></span> <span class='ocrx_word' id='word_1_547' title='bbox 3668 3517 3802 3566; x_wconf 89' lang='grc' dir='ltr'><strong>Θεοῦ</strong></span> 
     </span>
    </p>
   </div>
   <div class='ocr_carea' id='block_1_74' title="bbox 2151 3592 3802 3673">
    <p class='ocr_par' dir='ltr' id='par_1_74' title="bbox 2151 3592 3802 3673">
     <span class='ocr_line' id='line_1_74' title="bbox 2151 3592 3802 3673; baseline 0.001 -20"><span class='ocrx_word' id='word_1_548' title='bbox 2151 3602 2219 3671; x_wconf 77' lang='grc' dir='ltr'><strong>τῇ</strong></span> <span class='ocrx_word' id='word_1_549' title='bbox 2251 3592 2474 3669; x_wconf 78' lang='grc' dir='ltr'><strong>κιϐωτῷ</strong></span> <span class='ocrx_word' id='word_1_550' title='bbox 2503 3597 2566 3651; x_wconf 86' lang='grc' dir='ltr'><strong>τὸ</strong></span> <span class='ocrx_word' id='word_1_551' title='bbox 2598 3592 2914 3670; x_wconf 75' lang='grc' dir='ltr'><strong>σεϐάσμιον.</strong></span> <span class='ocrx_word' id='word_1_552' title='bbox 2948 3595 3084 3655; x_wconf 85' lang='grc' dir='ltr'><strong>Οἶδα</strong></span> <span class='ocrx_word' id='word_1_553' title='bbox 3117 3596 3162 3652; x_wconf 79' lang='grc' dir='ltr'><strong>δ’</strong></span> <span class='ocrx_word' id='word_1_554' title='bbox 3189 3597 3294 3673; x_wconf 80' lang='grc' dir='ltr'><strong>ἐγὼ</strong></span> <span class='ocrx_word' id='word_1_555' title='bbox 3347 3596 3488 3672; x_wconf 73' lang='grc' dir='ltr'><strong>μηδὲ</strong></span> <span class='ocrx_word' id='word_1_556' title='bbox 3533 3604 3640 3654; x_wconf 83' lang='grc' dir='ltr'><strong>τῶν</strong></span> <span class='ocrx_word' id='word_1_557' title='bbox 3691 3600 3802 3654; x_wconf 88' lang='grc' dir='ltr'><strong>τοί-</strong></span> 
     </span>
    </p>
   </div>
   <div class='ocr_carea' id='block_1_75' title="bbox 2154 3686 3802 3766">
    <p class='ocr_par' dir='ltr' id='par_1_75' title="bbox 2154 3686 3802 3766">
     <span class='ocr_line' id='line_1_75' title="bbox 2154 3686 3802 3766; baseline 0.002 -25"><span class='ocrx_word' id='word_1_558' title='bbox 2154 3707 2270 3762; x_wconf 86' lang='grc' dir='ltr'><strong>χων</strong></span> <span class='ocrx_word' id='word_1_559' title='bbox 2299 3691 2396 3741; x_wconf 88' lang='lat'><strong>106</strong></span> <span class='ocrx_word' id='word_1_560' title='bbox 2426 3687 2574 3761; x_wconf 71' lang='grc' dir='ltr'><strong>ἱεροῦ</strong></span> <span class='ocrx_word' id='word_1_561' title='bbox 2606 3689 2802 3760; x_wconf 81' lang='grc' dir='ltr'><strong>ψαῦσαι</strong></span> <span class='ocrx_word' id='word_1_562' title='bbox 2846 3693 2964 3749; x_wconf 85' lang='grc' dir='ltr'><strong>τοῖς</strong></span> <span class='ocrx_word' id='word_1_563' title='bbox 3011 3686 3250 3750; x_wconf 85' lang='grc' dir='ltr'><strong>πολλοῖς</strong></span> <span class='ocrx_word' id='word_1_564' title='bbox 3299 3688 3356 3743; x_wconf 81' lang='grc' dir='ltr'><strong>ὃν</strong></span> <span class='ocrx_word' id='word_1_565' title='bbox 3409 3689 3664 3766; x_wconf 78' lang='grc' dir='ltr'><strong>ἀσφαλὲς,</strong></span> <span class='ocrx_word' id='word_1_566' title='bbox 3713 3689 3802 3744; x_wconf 82' lang='grc' dir='ltr'><strong>καὶ</strong></span> 
     </span>
    </p>
   </div>
   <div class='ocr_carea' id='block_1_76' title="bbox 2156 3773 3804 3852">
    <p class='ocr_par' dir='ltr' id='par_1_76' title="bbox 2156 3773 3804 3852">
     <span class='ocr_line' id='line_1_76' title="bbox 2156 3773 3804 3852; baseline 0.002 -22"><span class='ocrx_word' id='word_1_567' title='bbox 2156 3774 2244 3830; x_wconf 81' lang='grc' dir='ltr'><strong>διὰ</strong></span> <span class='ocrx_word' id='word_1_568' title='bbox 2288 3781 2450 3830; x_wconf 87' lang='grc' dir='ltr'><strong>τοῦτο</strong></span> <span class='ocrx_word' id='word_1_569' title='bbox 2496 3775 2690 3849; x_wconf 69' lang='grc' dir='ltr'><strong>ἐτέρων</strong></span> <span class='ocrx_word' id='word_1_570' title='bbox 2744 3773 3042 3846; x_wconf 77' lang='grc' dir='ltr'><strong>ἐδεήθησαν</strong></span> <span class='ocrx_word' id='word_1_571' title='bbox 3215 3775 3421 3852; x_wconf 70' lang='grc' dir='ltr'><strong>τοίγων</strong></span> <span class='ocrx_word' id='word_1_572' title='bbox 3451 3783 3559 3832; x_wconf 78' lang='grc' dir='ltr'><strong>τῶν</strong></span> <span class='ocrx_word' id='word_1_573' title='bbox 3593 3776 3804 3849; x_wconf 77' lang='grc' dir='ltr'><strong>ἔξωθενο</strong></span> 
     </span>
    </p>
   </div>
   <div class='ocr_carea' id='block_1_77' title="bbox 2159 3863 3804 3944">
    <p class='ocr_par' dir='ltr' id='par_1_77' title="bbox 2159 3863 3804 3944">
     <span class='ocr_line' id='line_1_77' title="bbox 2159 3863 3804 3944; baseline 0.003 -27"><span class='ocrx_word' id='word_1_574' title='bbox 2159 3863 2300 3938; x_wconf 70' lang='grc' dir='ltr'><strong>μηδὲ</strong></span> <span class='ocrx_word' id='word_1_575' title='bbox 2353 3866 2448 3927; x_wconf 75' lang='grc' dir='ltr'><strong>τὰς</strong></span> <span class='ocrx_word' id='word_1_576' title='bbox 2503 3865 2689 3928; x_wconf 84' lang='grc' dir='ltr'><strong>Θυσίας</strong></span> <span class='ocrx_word' id='word_1_577' title='bbox 2743 3865 2926 3935; x_wconf 81' lang='grc' dir='ltr'><strong>αὐτὰς,</strong></span> <span class='ocrx_word' id='word_1_578' title='bbox 2980 3867 3066 3944; x_wconf 82' lang='grc' dir='ltr'><strong>ὑφ’</strong></span> <span class='ocrx_word' id='word_1_579' title='bbox 3095 3867 3193 3938; x_wconf 83' lang='grc' dir='ltr'><strong>ὦν,</strong></span> <span class='ocrx_word' id='word_1_580' title='bbox 3245 3865 3334 3920; x_wconf 80' lang='grc' dir='ltr'><strong>καὶ</strong></span> <span class='ocrx_word' id='word_1_581' title='bbox 3366 3866 3477 3936; x_wconf 78' lang='grc' dir='ltr'><strong>ὅτε,</strong></span> <span class='ocrx_word' id='word_1_582' title='bbox 3509 3868 3598 3921; x_wconf 87' lang='grc' dir='ltr'><strong>καὶ</strong></span> <span class='ocrx_word' id='word_1_583' title='bbox 3631 3868 3692 3922; x_wconf 79' lang='grc' dir='ltr'><strong>οὗ</strong></span> <span class='ocrx_word' id='word_1_584' title='bbox 3728 3869 3804 3941; x_wconf 78' lang='grc' dir='ltr'><strong>μὴ</strong></span> 
     </span>
    </p>
   </div>
   <div class='ocr_carea' id='block_1_78' title="bbox 2153 3953 3815 4033">
    <p class='ocr_par' dir='ltr' id='par_1_78' title="bbox 2153 3953 3815 4033">
     <span class='ocr_line' id='line_1_78' title="bbox 2153 3953 3815 4033; baseline 0.002 -24"><span class='ocrx_word' id='word_1_585' title='bbox 2153 3957 2390 4024; x_wconf 79' lang='grc' dir='ltr'><strong>καθῆκον</strong></span> <span class='ocrx_word' id='word_1_586' title='bbox 2453 3954 2542 4025; x_wconf 73' lang='grc' dir='ltr'><strong>ἦν,</strong></span> <span class='ocrx_word' id='word_1_587' title='bbox 2599 3953 3019 4018; x_wconf 79' lang='grc' dir='ltr'><strong>ἀναλίσκεσθαι·</strong></span> <span class='ocrx_word' id='word_1_588' title='bbox 3069 3954 3334 4010; x_wconf 75' lang='grc' dir='ltr'><strong>τοσούτου</strong></span> <span class='ocrx_word' id='word_1_589' title='bbox 3392 3953 3500 4010; x_wconf 80' lang='grc' dir='ltr'><strong>δεῖν</strong></span> <span class='ocrx_word' id='word_1_590' title='bbox 3561 3959 3694 4033; x_wconf 88' lang='grc' dir='ltr'><strong>πρὸς</strong></span> <span class='ocrx_word' id='word_1_591' title='bbox 3747 3957 3815 4012; x_wconf 73' lang='grc' dir='ltr'><strong>τὰ.</strong></span> 
     </span>
    </p>
   </div>
   <div class='ocr_carea' id='block_1_79' title="bbox 2154 4043 3810 4121">
    <p class='ocr_par' dir='ltr' id='par_1_79' title="bbox 2154 4043 3810 4121">
     <span class='ocr_line' id='line_1_79' title="bbox 2154 4043 3810 4121; baseline 0.001 -24"><span class='ocrx_word' id='word_1_592' title='bbox 2154 4046 2322 4118; x_wconf 71' lang='grc' dir='ltr'><strong>’Ἅγια</strong></span> <span class='ocrx_word' id='word_1_593' title='bbox 2348 4048 2460 4098; x_wconf 82' lang='grc' dir='ltr'><strong>τῶτ</strong></span> <span class='ocrx_word' id='word_1_594' title='bbox 2493 4043 2656 4118; x_wconf 83' lang='grc' dir='ltr'><strong>ἁγίων</strong></span> <span class='ocrx_word' id='word_1_595' title='bbox 2690 4050 3020 4121; x_wconf 79' lang='grc' dir='ltr'><strong>προσφοιτᾲν</strong></span> <span class='ocrx_word' id='word_1_596' title='bbox 3054 4044 3379 4120; x_wconf 72' lang='grc' dir='ltr'>θαρῥοῦντα,</span> <span class='ocrx_word' id='word_1_597' title='bbox 3409 4043 3445 4113; x_wconf 79' lang='grc' dir='ltr'><strong>ἥ</strong></span> <span class='ocrx_word' id='word_1_598' title='bbox 3479 4047 3592 4119; x_wconf 82' lang='grc'>(57)</span> <span class='ocrx_word' id='word_1_599' title='bbox 3620 4047 3682 4100; x_wconf 81' lang='grc' dir='ltr'><strong>τὸ</strong></span> <span class='ocrx_word' id='word_1_600' title='bbox 3712 4067 3810 4100; x_wconf 86' lang='grc' dir='ltr'><strong>κα-</strong></span> 
     </span>
    </p>
   </div>
   <div class='ocr_carea' id='block_1_80' title="bbox 2154 4128 3812 4210">
    <p class='ocr_par' dir='ltr' id='par_1_80' title="bbox 2154 4128 3812 4210">
     <span class='ocr_line' id='line_1_80' title="bbox 2154 4128 3812 4210; baseline 0.001 -23"><span class='ocrx_word' id='word_1_601' title='bbox 2154 4132 2493 4205; x_wconf 75' lang='grc' dir='ltr'><strong>ταπέτασμα,</strong></span> <span class='ocrx_word' id='word_1_602' title='bbox 2522 4134 2557 4202; x_wconf 81' lang='grc' dir='ltr'>ἣ</span> <span class='ocrx_word' id='word_1_603' title='bbox 2587 4133 2652 4187; x_wconf 86' lang='grc' dir='ltr'><strong>τὸ</strong></span> <span class='ocrx_word' id='word_1_604' title='bbox 2684 4133 3025 4210; x_wconf 68' lang='grc' dir='ltr'><strong>ἱλαστήριον,</strong></span> <span class='ocrx_word' id='word_1_605' title='bbox 3055 4135 3089 4202; x_wconf 86' lang='grc' dir='ltr'>ἣ</span> <span class='ocrx_word' id='word_1_606' title='bbox 3113 4135 3212 4202; x_wconf 74' lang='grc' dir='ltr'><strong>τὴν</strong></span> <span class='ocrx_word' id='word_1_607' title='bbox 3263 4128 3520 4204; x_wconf 78' lang='grc' dir='ltr'><strong>κιϐωτὸν,</strong></span> <span class='ocrx_word' id='word_1_608' title='bbox 3569 4136 3603 4204; x_wconf 80' lang='grc' dir='ltr'>ἢ</span> <span class='ocrx_word' id='word_1_609' title='bbox 3646 4155 3812 4208; x_wconf 82' lang='grc' dir='ltr'><strong>προσ-</strong></span> 
     </span>
    </p>
   </div>
   <div class='ocr_carea' id='block_1_81' title="bbox 2159 4217 3312 4298">
    <p class='ocr_par' dir='ltr' id='par_1_81' title="bbox 2159 4217 3312 4298">
     <span class='ocr_line' id='line_1_81' title="bbox 2159 4217 3312 4298; baseline 0.002 -22"><span class='ocrx_word' id='word_1_610' title='bbox 2159 4217 2378 4276; x_wconf 79' lang='grc' dir='ltr'><strong>6Λέπειν</strong></span> <span class='ocrx_word' id='word_1_611' title='bbox 2412 4221 2544 4275; x_wconf 77' lang='grc' dir='ltr'><strong>εἶναι</strong></span> <span class='ocrx_word' id='word_1_612' title='bbox 2578 4221 2799 4293; x_wconf 89' lang='grc' dir='ltr'><strong>παντὸς,</strong></span> <span class='ocrx_word' id='word_1_613' title='bbox 2832 4223 3312 4298; x_wconf 81' lang='grc' dir='ltr'><strong>ἣπροσάπτεσθαι.</strong></span> 
     </span>
    </p>
   </div>
   <div class='ocr_carea' id='block_1_82' title="bbox 388 4310 3815 4387">
    <p class='ocr_par' dir='ltr' id='par_1_82' title="bbox 388 4310 3815 4387">
     <span class='ocr_line' id='line_1_82' title="bbox 388 4310 3815 4387; baseline -0 -17"><span class='ocrx_word' id='word_1_614' title='bbox 388 4319 492 4370; x_wconf 90' lang='lat' dir='ltr'><strong>aut</strong></span> <span class='ocrx_word' id='word_1_615' title='bbox 539 4314 752 4368; x_wconf 88' lang='lat' dir='ltr'><strong>Sancta</strong></span> <span class='ocrx_word' id='word_1_616' title='bbox 799 4315 1159 4376; x_wconf 89' lang='lat' dir='ltr'><strong>sanctorum,</strong></span> <span class='ocrx_word' id='word_1_617' title='bbox 1195 4315 1296 4364; x_wconf 89' lang='lat' dir='ltr'><strong>aut</strong></span> <span class='ocrx_word' id='word_1_618' title='bbox 1345 4310 1627 4380; x_wconf 90' lang='lat' dir='ltr'><strong>velamen,</strong></span> <span class='ocrx_word' id='word_1_619' title='bbox 1660 4317 1762 4365; x_wconf 91' lang='lat' dir='ltr'><strong>aut</strong></span> <span class='ocrx_word' id='word_1_620' title='bbox 1811 4311 2307 4383; x_wconf 89' lang='lat' dir='ltr'><strong>propitiatorium,</strong></span> <span class='ocrx_word' id='word_1_621' title='bbox 2353 4316 2455 4367; x_wconf 88' lang='lat' dir='ltr'><strong>aut</strong></span> <span class='ocrx_word' id='word_1_622' title='bbox 2503 4328 2698 4367; x_wconf 86' lang='lat' dir='ltr'><strong>arcam</strong></span> <span class='ocrx_word' id='word_1_623' title='bbox 2748 4313 3006 4385; x_wconf 82' lang='lat' dir='ltr'><strong>denique</strong></span> <span class='ocrx_word' id='word_1_624' title='bbox 3053 4313 3235 4382; x_wconf 88' lang='lat' dir='ltr'><strong>adire,</strong></span> <span class='ocrx_word' id='word_1_625' title='bbox 3268 4313 3358 4369; x_wconf 86' lang='lat' dir='ltr'><strong>vel</strong></span> <span class='ocrx_word' id='word_1_626' title='bbox 3408 4317 3693 4387; x_wconf 88' lang='lat' dir='ltr'><strong>spectare,</strong></span> <span class='ocrx_word' id='word_1_627' title='bbox 3727 4311 3815 4370; x_wconf 86' lang='lat' dir='ltr'><strong>vel</strong></span> 
     </span>
    </p>
   </div>
   <div class='ocr_carea' id='block_1_83' title="bbox 377 4399 1215 4472">
    <p class='ocr_par' dir='ltr' id='par_1_83' title="bbox 377 4399 1215 4472">
     <span class='ocr_line' id='line_1_83' title="bbox 377 4399 1215 4472; baseline -0.005 -16"><span class='ocrx_word' id='word_1_628' title='bbox 377 4403 693 4472; x_wconf 81' lang='lat' dir='ltr'><strong>attingere,</strong></span> <span class='ocrx_word' id='word_1_629' title='bbox 725 4399 977 4454; x_wconf 90' lang='lat' dir='ltr'><strong>liberum</strong></span> <span class='ocrx_word' id='word_1_630' title='bbox 1013 4399 1215 4454; x_wconf 83' lang='lat' dir='ltr'><strong>fuisse.</strong></span> 
     </span>
    </p>
   </div>
   <div class='ocr_carea' id='block_1_84' title="bbox 461 4485 2041 4564">
    <p class='ocr_par' dir='ltr' id='par_1_84' title="bbox 461 4486 2041 4560">
     <span class='ocr_line' id='line_1_84' title="bbox 461 4486 2041 4560; baseline 0.001 -16"><span class='ocrx_word' id='word_1_631' title='bbox 461 4488 554 4545; x_wconf 91' lang='lat' dir='ltr'><strong>IV.</strong></span> <span class='ocrx_word' id='word_1_632' title='bbox 577 4490 711 4553; x_wconf 63' lang='lat' dir='ltr'><strong>Quae</strong></span> <span class='ocrx_word' id='word_1_633' title='bbox 743 4504 876 4543; x_wconf 89' lang='lat' dir='ltr'><strong>cum</strong></span> <span class='ocrx_word' id='word_1_634' title='bbox 910 4488 1036 4559; x_wconf 89' lang='lat' dir='ltr'><strong>ipse</strong></span> <span class='ocrx_word' id='word_1_635' title='bbox 1075 4487 1288 4558; x_wconf 89' lang='lat' dir='ltr'><strong>norim,</strong></span> <span class='ocrx_word' id='word_1_636' title='bbox 1327 4486 1587 4558; x_wconf 90' lang='lat' dir='ltr'><strong>illudque</strong></span> <span class='ocrx_word' id='word_1_637' title='bbox 1628 4494 1923 4560; x_wconf 74' lang='lat' dir='ltr'><strong>praaterea,</strong></span> <span class='ocrx_word' id='word_1_638' title='bbox 1958 4506 2041 4546; x_wconf 91' lang='lat' dir='ltr'><strong>ne-</strong></span> 
     </span>
    </p>
   </div>
   <div class='ocr_carea' id='block_1_85' title="bbox 2154 4485 3817 4564">
    <p class='ocr_par' dir='ltr' id='par_1_85' title="bbox 2233 4485 3817 4564">
     <span class='ocr_line' id='line_1_85' title="bbox 2233 4485 3817 4564; baseline 0.001 -21"><span class='ocrx_word' id='word_1_639' title='bbox 2233 4497 2302 4547; x_wconf 81' lang='lat' dir='ltr'><strong>A&#39;.</strong></span> <span class='ocrx_word' id='word_1_640' title='bbox 2335 4492 2510 4542; x_wconf 88' lang='grc' dir='ltr'><strong>Ταῦτα</strong></span> <span class='ocrx_word' id='word_1_641' title='bbox 2536 4486 2628 4543; x_wconf 84' lang='grc' dir='ltr'><strong>οὗν</strong></span> <span class='ocrx_word' id='word_1_642' title='bbox 2672 4485 2830 4550; x_wconf 81' lang='grc' dir='ltr'><strong>εἰδὼς</strong></span> <span class='ocrx_word' id='word_1_643' title='bbox 2880 4487 3012 4564; x_wconf 86' lang='grc' dir='ltr'><strong>ἐγὼ,</strong></span> <span class='ocrx_word' id='word_1_644' title='bbox 3062 4490 3152 4545; x_wconf 85' lang='grc' dir='ltr'><strong>καὶ</strong></span> <span class='ocrx_word' id='word_1_645' title='bbox 3199 4491 3282 4545; x_wconf 80' lang='grc' dir='ltr'><strong>ὃτι</strong></span> <span class='ocrx_word' id='word_1_646' title='bbox 3319 4487 3514 4563; x_wconf 84' lang='grc' dir='ltr'><strong>μηδεὶς</strong></span> <span class='ocrx_word' id='word_1_647' title='bbox 3545 4489 3688 4560; x_wconf 80' lang='grc' dir='ltr'><strong>ἄξιος</strong></span> <span class='ocrx_word' id='word_1_648' title='bbox 3720 4495 3817 4544; x_wconf 88' lang='lat'><strong>106</strong></span> 
     </span>
    </p>
   </div>
   <div class='ocr_carea' id='block_1_86' title="bbox 385 4575 2040 4650">
    <p class='ocr_par' dir='ltr' id='par_1_86' title="bbox 385 4575 2040 4650">
     <span class='ocr_line' id='line_1_86' title="bbox 385 4575 2040 4650; baseline 0 -16"><span class='ocrx_word' id='word_1_649' title='bbox 385 4578 607 4635; x_wconf 83' lang='lat' dir='ltr'><strong>minem</strong></span> <span class='ocrx_word' id='word_1_650' title='bbox 655 4593 869 4649; x_wconf 86' lang='lat' dir='ltr'><strong>magno</strong></span> <span class='ocrx_word' id='word_1_651' title='bbox 919 4578 1050 4645; x_wconf 90' lang='lat' dir='ltr'><strong>Deo,</strong></span> <span class='ocrx_word' id='word_1_652' title='bbox 1078 4581 1136 4633; x_wconf 91' lang='lat' dir='ltr'><strong>et</strong></span> <span class='ocrx_word' id='word_1_653' title='bbox 1185 4575 1493 4644; x_wconf 84' lang='lat' dir='ltr'><strong>sacriﬁcio,</strong></span> <span class='ocrx_word' id='word_1_654' title='bbox 1523 4582 1580 4632; x_wconf 88' lang='lat' dir='ltr'><strong>et</strong></span> <span class='ocrx_word' id='word_1_655' title='bbox 1628 4580 1902 4650; x_wconf 79' lang='lat' dir='ltr'><strong>pontiﬁce</strong></span> <span class='ocrx_word' id='word_1_656' title='bbox 1951 4579 2040 4634; x_wconf 92' lang='lat' dir='ltr'><strong>di-</strong></span> 
     </span>
    </p>
   </div>
   <div class='ocr_carea' id='block_1_87' title="bbox 451 4711 2087 4787">
    <p class='ocr_par' dir='ltr' id='par_1_87' title="bbox 451 4711 2087 4787">
     <span class='ocr_line' id='line_1_87' title="bbox 451 4711 2087 4787; baseline 0.001 -19"><span class='ocrx_word' id='word_1_657' title='bbox 451 4715 497 4749; x_wconf 83' lang='grc'>²²</span> <span class='ocrx_word' id='word_1_658' title='bbox 528 4713 705 4768; x_wconf 82' lang='lat' dir='ltr'><strong>Exod.</strong></span> <span class='ocrx_word' id='word_1_659' title='bbox 737 4729 854 4777; x_wconf 81' lang='lat' dir='ltr'><strong>XIX,</strong></span> <span class='ocrx_word' id='word_1_660' title='bbox 887 4712 942 4766; x_wconf 92' lang='lat'><strong>3.</strong></span> <span class='ocrx_word' id='word_1_661' title='bbox 1020 4711 1066 4746; x_wconf 79' lang='grc'><strong>³³</strong></span> <span class='ocrx_word' id='word_1_662' title='bbox 1096 4711 1243 4766; x_wconf 90' lang='lat' dir='ltr'><strong>Ibid.</strong></span> <span class='ocrx_word' id='word_1_663' title='bbox 1282 4712 1366 4766; x_wconf 89' lang='grc'><strong>16.</strong></span> <span class='ocrx_word' id='word_1_664' title='bbox 1445 4711 1492 4746; x_wconf 76' lang='grc'>²⁴</span> <span class='ocrx_word' id='word_1_665' title='bbox 1525 4713 1544 4766; x_wconf 94' lang='grc' dir='ltr'>Ι</span> <span class='ocrx_word' id='word_1_666' title='bbox 1577 4711 1712 4782; x_wconf 82' lang='lat' dir='ltr'><strong>Reg.</strong></span> <span class='ocrx_word' id='word_1_667' title='bbox 1747 4729 1826 4782; x_wconf 80' lang='lat' dir='ltr'><strong>1v,</strong></span> <span class='ocrx_word' id='word_1_668' title='bbox 1862 4714 1928 4768; x_wconf 85' lang='lat'><strong>12</strong></span> <span class='ocrx_word' id='word_1_669' title='bbox 1958 4731 2087 4787; x_wconf 91' lang='lat' dir='ltr'><strong>sqq.</strong></span> 
     </span>
    </p>
   </div>
   <div class='ocr_carea' id='block_1_88' title="bbox 452 4843 2048 4918">
    <p class='ocr_par' dir='ltr' id='par_1_88' title="bbox 452 4843 2048 4918">
     <span class='ocr_line' id='line_1_88' title="bbox 452 4843 2048 4918; baseline 0.002 -18"><span class='ocrx_word' id='word_1_670' title='bbox 452 4845 563 4918; x_wconf 79' lang='grc'>(54)</span> <span class='ocrx_word' id='word_1_671' title='bbox 598 4844 698 4918; x_wconf 13' lang='grc' dir='ltr'><strong>Μή,</strong></span> <span class='ocrx_word' id='word_1_672' title='bbox 731 4863 815 4916; x_wconf 85' lang='grc' dir='ltr'><strong>με.</strong></span> <span class='ocrx_word' id='word_1_673' title='bbox 850 4845 942 4899; x_wconf 89' lang='lat' dir='ltr'><strong>Sic</strong></span> <span class='ocrx_word' id='word_1_674' title='bbox 986 4845 1101 4918; x_wconf 86' lang='lat' dir='ltr'><strong>duo</strong></span> <span class='ocrx_word' id='word_1_675' title='bbox 1151 4843 1356 4914; x_wconf 82' lang='lat' dir='ltr'><strong>Regg.,</strong></span> <span class='ocrx_word' id='word_1_676' title='bbox 1389 4843 1505 4897; x_wconf 89' lang='lat' dir='ltr'><strong>duo</strong></span> <span class='ocrx_word' id='word_1_677' title='bbox 1556 4844 1741 4913; x_wconf 90' lang='lat' dir='ltr'><strong>Colb.,</strong></span> <span class='ocrx_word' id='word_1_678' title='bbox 1775 4845 1870 4902; x_wconf 90' lang='lat' dir='ltr'><strong>Or.</strong></span> <span class='ocrx_word' id='word_1_679' title='bbox 1907 4847 1958 4914; x_wconf 96' lang='lat'><strong>1,</strong></span> <span class='ocrx_word' id='word_1_680' title='bbox 1990 4853 2048 4903; x_wconf 90' lang='lat' dir='ltr'><strong>et</strong></span> 
     </span>
    </p>
   </div>
   <div class='ocr_carea' id='block_1_89' title="bbox 382 4916 1087 4986">
    <p class='ocr_par' dir='ltr' id='par_1_89' title="bbox 382 4916 1087 4986">
     <span class='ocr_line' id='line_1_89' title="bbox 382 4916 1087 4986; baseline -0.007 -11"><span class='ocrx_word' id='word_1_681' title='bbox 382 4916 645 4975; x_wconf 44' lang='lat' dir='ltr'><strong>Co&#39;mbef.</strong></span> <span class='ocrx_word' id='word_1_682' title='bbox 681 4916 742 4970; x_wconf 93' lang='lat' dir='ltr'><strong>In</strong></span> <span class='ocrx_word' id='word_1_683' title='bbox 762 4918 891 4986; x_wconf 15' lang='lat' dir='ltr'><strong>ied.,</strong></span> <span class='ocrx_word' id='word_1_684' title='bbox 929 4916 1087 4986; x_wconf 75' lang='grc' dir='ltr'><strong>μήτε.</strong></span> 
     </span>
    </p>
   </div>
   <div class='ocr_carea' id='block_1_90' title="bbox 453 4985 1660 5061">
    <p class='ocr_par' dir='ltr' id='par_1_90' title="bbox 453 4985 1660 5061">
     <span class='ocr_line' id='line_1_90' title="bbox 453 4985 1660 5061; baseline -0.004 -18"><span class='ocrx_word' id='word_1_685' title='bbox 453 4989 566 5061; x_wconf 89' lang='grc'>(55)</span> <span class='ocrx_word' id='word_1_686' title='bbox 598 4985 844 5061; x_wconf 30' lang='grc' dir='ltr'><strong>Δηλλαδή.</strong></span> <span class='ocrx_word' id='word_1_687' title='bbox 894 4985 1064 5043; x_wconf 83' lang='lat' dir='ltr'><strong>Deest</strong></span> <span class='ocrx_word' id='word_1_688' title='bbox 1095 4985 1458 5061; x_wconf 90' lang='lat' dir='ltr'><strong>in_pluribus</strong></span> <span class='ocrx_word' id='word_1_689' title='bbox 1492 4986 1660 5061; x_wconf 84' lang='lat' dir='ltr'><strong>codd.</strong></span> 
     </span>
    </p>
   </div>
   <div class='ocr_carea' id='block_1_91' title="bbox 381 5057 2041 5185">
    <p class='ocr_par' dir='ltr' id='par_1_91' title="bbox 381 5057 2041 5185">
     <span class='ocr_line' id='line_1_91' title="bbox 381 5057 2041 5185; baseline 0.003 -73"><span class='ocrx_word' id='word_1_690' title='bbox 381 5057 562 5185; x_wconf 65' lang='grc' dir='ltr'><strong>ὲδὲὗὸ)</strong></span> <span class='ocrx_word' id='word_1_691' title='bbox 593 5057 952 5129; x_wconf 73' lang='grc' dir='ltr'><strong>Έδεήθησαν.</strong></span> <span class='ocrx_word' id='word_1_692' title='bbox 989 5061 1112 5115; x_wconf 92' lang='lat' dir='ltr'><strong>Duo</strong></span> <span class='ocrx_word' id='word_1_693' title='bbox 1156 5059 1360 5128; x_wconf 81' lang='lat' dir='ltr'><strong>Regg.,</strong></span> <span class='ocrx_word' id='word_1_694' title='bbox 1392 5063 1510 5112; x_wconf 90' lang='lat' dir='ltr'><strong>tres</strong></span> <span class='ocrx_word' id='word_1_695' title='bbox 1555 5057 1738 5128; x_wconf 91' lang='lat' dir='ltr'><strong>Colb.,</strong></span> <span class='ocrx_word' id='word_1_696' title='bbox 1771 5064 1827 5112; x_wconf 90' lang='lat' dir='ltr'><strong>et</strong></span> <span class='ocrx_word' id='word_1_697' title='bbox 1859 5059 1953 5116; x_wconf 89' lang='lat' dir='ltr'><strong>Or.</strong></span> <span class='ocrx_word' id='word_1_698' title='bbox 1991 5063 2041 5133; x_wconf 93' lang='lat'><strong>1,</strong></span> 
     </span>
     <span class='ocr_line' id='line_1_92' title="bbox 473 5151 629 5185; baseline 0.026 -5"><span class='ocrx_word' id='word_1_699' title='bbox 473 5151 629 5185; x_wconf 70' lang='grc' dir='ltr'><strong>ησαν.</strong></span> 
     </span>
    </p>
   </div>
   <div class='ocr_carea' id='block_1_92' title="bbox 411 5143 629 5198">
    <p class='ocr_par' dir='ltr' id='par_1_92' title="bbox 411 5143 629 5198">
     <span class='ocr_line' id='line_1_93' title="bbox 411 5143 629 5198; baseline 0 -14"><span class='ocrx_word' id='word_1_700' title='bbox 411 5143 629 5198; x_wconf 71' lang='grc' dir='ltr'><strong>δεησαν.</strong></span> 
     </span>
    </p>
   </div>
   <div class='ocr_carea' id='block_1_93' title="bbox 453 5199 2036 5328">
    <p class='ocr_par' dir='ltr' id='par_1_93' title="bbox 453 5199 2036 5328">
     <span class='ocr_line' id='line_1_94' title="bbox 453 5199 2036 5328; baseline 0.003 -73"><span class='ocrx_word' id='word_1_701' title='bbox 453 5204 564 5327; x_wconf 68' lang='lat'><strong>((5)7)</strong></span> <span class='ocrx_word' id='word_1_702' title='bbox 729 5209 897 5260; x_wconf 88' lang='lat' dir='ltr'><strong>Deest</strong></span> <span class='ocrx_word' id='word_1_703' title='bbox 943 5203 1001 5256; x_wconf 82' lang='lat' dir='ltr'><strong>in</strong></span> <span class='ocrx_word' id='word_1_704' title='bbox 1052 5201 1282 5256; x_wconf 90' lang='lat' dir='ltr'><strong>duobus</strong></span> <span class='ocrx_word' id='word_1_705' title='bbox 1339 5199 1542 5271; x_wconf 83' lang='lat' dir='ltr'><strong>Regg.,</strong></span> <span class='ocrx_word' id='word_1_706' title='bbox 1576 5200 1819 5257; x_wconf 91' lang='lat' dir='ltr'><strong>totidem</strong></span> <span class='ocrx_word' id='word_1_707' title='bbox 1853 5203 2036 5276; x_wconf 87' lang='lat' dir='ltr'><strong>Colb.,</strong></span> 
     </span>
     <span class='ocr_line' id='line_1_95' title="bbox 524 5291 654 5327; baseline 0.008 -1"><span class='ocrx_word' id='word_1_708' title='bbox 524 5291 568 5326; x_wconf 94' lang='lat' dir='ltr'><strong>r.</strong></span> <span class='ocrx_word' id='word_1_709' title='bbox 643 5315 654 5327; x_wconf 93' lang='lat'><strong>.</strong></span> 
     </span>
    </p>
   </div>
   <div class='ocr_carea' id='block_1_94' title="bbox 380 5279 654 5330">
    <p class='ocr_par' dir='ltr' id='par_1_94' title="bbox 380 5279 654 5330">
     <span class='ocr_line' id='line_1_96' title="bbox 380 5279 654 5330; baseline -0.007 0"><span class='ocrx_word' id='word_1_710' title='bbox 380 5279 439 5330; x_wconf 88' lang='lat' dir='ltr'><strong>et</strong></span> <span class='ocrx_word' id='word_1_711' title='bbox 473 5279 568 5327; x_wconf 89' lang='lat' dir='ltr'><strong>Ur.</strong></span> <span class='ocrx_word' id='word_1_712' title='bbox 605 5279 654 5328; x_wconf 87' lang='lat'><strong>1.</strong></span> 
     </span>
    </p>
   </div>
   <div class='ocr_carea' id='block_1_95' title="bbox 450 5342 2035 5415">
    <p class='ocr_par' dir='ltr' id='par_1_95' title="bbox 450 5342 2035 5415">
     <span class='ocr_line' id='line_1_97' title="bbox 450 5342 2035 5415; baseline 0.005 -20"><span class='ocrx_word' id='word_1_713' title='bbox 450 5345 559 5414; x_wconf 65' lang='lat'><strong>(58)</strong></span> <span class='ocrx_word' id='word_1_714' title='bbox 595 5345 865 5415; x_wconf 83' lang='lat' dir='ltr'><strong>Synodus</strong></span> <span class='ocrx_word' id='word_1_715' title='bbox 897 5346 1024 5410; x_wconf 88' lang='lat' dir='ltr'><strong>CP.,</strong></span> <span class='ocrx_word' id='word_1_716' title='bbox 1061 5361 1214 5397; x_wconf 88' lang='lat' dir='ltr'><strong>anno</strong></span> <span class='ocrx_word' id='word_1_717' title='bbox 1249 5343 1386 5396; x_wconf 86' lang='grc'>1156</span> <span class='ocrx_word' id='word_1_718' title='bbox 1427 5342 1645 5415; x_wconf 84' lang='lat' dir='ltr'><strong>habita,</strong></span> <span class='ocrx_word' id='word_1_719' title='bbox 1681 5343 1835 5399; x_wconf 90' lang='lat' dir='ltr'><strong>inter</strong></span> <span class='ocrx_word' id='word_1_720' title='bbox 1875 5350 2035 5403; x_wconf 89' lang='lat' dir='ltr'><strong>testi-</strong></span> 
     </span>
    </p>
   </div>
   <div class='ocr_carea' id='block_1_96' title="bbox 378 5414 2034 5476">
    <p class='ocr_par' dir='ltr' id='par_1_96' title="bbox 378 5414 2034 5476">
     <span class='ocr_line' id='line_1_98' title="bbox 378 5414 2034 5476; baseline 0.005 -8"><span class='ocrx_word' id='word_1_721' title='bbox 378 5416 577 5468; x_wconf 89' lang='lat' dir='ltr'><strong>monia</strong></span> <span class='ocrx_word' id='word_1_722' title='bbox 633 5414 837 5470; x_wconf 77' lang='lat' dir='ltr'><strong>eontra</strong></span> <span class='ocrx_word' id='word_1_723' title='bbox 895 5417 1159 5470; x_wconf 67' lang='lat' dir='ltr'><strong>haeresim</strong></span> <span class='ocrx_word' id='word_1_724' title='bbox 1205 5414 1488 5469; x_wconf 89' lang='lat' dir='ltr'><strong>Soterichi</strong></span> <span class='ocrx_word' id='word_1_725' title='bbox 1547 5415 1810 5470; x_wconf 72' lang='lat' dir='ltr'><strong>scholion</strong></span> <span class='ocrx_word' id='word_1_726' title='bbox 1869 5421 2034 5476; x_wconf 72' lang='lat' dir='ltr'><strong>affert</strong></span> 
     </span>
    </p>
   </div>
   <div class='ocr_carea' id='block_1_97' title="bbox 375 5485 2031 5554">
    <p class='ocr_par' dir='ltr' id='par_1_97' title="bbox 375 5485 2031 5554">
     <span class='ocr_line' id='line_1_99' title="bbox 375 5485 2031 5554; baseline 0.004 -16"><span class='ocrx_word' id='word_1_727' title='bbox 375 5485 579 5539; x_wconf 86' lang='lat' dir='ltr'><strong>Basilii</strong></span> <span class='ocrx_word' id='word_1_728' title='bbox 605 5487 834 5540; x_wconf 89' lang='lat' dir='ltr'><strong>minimi</strong></span> <span class='ocrx_word' id='word_1_729' title='bbox 858 5489 927 5540; x_wconf 91' lang='lat' dir='ltr'><strong>ad</strong></span> <span class='ocrx_word' id='word_1_730' title='bbox 956 5489 1105 5541; x_wconf 91' lang='lat' dir='ltr'><strong>hunc</strong></span> <span class='ocrx_word' id='word_1_731' title='bbox 1128 5487 1347 5550; x_wconf 90' lang='lat' dir='ltr'><strong>locum,</strong></span> <span class='ocrx_word' id='word_1_732' title='bbox 1370 5487 1470 5554; x_wconf 85' lang='lat' dir='ltr'><strong>qui</strong></span> <span class='ocrx_word' id='word_1_733' title='bbox 1495 5485 1575 5540; x_wconf 89' lang='lat' dir='ltr'><strong>sic</strong></span> <span class='ocrx_word' id='word_1_734' title='bbox 1598 5503 1660 5540; x_wconf 89' lang='lat' dir='ltr'><strong>se</strong></span> <span class='ocrx_word' id='word_1_735' title='bbox 1690 5488 1865 5545; x_wconf 89' lang='lat' dir='ltr'><strong>habet</strong></span> <span class='ocrx_word' id='word_1_736' title='bbox 1892 5511 1904 5546; x_wconf 91' lang='lat'>:</span> <span class='ocrx_word' id='word_1_737' title='bbox 1929 5495 2031 5544; x_wconf 76' lang='grc' dir='ltr'><strong>Τοῦ</strong></span> 
     </span>
    </p>
   </div>
   <div class='ocr_carea' id='block_1_98' title="bbox 373 5554 2029 5632">
    <p class='ocr_par' dir='ltr' id='par_1_98' title="bbox 373 5554 2029 5632">
     <span class='ocr_line' id='line_1_100' title="bbox 373 5554 2029 5632; baseline 0.007 -25"><span class='ocrx_word' id='word_1_738' title='bbox 373 5554 642 5632; x_wconf 77' lang='grc' dir='ltr'><strong>Θεολόγου</strong></span> <span class='ocrx_word' id='word_1_739' title='bbox 695 5556 753 5610; x_wconf 83' lang='grc' dir='ltr'><strong>ἐκ</strong></span> <span class='ocrx_word' id='word_1_740' title='bbox 798 5561 897 5632; x_wconf 71' lang='grc' dir='ltr'><strong>τοῦ</strong></span> <span class='ocrx_word' id='word_1_741' title='bbox 949 5557 1112 5632; x_wconf 80' lang='grc' dir='ltr'><strong>λόγου</strong></span> <span class='ocrx_word' id='word_1_742' title='bbox 1160 5554 1524 5632; x_wconf 35' lang='lat' dir='ltr'><strong>106__«‘ll£gi</strong></span> <span class='ocrx_word' id='word_1_743' title='bbox 1577 5557 1882 5632; x_wconf 83' lang='grc' dir='ltr'><strong>θεολογίας,</strong></span> <span class='ocrx_word' id='word_1_744' title='bbox 1941 5563 2029 5617; x_wconf 78' lang='grc' dir='ltr'><strong>καὶ</strong></span> 
     </span>
    </p>
   </div>
   <div class='ocr_carea' id='block_1_99' title="bbox 369 5624 2027 5708">
    <p class='ocr_par' dir='ltr' id='par_1_99' title="bbox 369 5624 2027 5708">
     <span class='ocr_line' id='line_1_101' title="bbox 369 5624 2027 5708; baseline 0.004 -32"><span class='ocrx_word' id='word_1_745' title='bbox 369 5624 743 5706; x_wconf 67' lang='grc' dir='ltr'><strong>καταστάσεως</strong></span> <span class='ocrx_word' id='word_1_746' title='bbox 795 5624 1125 5695; x_wconf 75' lang='grc' dir='ltr'><strong>ἐπισκόπων,</strong></span> <span class='ocrx_word' id='word_1_747' title='bbox 1185 5654 1203 5677; x_wconf 77' lang='grc' dir='ltr'>ι</span> <span class='ocrx_word' id='word_1_748' title='bbox 1263 5624 1545 5698; x_wconf 78' lang='grc' dir='ltr'><strong>Κείμενον.</strong></span> <span class='ocrx_word' id='word_1_749' title='bbox 1589 5651 1615 5678; x_wconf 87' lang='grc'><strong>‹‹</strong></span> <span class='ocrx_word' id='word_1_750' title='bbox 1650 5624 1766 5682; x_wconf 69' lang='grc' dir='ltr'><strong>Τοῦ</strong></span> <span class='ocrx_word' id='word_1_751' title='bbox 1791 5624 2027 5708; x_wconf 76' lang='grc' dir='ltr'><strong>μεγάλου</strong></span> 
     </span>
    </p>
   </div>
   <div class='ocr_carea' id='block_1_100' title="bbox 370 5698 2027 5776">
    <p class='ocr_par' dir='ltr' id='par_1_100' title="bbox 370 5698 2027 5776">
     <span class='ocr_line' id='line_1_102' title="bbox 370 5698 2027 5776; baseline 0.01 -32"><span class='ocrx_word' id='word_1_752' title='bbox 370 5698 640 5776; x_wconf 40' lang='grc' dir='ltr'><strong>Θεοῦικαὶ</strong></span> <span class='ocrx_word' id='word_1_753' title='bbox 691 5700 931 5776; x_wconf 47' lang='grc' dir='ltr'><strong>θύματος</strong></span> <span class='ocrx_word' id='word_1_754' title='bbox 983 5702 1069 5753; x_wconf 79' lang='grc' dir='ltr'><strong>καὶ</strong></span> <span class='ocrx_word' id='word_1_755' title='bbox 1116 5700 1459 5776; x_wconf 34' lang='grc' dir='ltr'><strong>ἀρχιερέως..</strong></span> <span class='ocrx_word' id='word_1_756' title='bbox 1493 5723 1521 5750; x_wconf 91' lang='grc'><strong>››</strong></span> <span class='ocrx_word' id='word_1_757' title='bbox 1591 5698 1880 5776; x_wconf 62' lang='grc' dir='ltr'><strong>Ερμηνείά</strong></span> <span class='ocrx_word' id='word_1_758' title='bbox 1929 5712 2027 5761; x_wconf 81' lang='grc' dir='ltr'><strong>τοῦ</strong></span> 
     </span>
    </p>
   </div>
   <div class='ocr_carea' id='block_1_101' title="bbox 369 5761 2024 5854">
    <p class='ocr_par' dir='ltr' id='par_1_101' title="bbox 369 5761 2024 5854">
     <span class='ocr_line' id='line_1_103' title="bbox 369 5761 2024 5854; baseline 0.008 -41"><span class='ocrx_word' id='word_1_759' title='bbox 369 5761 660 5837; x_wconf 77' lang='grc' dir='ltr'><strong>ἐλαχίστου</strong></span> <span class='ocrx_word' id='word_1_760' title='bbox 694 5761 1006 5826; x_wconf 65' lang='grc' dir='ltr'><strong>Βάσιὶιείον.</strong></span> <span class='ocrx_word' id='word_1_761' title='bbox 1041 5797 1065 5821; x_wconf 80' lang='lat' dir='ltr'><strong>u</strong></span> <span class='ocrx_word' id='word_1_762' title='bbox 1101 5761 1352 5846; x_wconf 54' lang='grc' dir='ltr'><strong>Μεγάλου</strong></span> <span class='ocrx_word' id='word_1_763' title='bbox 1407 5769 1499 5841; x_wconf 72' lang='grc' dir='ltr'><strong>μὲν</strong></span> <span class='ocrx_word' id='word_1_764' title='bbox 1531 5761 1792 5826; x_wconf 62' lang='grc' dir='ltr'><strong>Θεοῦτοῦ</strong></span> <span class='ocrx_word' id='word_1_765' title='bbox 1824 5779 2024 5854; x_wconf 74' lang='grc' dir='ltr'><strong>Κυρίου</strong></span> 
     </span>
    </p>
   </div>
   <div class='ocr_carea' id='block_1_102' title="bbox 2157 4576 3817 4654">
    <p class='ocr_par' dir='ltr' id='par_1_102' title="bbox 2157 4576 3817 4654">
     <span class='ocr_line' id='line_1_104' title="bbox 2157 4576 3817 4654; baseline 0 -21"><span class='ocrx_word' id='word_1_766' title='bbox 2157 4578 2402 4653; x_wconf 73' lang='grc' dir='ltr'><strong>μεγάλου</strong></span> <span class='ocrx_word' id='word_1_767' title='bbox 2447 4580 2602 4647; x_wconf 85' lang='grc' dir='ltr'><strong>Θεοῦ,</strong></span> <span class='ocrx_word' id='word_1_768' title='bbox 2652 4576 2743 4632; x_wconf 82' lang='grc' dir='ltr'><strong>καὶ</strong></span> <span class='ocrx_word' id='word_1_769' title='bbox 2797 4576 3036 4651; x_wconf 82' lang='grc' dir='ltr'><strong>θύματος</strong></span> <span class='ocrx_word' id='word_1_770' title='bbox 3079 4581 3213 4652; x_wconf 87' lang='grc'>(58),</span> <span class='ocrx_word' id='word_1_771' title='bbox 3259 4576 3349 4634; x_wconf 81' lang='grc' dir='ltr'><strong>καὶ</strong></span> <span class='ocrx_word' id='word_1_772' title='bbox 3401 4578 3725 4654; x_wconf 68' lang='grc' dir='ltr'><strong>ἀρχιερέως,</strong></span> <span class='ocrx_word' id='word_1_773' title='bbox 3758 4576 3817 4640; x_wconf 73' lang='grc' dir='ltr'><strong>ὅς</strong></span> 
     </span>
    </p>
   </div>
   <div class='ocr_carea' id='block_1_103' title="bbox 2168 4713 2668 4785">
    <p class='ocr_par' dir='ltr' id='par_1_103' title="bbox 2168 4713 2668 4785">
     <span class='ocr_line' id='line_1_105' title="bbox 2168 4713 2668 4785; baseline -0.006 -16"><span class='ocrx_word' id='word_1_774' title='bbox 2168 4715 2213 4749; x_wconf 74' lang='grc' dir='ltr'><strong>π</strong></span> <span class='ocrx_word' id='word_1_775' title='bbox 2244 4714 2290 4769; x_wconf 91' lang='lat' dir='ltr'><strong>II</strong></span> <span class='ocrx_word' id='word_1_776' title='bbox 2329 4717 2471 4785; x_wconf 83' lang='lat' dir='ltr'><strong>Reg.</strong></span> <span class='ocrx_word' id='word_1_777' title='bbox 2503 4730 2581 4781; x_wconf 83' lang='lat' dir='ltr'><strong>v1,</strong></span> <span class='ocrx_word' id='word_1_778' title='bbox 2612 4713 2668 4767; x_wconf 77' lang='grc' dir='ltr'><strong>δ.</strong></span> 
     </span>
    </p>
   </div>
   <div class='ocr_carea' id='block_1_104' title="bbox 2157 4842 3818 4935">
    <p class='ocr_par' dir='ltr' id='par_1_104' title="bbox 2157 4842 3818 4935">
     <span class='ocr_line' id='line_1_106' title="bbox 2157 4842 3818 4935; baseline 0 -39"><span class='ocrx_word' id='word_1_779' title='bbox 2157 4847 2316 4929; x_wconf 56' lang='grc' dir='ltr'><strong>ἡμῶν</strong></span> <span class='ocrx_word' id='word_1_780' title='bbox 2367 4845 2548 4929; x_wconf 58' lang='grc' dir='ltr'><strong>Ἰῃσοῦ</strong></span> <span class='ocrx_word' id='word_1_781' title='bbox 2606 4847 2840 4934; x_wconf 73' lang='grc' dir='ltr'><strong>Χριστρῦ</strong></span> <span class='ocrx_word' id='word_1_782' title='bbox 2868 4842 3070 4935; x_wconf 49' lang='grc' dir='ltr'><strong>Λλὲγει,</strong></span> <span class='ocrx_word' id='word_1_783' title='bbox 3124 4843 3255 4932; x_wconf 61' lang='grc' dir='ltr'><strong>ἀλλ’</strong></span> <span class='ocrx_word' id='word_1_784' title='bbox 3304 4842 3818 4935; x_wconf 37' lang='grc' dir='ltr'><strong>οὖχὶὶτοῦΗΠατρὸκς</strong></span> 
     </span>
    </p>
   </div>
   <div class='ocr_carea' id='block_1_105' title="bbox 2156 4913 3816 4992">
    <p class='ocr_par' dir='ltr' id='par_1_105' title="bbox 2156 4913 3816 4992">
     <span class='ocr_line' id='line_1_107' title="bbox 2156 4913 3816 4992; baseline -0.001 -22"><span class='ocrx_word' id='word_1_785' title='bbox 2156 4913 2247 4970; x_wconf 85' lang='grc' dir='ltr'><strong>νῦν</strong></span> <span class='ocrx_word' id='word_1_786' title='bbox 2277 4936 2287 4948; x_wconf 71' lang='grc'><strong><em>⁸</em></strong></span> <span class='ocrx_word' id='word_1_787' title='bbox 2313 4920 2503 4992; x_wconf 30' lang='grc' dir='ltr'><strong>’τοῦτο</strong></span> <span class='ocrx_word' id='word_1_788' title='bbox 2557 4913 2930 4992; x_wconf 80' lang='grc' dir='ltr'><strong>σημειούμεθα</strong></span> <span class='ocrx_word' id='word_1_789' title='bbox 2970 4913 3110 4992; x_wconf 60' lang='grc' dir='ltr'><strong>πρὶς</strong></span> <span class='ocrx_word' id='word_1_790' title='bbox 3136 4915 3286 4992; x_wconf 59' lang='lat'><strong>~106;</strong></span> <span class='ocrx_word' id='word_1_791' title='bbox 3333 4913 3412 4992; x_wconf 57' lang='grc' dir='ltr'><strong>’ξδ’</strong></span> <span class='ocrx_word' id='word_1_792' title='bbox 3445 4913 3698 4992; x_wconf 74' lang='grc' dir='ltr'><strong>Μεγάλου</strong></span> <span class='ocrx_word' id='word_1_793' title='bbox 3728 4913 3816 4986; x_wconf 69' lang='grc' dir='ltr'><strong>⁷τῷ</strong></span> 
     </span>
    </p>
   </div>
   <div class='ocr_carea' id='block_1_106' title="bbox 2159 4938 3813 5066">
    <p class='ocr_par' dir='ltr' id='par_1_106' title="bbox 2159 4938 3813 5066">
     <span class='ocr_line' id='line_1_108' title="bbox 2159 4938 3813 4992; baseline -0.001 -22"><span class='ocrx_word' id='word_1_794' title='bbox 2159 4939 2247 4970; x_wconf 87' lang='grc' dir='ltr'><strong>νυν</strong></span> <span class='ocrx_word' id='word_1_795' title='bbox 2277 4938 2287 4948; x_wconf 90' lang='grc'><strong>·</strong></span> <span class='ocrx_word' id='word_1_796' title='bbox 2342 4938 2503 4970; x_wconf 90' lang='grc' dir='ltr'><strong>τουτο</strong></span> <span class='ocrx_word' id='word_1_797' title='bbox 2557 4938 2930 4988; x_wconf 82' lang='grc' dir='ltr'><strong>σημειουμεῠα</strong></span> <span class='ocrx_word' id='word_1_798' title='bbox 2975 4938 3110 4992; x_wconf 89' lang='grc' dir='ltr'><strong>προς</strong></span> <span class='ocrx_word' id='word_1_799' title='bbox 3159 4938 3286 4978; x_wconf 90' lang='grc' dir='ltr'><strong>τους</strong></span> <span class='ocrx_word' id='word_1_800' title='bbox 3333 4938 3396 4970; x_wconf 90' lang='grc' dir='ltr'><strong>το</strong></span> <span class='ocrx_word' id='word_1_801' title='bbox 3445 4938 3524 4971; x_wconf 78' lang='lat' dir='ltr'><strong>me</strong></span> <span class='ocrx_word' id='word_1_802' title='bbox 3565 4938 3698 4970; x_wconf 78' lang='grc' dir='ltr'><strong>αΛου</strong></span> <span class='ocrx_word' id='word_1_803' title='bbox 3741 4938 3813 4986; x_wconf 83' lang='grc' dir='ltr'><strong>τῳ</strong></span> 
     </span>
     <span class='ocr_line' id='line_1_109' title="bbox 2159 4938 3813 5066; baseline -0.001 -24"><span class='ocrx_word' id='word_1_804' title='bbox 2159 4988 2329 5066; x_wconf 64' lang='grc' dir='ltr'><strong>ματρὶ</strong></span> <span class='ocrx_word' id='word_1_805' title='bbox 2382 4989 2559 5066; x_wconf 48' lang='grc' dir='ltr'><strong>μόνω,</strong></span> <span class='ocrx_word' id='word_1_806' title='bbox 2590 4990 3045 5066; x_wconf 65' lang='grc' dir='ltr'><strong>περιγράφοντας,</strong></span> <span class='ocrx_word' id='word_1_807' title='bbox 3092 4988 3170 5061; x_wconf 86' lang='grc' dir='ltr'>τῷ</span> <span class='ocrx_word' id='word_1_808' title='bbox 3222 4986 3267 5066; x_wconf 76' lang='grc' dir='ltr'><strong>δ’</strong></span> <span class='ocrx_word' id='word_1_809' title='bbox 3301 4988 3408 5066; x_wconf 71' lang='grc' dir='ltr'><strong>Υίῷ</strong></span> <span class='ocrx_word' id='word_1_810' title='bbox 3437 4989 3502 5066; x_wconf 78' lang='grc' dir='ltr'>τᾲ</span> <span class='ocrx_word' id='word_1_811' title='bbox 3528 4938 3813 5066; x_wconf 60' lang='grc' dir='ltr'><strong>δευτεραῖα</strong></span> 
     </span>
    </p>
   </div>
   <div class='ocr_carea' id='block_1_107' title="bbox 2157 5010 3809 5136">
    <p class='ocr_par' dir='ltr' id='par_1_107' title="bbox 2157 5010 3809 5136">
     <span class='ocr_line' id='line_1_110' title="bbox 2159 5010 3809 5112; baseline -0.001 -70"><span class='ocrx_word' id='word_1_812' title='bbox 2159 5010 2329 5063; x_wconf 79' lang='grc' dir='ltr'><strong>ιιατρι</strong></span> <span class='ocrx_word' id='word_1_813' title='bbox 2382 5010 2532 5112; x_wconf 61' lang='grc' dir='ltr'><strong>μονιξ</strong></span> <span class='ocrx_word' id='word_1_814' title='bbox 2590 5010 3045 5066; x_wconf 78' lang='grc' dir='ltr'><strong>περιγραφοντας,</strong></span> <span class='ocrx_word' id='word_1_815' title='bbox 3092 5011 3170 5061; x_wconf 88' lang='grc' dir='ltr'><strong>τῳ</strong></span> <span class='ocrx_word' id='word_1_816' title='bbox 3222 5010 3249 5042; x_wconf 94' lang='grc' dir='ltr'>ο</span> <span class='ocrx_word' id='word_1_817' title='bbox 3304 5010 3408 5059; x_wconf 83' lang='grc' dir='ltr'><strong>ιιῳ</strong></span> <span class='ocrx_word' id='word_1_818' title='bbox 3437 5010 3502 5041; x_wconf 89' lang='grc' dir='ltr'><strong>τα</strong></span> <span class='ocrx_word' id='word_1_819' title='bbox 3537 5010 3809 5062; x_wconf 82' lang='grc' dir='ltr'><strong>οευτεραια</strong></span> 
     </span>
     <span class='ocr_line' id='line_1_111' title="bbox 2157 5057 3809 5136; baseline -0.001 -22"><span class='ocrx_word' id='word_1_820' title='bbox 2157 5057 2404 5136; x_wconf 75' lang='grc' dir='ltr'><strong>διδόντας</strong></span> <span class='ocrx_word' id='word_1_821' title='bbox 2438 5078 2449 5090; x_wconf 77' lang='grc'><strong><em>⁸</em></strong></span> <span class='ocrx_word' id='word_1_822' title='bbox 2537 5057 2759 5136; x_wconf 22' lang='grc' dir='ltr'><strong>ύμμάτος-</strong></span> <span class='ocrx_word' id='word_1_823' title='bbox 2795 5059 2851 5116; x_wconf 71' lang='grc' dir='ltr'><strong>δὲ</strong></span> <span class='ocrx_word' id='word_1_824' title='bbox 2895 5062 2982 5115; x_wconf 81' lang='grc' dir='ltr'><strong>καὶ</strong></span> <span class='ocrx_word' id='word_1_825' title='bbox 3016 5060 3319 5136; x_wconf 73' lang='grc' dir='ltr'><strong>ἀρχιερέως</strong></span> <span class='ocrx_word' id='word_1_826' title='bbox 3347 5061 3408 5114; x_wconf 87' lang='grc' dir='ltr'><strong>τὸ</strong></span> <span class='ocrx_word' id='word_1_827' title='bbox 3442 5060 3536 5131; x_wconf 83' lang='grc' dir='ltr'><strong>μὶν</strong></span> <span class='ocrx_word' id='word_1_828' title='bbox 3572 5059 3646 5136; x_wconf 77' lang='grc' dir='ltr'><strong>ὡς</strong></span> <span class='ocrx_word' id='word_1_829' title='bbox 3669 5079 3809 5136; x_wconf 36' lang='grc' dir='ltr'><strong>,σφα-</strong></span> 
     </span>
    </p>
   </div>
   <div class='ocr_carea' id='block_1_108' title="bbox 2153 5130 3807 5207">
    <p class='ocr_par' dir='ltr' id='par_1_108' title="bbox 2153 5130 3807 5207">
     <span class='ocr_line' id='line_1_112' title="bbox 2153 5130 3807 5207; baseline -0.002 -21"><span class='ocrx_word' id='word_1_830' title='bbox 2153 5130 2489 5207; x_wconf 78' lang='grc' dir='ltr'><strong>γιασθέντος,</strong></span> <span class='ocrx_word' id='word_1_831' title='bbox 2538 5131 2808 5207; x_wconf 39' lang='grc' dir='ltr'><strong>καὶμὺπερ</strong></span> <span class='ocrx_word' id='word_1_832' title='bbox 2855 5139 2955 5207; x_wconf 73' lang='grc' dir='ltr'><strong>τῇς</strong></span> <span class='ocrx_word' id='word_1_833' title='bbox 3011 5130 3285 5207; x_wconf 67' lang='grc' dir='ltr'><strong>ἡμετέρας</strong></span> <span class='ocrx_word' id='word_1_834' title='bbox 3350 5130 3807 5207; x_wconf 73' lang='grc' dir='ltr'><strong>προσενεχθέντος</strong></span> 
     </span>
    </p>
   </div>
   <div class='ocr_carea' id='block_1_109' title="bbox 2153 5193 3801 5280">
    <p class='ocr_par' dir='ltr' id='par_1_109' title="bbox 2153 5193 3801 5280">
     <span class='ocr_line' id='line_1_113' title="bbox 2166 5193 3796 5226; baseline -0.001 -19"><span class='ocrx_word' id='word_1_835' title='bbox 2166 5193 2176 5207; x_wconf 93' lang='grc'><em>.</em></span> <span class='ocrx_word' id='word_1_836' title='bbox 2349 5204 2358 5221; x_wconf 80' lang='lat'><strong>,</strong></span> <span class='ocrx_word' id='word_1_837' title='bbox 2477 5193 2566 5218; x_wconf 64' lang='grc' dir='ltr'><strong>ν,</strong></span> <span class='ocrx_word' id='word_1_838' title='bbox 2629 5200 2669 5220; x_wconf 50' lang='grc' dir='ltr'><strong>Μ</strong></span> <span class='ocrx_word' id='word_1_839' title='bbox 2748 5193 2789 5222; x_wconf 44' lang='grc' dir='ltr'>τ.</span> <span class='ocrx_word' id='word_1_840' title='bbox 2896 5193 2951 5222; x_wconf 60' lang='grc' dir='ltr'><strong>,ρ</strong></span> <span class='ocrx_word' id='word_1_841' title='bbox 3017 5193 3098 5226; x_wconf 34' lang='lat' dir='ltr'><strong>tu,</strong></span> <span class='ocrx_word' id='word_1_842' title='bbox 3393 5193 3417 5226; x_wconf 46' lang='grc' dir='ltr'><strong>,ε</strong></span> <span class='ocrx_word' id='word_1_843' title='bbox 3472 5204 3484 5223; x_wconf 72' lang='grc'><strong>,</strong></span> <span class='ocrx_word' id='word_1_844' title='bbox 3588 5193 3622 5206; x_wconf 51' lang='grc' dir='ltr'><strong>,ι</strong></span> <span class='ocrx_word' id='word_1_845' title='bbox 3691 5207 3712 5216; x_wconf 77' lang='lat'>_</span> <span class='ocrx_word' id='word_1_846' title='bbox 3787 5201 3796 5220; x_wconf 69' lang='lat'><strong>,</strong></span> 
     </span>
     <span class='ocr_line' id='line_1_114' title="bbox 2153 5199 3801 5280; baseline -0.001 -22"><span class='ocrx_word' id='word_1_847' title='bbox 2153 5222 2464 5280; x_wconf 56' lang='lat' dir='ltr'><strong>ouo-cnptac:</strong></span> <span class='ocrx_word' id='word_1_848' title='bbox 2513 5221 2576 5280; x_wconf 72' lang='grc' dir='ltr'><strong>το</strong></span> <span class='ocrx_word' id='word_1_849' title='bbox 2625 5219 2681 5256; x_wconf 89' lang='grc' dir='ltr'><strong>οε</strong></span> <span class='ocrx_word' id='word_1_850' title='bbox 2731 5226 2807 5280; x_wconf 83' lang='grc' dir='ltr'><strong>ως</strong></span> <span class='ocrx_word' id='word_1_851' title='bbox 2855 5225 2963 5280; x_wconf 82' lang='grc' dir='ltr'><strong>ουχ</strong></span> <span class='ocrx_word' id='word_1_852' title='bbox 3011 5227 3081 5260; x_wconf 89' lang='grc' dir='ltr'><strong>υπ</strong></span> <span class='ocrx_word' id='word_1_853' title='bbox 3120 5204 3354 5280; x_wconf 19' lang='grc' dir='ltr'><strong>λαλλου,⁸</strong></span> <span class='ocrx_word' id='word_1_854' title='bbox 3398 5224 3466 5280; x_wconf 81' lang='grc' dir='ltr'><strong>υφ</strong></span> <span class='ocrx_word' id='word_1_855' title='bbox 3525 5203 3716 5258; x_wconf 74' lang='grc' dir='ltr'><strong>ἑαυτου</strong></span> <span class='ocrx_word' id='word_1_856' title='bbox 3748 5199 3801 5256; x_wconf 84' lang='grc' dir='ltr'><strong>δε</strong></span> 
     </span>
    </p>
   </div>
   <div class='ocr_carea' id='block_1_110' title="bbox 2150 5272 3804 5356">
    <p class='ocr_par' dir='ltr' id='par_1_110' title="bbox 2150 5272 3804 5356">
     <span class='ocr_line' id='line_1_115' title="bbox 2150 5272 3804 5356; baseline -0.002 -26"><span class='ocrx_word' id='word_1_857' title='bbox 2150 5272 2334 5356; x_wconf 72' lang='grc' dir='ltr'><strong>ἑαυτὸν</strong></span> <span class='ocrx_word' id='word_1_858' title='bbox 2383 5272 2690 5356; x_wconf 53' lang='grc' dir='ltr'><strong>τεθυκότος,</strong></span> <span class='ocrx_word' id='word_1_859' title='bbox 2724 5277 2812 5329; x_wconf 87' lang='grc' dir='ltr'><strong>καὶ</strong></span> <span class='ocrx_word' id='word_1_860' title='bbox 2847 5272 3172 5356; x_wconf 72' lang='grc' dir='ltr'><strong>εἰς”σφαγήν</strong></span> <span class='ocrx_word' id='word_1_861' title='bbox 3233 5272 3478 5330; x_wconf 71' lang='grc' dir='ltr'><strong>ἑκούσιόν</strong></span> <span class='ocrx_word' id='word_1_862' title='bbox 3530 5286 3804 5347; x_wconf 88' lang='grc' dir='ltr'><strong>προτεθει-</strong></span> 
     </span>
    </p>
   </div>
   <div class='ocr_carea' id='block_1_111' title="bbox 2146 5348 3804 5419">
    <p class='ocr_par' dir='ltr' id='par_1_111' title="bbox 2146 5348 3804 5419">
     <span class='ocr_line' id='line_1_116' title="bbox 2146 5348 3804 5419; baseline -0.001 -17"><span class='ocrx_word' id='word_1_863' title='bbox 2146 5349 2323 5408; x_wconf 82' lang='grc' dir='ltr'><strong>κότος.</strong></span> <span class='ocrx_word' id='word_1_864' title='bbox 2355 5372 2374 5397; x_wconf 73' lang='grc' dir='ltr'><strong>ο</strong></span> <span class='ocrx_word' id='word_1_865' title='bbox 2415 5348 2659 5418; x_wconf 79' lang='lat' dir='ltr'><strong>Theologi</strong></span> <span class='ocrx_word' id='word_1_866' title='bbox 2702 5365 2771 5403; x_wconf 75' lang='lat' dir='ltr'><strong>ex</strong></span> <span class='ocrx_word' id='word_1_867' title='bbox 2800 5348 3051 5406; x_wconf 79' lang='lat' dir='ltr'><strong>oratiorie</strong></span> <span class='ocrx_word' id='word_1_868' title='bbox 3085 5348 3182 5405; x_wconf 71' lang='lat' dir='ltr'><strong>&#39;De</strong></span> <span class='ocrx_word' id='word_1_869' title='bbox 3225 5350 3496 5419; x_wconf 73' lang='lat' dir='ltr'><strong>theologia</strong></span> <span class='ocrx_word' id='word_1_870' title='bbox 3525 5355 3575 5405; x_wconf 86' lang='lat' dir='ltr'><strong>et</strong></span> <span class='ocrx_word' id='word_1_871' title='bbox 3603 5349 3804 5418; x_wconf 75' lang='lat' dir='ltr'><strong>episco-</strong></span> 
     </span>
    </p>
   </div>
   <div class='ocr_carea' id='block_1_112' title="bbox 2143 5419 3805 5493">
    <p class='ocr_par' dir='ltr' id='par_1_112' title="bbox 2143 5419 3805 5493">
     <span class='ocr_line' id='line_1_117' title="bbox 2143 5419 3805 5493; baseline -0.002 -16"><span class='ocrx_word' id='word_1_872' title='bbox 2143 5439 2343 5493; x_wconf 85' lang='lat' dir='ltr'><strong>porum</strong></span> <span class='ocrx_word' id='word_1_873' title='bbox 2372 5421 2778 5493; x_wconf 62' lang='lat' dir='ltr'><strong>constitutione.</strong></span> <span class='ocrx_word' id='word_1_874' title='bbox 2813 5423 3033 5477; x_wconf 85' lang='lat' dir='ltr'><strong>Textus</strong></span> <span class='ocrx_word' id='word_1_875' title='bbox 3062 5439 3074 5476; x_wconf 89' lang='lat'><strong>:</strong></span> <span class='ocrx_word' id='word_1_876' title='bbox 3100 5445 3127 5471; x_wconf 90' lang='grc'><strong><em>‹‹</em></strong></span> <span class='ocrx_word' id='word_1_877' title='bbox 3163 5421 3356 5492; x_wconf 87' lang='lat' dir='ltr'><strong>Magni</strong></span> <span class='ocrx_word' id='word_1_878' title='bbox 3391 5421 3574 5493; x_wconf 86' lang='lat' dir='ltr'><strong>Deiet</strong></span> <span class='ocrx_word' id='word_1_879' title='bbox 3605 5419 3805 5493; x_wconf 66' lang='lat' dir='ltr'><strong>hostias</strong></span> 
     </span>
    </p>
   </div>
   <div class='ocr_carea' id='block_1_113' title="bbox 2144 5491 3806 5564">
    <p class='ocr_par' dir='ltr' id='par_1_113' title="bbox 2144 5491 3806 5564">
     <span class='ocr_line' id='line_1_118' title="bbox 2144 5491 3806 5564; baseline -0.002 -15"><span class='ocrx_word' id='word_1_880' title='bbox 2144 5491 2200 5549; x_wconf 69' lang='lat' dir='ltr'><strong>et</strong></span> <span class='ocrx_word' id='word_1_881' title='bbox 2232 5492 2543 5564; x_wconf 83' lang='lat' dir='ltr'><strong>pontificis.</strong></span> <span class='ocrx_word' id='word_1_882' title='bbox 2573 5513 2600 5539; x_wconf 83' lang='grc'><strong>››</strong></span> <span class='ocrx_word' id='word_1_883' title='bbox 2631 5492 2829 5547; x_wconf 89' lang='lat' dir='ltr'><strong>Basilii</strong></span> <span class='ocrx_word' id='word_1_884' title='bbox 2881 5494 3112 5548; x_wconf 90' lang='lat' dir='ltr'><strong>minimi</strong></span> <span class='ocrx_word' id='word_1_885' title='bbox 3142 5491 3548 5564; x_wconf 82' lang='lat' dir='ltr'><strong>interpretatio</strong></span> <span class='ocrx_word' id='word_1_886' title='bbox 3585 5508 3654 5564; x_wconf 80' lang='lat'><strong>:_«</strong></span> <span class='ocrx_word' id='word_1_887' title='bbox 3684 5491 3806 5545; x_wconf 84' lang='lat' dir='ltr'><strong>Ma-</strong></span> 
     </span>
    </p>
   </div>
   <div class='ocr_carea' id='block_1_114' title="bbox 2140 5562 3802 5692">
    <p class='ocr_par' dir='ltr' id='par_1_114' title="bbox 2140 5562 3802 5692">
     <span class='ocr_line' id='line_1_119' title="bbox 2185 5562 3802 5634; baseline -0.002 -14"><span class='ocrx_word' id='word_1_888' title='bbox 2185 5562 2326 5620; x_wconf 78' lang='lat' dir='ltr'><strong>num</strong></span> <span class='ocrx_word' id='word_1_889' title='bbox 2379 5563 2617 5634; x_wconf 90' lang='lat' dir='ltr'><strong>quidem</strong></span> <span class='ocrx_word' id='word_1_890' title='bbox 2671 5569 2873 5632; x_wconf 89' lang='lat' dir='ltr'><strong>Deum,</strong></span> <span class='ocrx_word' id='word_1_891' title='bbox 2907 5567 3223 5622; x_wconf 88' lang='lat' dir='ltr'><strong>Dominum</strong></span> <span class='ocrx_word' id='word_1_892' title='bbox 3278 5562 3549 5620; x_wconf 83' lang='lat' dir='ltr'><strong>nostrum</strong></span> <span class='ocrx_word' id='word_1_893' title='bbox 3596 5562 3802 5618; x_wconf 88' lang='lat' dir='ltr'><strong>Jesum</strong></span> 
     </span>
     <span class='ocr_line' id='line_1_120' title="bbox 2140 5584 3799 5692; baseline -0.001 0"><span class='ocrx_word' id='word_1_894' title='bbox 2140 5584 2436 5692; x_wconf 59' lang='lat' dir='ltr'><strong>Ehristum</strong></span> <span class='ocrx_word' id='word_1_895' title='bbox 2476 5635 2638 5692; x_wconf 89' lang='lat' dir='ltr'><strong>dicit.</strong></span> <span class='ocrx_word' id='word_1_896' title='bbox 2673 5653 2787 5691; x_wconf 84' lang='lat' dir='ltr'><strong>non</strong></span> <span class='ocrx_word' id='word_1_897' title='bbox 2837 5643 3036 5692; x_wconf 88' lang='lat' dir='ltr'><strong>tamen</strong></span> <span class='ocrx_word' id='word_1_898' title='bbox 3087 5653 3244 5692; x_wconf 92' lang='lat' dir='ltr'><strong>nunc</strong></span> <span class='ocrx_word' id='word_1_899' title='bbox 3275 5637 3526 5692; x_wconf 88' lang='lat' dir='ltr'><strong>Patrem.</strong></span> <span class='ocrx_word' id='word_1_900' title='bbox 3564 5635 3680 5690; x_wconf 84' lang='lat' dir='ltr'><strong>Hoc</strong></span> <span class='ocrx_word' id='word_1_901' title='bbox 3730 5637 3799 5691; x_wconf 88' lang='lat' dir='ltr'><strong>ad</strong></span> 
     </span>
    </p>
   </div>
   <div class='ocr_carea' id='block_1_115' title="bbox 2189 5635 3799 5702">
    <p class='ocr_par' dir='ltr' id='par_1_115' title="bbox 2189 5635 3799 5702">
     <span class='ocr_line' id='line_1_121' title="bbox 2189 5635 3799 5702; baseline -0.001 -10"><span class='ocrx_word' id='word_1_902' title='bbox 2189 5638 2436 5692; x_wconf 86' lang='lat' dir='ltr'><strong>hristum</strong></span> <span class='ocrx_word' id='word_1_903' title='bbox 2476 5635 2638 5702; x_wconf 89' lang='lat' dir='ltr'><strong>dicit,</strong></span> <span class='ocrx_word' id='word_1_904' title='bbox 2673 5653 2787 5691; x_wconf 86' lang='lat' dir='ltr'><strong>non</strong></span> <span class='ocrx_word' id='word_1_905' title='bbox 2837 5643 3036 5694; x_wconf 88' lang='lat' dir='ltr'><strong>tamen</strong></span> <span class='ocrx_word' id='word_1_906' title='bbox 3087 5653 3244 5693; x_wconf 89' lang='lat' dir='ltr'><strong>nunc</strong></span> <span class='ocrx_word' id='word_1_907' title='bbox 3275 5637 3526 5692; x_wconf 88' lang='lat' dir='ltr'><strong>Patrem.</strong></span> <span class='ocrx_word' id='word_1_908' title='bbox 3564 5635 3680 5690; x_wconf 84' lang='lat' dir='ltr'><strong>Hoc</strong></span> <span class='ocrx_word' id='word_1_909' title='bbox 3730 5637 3799 5691; x_wconf 88' lang='lat' dir='ltr'><strong>ad</strong></span> 
     </span>
    </p>
   </div>
   <div class='ocr_carea' id='block_1_116' title="bbox 2140 5707 3802 5778">
    <p class='ocr_par' dir='ltr' id='par_1_116' title="bbox 2140 5707 3802 5778">
     <span class='ocr_line' id='line_1_122' title="bbox 2140 5707 3802 5778; baseline -0.001 -14"><span class='ocrx_word' id='word_1_910' title='bbox 2140 5716 2412 5764; x_wconf 87' lang='lat' dir='ltr'><strong>notamus</strong></span> <span class='ocrx_word' id='word_1_911' title='bbox 2472 5707 2758 5763; x_wconf 89' lang='lat' dir='ltr'><strong>adversus</strong></span> <span class='ocrx_word' id='word_1_912' title='bbox 2814 5707 2946 5764; x_wconf 92' lang='lat' dir='ltr'><strong>illos</strong></span> <span class='ocrx_word' id='word_1_913' title='bbox 2990 5711 3090 5778; x_wconf 92' lang='lat' dir='ltr'><strong>qui</strong></span> <span class='ocrx_word' id='word_1_914' title='bbox 3122 5707 3474 5766; x_wconf 87' lang='lat' dir='ltr'><strong>vocabulum</strong></span> <span class='ocrx_word' id='word_1_915' title='bbox 3532 5710 3802 5778; x_wconf 81' lang='lat' dir='ltr'><strong>Magnum</strong></span> 
     </span>
    </p>
   </div>
   <div class='ocr_carea' id='block_1_117' title="bbox 2139 5779 3797 5855">
    <p class='ocr_par' dir='ltr' id='par_1_117' title="bbox 2139 5779 3797 5855">
     <span class='ocr_line' id='line_1_123' title="bbox 2139 5779 3797 5855; baseline -0.002 -18"><span class='ocrx_word' id='word_1_916' title='bbox 2139 5780 2293 5837; x_wconf 85' lang='lat' dir='ltr'><strong>Patri</strong></span> <span class='ocrx_word' id='word_1_917' title='bbox 2347 5783 2578 5834; x_wconf 84' lang='lat' dir='ltr'><strong>tantum</strong></span> <span class='ocrx_word' id='word_1_918' title='bbox 2637 5779 2962 5855; x_wconf 89' lang='lat' dir='ltr'><strong>ascribunt,</strong></span> <span class='ocrx_word' id='word_1_919' title='bbox 2995 5779 3137 5839; x_wconf 91' lang='lat' dir='ltr'><strong>Filio</strong></span> <span class='ocrx_word' id='word_1_920' title='bbox 3195 5785 3395 5839; x_wconf 89' lang='lat' dir='ltr'><strong>autem</strong></span> <span class='ocrx_word' id='word_1_921' title='bbox 3452 5783 3647 5853; x_wconf 79' lang='lat' dir='ltr'><strong>partes</strong></span> <span class='ocrx_word' id='word_1_922' title='bbox 3705 5794 3797 5835; x_wconf 88' lang='lat' dir='ltr'><strong>ss-</strong></span> 
     </span>
    </p>
   </div>
  </div>
