4090 6416
287 468 447 538 1069

1024 466 1317 530 ORATIO
1359 464 1491 528 XX.
1523 464 1731 528 -ΒΕ
1776 460 2129 528 DOGMAT.
2172 466 2273 529 ET
2317 468 2674 532 CONSTIT.
2721 470 2967 533 EPISC.

3544 473 3703 535 1070

293 607 367 680 μή
429 603 692 681 πρότερον
746 599 932 657 ἑαυτὸν
984 598 1287 673 παρέστησε
1331 601 1412 669 τῷ
1461 602 1576 669 Θεῷ
1606 596 1789 651 θυσίαν
1826 600 1939 666 ζῶ-

2062 616 2234 672 gnum
2265 617 2417 671 esse,
2440 602 2541 673 qui
2573 603 2811 675 quidem
2864 604 3029 676 prius
3062 608 3174 661 Deo
3222 604 3476 661 hostiam
3507 606 3700 663 viven-

292 717 411 765 σαν,
445 691 655 767 μᾶλλον
690 688 767 759 δὲ,
799 690 946 760 ναὸς,
980 689 1134 763 ἅγιος
1167 686 1376 762 ἆγὲνετο
1415 690 1549 742 Θεοῦ
1599 690 1799 756 ζῶντος
1849 687 1938 742 καὶ

2062 694 2169 744 tem
2229 690 2490 762 seipsum
2550 710 2664 749 non
2723 693 3141 763 exhibuerit“,
3196 700 3317 761 aut,
3367 700 3433 750 ut
3490 697 3704 752 rectius

294 788 397 853 ζῶν
424 803 436 815 ·
470 786 587 844 πῶς
618 782 653 850 ἢ
705 779 863 839 αὐτὸς
894 776 1206 853 προχείρως
1236 774 1623 852 ἐγχειρήσαιμι
1652 781 1769 838 τοῖς
1816 776 1940 850 περὶ

291 877 425 930 Θεοῦ
482 872 696 946 λόγοις,
755 872 790 939 ἢ
852 865 1199 939 ἀποδὲξωμαι
1254 868 1365 940 (59)
1420 866 1511 921 τὸν
1587 864 1944 942 ἔγχειροῦντα

290 961 564 1039 θρασέως
597 960 706 1013 Οὐκ
737 956 1013 1017 ἐπαινετὸς
1046 957 1074 1010 6
1118 954 1287 1017 πόθος
1312 975 1324 987 ·
1378 949 1608 1033 φοϐερὸν
1655 956 1716 1009 τὸ
1765 954 1941 1030 ἔγχεε-

293 1072 465 1129 ρημα.
518 1050 616 1105 Καὶ
665 1047 755 1103 διὰ
799 1051 961 1101 τοῦτο
1008 1045 1300 1120 καθαρτὲον
1339 1044 1524 1099 ἑαυτὸν
1556 1049 1796 1120 πρῶτον,
1831 1044 1945 1099 εἶτα

288 1142 369 1214 τῷ
399 1138 619 1215 καθαρῷ
667 1133 1107 1212 προσομιλητὲον
1137 1153 1149 1166 ·
1203 1134 1249 1188 εἱ
1303 1135 1377 1206 μή
1424 1132 1725 1207 μέλλοιμεν
1755 1134 1818 1188 τὸ
1849 1138 1945 1188 τοῦ

291 1231 486 1286 Μανωὲ
538 1228 835 1296 πείσεσθαι,
883 1224 973 1278 καὶ
1022 1222 1190 1295 λέξειν
1248 1225 1357 1297 (60)
1410 1222 1460 1277 ἐν
1494 1222 1756 1300 φαντασίᾳ
1809 1226 1943 1277 Θεοῦ

291 1319 573 1396 γενόμενοι
619 1319 751 1389 (61)·
803 1310 1224 1385 Ἀπολώλαμεν,
1277 1312 1321 1365 ὧ
1364 1310 1545 1385 γύναι,
1596 1312 1722 1367 Θεὸν
1770 1310 1944 1387 ζωρά-

292 1429 483 1480 καμεν,
515 1407 570 1473 ἢ,
619 1405 691 1465 ὡς
734 1403 959 1477 Πέτρος,
1016 1400 1437 1474 ἀποπέμψασθαι
1471 1402 1584 1473 (62)
1614 1405 1711 1455 τοῦ
1742 1400 1944 1456 πλοίου

287 1498 377 1552 τὸν
410 1497 645 1565 Ἰησοῦν,
676 1494 750 1554 ὡς
784 1490 882 1546 οὐκ
911 1488 1048 1561 ἄξιοι
1099 1489 1362 1559 τοιαύτης
1394 1486 1688 1561 ἐπίδημίας
1716 1507 1728 1520 ·
1776 1490 1835 1561 ἢ,
1869 1490 1945 1545 ὡς

292 1589 321 1640 ὁ
368 1584 761 1658 ἑκατόνταρχος
812 1580 1035 1648 ἐκεῖνος,
1081 1581 1179 1648 τὴν
1235 1580 1330 1651 μὲν
1378 1577 1663 1654 θεραπείαν
1710 1578 1945 1648 ἀπαιτή-

293 1696 404 1730 σειν
440 1676 574 1748 (63),
604 1672 695 1726 τὸν
748 1670 1078 1743 θεραπευτὴν
1127 1666 1185 1723 δὲ
1234 1668 1333 1722 οὐκ
1379 1664 1729 1737 εἰσδέξασθαι.
1780 1667 1946 1742 Λεγὲ-

289 1786 370 1819 τω
419 1784 502 1825 τις
549 1760 639 1816 καὶ
669 1762 853 1834 ἡμῶν,
886 1756 989 1820 ἓως
1022 1758 1161 1813 ἐστὶν
1195 1756 1613 1833 ἑκατόνταρχος,
1644 1756 1734 1810 καὶ
1765 1755 1951 1812 πλειό-

294 1874 398 1908 νων
451 1852 503 1907 ἐν
566 1849 728 1920 κακίᾳ
780 1852 1013 1923 κρατῶν,
1045 1846 1135 1901 καὶ
1189 1845 1269 1901 ἔτι
1311 1845 1732 1922 στρατευόμενος
1762 1844 1952 1900 Καίσα-

2052 777 2279 850 loquar,
2304 779 2406 835 Dei
2435 779 2542 835 vivi
2576 781 2865 854 templum
2899 789 3167 839 sanctum
3214 800 3281 839 ac
3325 784 3518 839 vivum
3542 786 3584 819 ²⁷
3615 785 3705 841 fa-

2053 872 2183 923 ctus
2214 868 2321 935 sit;
2355 868 2453 940 qui
2483 871 2720 925 tandem
2754 871 2877 927 ﬁeri
2911 873 3115 943 possit,
3148 877 3213 927 ut
3239 873 3328 928 vel
3357 873 3484 945 ipse
3514 890 3706 944 prom-

2054 963 2151 1029 pto
2182 959 2378 1014 animo
2401 960 2472 1014 de
2501 960 2617 1015 Deo
2641 960 3100 1032 disputationem
3136 962 3347 1017 habere
3376 963 3705 1035 aggrediar,

2053 1046 2143 1102 vel
2171 1051 2389 1103 temere
2437 1049 2872 1120 aggredientem
2906 1051 3191 1121 probem?
3222 1052 3543 1107 Laudande
3591 1068 3709 1107 non

2054 1141 2143 1190 est
2174 1135 2295 1190 haec
2325 1137 2652 1209 cupiditas;
2703 1138 3068 1209 periculosus
3116 1156 3181 1194 ac
3231 1140 3587 1196 metuendus
3616 1140 3712 1195 hic

2056 1228 2323 1281 conatus.
2347 1227 2425 1281 Ac
2448 1226 2688 1298 proinde
2715 1227 2953 1299 purgari
2978 1244 3084 1283 nos
3108 1231 3242 1283 ante
3265 1233 3513 1300 oportet,
3538 1234 3714 1299 atque

2056 1313 2136 1367 ita
2165 1315 2377 1369 deinde
2423 1315 2479 1369 in
2512 1315 2693 1381 illius,
2719 1315 2817 1387 qui
2863 1333 3047 1387 purus
3098 1320 3208 1384 est,
3242 1333 3627 1390 congressum
3659 1321 3714 1372 et

2057 1402 2415 1474 colloquium
2466 1404 2689 1473 venire;
2733 1421 2806 1460 ne
2864 1405 3081 1477 alioqui
3132 1406 3300 1461 nobis
3350 1406 3504 1461 idem
3556 1406 3713 1479 quod

2058 1493 2287 1561 Manue,
2323 1493 2572 1564 accidat,
2607 1510 2672 1549 ac
2723 1494 2823 1549 Dei
2856 1494 3078 1549 visione
3129 1495 3454 1565 perstrictis
3502 1495 3711 1563 oculis,

2058 1581 2325 1637 dicamus
2351 1598 2363 1638 :
2390 1583 2689 1649 Periimus,
2716 1584 2958 1647 mulier;
2979 1582 3132 1638 378
3165 1585 3336 1640 Deum
3366 1583 3606 1640 vidimus
3627 1584 3671 1619 ²⁸
3697 1600 3711 1639 :

2058 1674 2181 1738 aut,
2215 1671 2370 1726 Petri
2426 1672 2616 1727 instar
2634 1673 2697 1742 η,
2729 1673 2930 1727 Jesum
2980 1690 3014 1727 a
3062 1672 3291 1745 navigio
3351 1672 3711 1744 ablegemus,

2060 1764 2344 1832 tanquam
2376 1760 2720 1832 hujusmodi
2753 1762 3066 1832 praesentia
3096 1762 3338 1817 minime
3369 1762 3532 1833 digni
3564 1779 3576 1816 :
3613 1766 3715 1819 aut

2060 1849 2333 1919 denique,
2370 1855 2433 1905 ut
2461 1850 2728 1905 centurio
2757 1849 2856 1905 ille
2888 1849 3238 1906 medicinam
3271 1851 3506 1919 quidem
3539 1866 3712 1923 expo-

296 1962 347 2015 ρι
378 1942 457 2013 τῷ
488 1935 890 2013 κοσμοκράτορι
933 1940 1039 1989 τῶν
1085 1936 1233 1989 κάτω
1284 1933 1596 2009 συρομὲνων
1622 1953 1633 1966 ·
1688 1933 1797 1988 Οὐκ
1835 1933 1946 2007 εἰμὶ

2062 1953 2319 2005 scamus,
2353 1938 2643 1994 medicum
2676 1943 2871 1994 autem
2907 1938 3146 1994 minime
3178 1939 3582 1995 admittamus.
3621 1940 3714 1995 Di-

292 2029 500 2099 ἱκανὸς,
533 2025 627 2081 ’ίνα
688 2046 792 2099 μου
844 2025 947 2078 ὑπὸ
994 2025 1095 2092 τήν
1148 2023 1339 2098 στέγην
1393 2022 1653 2096 εἰσέλθῃς.
1696 2025 1856 2077 Ὅταν
1890 2021 1947 2077 δὲ

293 2120 503 2187 Ἰησοῦν
536 2116 834 2185 θεάσωμαι,
883 2112 1060 2166 καίτοι
1117 2113 1307 2183 μικρὸς
1338 2110 1410 2165 ὥν
1444 2112 1541 2180 τὴν
1574 2112 1943 2184 πνευματικὴν

294 2205 541 2277 ἡλικίαν,
573 2204 646 2265 ὡς
677 2204 705 2258 6
736 2206 1008 2276 Ζακχαῖος
1041 2200 1264 2269 ἐκεῖνος,
1297 2200 1385 2255 καὶ
1420 2201 1552 2273 ὑπερ
1583 2201 1683 2269 τήν
1708 2222 1946 2274 συκομο-

296 2297 418 2371 ρὲαν
477 2293 643 2369 ἀρθῶ,
702 2291 975 2366 νεκρώσας
1019 2290 1087 2343 τὰ
1138 2290 1279 2361 μέλη
1328 2290 1396 2343 τά
1445 2286 1531 2344 ἰπὶ
1571 2296 1670 2359 τῆς
1701 2296 1823 2365 γῆς,
1856 2290 1946 2344 καὶ

303 2385 540 2458 μαράνας
588 2381 700 2455 (64)
744 2379 807 2433 τὸ
865 2382 1026 2450 σῶμα
1072 2384 1172 2447 τῆς
1220 2378 1596 2439 ταπεινώσεως
1628 2399 1640 2411 ο
1690 2377 1813 2432 τότε
1854 2377 1944 2433 καὶ

294 2474 505 2543 Ἰησοῦν
540 2467 865 2541 εἰσδέξομαι,
896 2467 984 2521 καὶ
1018 2466 1319 2539 ἀκούσομαι
1347 2486 1357 2497 ·
1403 2468 1655 2542 Σήμερον
1705 2467 1946 2543 σωτηρία

292 2566 370 2633 τῷ
401 2557 536 2631 οἷόιῳ
564 2558 744 2629 τούτῳ
771 2574 784 2588 ·
834 2557 924 2609 καὶ
965 2562 1066 2624 τῆς
1120 2555 1396 2631 σωτηρίας
1423 2555 1703 2628 τεύξομαι,
1734 2556 1823 2609 καὶ
1856 2578 1943 2634 φι-

294 2648 594 2728 λοσοφήσω
635 2648 701 2701 τὰ
744 2645 1069 2717 τελεώτερα,
1121 2644 1427 2718 σκορπίζων
1467 2646 1652 2707 καλῶς
1693 2645 1726 2699 ἃ
1763 2650 1943 2708 κακῶς

294 2742 622 2814 συνήγαγον,
656 2732 763 2790 εἴτε
793 2736 1077 2809 χρήματα,
1111 2733 1217 2788 εἴτε
1246 2731 1509 2810 δόγματα.

2058 2032 2151 2080 cat
2171 2027 2347 2082 etiam
2372 2028 2687 2099 quisquam
2710 2024 3001 2094 nostrum,
3025 2026 3289 2099 quandiu
3312 2029 3576 2083 centurio
3602 2034 3712 2099 est,

2058 2115 2297 2187 vitiique
2352 2115 2666 2188 imperium
2723 2115 2876 2171 inter
2925 2115 3144 2172 multos
3191 2120 3368 2184 tenet,
3406 2116 3717 2188 adhucque

2057 2205 2167 2260 sub
2216 2205 2457 2274 Caesare,
2492 2205 2602 2260 hoc
2648 2208 2758 2272 est,
2794 2204 3000 2260 mundi
3052 2203 3335 2276 principe,
3386 2209 3563 2276 atque
3616 2222 3713 2261 eo-

2057 2311 2208 2361 rum,
2244 2294 2343 2365 qui
2374 2294 2540 2348 humi
2588 2298 2835 2364 serpunt
2881 2294 3254 2364 imperatore,
3285 2293 3580 2364 stipendia
3628 2294 3712 2350 fa-

2056 2383 2133 2437 cit
2166 2401 2178 2438 :
2212 2383 2331 2439 Non
2358 2400 2481 2437 sum
2509 2384 2727 2454 dignus,
2760 2386 2820 2437 ut
2850 2385 3027 2438 intres
3067 2385 3168 2437 sub
3212 2386 3411 2438 tectum
3441 2399 3626 2438 meum
3645 2383 3711 2440 ⁸ο.

2054 2475 2195 2527 Cum
2230 2477 2424 2527 autem
2461 2473 2666 2528 Jesum
2700 2489 3075 2543 conspexero,
3101 2472 3369 2543 quamvis
3419 2471 3714 2543 spirituali

2054 2566 2282 2617 statura
2314 2578 2548 2632 parvus,
2584 2565 2646 2616 ut
2683 2560 2781 2615 ille
2810 2561 3105 2631 Zachaeus,
3141 2576 3206 2615 ac
3238 2576 3416 2632 super
3446 2576 3713 2633 sycomo-

2053 2666 2185 2704 rum
2217 2655 2453 2705 evectus
2503 2650 2663 2704 fuero
2684 2648 2750 2717 ³¹,
2784 2648 3152 2704 mortiﬁcatis
3194 2648 3474 2703 nimirum
3525 2664 3713 2703 mem-

2053 2737 2196 2803 bris,
2221 2754 2347 2808 quss
2397 2742 2537 2793 sunt
2584 2754 2761 2809 super
2793 2742 3009 2793 terram
3033 2739 3102 2806 τη,
3129 2744 3305 2808 atque
3356 2737 3714 2794 humilitatis

292 2845 534 2902 corpore
566 2828 880 2883 reformato
904 2828 971 2891 ³³,
1006 2830 1132 2880 tum
1164 2842 1297 2881 vero
1348 2832 1404 2880 et
1450 2826 1652 2881 Jesum
1702 2826 2008 2897 excipiam,
2041 2832 2097 2883 et
2128 2828 2359 2882 audiam
2398 2845 2410 2881 :
2443 2827 2631 2897 Hodie,
2660 2829 2812 2884 salus
2859 2828 2991 2883 huic
3038 2828 3323 2895 domui";
3361 2832 3418 2883 et
3463 2828 3715 2884 salutem

293 2918 610 2989 adipiscar,
642 2920 698 2970 et
729 2914 1071 2986 perfectiora
1100 2913 1202 2968 illa
1232 2913 1427 2968 officia
1455 2914 1672 2969 curabo
1702 2918 1882 2986 atque
1910 2931 2215 2987 exsequar,
2252 2916 2520 2987 praeclare
2551 2933 2835 2989 spargens
2865 2933 2993 2988 quae
3035 2916 3314 2973 scelerate
3344 2916 3715 2989 collegeram,

293 3006 414 3061 sive
444 3005 747 3077 pecunias,
779 3003 898 3058 sive
926 3002 1222 3074 dogmata.

364 3094 441 3149 E'.
488 3092 634 3147 Ἐπεὶ
680 3088 740 3145 δὲ
788 3089 1194 3162 ἀνεκαθήραμεν
1245 3090 1323 3161 τῷ
1356 3087 1507 3165 λόγῳ
1535 3091 1627 3145 τὸν
1663 3090 1943 3167 θεόλογον,

2130 3095 2197 3151 ν.
2232 3096 2520 3160 Quoniam
2573 3099 2770 3149 autem
2805 3111 3073 3151 sermone
3102 3094 3461 3166 Theologum
3512 3112 3713 3167 repur-

298 3183 426 3261 φερε
456 3178 522 3249 δὴ
553 3182 643 3235 καὶ
673 3179 797 3255 περὶ
828 3182 961 3233 Θεοῦ
992 3178 1065 3241 ὡς
1100 3176 1151 3232 ἐν
1189 3179 1386 3254 βραχεῖ
1417 3177 1824 3255 διαλεχθῶμεν,
1858 3180 1952 3236 αῦ-

300 3276 377 3343 τῷ
432 3269 512 3343 τῷ
570 3268 761 3345 Πατρὶ,
810 3268 900 3323 καὶ
948 3272 1026 3339 τῷ
1076 3268 1205 3340 Υίῷ,
1254 3268 1343 3323 καὶ
1392 3273 1471 3341 τῷ
1512 3269 1650 3346 ἁγίῳ
1682 3269 1951 3343 ΙΙνεύματι

303 3360 695 3437 θαρρήσαντες,
738 3358 862 3434 περὶ
912 3358 985 3411 ὧν
1029 3358 1055 3411 6
1105 3356 1292 3434 λόγος.
1335 3355 1591 3433 Εόχομαι
1639 3357 1696 3413 δὲ
1741 3359 1803 3414 τὸ
1852 3366 1951 3415 τοῦ

274 3448 653 3522 Σολομῶντος
682 3449 891 3517 παθεῖν,
929 3445 1098 3518 μηδὲν
1133 3444 1270 3501 ἴδιον
1317 3447 1566 3517 ἐννοῆσαι
1616 3449 1740 3522 περὶ
1791 3454 1949 3520 Θεοῦ,

293 3535 436 3610 μηδὲ
491 3535 836 3611 φθέγξασθαι.
903 3536 1068 3589 ’Ὁταν
1139 3536 1239 3609 γὰρ
1306 3535 1462 3608 λέγῃ,
1526 3537 1950 3612 Ἀφρονὲστατος

289 3627 393 3700 γάρ
464 3622 579 3695 εἰμι
656 3619 874 3675 πάντωτ
949 3620 1269 3694 ἀνθρώπων,
1355 3624 1445 3675 καὶ
1523 3623 1785 3699 φρόνησις
1864 3627 1950 3679 ἀν-

295 3713 517 3788 θρώπου
550 3710 648 3764 οὐκ
676 3707 816 3763 ἔστιν
846 3707 969 3780 ἐμοὶ
1027 3710 1159 3780 (65(,
1195 3708 1294 3763 οὐκ
1334 3712 1446 3783 (66)
1495 3710 1771 3765 ἀσυνεσίαν
1822 3714 1945 3767 ἑαυ-

284 3806 382 3857 τοῦ
415 3799 592 3871 δήπου
641 3798 1062 3872 καταγινώσκων
1113 3798 1273 3852 τοῦτό
1324 3820 1503 3875 φησιν.
1557 3805 1679 3861 Πῶς
1726 3802 1852 3877 γὰρ,
1888 3802 1948 3864 ὅς

285 3912 348 3966 γε
372 3894 534 3945 τοῦτο
584 3887 673 3942 καὶ
725 3888 835 3960 (67)
886 3884 1057 3961 ᾔτησε
1108 3888 1255 3958 παρά
1303 3891 1437 3942 Θεοῦ
1476 3889 1582 3961 πρὸ
1612 3891 1812 3951 παντὸς
1848 3889 1945 3945 ἄλ-

282 3979 402 4051 λου,
435 3978 524 4033 καὶ
580 3971 744 4032 ἔλαϐε
796 3974 1009 4053 σοφίαν,
1057 3975 1146 4029 καὶ
1178 3976 1427 4048 θεωρίαν,
1460 3976 1550 4031 καὶ
1581 3977 1787 4039 πλάτος
1815 3999 1945 4055 καρ-

287 4064 427 4138 δίας,
484 4067 716 4141 ψάμμου
773 4064 1182 4137 πλουσιώτερον
1243 4086 1303 4121 τε
1359 4065 1449 4120 καὶ
1509 4063 1943 4143 δαψιλὲστερον;

292 4155 391 4210 Καὶ
425 4156 453 4210 ὁ
502 4158 761 4209 τοσοῦτον
813 4153 996 4229 σοφὸς,
1054 4152 1145 4207 καὶ
1192 4152 1448 4223 τοιαύτης
1490 4156 1805 4230 τετυχηκὼς
1839 4154 1944 4212 δω-

290 4250 438 4320 ρεᾶς,
490 4248 606 4305 πῶς
656 4241 1048 4319 ἀφρονέστατον
1097 4242 1283 4297 ἑαυτὸν
1335 4245 1692 4319 πάντων
1742 4245 1945 4319 ὀνομά-

307 4340 417 4403 ζει;
450 4340 535 4396 Ὡς
569 4331 667 4387 οὐκ
697 4330 841 4407 ἔχων
878 4329 1015 4387 ἰδίαν
1049 4329 1263 4403 δηλαδή
1298 4333 1582 4412 φρόνησιν,
1627 4333 1946 4410 ἐνεργούμε-

288 4444 379 4484 νος
415 4420 472 4477 δὲ
499 4424 599 4492 τὴν
647 4421 791 4486 θείαν
840 4442 899 4475 τε
946 4419 1035 4475 καί
1082 4421 1436 4498 τελεωτέραν.
1481 4422 1577 4478 Καὶ
1608 4424 1709 4499 γὰρ
1742 4426 1769 4478 ὁ
1802 4429 1944 4479 Παῦ-

290 4511 387 4573 λος
413 4508 615 4586 λέγων,
648 4514 732 4564 Ζῶ
763 4506 840 4577 δὲ,
875 4508 975 4564 οὐκ
1015 4507 1093 4564 ἔτι
1144 4509 1270 4586 ἐγὼ,
1324 4516 1387 4580 ζῆ
1440 4509 1498 4566 δὲ
1546 4511 1597 4566 ἐν
1649 4511 1773 4576 ἐμοὶ
1820 4520 1946 4585 Χρι-

288 4601 435 4671 στὸς,
492 4599 598 4674 οὐχ
646 4598 720 4661 ὡς
775 4597 899 4672 περὶ
947 4602 1137 4671 νεκροῦ
1176 4600 1391 4661 πάντως
1425 4600 1615 4654 ἑαυτοῦ
1647 4598 1941 4677 διελέγετο,

287 4686 415 4744 ἀλλ’
445 4689 521 4751 ὡς
555 4692 761 4757 ζῶντος
791 4685 1075 4763 κρείσσονα
1105 4690 1211 4740 τῶν
1253 4684 1481 4741 πολλῶν
1515 4689 1682 4756 ζωὴν,
1713 4694 1791 4761 τῷ
1824 4710 1946 4762 μετ.

288 4775 570 4854 ειληφὲναι
602 4782 703 4845 τῆς
736 4773 908 4836 ὅντως
943 4779 1107 4846 ζωῆς,
1140 4775 1229 4829 καὶ
1276 4772 1465 4848 μηδενῖ
1518 4775 1730 4850 θανάτῳ
1777 4798 1943 4853 περα-

2062 3185 2353 3257 gavimus,
2377 3201 2493 3256 age,
2513 3185 2630 3256 iam
2654 3185 2724 3239 de
2746 3183 2861 3239 Deo
2887 3182 3089 3254 paucis
3115 3183 3499 3251 disseramus,
3524 3183 3715 3255 ipsius

2061 3274 2251 3330 Patris
2300 3273 2548 3346 Filiique
2576 3277 2633 3328 et
2663 3273 2849 3329 sancti
2878 3273 3152 3344 Spiritus,
3178 3273 3249 3328 de
3278 3273 3491 3343 quibus
3538 3275 3714 3330 verba

2061 3364 2269 3419 facturi
2302 3380 2532 3434 sumus,
2553 3362 2769 3418 auxilio
2806 3362 2934 3417 freti
2968 3367 3141 3433 atque
3163 3362 3419 3417 subnixi.
3449 3362 3711 3434 Optarim

2059 3457 2258 3508 autem
2302 3452 2459 3508 idem
2510 3452 2653 3506 mihi
2688 3451 3023 3522 contingere
3053 3451 3205 3522 quod
3255 3450 3569 3519 Salomoni,
3602 3451 3712 3507 hoc

2057 3545 2166 3610 est,
2194 3545 2257 3595 ut
2286 3541 2358 3595 de
2392 3542 2503 3595 Deo
2536 3539 2680 3593 nihil
2715 3556 2909 3594 meum
2966 3556 3029 3593 ac
3080 3538 3403 3610 proprium,
3439 3538 3525 3593 vel
3554 3539 3712 3610 cogi-

2055 3633 2195 3695 tem,
2228 3627 2316 3681 vel
2347 3628 2573 3698 loquar.
2610 3627 2751 3682 Nam
2787 3643 2919 3680 cum
2952 3626 3045 3680 his
3076 3626 3268 3681 verbis
3298 3627 3484 3680 utitur
3516 3641 3530 3682 :
3564 3626 3713 3681 Stul-

2054 3718 2303 3771 tissimus
2332 3732 2457 3769 sum
2514 3716 2763 3769 omnium
2792 3714 3100 3782 hominum,
3135 3718 3184 3768 et
3210 3716 3506 3786 prudentia
3536 3715 3713 3770 homi-

2054 3807 2144 3859 nis
2174 3822 2288 3858 non
2314 3810 2393 3858 est
2423 3806 2484 3858 in
2510 3820 2598 3858 me
2618 3804 2685 3869 ³⁵,
2721 3803 3177 3873 haudquaquam
3222 3803 3446 3859 scilicet
3498 3805 3620 3859 haec
3650 3821 3717 3860 eo

2057 3893 2220 3957 dicit,
2271 3893 2425 3965 quod
2479 3892 2823 3947 stoliditatis
2874 3892 3136 3963 seipsum
3188 3894 3553 3949 condemnet.
3588 3893 3720 3963 (Qui

2055 3981 2210 4037 enim
2244 3980 2425 4047 istud,
2461 3996 2596 4033 cum
2630 3995 2759 4034 eam
2814 3996 2929 4050 pres
2962 3980 3094 4035 aliis
3151 3980 3428 4035 omnibus
3482 3981 3657 4035 rebus
3689 3998 3723 4036 a

2056 4070 2173 4125 Deo
2222 4067 2602 4140 postulasset,
2649 4085 2715 4123 ac
2767 4068 3119 4139 sapientiam
3168 4074 3228 4124 et
3275 4069 3722 4140 contemplatio-

2057 4174 2213 4227 nem,
2241 4163 2299 4214 et
2327 4156 2521 4214 cordis
2553 4157 2931 4213 latitudinem
2967 4174 3143 4213 arena
3172 4157 3356 4212 maris
3392 4157 3721 4213 uberiorem

2057 4253 2232 4319 atque
2279 4246 2663 4317 copiosiorem
2717 4245 3101 4318 accepisset?)
3134 4247 3241 4311 Qui
3298 4246 3363 4301 ﬁt
3418 4245 3621 4317 igitur,
3655 4250 3723 4301 ut

2055 4337 2142 4392 vir
2180 4352 2367 4408 usque
2399 4336 2541 4391 adeo
2587 4335 2845 4407 sapiens,
2879 4340 3055 4406 atque
3107 4335 3446 4405 hujusmodi
3495 4334 3722 4390 beneﬂ-

2056 4425 2214 4480 cium
2249 4428 2622 4491 consecutus,
2656 4423 2922 4479 omnium
2969 4424 3393 4480 stultissimum
3425 4441 3489 4480 se
3517 4423 3718 4497 appel-

2053 4513 2167 4568 let?
2197 4513 2314 4569 Hoc
2346 4512 2469 4567 vult
2512 4512 2816 4576 nimirum,
2843 4514 3139 4584 propriam
3195 4530 3257 4569 se
3311 4513 3533 4568 nullam
3585 4530 3721 4585 pru—

2053 4602 2313 4657 dentiam
2349 4602 2581 4666 habere,
2609 4602 2711 4656 sed
2747 4600 2943 4657 divina
2990 4609 3048 4657 et
3096 4603 3427 4673 perfectiori
3477 4602 3726 4673 sapien-

2053 4691 2135 4745 tia
2166 4690 2373 4745 afﬂari.
2400 4689 2703 4760 Siquidem
2754 4694 2811 4745 et
2860 4690 3101 4758 Paulus,
3135 4707 3269 4746 cum
3321 4691 3556 4745 aiebat:
3601 4690 3726 4745 Vivo

2053 4790 2261 4848 autem,
2292 4795 2405 4835 non
2441 4780 2566 4849 jam
2604 4795 2723 4848 ego,
2758 4780 2896 4835 vivit
2924 4796 3048 4835 vero
3104 4781 3165 4834 in
3221 4796 3308 4835 me
3366 4778 3615 4834 Christus
3637 4780 3720 4845 9°;

361 4894 405 4929 ²⁶
439 4894 605 4948 Rom.
639 4892 824 4965 xII,_1.
904 4892 1317 4965 271100127“,
1366 4894 1455 4965 16.
1534 4894 1577 4928 ⁸⁸
1608 4893 1805 4949 Judic.
1856 4912 1981 4955 xm,
2032 4897 2122 4951 22.
2202 4896 2249 4929 ³⁸
2282 4895 2421 4949 Luc.
2473 4910 2528 4963 ν,
2578 4894 2632 4949 8.
2712 4894 2757 4930 ³ο
2790 4894 2996 4950 Matth.
3047 4912 3168 4959 VIII,
3217 4896 3272 4950 8.
3348 4894 3390 4929 ³³
3427 4895 3565 4949 Luc.
3608 4910 3727 4965 x1x,

288 4967 323 5021 2
354 4982 516 5037 seqq.

295 5082 534 5154 cundas
561 5080 720 5154 dant.
743 5078 1022 5154 liostiam
1052 5097 1224 5154 porro
1273 5085 1331 5136 et
1382 5080 1716 5152 pontificem
1749 5082 1954 5154 appel-

295 5154 442 5234 lant,
474 5150 623 5234 illud
656 5150 892 5223 quidem
911 5152 995 5234 “ob
1041 5150 1464 5234 passionem'et
1495 5170 1598 5234 pro
1630 5150 1954 5234 nostra'sa-

294 5223 839 5296 lute'oblationem;
874 5223 1123 5280 alterum
1166 5229 1386 5294 autem,
1420 5223 1561 5296 quia
1592 5241 1705 5281 non
1739 5227 1810 5281 ab
1844 5226 1956 5281 alio

297 5298 399 5353 sed
449 5296 684 5367 propria
712 5295 1010 5351 voluntate
1057 5296 1399 5351 immolatus
1449 5295 1583 5361 fuit,
1629 5301 1685 5352 et
1733 5298 1804 5352 ad
1857 5314 1955 5354 vo-

296 5367 617 5423 luntariam
667 5373 917 5423 mortem
967 5368 1232 5425 accessit.
1264 5389 1293 5418 »
1323 5367 1463 5423 ΜΑιι
1507 5368 1764 5439 Spicileg.
1798 5374 1954 5426 Rom.

301 5439 912 5582 Χ’(5ἷζ”Αποδὲξωμαι.
947 5509 1088 5582 Reg.
1122 5510 1244 5580 bm,
1278 5505 1632 5582 ἀποδέξομαι.

513 5576 733 5657 ᾼιὲξειν.⁷
751 5576 848 5637 ΟΤ.
867 5583 941 5657 *1,
973 5576 1174 5657 λᾼὲῗγειν.

511 5650 823 5727 Γενόμενοι.
855 5650 1141 5727 Οόμὼόῇ,
1168 5650 1493 5727 γενομένου.

374 5720 488 5797 (62)
519 5722 606 5798 Ὠς
651 5720 869 5798 ’Πλέτρας
928 5720 1378 5798 ἅιττοπὲμιιίασθιίιι.⁸
1429 5723 1746 5798 Βοεηῦῳ,
1798 5723 1873 5787 ὡς
1928 5724 1958 5780 6

302 5795 533 5875 Ηὲτρος.
564 5796 663 5854 Or.
696 5795 747 5866 1,
780 5797 1090 5856 recentiori
1114 5795 1324 5869 manu,
1355 5795 1791 5872 ἀποπέμψασθαι.

592 4965 639 4999 ³³
666 4963 890 5019 Coloss.
924 4980 1008 5035 III,
1040 4965 1095 5019 5.
1174 4964 1219 4999 ³³
1251 4964 1507 5037 Philipp.
1542 4983 1628 5035 III,
1659 4967 1751 5021 21.
1828 4968 1875 5001 3‘
1910 4968 2042 5023 Luc.
2076 4984 2194 5033 x1x,
2224 4967 2277 5021 9.
2358 4966 2403 5000 ³⁸
2434 4970 2601 5021 Prov.
2636 4982 2767 5032 xxx,
2796 4968 2850 5019 2.
2930 4968 2975 5001 ³⁸
3006 4966 3192 5022 Galat.
3230 4983 3295 5032 II,
3322 4967 3412 5021 20.

2137 5084 2251 5152 (63)
2278 5080 2571 5155 Θεραπείαν
2597 5080 3134 5155 ἀπαιτήσεινῖϐοίεί.
3162 5083 3214 5148 1,
3237 5078 3517 5155 θεραπείαν
3543 5078 3729 5154 ἐπιζη-

2063 5155 2273 5223 τήσειν.
2311 5152 2460 5227 Par”
2492 5152 2773 5227 θεραπείας
2801 5152 3141 5227 ἐπιζήτησιν.

2139 5222 2561 5309 (6,[ι)11ι1αροὶνας.⁷
2609 5225 2768 5309 Pan,
2817 5224 3084 5309 μωράνας.
3142 5225 3281 5296 Reg.
3332 5224 3503 5293 Chry.
3559 5222 3723 5296 ὑπερ-

2067 5291 2287 5359 αναϐἇς,
2324 5320 2351 5344 ‹‹
2374 5291 2725 5368 "transcenso
2748 5291 3105 5352 humilitatis
3136 5291 3396 5368 corpore.
3426 5291 3455 5345 ἡ

2136 5372 2249 5510 (65)
2282 5367 2463 5457 Ἐ’μοί.
2491 5370 2639 5496 Ῥιθὲ.
2672 5386 2728 5450 β,
2760 5368 2854 5424 ΟΡ.
2894 5373 2945 5435 1,
2978 5374 3133 5437 Pan,
3166 5366 3216 5421 ἰν
3241 5366 3389 5439 ἒμοί.

2159 5443 2230 5496 66
2282 5445 2411 5496 Ουκ.
2445 5440 2540 5497 Slc
2632 5439 2763 5496 0181.
2812 5441 2864 5510 1,
2918 5441 3012 5495 Or.
3077 5442 3128 5510 1,
3187 5447 3244 5496 et
3300 5440 3389 5495 Pal

2136 5372 2249 5512 (65)
2282 5372 2463 5440 Ἐμοί.
2491 5372 2639 5496 Ῥιθὲ.
2672 5386 2728 5450 β,
2760 5372 2854 5424 ΟΡ.
2894 5373 2945 5435 1,
2978 5374 3133 5437 Pan,
3166 5372 3216 5421 ἰν
3245 5372 3389 5439 ἐμοί.

2101 5443 2230 5529 ’66
2282 5440 2411 5496 Οὐκ.
2445 5440 2540 5497 Slc
2632 5439 2763 5496 0181.
2812 5441 2864 5510 1,
2918 5441 3012 5495 Or.
3077 5442 3128 5510 1,
3187 5447 3244 5496 et
3300 5440 3426 5495 Par.
3485 5437 3550 5495 In
3606 5436 3724 5507 ed.,

2068 5531 2181 5567 ουν.

2130 5585 2252 5669 (67)
2284 5579 2452 5636 Τοῦτο
2494 5579 2605 5636 καί.
2659 5580 2755 5637 Sic
2805 5581 3003 5653 plures
3054 5583 3305 5640 codices.
3355 5582 3419 5639 In
3472 5579 3587 5649 ed.,
3636 5574 3728 5631 καὶ

2064 5674 2248 5709 τουτο.

2137 5728 2254 5800 (68)
2285 5724 2527 5782 Πάντων.
2558 5723 2730 5781 Deest
2758 5724 2821 5781 in
2853 5724 2995 5801 Reg.
3024 5743 3077 5785 a.
