4090 6416
386 364 535 427 1071

1632 362 1697 426 S.
1748 360 2119 426 GREGORII
2165 364 2559 426 THEOLOGI

3653 374 3808 436 10³12

388 516 501 554 non
535 498 738 571 utique
775 499 846 554 de
894 498 1106 570 seipse,
1138 501 1418 571 tanquam
1454 499 1522 553 de
1555 501 1806 565 mortuo,
1839 495 2041 568 loque-

2152 494 2445 567 τουμὲνης.
2481 498 2896 571 Προσκυνοῦμεν
2939 490 3028 553 οὖν
3082 502 3315 578 Πατέρα,
3365 502 3455 559 καὶ
3516 505 3661 577 ι’ἱὸν,
3716 507 3807 562 καὶ

389 588 580 656 batur,
628 588 729 644 sed
791 591 1079 659 tanquam
1134 588 1205 643 de
1260 604 1348 654 eo,
1400 588 1499 659 qui
1555 586 2044 659 praestantiorem,

386 694 563 748 quam
595 677 808 749 vulgus
848 676 1184 732 mortalium
1237 677 1445 744 soleat,
1476 676 1653 731 vitam
1709 679 1925 748 ageret,
1963 679 2049 730 ut—

388 771 523 837 pote
554 766 657 838 qui
689 783 835 822 veras
876 766 1027 833 vitae,
1061 767 1341 837 nulloque
1371 770 1581 822 mortis
1630 768 1747 821 ﬁne
1794 766 2046 820 circum-

388 855 645 926 scriptis,
679 855 973 927 particeps
1018 859 1192 911 esset.
1219 855 1445 911 Patrem
1481 856 1678 927 igitur,
1712 860 1770 910 et
1810 854 2047 920 Filium,

388 946 446 998 et
474 944 756 1015 Spiritum
807 949 1077 999 sanctum
1125 944 1462 1013 adoramus,
1499 944 1885 1015 proprietates
1916 942 2047 1013 qui-

389 1033 521 1088 dem
554 1034 1004 1106 distinguentes,
1037 1032 1401 1088 divinitatem
1436 1041 1633 1089 autem
1664 1032 2044 1104 copulantes:

390 1139 579 1194 neque
610 1127 712 1178 aut
742 1123 855 1178 tria
903 1124 961 1177 in
1014 1140 1199 1178 unum
1233 1123 1657 1191 contrahimus,
1691 1138 1763 1179 ne
1809 1116 2046 1177 Sabellii

390 1212 591 1269 morbo
620 1212 987 1281 laboremus;
1018 1217 1122 1268 aut
1152 1213 1305 1268 379
1343 1229 1552 1269 rursus
1582 1212 1642 1267 in
1673 1213 1788 1267 tria
1817 1212 2049 1268 diversa

387 1305 444 1356 et
489 1300 683 1357 aliena
727 1316 1098 1372 separamus,
1131 1317 1205 1356 ne
1253 1301 1309 1355 in
1340 1301 1461 1355 Arii
1510 1300 1771 1356 furorem
1820 1300 2044 1355 incida-

2157 584 2308 659 ἅγιον
2342 589 2582 657 Πνεῦμα,
2616 587 2712 648 τὰς
2754 587 2848 659 μὶν
2898 585 3177 659 ἰδιότητας
3229 592 3583 669 χωρίζοντες,
3628 596 3811 651 ἑνοῦν-

2154 690 2241 760 τες
2275 674 2389 746 (69)
2422 670 2479 727 δὲ
2506 673 2606 743 τήν
2639 673 2870 746 θεότητα
2895 694 2907 707 ·
2940 676 3030 731 καὶ
3063 678 3187 734 οὕτε
3216 680 3294 743 εἷς
3323 680 3379 736 ἓν
3406 684 3473 738 τά
3522 684 3649 760 τρία
3695 702 3819 741 συν-

2156 759 2477 839 αλείφομεν,
2502 760 2597 817 ἵνα
2628 765 2704 837 μὴ
2752 766 2852 835 τὴν
2908 761 3219 824 Σαϐελλίου
3260 771 3416 827 νόσον
3447 759 3768 847 νοσήσωμεν
3796 794 3812 807 ·

2157 846 2281 904 οὔτε
2327 848 2643 927 διαιροῦμεν
2697 853 2773 908 εἰς
2815 854 2943 930 τρία
2986 854 3194 932 ἔκφυλα
3240 858 3329 913 καὶ
3380 846 3681 939 ἀλλότρια,
3720 863 3813 919 ’ἕνα

2160 941 2236 1031 μὴ
2270 939 2335 1031 τά
2365 941 2575 1031 Ἀρείου
2610 947 2885 1016 μανῶμεν.
2928 944 2987 999 Τί
3018 949 3129 1020 (70)
3161 947 3264 1023 γὰρ
3298 947 3399 1019 δεῖ,
3440 952 3679 1029 καθάπερ
3710 975 3814 1031 φυ-

2154 1028 2611 1118 τὸν-ἑτεροκλινὲς
2640 1032 2810 1103 πάντη
2845 1036 3257 1109 καμπτόμενον,
3294 1039 3386 1114 βίᾳ
3420 1028 3669 1118 μετάγειν
3720 1028 3812 1097 ἀπὶ

2154 1120 2219 1173 τὸ
2247 1115 2429 1192 ἓτερον
2466 1119 2652 1208 μέρος,
2697 1118 2997 1201 διαστροφῇ
3023 1126 3123 1195 τὴν
3177 1124 3507 1208 διαστροφὴν
3561 1115 3814 1206 διορθου-

2161 1208 2378 1281 μὲνους,
2411 1207 2558 1265 ἀλλὰ
2593 1212 2667 1283 μὴ
2701 1212 2837 1287 πρὸς
2865 1213 2929 1268 τὸ
2977 1214 3141 1287 μέσον
3188 1207 3526 1289 εὐθύνοντας,
3576 1219 3628 1276 ἐν
3659 1220 3816 1297 ὅροις

2151 1297 2400 1354 *ἔστασθαι
2430 1308 2530 1370 τῆς
2561 1297 2863 1365 θεοσεϐείας
2894 1321 2908 1371 ;

385 1407 538 1447 mus.
572 1390 720 1456 Quid
750 1390 909 1446 enim
940 1406 1179 1446 necesse
1227 1395 1319 1446 est
1367 1394 1453 1459 ut,
1486 1390 1644 1445 velut
1691 1391 1953 1462 plantam
1986 1388 2045 1444 in
2076 1388 2321 1446 alteram
2363 1396 2590 1463 partem
2641 1395 3124 1466 propendentem,
3158 1398 3229 1453 ad
3282 1396 3528 1457 alteram
3580 1405 3809 1475 partem

382 1496 487 1551 per
512 1480 631 1535 vim
661 1480 1056 1551 inﬂectamus,
1088 1498 1153 1536 ac
1182 1480 1598 1536 distorsionem
1638 1495 1740 1552 per
1767 1479 2185 1535 distorsionem
2217 1481 2606 1553 corrigamus,
2638 1499 2757 1539 non
2789 1489 2984 1540 autem
3039 1487 3234 1558 potius
3284 1505 3414 1545 sam
3447 1492 3516 1546 ad
3551 1493 3814 1549 medium

386 1569 728 1641 dirigentes,
758 1570 915 1626 intra
946 1570 1181 1641 pietatis
1211 1568 1464 1640 ﬁdeique
1494 1568 1825 1626 orthodoxa
1860 1570 2006 1625 ﬁnes
2039 1569 2456 1626 consistamus.

454 1657 734 1714 VI.Porro
760 1675 893 1714 cum
917 1658 1179 1714 medium
1206 1659 1358 1725 dico,
1378 1659 1683 1714 veritatem
1708 1658 2043 1730 dico,quam

2226 1658 2286 1726 ζ’.
2357 1658 2648 1729 Μεσότητα
2702 1662 2813 1734 (71)
2874 1657 2932 1716 δὲ
2989 1660 3113 1717 ὅταν
3176 1660 3337 1738 εἷ’πω,
3402 1666 3502 1736 τήν
3553 1665 3818 1740 ἀλήθειαν

388 1754 545 1803 recte
575 1746 762 1803 solam
790 1765 907 1820 pm
930 1747 1115 1803 oculis
1143 1747 1504 1820 propositam
1526 1748 1833 1804 habemus.
1862 1749 2048 1819 Repu-

388 1835 624 1891 diamus
646 1836 864 1903 itaque,
886 1840 1017 1890 tum
1042 1834 1259 1891 malam
1283 1836 1763 1905 contractionem,
1787 1842 1913 1892 tum
1943 1837 2050 1892 hac

390 1923 798 1979 absurdiorem
814 1924 1194 1993 divisionem;
1213 1925 1487 1993 ne,velob
1506 1925 1907 1982 multitudinis
1922 1927 2053 1982 deo-

389 2030 521 2068 rum
558 2018 802 2081 metum,
839 2014 897 2068 in
929 2030 1109 2069 unam
1152 2030 1466 2085 personam
1512 2019 1813 2071 contracta
1843 2013 2047 2083 oratio,

388 2103 550 2157 nuda
572 2103 743 2159 nobis
764 2106 821 2158 et
840 2102 1041 2159 inania
1067 2104 1313 2159 nomina
1344 2103 1661 2176 relinquat,
1679 2121 1863 2159 unum
1884 2105 2052 2160 vide-

386 2190 524 2247 licet
543 2196 599 2247 et
619 2192 895 2247 eumdem
921 2198 1153 2248 Patrem
1177 2210 1243 2248 ac
1270 2193 1477 2249 Filium
1500 2200 1557 2248 et
1577 2194 1863 2265 Spiritum
1888 2210 2051 2249 sanc-

387 2284 514 2336 tum
536 2281 1038 2351 existimantibus,
1055 2298 1122 2337 ac
1144 2299 1259 2337 non
1280 2283 1471 2354 magis
1488 2282 1607 2337 haec
1624 2284 1825 2339 omnia
1843 2300 2048 2351 unum,

389 2385 568 2441 quam
601 2371 1067 2442 unumquodque
1098 2371 1245 2426 nihil
1268 2388 1396 2428 esse
1427 2374 1823 2429 statuentibus
1847 2373 2052 2444 (desie-

388 2459 508 2512 rint
536 2458 693 2513 enim
725 2458 783 2513 id
815 2475 944 2515 esse
977 2461 1130 2531 quod
1164 2464 1322 2526 sunt,
1348 2461 1502 2517 inter
1531 2477 1592 2517 se
1627 2468 1831 2518 mutuo
1861 2468 2049 2519 trans-

384 2548 588 2602 euntia
615 2553 672 2602 et
714 2546 1079 2619 migrantia);
1112 2549 1203 2603 vel
1256 2565 1465 2605 rursus
1516 2550 1575 2605 in
1626 2555 1766 2621 tres,
1802 2559 1901 2607 aut
1949 2568 2047 2625 pe-

386 2637 652 2709 regrinas
680 2643 736 2691 et
769 2637 1034 2709 dispares
1082 2642 1257 2709 atque
1299 2639 1612 2695 distractas
1664 2647 1906 2697 naturas
1956 2658 2047 2697 se-

386 2730 611 2798 parata,
632 2727 805 2797 juxta
834 2727 956 2782 Arii
1009 2734 1164 2783 recte
1212 2729 1583 2784 nominatum
1636 2732 1914 2799 furorem,
1947 2735 2050 2787 aut

384 2815 755 2887 principatus
799 2821 1065 2887 expertes
1095 2821 1152 2873 et
1192 2818 1579 2889 inordinatas,
1615 2819 2045 2892 divinitatique,

386 2909 452 2960 ut
507 2905 592 2960 sic
646 2904 876 2977 loquar,
929 2907 1284 2975 contrarias;
1346 2910 1561 2979 partim
1621 2910 1675 2963 in
1736 2910 2042 2968 Judaicam

387 2994 706 3066 quamdam
739 2995 1087 3067 parcitatem
1120 2997 1523 3069 concludatur,
1549 2998 1595 3054 si
1629 2998 1891 3070 ingenito
1921 3000 2045 3056 solo

385 3084 754 3141 divinitatem
776 3086 1358 3155 circumscrihamus,
1383 3090 1593 3159 partim
1624 3089 1681 3143 in
1705 3092 2043 3162 oppositum

386 3174 649 3245 quidem,
710 3191 826 3230 non
875 3174 1074 3231 minus
1118 3181 1316 3232 tamen
1366 3177 1761 3249 perniciosum
1821 3180 2045 3236 malum

386 3262 780 3335 provolvatur,
806 3263 853 3319 si
898 3264 1014 3319 tria
1044 3264 1333 3337 principia
1377 3270 1614 3338 tresque
1648 3269 1791 3323 Deos
1822 3270 2044 3325 consti-

384 3352 697 3422 tuerimus,
729 3353 884 3424 quod
928 3354 1214 3425 superiori
1261 3354 1435 3409 etiam
1487 3371 1681 3411 errore
1729 3357 2046 3414 absurdius

384 3446 494 3496 est.
519 3440 664 3496 Nam
696 3442 975 3513 profecto,
1001 3458 1105 3497 nec
1125 3444 1413 3513 quosdam
1445 3443 1528 3499 ita
1559 3444 1746 3500 Patris
1778 3452 2045 3504 amantes

384 3546 513 3586 esse
547 3536 796 3603 oportet,
834 3537 900 3586 ut
932 3531 1014 3586 illi
1047 3532 1203 3604 quod
1238 3536 1408 3589 Pater
1438 3534 1516 3589 sit
1545 3535 1838 3603 adimant;
1872 3537 2043 3608 cujus

383 3619 541 3675 enim
574 3623 745 3676 Pater
782 3620 978 3687 fuerit,
1003 3620 1051 3677 si
1091 3620 1272 3677 Filius
1311 3624 1385 3678 ab
1414 3639 1481 3679 eo
1512 3629 1726 3680 natura
1776 3626 2043 3683 diversus

384 3709 634 3776 dicatur,
663 3714 838 3781 atque
878 3728 995 3765 una
1026 3727 1159 3766 cum
1211 3712 1453 3783 reliquis
1504 3715 1790 3770 creaturis
1821 3715 2044 3773 abalie-

388 3798 599 3853 netur?
627 3799 742 3854 Nec
769 3816 975 3855 rursus
1006 3800 1087 3856 ita
1114 3800 1329 3857 Christi
1360 3808 1646 3872 amantes,
1682 3809 1745 3859 ut
1791 3822 1863 3861 ne
1914 3806 2043 3862 Filii

388 3888 628 3959 quidem
661 3905 875 3944 nomen
906 3889 957 3943 ei
1001 3888 1297 3962 integrum
1333 3898 1592 3961 servent;
1643 3894 1813 3965 cujus
1861 3896 2042 3964 enim,

387 3994 607 4049 quaeso,
634 3976 816 4033 Filius
857 3978 1051 4047 fuerit,
1085 3980 1200 4034 nisi
1251 3981 1323 4035 ad
1370 3981 1620 4050 Patrem,
1653 3988 1935 4055 tanquam
1970 3986 2041 4041 ad

383 4065 761 4137 principium,
797 4066 1122 4122 referatur?
1150 4067 1266 4123 Nec
1299 4068 1553 4139 denique
1584 4069 1739 4125 Patri
1771 4071 2043 4143 principii

378 4155 727 4227 dignitatem
778 4155 1154 4224 imminuere,
1189 4173 1365 4228 quam
1400 4164 1466 4212 ut
1504 4162 1669 4229 pater
1712 4164 1768 4213 et
1814 4161 2042 4231 genitor

378 4243 585 4310 habet;
630 4260 942 4314 parvorum
996 4244 1212 4300 etenim
1264 4250 1436 4313 certe,
1471 4247 1718 4317 ipsoque
1768 4248 2039 4321 indigno-

2161 1744 2333 1820 λίγω,
2380 1748 2520 1823 πρὸς
2568 1749 2630 1817 ἣν
2692 1748 2913 1824 βλέπειν
2973 1751 3159 1815 καλῶς
3211 1751 3414 1830 ἔχομεν
3465 1756 3669 1829 μόνην·
3721 1758 3814 1813 καὶ

2157 1837 2258 1903 τὴν
2310 1835 2525 1913 φαύλην
2576 1839 2876 1915 συναίρεσιν
2926 1842 3352 1917 παραιτούμενοι
3405 1847 3539 1919 (72),
3592 1847 3810 1916 καῖτήν

2161 1925 2504 2001 ἀτοπωτέραν
2558 1924 2855 2003 διαίρεσιν·
2910 1930 2983 1992 ὡς
3036 1933 3175 2003 μήτε
3229 1933 3306 1995 εἰς
3359 1933 3485 2006 μίαν
3527 1934 3815 1991 ὑπόστασιν

2159 2015 2534 2089 συναιρεθέντα
2584 2017 2675 2071 τὸν
2734 2017 2923 2094 λόγον,
2976 2017 3081 2075 δίει
3132 2021 3446 2092 πολυθεΐας,
3496 2023 3634 2098 ψιλὰ
3678 2028 3814 2099 ἡμῖν

2158 2103 2477 2160 καταλιπεῖν
2524 2108 2593 2160 τὰ
2632 2105 2893 2181 ὀνόματα,
2942 2110 3034 2165 τὸν
3080 2110 3239 2166 αὐτὸν
3286 2114 3517 2187 Πατέρα,
3548 2115 3638 2169 καὶ
3665 2116 3808 2186 Υῖὸν,

2157 2200 2248 2248 καὶ
2283 2199 2503 2267 Πνεῦμα
2529 2195 2681 2273 ἃγιον
2716 2193 3194 2272 ὑπολαμϐάνουσι,
3243 2201 3333 2255 καὶ
3390 2204 3465 2275 μὴ
3516 2202 3729 2277 μᾶλλον
3755 2202 3810 2261 ἰν

2158 2284 2224 2337 τὰ
2271 2285 2460 2357 πάντα,
2511 2287 2544 2355 ἣ
2596 2284 2763 2359 μηδὲν
2814 2283 3037 2343 ἕκαστον
3087 2290 3223 2344 εἶναι
3267 2291 3608 2367 ὁριζομένοις
3660 2296 3812 2372 (φεύ-

2156 2392 2245 2447 γοι
2302 2373 2404 2449 γὰρ
2454 2373 2514 2427 ἂν
2558 2376 2689 2428 εἶναι
2740 2375 2877 2451 ἅπερ
2935 2375 3101 2445 ἐστὶν,
3155 2380 3233 2441 εἰς
3282 2377 3507 2451 ἄλληλα
3558 2397 3814 2459 μεταχω-

2158 2466 2355 2533 ροῦντα
2412 2462 2501 2517 καὶ
2565 2459 3021 2539 μεταϐαίνοντα)·
3098 2471 3239 2541 μήτε
3297 2469 3374 2532 εἷς
3430 2476 3580 2547 τρεῖς
3635 2474 3670 2543 ἢ
3728 2472 3810 2546 ξι-

2157 2571 2250 2612 νας
2288 2554 2419 2639 ,(73)
2464 2552 2553 2607 καὶ
2600 2554 2892 2627 ἀνομοίους
2933 2558 3046 2631 (74)
3096 2557 3279 2621 οὐσίας
3328 2559 3417 2614 καὶ
3461 2560 3811 2639 ἀπεῤῥηγμὲο

2156 2660 2250 2701 νας
2280 2638 2633 2717 διαιρεθέντα,
2664 2646 2801 2699 κατᾶ
2842 2646 2942 2715 τήν
2987 2646 3201 2722 ’Δρείου
3254 2647 3439 2712 καλῶς
3487 2638 3810 2724 ὀνομασθεῖ⁴¹¹

2156 2750 2249 2783 σαν
2316 2729 2528 2803 μανίαν,
2586 2734 2621 2802 ἣ
2690 2733 2960 2810 ἀνάρχους
3036 2736 3126 2791 καὶ
3200 2737 3488 2809 ἀτάκτους,
3546 2760 3636 2794 και
3694 2740 3806 2796 οἷον

2158 2817 2349 2892 εἰπεῖν,
2405 2820 2714 2884 ἀντιθέους·
2771 2822 2850 2896 τῷ
2911 2825 3005 2897 μὲν
3065 2824 3471 2897 εἰς’Ῑουδαϊκήν
3504 2828 3809 2905 σμικρολοι

2156 2908 2278 2982 γίαν
2328 2908 2782 2981 κατακλεισθῆναι
2844 2916 2978 2987 (75),
3041 2910 3190 2989 μόνῳ
3248 2921 3325 2988 τῷ
3372 2917 3649 2992 ἀγεννήτῳ
3697 2920 3811 2993 (76)

2077 3038 2120 3104 C
2156 2999 2284 3104 T’D‘W‘
2310 3000 2539 3104 θεάτηῖα
2586 3001 3023 3080 περι-γράφοντας
3048 3024 3060 3035 ·
3110 3004 3191 3078 τῲ
3235 3002 3291 3061 δὲ
3321 3007 3397 3069 sic
3431 3006 3662 3063 ἰναντίον
3694 3007 3810 3081 μὲν,

2158 3088 2320 3142 κακὸν
2379 3085 2437 3143 δὲ
2486 3088 2603 3143 ἳσον
2648 3097 2852 3164 πεσεῖν,
2914 3098 3061 3169 τρεῖς
3120 3094 3296 3172 ἀρχὰς
3362 3094 3807 3171 ὑποτιθεμένους,

2155 3176 2244 3230 καὶ
2300 3182 2447 3253 τρεῖς
2496 3176 2683 3247 Θεοὺς,
2735 3178 2766 3234 ὅ
2812 3184 2916 3234 τῶν
2967 3182 3382 3259 προειρημένων
3417 3186 3760 3261 ἀτοπώτερον
3788 3205 3804 3220 ·

2156 3262 2274 3319 δὲον
2321 3268 2460 3339 μήτε
2517 3265 2691 3329 οὕτως
2750 3269 2881 3324 εἷναί
2934 3291 3087 3334 τινας
3141 3274 3250 3347 (77)
3283 3271 3675 3352 φιλοπάτορας,
3729 3274 3806 3332 ti):

2152 3353 2244 3407 καὶ
2300 3354 2363 3409 τὸ
2421 3356 2558 3410 εἶναι
2608 3355 2818 3431 Πατέρα
2876 3367 3177 3437 περιαιρεῖν
3228 3362 3396 3436 (τίνος
3439 3363 3544 3440 γὰρ
3596 3364 3653 3419 ἂν
3712 3363 3804 3419 καὶ

2155 3440 2236 3513 εἴη
2290 3444 2499 3521 Πατὴρ,
2548 3450 2647 3501 τοῦ
2696 3448 2824 3501 Υἱοδ
2872 3449 2971 3519 τήν
3034 3451 3190 3528 φύσιν
3254 3452 3660 3526 ἀπεξενωμένου
3713 3453 3804 3507 καὶ

2154 3530 2691 3608 ἀπηλλοτριωμένου
2747 3538 2884 3611 μετὰ
2938 3544 3038 3609 τῆς
3084 3539 3410 3615 κτίσεως;)·
3488 3543 3619 3615 μήθ’
3661 3541 3805 3597 οὕτω

2154 3618 2572 3699 φιλοχρίστους,
2623 3625 2699 3687 ὡς
2778 3628 2918 3700 μήτε
2975 3632 3138 3684 τοῦτο
3198 3630 3483 3708 φυλάττειν
3546 3631 3685 3706 (78),
3740 3631 3805 3686 ἐδ

2154 3713 2293 3766 εἶναι
2324 3713 2446 3768 nev
2507 3714 2675 3788 (τίνος
2733 3716 2837 3792 γὰρ
2885 3715 2944 3771 ἄν
2992 3718 3084 3773 καὶ
3134 3717 3216 3791 εἵη
3263 3720 3406 3789 Υἱὸς,
3444 3722 3518 3794 μὴ
3553 3720 3687 3797 πρὸς
3719 3718 3805 3775 αἶ’-

2150 3822 2266 3856 τιον
2316 3804 2429 3876 (79)
2487 3803 2887 3882 ἀναφερόμενος
2914 3807 3004 3862 τὸν
3056 3810 3331 3885 Πατὲρα;)
3367 3810 3507 3882 μήτε
3557 3810 3635 3883 τῷ
3694 3812 3805 3865 Πα-

2150 3892 2240 3964 τρὶ
2296 3892 2358 3947 τὸ
2413 3899 2515 3963 τῆς
2565 3894 2745 3969 ἀρχῆς
2790 3897 3242 3974 κατασμικρύνειν
3289 3898 3520 3972 ἀξίωμα.
3579 3900 3680 3969 τῆς
3730 3899 3806 3963 ὠς

2154 3980 2321 4053 Πατρὶ
2378 3982 2468 4035 καὶ
2525 3984 2850 4059 γεννήτορι·
2907 3990 3116 4062 μικρῶν
3165 3987 3267 4063 γὰρ
3324 3988 3383 4042 ἂν
3432 3985 3515 4059 εἴη
3566 3987 3655 4044 καὶ
3713 3987 3806 4042 ἀν-

2154 4070 2315 4139 αξίων
2345 4070 2517 4146 ἀρχὴ,
2580 4073 2655 4144 μὴ
2708 4072 2967 4144 θεότητος
3026 4074 3099 4130 ὥν
3134 4074 3306 4139 α’ίτιος
3337 4080 3449 4151 (80)
3478 4080 3577 4147 τῆς
3610 4077 3660 4132 ἰν
3693 4078 3805 4151 fit]:

2150 4158 2239 4213 καὶ
2273 4159 2545 4233 Πνεύματι
2577 4162 2982 4237 θεωρουμένης.
3018 4163 3237 4235 Ἐπειδῆ
3270 4166 3382 4243 χρὴ
3428 4166 3517 4222 καὶ
3561 4167 3652 4222 τὸν
3710 4165 3807 4223 ἕνα

2151 4247 2280 4302 Θεὸν
2340 4253 2547 4324 τηρεῖν,
2605 4249 2696 4304 καὶ
2741 4250 2836 4313 τὰς
2881 4258 3027 4329 τρεῖς
3083 4256 3402 4319 ὑποστάσεις
3483 4254 3800 4334 ὁμολογεῖν,

375 4348 506 4387 rum
546 4332 902 4403 principium
956 4332 1149 4403 fuerit,
1182 4332 1297 4389 nisi
1349 4334 1584 4390 deitatis
1636 4336 1783 4407 ejus,
1819 4354 1945 4409 quae
1977 4339 2037 4395 in

2149 4334 2243 4392 αἵτ’
2276 4336 2373 4391 οὖν
2400 4337 2522 4414 τρία
2549 4338 2836 4414 πρόσωπα,
2867 4342 2957 4397 καὶ
2990 4342 3218 4417 ἑκάστην
3266 4345 3401 4419 μετά
3446 4351 3547 4417 τῆς
3597 4332 3807 4419 {8:317}-

375 4418 520 4476 Filio
577 4424 637 4475 et
692 4419 915 4492 Spiritu
967 4425 1169 4477 sancto
1215 4421 1645 4495 consideratur,
1706 4441 1885 4482 causa
1940 4427 2039 4484 sit.
2071 4412 2116 4478 Ι)
2147 4446 2264 4488 τος.

442 4621 556 4704 ((39)
584 4624 879 4685 Ἐνοῢντες.
913 4644 945 4678 ι
975 4624 1164 4681 Unam
1212 4629 1409 4683 autem
1442 4627 1809 4686 divinitatem
1853 4633 2029 4704 profi-

369 4700 578 4753 tentes.
603 4715 632 4745 »

440 4769 552 4839 (70)
580 4764 663 4820 Τί.
696 4767 983 4839 Combef.,
1012 4767 1096 4824 οὐ.

440 4769 532 4839 (70
580 4769 663 4820 Tt.
696 4769 983 4839 Combef.,
1012 4769 1096 4824 οὐ.

436 4769 552 4912 (71)
581 4836 883 4912 Μισότητα.
918 4840 1124 4897 Billius
1153 4856 1165 4896 :
1193 4863 1222 4892 «
1258 4842 1745 4901 mediocritatem.
1783 4869 1803 4896 ι

581 4909 1038 4992 μαραιτούμενοιε
1081 4913 1177 4968 Sic
1226 4915 1604 4992 duo_Regg.,
1655 4919 1771 4974 duo
1819 4918 2020 4992 Coisl.,

362 4982 458 5039 Or.
494 4985 547 5057 1,
579 4984 839 5057 Combef.
865 4990 935 5057 gln
970 4985 1084 5050 ed.,
1112 4982 1571 5057 παραιτούμενον.

454 5055 547 5128 73)
574 5058 726 5128 Τρεῖς
760 5055 799 5128 ἢ.
828 5055 998 5124 ξένας.
1033 5055 1294 5112 Combef.
1312 5058 1479 5128 delet
1508 5057 1557 5125 ἢ.

574 5126 916 5200 ’Ᾱνομοίους.
954 5129 1091 5199 Reg.
1127 5130 1268 5196 bm.,
1300 5126 1716 5200 ἀνομοουσίους.

424 5197 545 5273 (75)
579 5197 1063 5273 Κατακλεισθῆναιῖ
1112 5201 1203 5255 Sic
1252 5207 1373 5257 tres
1406 5197 1604 5267 Colb.,
1639 5202 1734 5258 0r.
1783 5203 1835 5273 1,
1889 5204 2012 5261 Par.

360 5266 421 5321 In
440 5266 571 5337 ﬁed.,
605 5266 1091 5325 κατακλεισθεῖναι.
1592 5266 1597 5267 ⁷
1819 5266 1832 5273 ’
1945 5304 1960 5314 -

432 5338 905 5426 (762:Anav1§rtp.
966 5349 1105 5426 Beg.
1148 5348 1307 5426 Cy_p_.,
1359 5341 1603 5426 ἀνάρχιμ.
1630 5345 1781 5426 "Non
1819 5348 2010 5426 __male,

432 5360 905 5466 ‘10).AE‘YEVT‘TLP.
966 5360 1105 5414 ueg.
1148 5360 1307 5426 uyp.,
1359 5360 1781 5426 avapxtp..l‘lon
1839 5360 2008 5420 male,

357 5410 619 5488 cumhic
692 5429 956 5488 regorius
981 5419 1142 5488 totus
1164 5422 1242 5471 ait
1261 5415 1321 5469 in
1345 5438 1370 5465 ‹‹
1397 5416 1668 5488 principii
1691 5438 1719 5466 ››
1744 5419 1971 5477 ratione
1994 5437 2008 5476 :

356 5476 389 5546 ἤ
426 5478 697 5561 ἀχάρᾈους
724 5476 866 5561 τρεῖς
896 5485 1092 5561 ἀρχά-ς,
1125 5492 1233 5542 etc.

427 5500 519 5604 01;;
559 5500 697 5604 ᾉΓους
724 5503 866 5608 τρὸις
1125 5508 1132 5538 1

427 5500 551 5693 (τεῖ
588 5573 746 5691 at:
788 5564 976 5693 est;
994 5578 1132 5684 ‘21:-

425 5624 538 5693 (78)
588 5625 740 5691 Μήτε
788 5630 976 5697 τοῦτο,
1034 5636 1142 5684 etc.
1205 5629 1298 5683 Sic
1371 5634 1491 5685 tres
1550 5627 1733 5699 Colb.,
1794 5631 1889 5687 Or.
1951 5636 2006 5702 1,

353 5690 499 5761 Jes.,
533 5694 662 5750 Bas.
694 5694 828 5761 Alii,
860 5699 998 5768 μήτε
1042 5700 1125 5757 τό.
1158 5700 1330 5756 Coisl.
1380 5703 1434 5771 3,
1491 5702 1645 5770 Pan,
1676 5708 1812 5775 etc.,
1867 5705 2006 5779 μήτε

2138 4628 2341 4759 τοέότῳ,
2366 4654 2394 4683 ‹‹
2429 4638 2495 4691 ut
2535 4634 2587 4690 ei
2636 4634 2930 4709 integrum
2963 4656 3079 4696 non
3126 4646 3377 4716 servent,
3408 4643 3563 4716 quod
3615 4636 3801 4700 Filius

2140 4722 2187 4759 si
2225 4745 2237 4758 .
2267 4726 2295 4753 »

2140 4722 2237 4760 sit.
2267 4726 2295 4753 »

2140 4851 2170 4865 ﬁ
2206 4776 2320 4849 (79)
2358 4774 2516 4859 ,Πρὸς
2568 4774 3202 4865 αἱτιιονλ-οεμτιιοςσαῳ“
3230 4785 3328 4865 ad”
3360 4784 3791 4865 principiumm

2132 4851 2469 4931 Gregorius,
2502 4851 2697 4931 inquit
2746 4852 2952 4931 Billius
3002 4851 3061 4931 in
3092 4851 3387 4931 _Scholiis',
3414 4880 3441 4909 «
3470 4851 3640 4931 vocat
3686 4860 3797 4931 Pa-

2132 4925 2281 5004 trem
2308 4942 2333 4969 η
2370 4923 2805 5004 principium,_¢
2828 4926 3025 5004 utqui
3055 4927 3134 5004 sit
3164 4945 3346 5004 causa
3372 4928 3793 5004 naturalis._0b

2132 4992 2312 5075 idque
2360 5008 2492 5075 cum
2522 4992 2772 5075 dixisset
2788 5012 2815 5075 _:
2846 4992 3285 5075 ntimminuunt‘
3317 5000 3468 5056 Patri
3520 4999 3793 5075 principii

2132 5065 2333 5145 decus,
2360 5086 2387 5113 ‹‹
2423 5065 2623 5145 statim
2668 5068 2939 5145 subjecit,
2971 5092 2999 5119 »
3027 5071 3157 5145 ejus
3200 5095 3221 5122 ι
3268 5065 3538 5145 inquam,
3562 5094 3589 5123 »
3624 5065 3789 5145 Prin-

2131 5136 2291 5217 oipii,
2315 5137 2471 5220 quod
2514 5141 2683 5220 Pater
2729 5136 2806 5195 sit
2826 5136 3174 5220 gtggenitor;
3197 5168 3229 5220 _«
3262 5136 3533 5220 ne'quis'
3566 5143 3793 5220 scilicet

2128 5212 2552 5299 suspicaretur,
2585 5212 2980 5296 ipsum.Patr.i
3024 5215 3296 5299 principii
3325 5212 3780 5299 appellationem

2125 5281 2404 5406 tributerce,
2437 5285 2719 5353 tanquam
2761 5283 2834 5352 ei,
2868 5284 2973 5355 qui
3028 5281 3335 5359 majestate
3366 5281 3451 5345 'a'c
3498 5288 3783 5361 dignitate

2127 5368 2276 5407 prses
2306 5367 2333 5406 e
2372 5395 2381 5405 .
2408 5374 2435 5401 ›)

2126 5370 2381 5424 ρτεθειθῐ..
2408 5374 2435 5401 ››

2126 5495 2160 5504 _
2197 5424 2309 5504 (80)
2340 5418 2546 5504 litium.
2579 5443 2600 5473 ι
2632 5424 2843 5504 Causa,
2870 5447 2898 5476 »
2922 5426 3018 5504 _i_d_
3041 5435 3152 5504 est,
3173 5452 3201 5480 «
3226 5430 3418 5504 origo.
3443 5452 3471 5483 »
3504 5432 3595 5486 Sic
3624 5428 3784 5485 enim

2125 5495 2321 5575 Patres
2352 5495 2770 5575 Graecos,_cum
2801 5498 2874 5575 de
2905 5499 3125 5575 divinis
3132 5495 3146 5575 γ’
3160 5495 3544 5560 relationibus
3575 5506 3780 5575 agunt,

2120 5568 2580 5647 interpretantur
2607 5570 2884 5642 theologi.
2924 5571 3067 5630 Vide
3098 5572 3328 5633 Estium
3361 5578 3421 5633 in
3446 5594 3488 5645 ι,
3519 5568 3656 5632 dist.

588 5625 976 5707 Μήτεμτοῦτο,
1034 5629 1306 5707 eAtc.“S_ic_
1371 5634 1524 5707 t‘res_
1550 5627 1733 5699 Colb.,
1794 5631 1889 5687 Or.
1934 5636 2009 5707 At,
2117 5640 2228 5707 §2.
