4090 6406
282 460 440 526 1073

1019 460 1309 525 ORATIO
1354 462 1484 523 XX.
1520 495 1597 505 —
1626 460 1729 521 DE
1773 461 2123 523 DOGMAT.
2170 463 2273 524 ET
2320 463 2675 526 CONSTIT.
2726 464 2969 526 EPISC.

3551 467 3707 529 1074

278 596 767 671 Quandoquidem
797 601 856 655 et
886 614 1045 655 unus
1067 598 1221 654 Deus
1254 596 1595 653 retinendus
1626 599 1738 666 est,
1761 600 1817 652 et
1850 600 1965 652 tres
1997 596 2361 671 hypostases,
2386 598 2506 653 sive
2536 602 2657 654 tres
2688 616 2971 672 personis,
2993 601 3353 667 conﬁtenda,
3377 604 3433 656 et
3463 601 3702 672 quidem

277 706 648 763 unaquaeque
675 706 813 747 cum
844 706 956 746 sua
986 688 1360 761 proprietate.

350 780 419 832 Z'.
451 783 685 853 Τηροῖτο
718 775 763 832 δ’
798 776 880 846 ἃν,
915 777 987 839 ὡς
1016 777 1043 831 6
1075 776 1205 849 ἐμὸς
1254 775 1438 850 λόγος,
1497 776 1572 837 εἷς
1628 776 1721 848 μὲν
1774 776 1923 848 Θεὸς,

2111 777 2232 831 VII.
2270 776 2363 833 Sic
2396 778 2574 843 enim,
2599 796 2730 834 mea
2751 779 2988 852 quidem
3017 778 3331 845 sententia,
3358 780 3511 834 Deus
3544 796 3699 836 unus

280 866 358 929 εἷς
415 863 470 921 ἓν
520 864 691 921 αἷίτιον
731 867 822 921 καὶ
875 867 1002 922 Υὶοῦ
1061 864 1151 920 καί
1215 863 1529 937 Πνεῦματος
1595 863 1927 942 ἆναφερομὲ-

282 976 412 1027 νων,
460 954 522 1010 οὗ
585 956 1004 1028 συντιθεμένων,
1066 952 1193 1010 οὐδὲ
1251 953 1719 1031 συναλειφομὲνων
1776 955 1926 1023 (81)·

275 1044 366 1100 καὶ
427 1046 563 1100 κατὰ
617 1046 680 1100 τὸ
729 1040 783 1100 ἓν
833 1044 923 1100 καὶ
969 1045 1133 1100 ταυτὸ
1177 1046 1277 1112 τῆς
1323 1043 1601 1113 θεότητος,
1632 1042 1721 1096 ἳνα
1755 1040 1928 1105 οὕτως

279 1132 558 1206 ὀνομάσω,
621 1133 826 1206 κίνημά
867 1154 925 1187 τε
972 1132 1061 1187 καὶ
1108 1131 1389 1207 βούλήμα,
1439 1132 1528 1186 καὶ
1570 1133 1668 1200 τὴν
1711 1138 1810 1200 τῆς
1844 1131 1931 1185 οὐ·

274 1222 390 1285 σίας
446 1222 768 1290 ταυτότητά.
817 1223 887 1280 Αἱ
943 1220 1002 1277 δὶ
1055 1229 1202 1297 τρεῖς
1261 1222 1599 1290 ὑποστάσεις,
1651 1217 1927 1293 μηδεμιᾶς

272 1311 666 1384 ἔπινοουμένης
696 1309 1031 1387 συναλοιφῆς
1061 1314 1196 1384 (82),
1246 1312 1280 1379 ἢ
1324 1309 1657 1381 ἀναλύσεως,
1708 1311 1742 1378 ἢ
1798 1329 1925 1384 συγ-

273 1400 510 1474 χύσεως,
555 1398 647 1454 ἵνα
707 1402 783 1474 μὴ
828 1400 891 1455 16
939 1406 1041 1455 πᾶν
1092 1400 1395 1472 καταλυθῇ,
1431 1397 1498 1453 δι’
1529 1400 1603 1452 ὧν
1636 1400 1699 1453 τὸ
1756 1398 1811 1453 ἓν
1846 1419 1927 1452 σε·

275 1487 525 1561 μνύνεται
576 1486 743 1545 πλέον
793 1492 828 1559 ἣ
872 1488 1059 1551 καλῶς
1099 1486 1238 1565 ἔχει.
1273 1489 1340 1543 Ai
1372 1486 1430 1543 δὲ
1458 1486 1751 1558 ἴδιότητες,
1812 1493 1927 1542 Πα-

269 1577 398 1650 τρὸς
434 1578 552 1651 μὶν,
586 1578 676 1634 καὶ
708 1578 950 1654 ἇνάρχου
980 1581 1115 1653 (83),
1164 1578 1253 1633 καὶ
1301 1578 1479 1653 ἀρχῆς
1531 1576 1925 1649 ἐπινοουμὲνου

268 1666 359 1722 καὶ
418 1666 722 1742 λεγομένου
774 1668 977 1743 (ἀρχῆς
1026 1664 1103 1733 δὶ,
1161 1667 1235 1729 ὡς
1292 1666 1489 1733 αἰτίου,
1534 1665 1625 1719 καὶ
1681 1665 1758 1727 ὡς
1817 1686 1926 1736 πη-

265 1762 392 1832 γῆς,
450 1757 539 1810 καὶ
599 1757 674 1818 ὡς
722 1753 898 1812 ἀϊδίου
956 1755 1134 1834 φωτός
1196 1758 1329 1827 (84)’
1392 1755 1525 1809 Υἱοῢ
1571 1750 1925 1829 δὶ,ἇνάρχου

270 1844 367 1918 μὶν
428 1843 708 1919 οὐδαμῶς,
759 1844 940 1921 ἄρχῆς
999 1843 1057 1901 δὶ
1112 1849 1219 1901 τῶν
1273 1842 1457 1899 δλῶνο
1492 1844 1672 1919 ἀρχὴν
1709 1840 1767 1898 δὶ
1798 1842 1923 1898 ὅταν

272 1930 429 2002 εἷ’πω,
468 1936 545 2007 μὴ
578 1935 779 2011 χρόνον
813 1936 1099 2011 παρενθῇς,
1136 1932 1277 2007 μηδέ
1311 1934 1470 2006 μὲσσν
1517 1954 1570 1987 τι
1619 1930 1779 2006 τάξῃς
1830 1936 1927 1987 τοῦ

267 2024 657 2098 γεγεννηκότος
708 2024 797 2079 καὶ
852 2029 951 2079 τοῦ
1005 2026 1365 2099 γεννήματος,
1431 2019 1573 2094 μηδὲ
1604 2018 1786 2095 διὲλῃς
1828 2022 1927 2089 τήν

272 2112 429 2190 φύσιν
482 2117 560 2183 τῷ
614 2117 796 2175 κακῶς
862 2113 1237 2187 παρεντεθέντι
1312 2116 1431 2173 τοῖς
1490 2108 1782 2173 συναϊὸίοις
1834 2110 1924 2165 καὶ

272 2199 663 2274 συνημμένοις.
718 2200 782 2258 Εἴ
830 2201 935 2277 γὰρ
979 2200 1184 2277 χρόνος
1232 2201 1361 2255 Υὶοῦ
1389 2194 1757 2275 πρεσϐύτερος
1787 2202 1921 2272 (85),

274 2288 481 2345 ἐκείνου
512 2287 727 2359 δηλαδὴ
760 2311 801 2345 π
822 2291 1013 2366 ρώτως
1058 2290 1116 2345 ἂν
1168 2288 1250 2359 εἷή
1281 2292 1396 2360 (86)
1427 2287 1597 2351 αἱτιος
1631 2289 1658 2342 6
1709 2290 1920 2361 Ηατήρ.

272 2378 373 2434 Καὶ
404 2382 521 2440 πῶς
563 2381 798 2449 ποιητὴς
829 2378 1045 2454 χρόνων
1076 2380 1105 2433 6
1137 2379 1241 2435 ὑπὸ
1282 2378 1486 2454 χρόνον
1514 2396 1528 2447 ;
1576 2382 1699 2439 Πῶς
1748 2375 1805 2432 δὶ
1834 2374 1925 2433 καὶ

274 2466 476 2541 Κύριος
536 2464 771 2536 πάντων,
821 2467 866 2523 εἰ
918 2468 1017 2524 ὑπὸ
1066 2467 1267 2543 χρόνου
1296 2466 1665 2543 προείληπταί
1722 2488 1781 2521 τε
1832 2466 1921 2521 καὶ

268 2556 610 2630 κυριεύεται;
665 2558 937 2633 Ἀναρχος
981 2554 1072 2612 οὖν
1125 2558 1152 2611 6
1203 2559 1390 2633 Πατήρ
1420 2576 1436 2593 ο
1484 2556 1545 2611 οὐ
1590 2556 1693 2633 γὰρ
1735 2555 1925 2632 ἐτέρω-

271 2654 357 2706 θεν
400 2643 568 2717 αὐτῳ,
629 2642 753 2700 οὐδὲ
826 2647 954 2720 παρ’
1011 2646 1202 2701 ἑαυτοῦ
1252 2648 1357 2720 (87)
1416 2646 1479 2700 τὸ
1536 2646 1692 2703 εἶναι.
1725 2646 1807 2699 '0
1866 2645 1924 2701 δὲ

270 2734 419 2797 Γὶὸς,
452 2733 536 2788 ἐὰν
570 2734 664 2807 μὶν
698 2735 771 2797 ὡς
821 2732 993 2791 αἶ’τιον
1026 2736 1118 2791 τὸν
1178 2734 1388 2808 Πατέρα
1444 2730 1751 2809 λαμϐάνῃς,
1824 2735 1925 2790 οὐκ

272 2822 514 2897 ἄναρχος
540 2844 551 2855 ν
588 2823 736 2899 ἀρχὴ
766 2825 869 2900 γὰρ
902 2825 1030 2879 Υἱοῦ
1062 2826 1249 2901 Πατὴρ
1297 2825 1371 2886 ὡς
1421 2821 1593 2886 αἷίτιος
1644 2826 1787 2898 (88)·
1837 2822 1923 2879 ἰὰν

273 2904 333 2965 δὲ
358 2911 458 2978 τὴν
490 2911 599 2967 ἀπὸ
630 2913 833 2987 χρόνου
863 2912 994 2987 νοῇς
1033 2915 1234 2989 ἀρχὴν,
1264 2912 1353 2967 καὶ
1387 2911 1625 2989 ἄναρχος
1652 2933 1664 2946 ’
1700 2912 1798 2968 οὐκ
1826 2915 1921 2987 ἅρ-

271 3016 427 3072 χεται
458 3000 563 3075 γὰρ
598 3000 699 3055 ὑπὸ
730 3000 935 3077 χρόνου
967 3004 995 3056 6
1026 3003 1242 3078 χρόνων
1271 3002 1571 3073 Δεσπότης.

2042 865 2407 933 retinebitur,
2441 868 2489 922 si
2526 867 2735 923 Filium
2780 870 2935 924 380
2983 873 3039 925 et
3086 869 3375 941 Spiritum
3426 874 3696 924 sanctum

2042 956 2112 1011 ad
2148 972 2326 1011 unam
2360 972 2597 1012 causam
2630 958 2972 1027 referamus,
3008 975 3123 1014 non
3156 963 3350 1013 autem
3384 974 3698 1029 compona-

2042 1062 2177 1099 mus
2228 1062 2331 1100 nec
2363 1046 2880 1115 commisceamus;
2914 1057 2968 1102 et
2999 1048 3047 1101 si
3082 1064 3261 1102 unam
3317 1052 3491 1117 atque
3540 1064 3697 1103 eam-

2041 1134 2172 1189 dem
2206 1134 2558 1202 Divinitatis,
2583 1141 2648 1190 ut
2680 1136 2759 1191 ita
2802 1136 3028 1207 loquar,
3055 1136 3375 1191 motionem
3406 1142 3463 1191 et
3492 1138 3699 1191 volun-

2040 1228 2241 1290 tatem,
2276 1225 2663 1295 essentiaaque
2695 1226 3063 1281 identitatem
3108 1224 3529 1296 intelligamus.
3555 1226 3699 1281 Tres

2039 1316 2237 1365 autem
2272 1327 2551 1381 personas
2582 1312 2664 1366 ita
2695 1314 3049 1376 tenebimus,
3070 1316 3118 1368 si
3148 1312 3311 1368 nulla
3336 1313 3695 1378 commixtio,

2038 1403 2139 1452 aut
2186 1400 2487 1471 resolutio,
2513 1406 2615 1455 aut
2663 1402 2929 1457 confusio
2960 1401 3337 1473 excogitetur,
3371 1418 3443 1456 ne
3475 1401 3695 1474 alioqui

2036 1486 2374 1543 universum
2405 1505 2506 1559 per
2535 1505 2633 1544 eos
2658 1494 2974 1558 evertatur,
3000 1490 3101 1560 qui
3135 1490 3483 1561 impensius,
3510 1506 3688 1561 quam

2036 1593 2141 1648 par
2196 1577 2295 1647 sit,
2346 1578 2633 1633 unitatem
2685 1579 2989 1634 extollunt.
3034 1583 3338 1634 Postremo
3390 1578 3470 1633 ita
3519 1578 3690 1635 nobis

2034 1666 2454 1739 proprietatum
2490 1668 2638 1722 ratio
2667 1668 2979 1737 constabit,
3004 1668 3052 1722 si
3081 1672 3307 1723 Patrem
3342 1667 3603 1739 quidem,
3633 1673 3690 1724 et

2034 1754 2308 1826 principii
2358 1760 2673 1827 expertem,
2726 1761 2784 1811 et
2831 1756 3188 1828 principium
3240 1758 3587 1828 cogitemus,
3621 1773 3687 1814 ac

2035 1844 2422 1915 praedicemus
2474 1844 2871 1918 (principium,
2922 1846 3184 1915 inquam,
3218 1850 3283 1900 ut
3329 1861 3592 1911 causam,
3633 1849 3692 1903 et

2037 1938 2103 1988 ut
2134 1934 2377 1998 fontem,
2400 1934 2715 2006 lumenque
2757 1935 3237 2006 sempiternum);
3274 1934 3483 1989 Filium
3531 1951 3687 2003 vero,

2036 2022 2279 2077 minime
2303 2023 2539 2094 quidem
2563 2024 2835 2096 principii
2862 2029 3176 2095 expertem,
3198 2025 3465 2079 omnium
3494 2029 3691 2080 autem

2037 2128 2231 2166 rerum
2292 2112 2648 2183 principium
2697 2129 3062 2179 asseramus;
3116 2112 3469 2183 principium
3522 2129 3691 2183 porro

2034 2217 2167 2256 cum
2201 2201 2349 2269 dico,
2382 2219 2452 2257 ne
2498 2207 2733 2273 tempus
2763 2201 3104 2273 interjicias,
3132 2217 3236 2256 nec
3286 2202 3438 2256 inter
3467 2203 3695 2273 genito-

2034 2307 2155 2346 rem
2189 2295 2245 2345 et
2275 2290 2536 2361 genitum
2562 2291 2819 2345 medium
2846 2291 3065 2362 aliquid
3093 2291 3436 2356 constituas,
3459 2308 3563 2347 nec
3595 2308 3697 2363 per

2032 2379 2292 2451 id,quod
2343 2379 2495 2434 inter
2542 2396 2629 2446 ea,
2661 2396 2788 2451 quas
2839 2380 3105 2434 eamdem
3159 2380 3539 2435 aeternitatem
3592 2380 3697 2435 ha-

2034 2468 2194 2533 bent,
2218 2472 2275 2523 et
2304 2471 2619 2538 conjuncta
2659 2475 2817 2540 sunt,
2844 2468 2994 2525 male
3036 2469 3384 2541 interponis,
3419 2475 3694 2526 naturam

2034 2557 2277 2613 dividas.
2312 2558 2458 2612 Nam
2493 2558 2538 2612 si
2573 2562 2807 2630 tempus
2841 2558 2985 2612 Filio
3040 2562 3127 2611 est
3175 2558 3498 2629 antiquius,
3532 2557 3693 2614 illius

2033 2645 2235 2718 procul
2254 2647 2429 2701 dubio
2453 2647 2709 2718 primum
2736 2647 2905 2702 Pater
2927 2664 3102 2702 causa
3129 2646 3304 2702 fuerit
3325 2663 3561 2702 necesse
3578 2653 3691 2703 est.

2032 2738 2194 2802 Quod
2228 2736 2274 2791 si
2309 2736 2390 2791 ita
2439 2741 2546 2802 est,
2572 2753 2688 2807 quo
2737 2737 2971 2791 tandem
3022 2738 3196 2790 modo
3246 2741 3577 2807 temporum
3612 2738 3694 2792 fa-

2032 2831 2156 2881 ctor
2197 2825 2385 2893 erit”,
2420 2826 2518 2894 qui
2555 2826 2664 2880 sub
2699 2830 2933 2895 tempus
2965 2825 3159 2879 cadit?
3190 2825 3313 2887 Quo
3346 2826 3483 2879 item
3520 2826 3693 2881 modo

2035 2916 2317 2971 Dominus
2340 2915 2607 2969 omnium
2629 2914 2693 2977 ³⁸,
2723 2913 2770 2968 si
2793 2930 2928 2969 eum
2951 2919 3188 2985 tempus
3212 2915 3598 2985 praecesserit,
3617 2915 3696 2970 ei-

2034 3021 2148 3077 que
2178 3004 2550 3059 dominetur?
2578 3003 2852 3074 Principii
2904 3004 3085 3075 igitur
3127 3019 3332 3075 expers
3362 3007 3450 3057 est
3481 3003 3652 3059 Pater
3685 3021 3701 3060 :

272 3106 378 3144 nec
408 3090 565 3147 enim
600 3092 857 3159 aliunde,
890 3110 993 3149 nec
1022 3110 1056 3149 ι
1085 3111 1147 3150 se
1190 3094 1320 3166 ipso
1368 3110 1498 3149 esse
1547 3094 1741 3149 habet.
1785 3094 1967 3151 Filius
2014 3099 2231 3165 autem,
2266 3093 2559 3166 siquidem
2611 3098 2839 3147 Patrem
2889 3098 2952 3148 ut
2995 3109 3234 3148 causam
3290 3092 3565 3164 accipias,
3597 3110 3698 3149 ne-

271 3194 569 3251 quaquam
623 3180 913 3254 principio
969 3188 1161 3250 caret;
1196 3182 1553 3255 principium
1609 3183 1768 3238 enim
1827 3184 1954 3238 Filii
2010 3184 2180 3239 Pater
2236 3187 2343 3251 est,
2378 3187 2443 3237 ut
2493 3199 2699 3250 causa;
2744 3181 2833 3236 sin
2894 3182 2965 3236 de
3020 3186 3283 3253 tempore
3342 3181 3699 3254 principium

268 3267 645 3338 intellexeris,
680 3270 951 3343 principii
997 3288 1229 3345 quoque
1258 3273 1453 3329 omnis
1501 3277 1591 3329 est
1639 3289 1867 3345 expers.
1900 3274 2101 3346 Neque
2147 3273 2304 3329 enim
2364 3276 2696 3344 temporum
2746 3271 3030 3328 Dominus
3088 3270 3338 3344 tempori
3396 3272 3699 3343 subjectus

269 3360 378 3412 est.

340 3444 420 3502 H'.
453 3444 518 3503 Ei
568 3442 645 3513 δὲ,
698 3443 781 3500 ὅτι
828 3447 898 3502 τὰ
945 3448 1173 3521 σώματα
1221 3448 1326 3503 ὑπὸ
1374 3448 1599 3524 χρόνον,
1642 3445 1732 3504 διὰ
1759 3454 1920 3504 τοῦτο

2105 3450 2256 3506 VIII.
2280 3450 2444 3513 Quod
2478 3450 2551 3518 si,
2584 3448 2725 3521 quia
2766 3464 3009 3520 corpora
3058 3446 3309 3518 tempori
3360 3447 3691 3517 subjacent,

268 3530 515 3603 ἀξιώσεις
558 3534 763 3587 κεῖσθαι
808 3534 897 3589 καὶ
944 3535 1037 3589 τὸν
1088 3537 1209 3590 ι’ἱὸν
1261 3537 1365 3592 ὑπὸ
1409 3537 1634 3611 χρόνον,
1695 3540 1919 3611 περιθή-

268 3639 380 3679 σεις
438 3618 528 3673 καὶ
589 3623 747 3691 σῶμα
800 3624 879 3692 τῷ
920 3620 1234 3693 ἀσωμάτῳ·
1295 3625 1384 3678 καὶ
1436 3624 1482 3679 εἰ
1540 3624 1621 3679 ὅτι
1674 3625 1742 3679 τὰ
1794 3627 1921 3700 παρ’

268 3705 403 3776 ἡμῖν
455 3705 791 3779 γεννώμενα,
841 3706 941 3762 οὐκ
987 3703 1115 3762 ὄντα
1156 3710 1310 3779 ποτὶ,
1353 3710 1467 3765 εἶτα
1513 3710 1797 3785 γινόμενα,
1834 3710 1923 3767 διὰ

264 3796 427 3849 τοῦτο
476 3793 566 3848 καὶ
614 3794 704 3850 τὸν
754 3794 875 3850 Υἳὸν
929 3797 1242 3872 ἀναγκάσεις
1287 3797 1336 3871 ἐξ
1385 3799 1483 3853 οὐκ
1532 3794 1701 3854 ὄντων
1754 3800 1831 3861 εἰς
1858 3801 1921 3855 τὸ

270 3887 408 3937 εἶναι
474 3882 934 3959 παρεληλυθέναι,
984 3885 1289 3961 συγκρίνεις
1338 3890 1451 3961 (89)
1497 3888 1563 3943 τὰ
1606 3888 1920 3965 ἀσύγκριτα,

271 3973 400 4028 Θεὸν
430 3970 521 4027 καὶ
553 3970 867 4049 ἄνθρωπον,
897 3979 1057 4048 σῶμα
1094 3976 1185 4030 καὶ
1234 3976 1298 4031 τὸ
1344 3977 1635 4049 ἀσώματον
1662 3997 1676 4011 °
1729 3978 1923 4032 οὐκοῦν

268 4061 356 4116 καὶ
388 4060 629 4117 πείσεται
672 4063 762 4118 καὶ
813 4062 1122 4135 λυθήσεται,
1170 4063 1255 4120 ὅτι
1300 4065 1389 4120 καὶ
1421 4066 1487 4121 τὰ
1533 4066 1773 4142 ἡμέτερα
1813 4067 1921 4121 σώ-

273 4171 433 4222 ματα.
486 4150 561 4204 Σὺ
612 4151 710 4223 μὶν
760 4151 851 4207 οὗν
901 4154 1069 4223 ἀξιοῖς
1118 4152 1207 4209 διὰ
1250 4159 1412 4210 τοῦτο
1464 4154 1608 4211 οὔτω
1639 4162 1924 4231 γεννᾶσθαι

268 4240 419 4310 Θεὸν,
454 4236 596 4294 διότι
623 4241 692 4295 τὰ
721 4241 977 4316 σώματα·
1012 4243 1122 4318 εγὼ
1155 4240 1213 4305 δὶ
1261 4241 1351 4300 διὰ
1377 4249 1539 4301 τοῦτο
1589 4244 1696 4321 οὐχ
1726 4245 1924 4317 οὓτως,

334 4338 379 4374 ³⁷
410 4338 583 4395 Hebr.
617 4357 657 4411 ι,
688 4342 743 4395 2.
821 4341 867 4377 ⁸³
898 4346 1063 4399 Rom.
1096 4361 1153 4411 x,
1188 4345 1276 4403 12.

2032 3539 2247 3595 idcirco
2278 3539 2489 3593 Filium
2547 3553 2782 3609 quoque
2826 3536 3077 3607 tempori
3137 3536 3381 3590 subesse
3440 3540 3689 3602 statuas,

2031 3632 2173 3682 tunc
2222 3627 2301 3683 rei
2334 3628 2686 3696 incorporeas
2718 3641 2932 3696 corpus
2981 3624 3298 3689 attribues;
3342 3628 3400 3678 et
3430 3624 3503 3691 si,
3536 3640 3687 3694 quo-

2031 3716 2191 3770 niam
2222 3732 2289 3770 ea
2320 3731 2451 3786 quas
2495 3715 2649 3785 apud
2682 3730 2787 3768 nos
2818 3713 3165 3785 gignuntur,
3199 3728 3332 3767 cum
3384 3716 3519 3767 ante
3571 3729 3687 3769 non

2030 3809 2251 3872 essent,
2286 3809 2487 3875 postea
2516 3806 2643 3857 orta
2685 3808 2845 3869 sunt,
2881 3803 3011 3857 ideo
3062 3799 3270 3855 Filium
3304 3817 3538 3872 quoque
3588 3818 3689 3857 ne-

2030 3890 2281 3947 cessario
2336 3909 2403 3946 ex
2451 3890 2634 3945 nihilo
2692 3891 2749 3945 in
2811 3906 3005 3945 rerum
3066 3894 3337 3944 naturam
3403 3890 3691 3959 prodiisse

2031 3980 2357 4051 contendis,
2391 3996 2698 4050 comparas
2740 3995 2830 4045 ea,
2864 3996 2992 4050 qum
3034 3977 3530 4049 comparationem
3562 3995 3686 4033 om-

2031 4085 2165 4125 nem
2201 4072 2503 4141 respuunt,
2542 4070 2721 4123 Deum
2754 4084 2963 4139 nempe
3004 4072 3060 4122 et
3099 4067 3418 4136 hominem,
3452 4083 3687 4140 corpus,

2031 4164 2087 4215 et
2120 4159 2174 4213 id
2210 4158 2361 4229 quod
2396 4174 2635 4229 corpore
2680 4160 2864 4212 vacat.
2895 4157 3042 4228 Ergo
3082 4161 3139 4211 et
3172 4156 3446 4227 patietur,
3480 4160 3538 4211 et
3569 4156 3690 4212 dis—

2031 4248 2307 4319 solvetur,
2331 4251 2507 4319 atque
2546 4245 2829 4314 interibit,
2871 4244 3372 4318 quemadmodum
3404 4250 3460 4300 et
3490 4250 3693 4303 nostra

338 4433 554 4521 (81)‘0.6
604 4439 1018 4521 qpvupcgtvwv,
1072 4438 1199 4496 οὐδὲ
1248 4441 1744 4521 στναλειφομὲνων.
1795 4445 1923 4502 Hinc

2038 4440 2271 4521 ἄναρχον
2306 4446 2421 4521 φῶς
2454 4447 2610 4509 sunt,
2648 4442 2888 4521 perinde
2917 4459 2984 4521 ac
3027 4440 3307 4521 Pater,gid
3339 4445 3447 4521 est,
3472 4463 3501 4492 «
3531 4457 3688 4521 sem-

270 4506 488 4566 desunt
515 4507 575 4563 in
608 4508 705 4565 0r.
740 4512 791 4566 1.

303 4578 856 4704 λὲῗέὲὲυναλοιφῆς.
905 4582 1029 4639 Duo
1062 4582 1268 4657 Regg.,
1316 4590 1375 4641 et
1420 4586 1537 4641 duo
1584 4586 1772 4657 Colb.,
1808 4607 1928 4640 συν-

268 4669 772 4801 Ϊλᾷἕξῗξᾈνάρχου.
810 4745 849 4801 (ι⁸
888 4722 1168 4801 Principii
1204 4730 1535 4801 expertem.
1572 4749 1617 4801 »_
1645 4727 1925 4801 Theologi

267 4793 450 4873 Graeci
473 4793 626 4873 duas
649 4793 1039 4873 proprietates
1061 4793 1217 4853 Patri
1247 4793 1542 4873 tribuunt,
1568 4797 1629 4851 τὸ
1661 4793 1923 4873 ἄναρχον,

266 4870 323 4921 et
375 4864 436 4919 16
486 4864 802 4942 ἀγάννῇτον,
870 4869 1086 4942 quibus
1135 4885 1269 4925 eum
1320 4887 1354 4925 a
1385 4871 1549 4942 ,Filio
1597 4875 1654 4925 et
1703 4864 1920 4942 spiritu

270 4942 475 5015 sancto
526 4939 917 5015 distinguunt.
963 4940 1070 5015 ῌὶο
1130 4946 1325 5015 autem
1378 4940 1636 5015 ἄναρχον,
1688 4939 1801 4998 non
1852 4945 1924 4999 de

266 5012 530 5081 tempore
578 5012 894 5085 accipiunt,
927 5012 1144 5085 alioqui
1176 5012 1331 5069 enim
1369 5012 1551 5069 Filius
1576 5023 1633 5068 et
1674 5015 1923 5085 Spiritus

267 5087 533 5146 sanctus,
566 5098 681 5137 non
706 5082 914 5138 minus
944 5082 1199 5158 éivapxot,
1234 5085 1289 5158 id
1323 5091 1430 5158 est,
1463 5108 1490 5134 «
1526 5082 1795 5158 principii
1826 5104 1923 5143 ex-

308 5157 462 5229 ertes
487 5175 515 5202 »
546 5158 718 5229 sunt,
739 5172 916 5229 quam
962 5156 1147 5223 Pater,
1178 5156 1278 5229 sed
1312 5157 1381 5212 de
1414 5174 1609 5213 causa.
1642 5156 1832 5229 Atque
1864 5160 1921 5212 in

309 5240 377 5281 ac
404 5224 836 5296 signiﬁcatione
867 5227 974 5282 hoc
1003 5226 1349 5284 vocabulum
1384 5229 1490 5283 soli
1522 5230 1675 5284 Patri
1711 5224 1922 5286 conve-

266 5296 377 5379 nit,
411 5296 511 5379 qui
543 5314 576 5352 ε
602 5298 769 5379 nullo
808 5306 917 5379 est,
951 5316 1085 5379 cum
1136 5299 1318 5355 Filius
1349 5305 1405 5355 et
1431 5301 1683 5379 _Spiritus
1714 5319 1782 5357 ex
1812 5302 1921 5379 Pa-

265 5372 357 5423 tre
389 5371 738 5441 sint,_atque
769 5371 841 5425 ad
874 5386 1032 5437 eum,
1064 5376 1344 5441 tanquam
1378 5373 1447 5427 ad
1478 5371 1746 5441 causam,
1780 5374 1922 5429 refe-

266 5442 492 5517 rantur.
522 5439 629 5495 Per
644 5439 910 5517 causam
929 5448 1125 5498 autem
1156 5439 1337 5517 Graeci
1372 5444 1515 5498 nihil
1552 5445 1707 5517 aliud
1735 5439 1921 5517 quam

274 5531 306 5590 ς.
331 5510 793 5590 οι-ἱείοοφρῃο
826 5513 983 5570 velut
1011 5515 1277 5571 essentia?
1312 5515 1532 5571 fontem
1562 5510 1920 5590 intelligunt.

266 5582 357 5655 Ita
382 5584 627 5655 exponit
650 5584 874 5640 Billius.

340 5651 696 5779 (81)"Ai'8100
737 5655 936 5740 φωτός.
990 5658 1130 5730 Reg.
1163 5654 1677 5739 Cypr.,.&vevv1$1oo
1717 5656 1920 5743 ιρωτός.

340 5743 402 5779 ec
454 5733 599 5779 ectlo
631 5734 768 5779 ants
809 5731 1038 5779 Videtur
1066 5731 1434 5779 Comheﬁsm.
1467 5736 1525 5779 ut
1556 5748 1785 5779 nrnnrm
1820 5732 1920 5779 Pa-

273 5726 402 5803 ilepc
432 5726 610 5803 lectio
631 5726 768 5803 apta
809 5730 1038 5803 videtur
1066 5726 1447 5803 comesum;
1467 5736 1525 5785 ot
1556 5726 1799 5803 proprie
1819 5732 1921 5787 Pa-

268 5797 346 5861 tri
374 5797 841 5862 convenitCNam
868 5801 1054 5862 Filius
1073 5806 1131 5860 et
1150 5801 1407 5875 Spiritus
1436 5797 1696 5861 sanctus.
1721 5800 1921 5873 ἀίδιον,

1954 4908 2003 4973 D

2042 4513 2335 4588 piternum
2386 4516 2606 4571 lumen.
2634 4513 2661 4564 ἢ
2686 4514 2848 4570 Unus
2889 4519 3087 4570 autem
3136 4513 3307 4569 Pater
3350 4519 3439 4569 est
3468 4535 3495 4563 ‹‹
3527 4513 3691 4583 inge-

2038 4590 2215 4643 nitus.
2242 4610 2271 4637 »

2111 4661 2222 4730 (85)
2280 4650 2671 4731 Πρεσϐύτερος.
2742 4656 2881 4727 Reg.
2960 4656 3091 4725 bm,
3161 4656 3316 4724 Bas.,
3392 4648 3690 4729 πρεσϐύτε-

2037 4749 2491 4872 ρο(86)11ρώτως
2532 4798 2608 4872 ἂν,
2638 4794 2745 4867 εἷή.
2780 4798 2874 4854 Sic
2900 4798 3064 4872 786g,
3115 4797 3236 4872 hm,
3292 4795 3387 4872 Or:
3434 4797 3483 4863 1,
3534 4795 3687 4872 Palu,

2035 4869 2259 4943 Comb.,
2292 4869 2428 4931 etc.,
2465 4892 2494 4921 «
2526 4870 2805 4943 primum.
2837 4891 2866 4920 »
2900 4870 3171 4925 Mendose
3214 4870 3274 4923 in
3325 4869 3439 4938 ed.,
3470 4870 3688 4940 πρῶτος

2036 4942 2095 4997 ἂν
2220 4942 2447 5031 Billius,
2472 4964 2499 4990 ‹‹
2532 4942 2780 5031 prim’us.
2804 4964 2831 4991 »

2106 5015 2122 5070 (
2162 5016 2218 5070 7)
2247 5010 2385 5067 Οόδε
2414 5016 2539 5070 παρ’
2572 5014 2786 5067 ἒαυαου.
2821 5036 2831 5063 ‹

2106 5010 2218 5097 (87)
2247 5010 2385 5097 Οόδξ
2414 5010 2549 5085 imp”
2572 5013 2786 5097 ἑοιυιᾶιοῖξἶ
2821 5013 2996 5097 «HN-ec
3042 5030 3073 5066 a
3123 5011 3336 5097 seipso,
3365 5032 3391 5057 η
3424 5014 3531 5097 etc.
3568 5032 3596 5062 ι(
3627 5011 3687 5066 Si

2032 5084 2260 5142 enim'a
2301 5084 2517 5158 seipso,
2545 5108 2570 5134 »
2605 5088 2795 5159 inquit
2843 5084 3020 5147 Elias,
3054 5103 3076 5131 ι
3109 5088 3274 5159 ortus
3321 5086 3497 5149 esset,
3531 5100 3564 5137 a
3594 5098 3686 5138 se-

2032 5159 2161 5227 ipso
2193 5154 2425 5229 quoque
2456 5154 2712 5229 separari
2747 5161 2939 5229 posset
2960 5174 2985 5229 ;_
3007 5154 3296 5229 atqueita
3325 5170 3481 5208 unus
3511 5159 3687 5219 esset,

2033 5176 2161 5227 Ipso
2193 5176 2425 5229 quoque
2456 5176 2517 5213 se
2563 5176 2712 5213 arari
2747 5176 2972 5228 posset;
3007 5176 3184 5226 atque
3212 5176 3296 5209 ιω
3325 5176 3481 5208 unus
3511 5176 3687 5219 esset,

2033 5231 2170 5300 duo,
2206 5248 2457 5301 quorum
2492 5176 2637 5306 aiter
2677 5227 3135 5306 prmeastitisset,
3170 5226 3318 5306 alter
3361 5232 3562 5306 postea
3593 5242 3688 5306 or-

2032 5308 2130 5358 tus
2159 5298 2373 5382 les—set;-
2400 5307 2524 5382 _aut
2572 5302 2655 5355 ita
2680 5298 3084 5382 divideretur,
3136 5302 3201 5353 ut
3249 5298 3494 5382 dimidia
3516 5303 3689 5382 parte

2031 5380 2207 5436 esset,
2233 5374 2478 5443 dimidia
2511 5390 2715 5427 rursus
2747 5388 2811 5425 ex
2848 5378 3007 5443 parte
3029 5387 3151 5443 non
3185 5374 3357 5443 esset.
3385 5391 3412 5417 »
3434 5369 3605 5424 Cois].
3635 5371 3685 5443 1,

2032 5462 2137 5518 pro
2169 5440 2294 5497 οὐδὲ
2322 5449 2445 5518 παρ’
2477 5443 2688 5515 ἑαυτοῦ,
2723 5438 2919 5509 habet,
2954 5438 3100 5495 ἀλλᾶ
3129 5442 3254 5516 παρ’
3286 5440 3498 5507 ἑαυτοῦ,
3527 5463 3553 5489 α
3587 5442 3688 5497 sed

2033 5517 2065 5572 a
2097 5517 2366 5586 seipso,»
2398 5517 2506 5571 etc.

2068 5583 2216 5679 ν(88)
2251 5583 2457 5647 Αἴτιος.
2508 5586 2647 5657 Reg.
2699 5587 2819 5652 bm,
2868 5585 2985 5639 duo
3034 5584 3219 5649 Colb.,
3275 5583 3368 5639 Or.
3427 5585 3476 5649 1,
3530 5584 3684 5654 Bas.,

2032 5679 2225 5713 αιτιον.
2722 5690 2725 5695 ·

2104 5734 2214 5804 (80)
2252 5730 2581 5807 Συγκρίνεις-
2793 5733 2984 5802 Cypr.,
3017 5730 3343 5801 σψίκρινεῖς,
