4090 6444
338 386 497 453 1075
1583 387 1649 450 S.
1698 384 2073 449 GREGORII
2116 384 2515 449 THEOLOGI
3608 387 3790 450 1076

340 539 605 596 corpora.
629 523 717 579 Tu
752 522 992 595 quidem
1023 522 1240 579 idcirco
1265 522 1450 579 Deum
1478 522 1561 578 ita
1581 520 1846 594 generari
1873 536 2004 576 cen-

2147 537 2198 571 τι
2259 515 2403 572 οὕτω
2448 518 2517 572 τὰ
2575 519 2821 591 σώματα.
2883 518 2977 572 Ὧν
3005 515 3107 594 γὰρ
3152 516 3215 572 τὸ
3247 518 3381 574 εἶναι
3416 516 3525 595 οὐχ
3555 512 3790 593 ὅμοιον»

343 630 459 681 ses,
487 614 643 685 quod
668 629 912 684 corpora
933 613 1014 667 ita
1041 616 1430 684 generentur:
1455 611 1602 667 381
1631 628 1737 684 ego
1768 627 1904 665 vero
1934 610 2006 666 ob

2147 604 2323 661 οότων
2376 604 2502 661 οὐδὲ
2556 606 2620 662 τὸ
2676 611 2866 682 γεννᾷν
2919 606 3151 679 ὅμοιον
3209 606 3255 662 εἶ
3324 608 3399 681 μὴ
3450 609 3539 663 καὶ
3595 607 3794 664 τᾶλλα

343 702 401 757 id
448 720 561 758 non
609 702 696 757 ita
744 701 905 774 gigni
955 699 1205 769 afﬁrmo,
1241 701 1395 772 quod
1447 718 1516 756 ea
1569 701 1647 756 sit
1695 717 2006 772 corporum

2147 694 2521 769 ῖουλεύσῃ
2572 701 2695 758 ταῖς
2725 695 2908 762 ὅλαις,
2959 696 3073 751 οἷον
3119 695 3371 771 πάσχων,
3422 698 3512 751 καὶ
3563 695 3787 753 λυπού-

346 791 781 863 gignendorum
833 790 981 846 ratio
1015 791 1286 863 (quorum
1328 790 1483 844 enim
1519 795 1730 845 natura
1779 789 2011 843 diversa

2147 804 2307 852 ιενος,
2357 784 2445 838 καὶ
2496 788 2715 853 πεινῶν,
2766 784 2855 839 καὶ
2906 782 3100 859 διψῶν,
3144 786 3233 840 καὶ
3282 787 3381 840 ὃσα
3430 786 3465 855 ἢ
3500 787 3789 860 σώματος,

348 884 460 947 est,
490 880 702 935 horum
732 880 934 950 dispar
963 895 1196 950 quoque
1240 879 1561 949 generandi
1595 878 1861 948 modus);
1898 876 2011 931 nisi

2147 874 2285 942 Ξτοῦ
2335 875 2741 950 συναμφοτέρου
2789 873 2957 945 πάθη.
3008 872 3188 930 Ἀλλᾶ
3222 879 3390 930 ταῦτα
3419 874 3481 930 οὐ
3540 875 3792 952 παραδέ-

350 985 486 1024 cum
518 968 576 1023 in
611 969 888 1024 omnibus
920 968 1050 1023 aliis
1088 984 1323 1041 quoque
1358 968 1533 1023 rebus
1566 983 1850 1038 corporeis
1882 983 2012 1020 ma-

2147 963 2279 1038 εεταί
2310 985 2405 1017 σου
2437 964 2465 1017 6
2494 968 2619 1026 νοῦς
2651 982 2664 996 ·
2706 963 2831 1039 περὶ
2860 968 2992 1017 Θεοῦ
3024 965 3126 1038 γὰρ
3159 964 3187 1018 6
3220 962 3411 1039 λόγος.
3468 965 3555 1034 Μὴ
3595 965 3787 1020 τοίνυν

349 1057 509 1113 teris:
542 1058 756 1113 servire
802 1058 1144 1121 contendas,
1169 1058 1278 1113 hoc
1308 1062 1415 1124 est,
1443 1063 1508 1112 ut
1559 1057 1836 1129 patiatur,
1869 1060 1926 1110 et
1955 1055 2013 1109 in

2147 1050 2270 1118 ιηδὶ
2326 1054 2426 1121 τήν
2488 1052 2736 1128 γέννησιν
2789 1049 2999 1125 ἄλλως,
3060 1054 3093 1123 ἢ
3164 1053 3239 1115 ὡς
3300 1055 3483 1123 θεῖκην
3543 1052 3797 1130 παραδὲ-

355 1162 602 1202 mmrore
643 1150 926 1211 versetur,
960 1152 1015 1201 et
1065 1148 1220 1202 fame
1272 1163 1337 1201 ac
1387 1146 1485 1200 siti
1534 1146 1777 1209 laboret,
1811 1160 2016 1199 omnes
2125 1161 2253 1217 χου.

352 1235 602 1305 denique
632 1252 731 1291 eas
764 1235 1120 1302 affectiones,
1155 1236 1392 1306 quibus,
1425 1234 1513 1290 vel
1547 1235 1828 1306 corporis,
1860 1233 1947 1289 vel
1979 1232 2337 1303 conjunctim
2372 1234 2683 1305 utriusque
2713 1233 2898 1306 partis
2929 1237 3142 1289 natura
3175 1234 3441 1304 subjecta
3470 1240 3579 1301 est,
3611 1251 3798 1308 expe-

351 1323 555 1379 riatur.
589 1327 720 1378 Hanc
751 1323 907 1379 enim
940 1341 1072 1379 vero
1108 1341 1273 1380 mens
1330 1330 1432 1379 tua
1482 1341 1596 1379 non
1648 1324 1925 1379 admittit.
1961 1323 2041 1378 De
2077 1328 2186 1378 Deo
2217 1322 2432 1394 quippe
2479 1338 2673 1378 sermo
2722 1326 2831 1378 est.
2867 1322 2949 1378 Ne
3002 1326 3068 1377 tu
3124 1322 3303 1395 igitur
3348 1324 3801 1395 generationem

351 1412 522 1469 aliter
552 1430 729 1485 quam
761 1419 826 1468 ut
856 1414 1117 1469 divinam
1159 1413 1422 1470 admitte.

425 1501 521 1557 IX.
539 1500 756 1556 Verum
776 1501 825 1557 si
843 1507 1157 1572 generatus
1176 1507 1286 1573 est,
1310 1501 1837 1573 inquis,quomodo
1859 1517 2029 1573 gene-

2209 1497 2282 1552 0'.
2345 1494 2501 1551 Ἀλλ’
2553 1496 2599 1551 εἶ
2650 1518 2981 1573 γεγεννηται,
3034 1502 3155 1559 πῶς
3211 1496 3548 1572 γεγέννηται,
3582 1499 3801 1575 φησίνὶ

356 1595 523 1646 ratus
541 1590 668 1645 est?
687 1591 994 1662 Responde
1010 1596 1070 1645 tu
1088 1608 1321 1663 quoque
1336 1591 1541 1661 mihi,o
1557 1596 1726 1646 acute
1739 1596 1796 1645 et
1814 1590 2028 1645 invicte

357 1678 715 1751 sophista.Si
734 1685 965 1735 creatus
984 1681 1398 1751 est,quomodo
1412 1688 1643 1735 creatus
1657 1680 1786 1735 est?
1800 1682 1879 1735 Ac
1897 1697 2027 1752 pos-

2138 1581 2456 1660 Ἀπόκριναί
2523 1607 2637 1659 μοι,
2693 1588 2738 1640 ὧ
2797 1584 3103 1642 διαλεκτικὲ
3159 1585 3221 1641 σὺ
3277 1584 3369 1641 xui
3440 1587 3666 1665 ἅφυκτε.
3726 1590 3798 1644 Εἰ

2137 1671 2394 1748 ἔκτισται,
2436 1680 2553 1737 πῶς
2602 1675 2878 1746 ἔκτισταις
2937 1676 3080 1749 κάμὲ
3126 1675 3337 1731 ἀπαίτει
3383 1676 3468 1746 τὸ,
3520 1681 3645 1739 Πῶς
3697 1699 3797 1754 γε-

356 1772 453 1825 tea
474 1784 544 1823 ex
564 1784 657 1824 me
681 1769 1001 1835 sciscitare,
1024 1770 1318 1840 quomodo
1342 1775 1657 1842 generatus
1678 1770 1793 1824 sit?
1820 1769 2020 1825 Passio

2147 1764 2421 1840 {évvn'cui;
2455 1766 2632 1827 Πάθος
2673 1766 2786 1839 (91)
2834 1764 2956 1841 περὶ
3002 1766 3100 1835 τὴν
3146 1767 3433 1842 γέννησιν;
3482 1767 3657 1829 Πάθος
3699 1769 3795 1823 καὶ

360 1860 469 1927 est,
486 1856 737 1928 inquies,
753 1858 911 1913 circa
926 1859 1362 1927 generationem
1375 1859 1402 1914 ‘2
1418 1863 1518 1914 Est
1533 1864 1590 1915 et
1609 1858 1804 1931 passio
1820 1858 2018 1926 etiam,

361 1945 604 2017 inquam
638 1962 766 2019 ego,
800 1947 954 2002 circa
985 1947 1490 2019 creationem.)An
1534 1965 1651 2004 non
1685 1947 1839 2003 enim
1887 1965 2019 2020 pas-

362 2034 546 2091 sionis
577 2036 864 2091 rationem
912 2037 1089 2093 habet
1133 2037 1491 2107 informatio,
1526 2042 1581 2093 et
1612 2054 1772 2107 cura,
1807 2042 1864 2093 et
1894 2038 2023 2108 ejus

363 2124 469 2192 rei,
493 2141 617 2195 quas
650 2128 774 2180 tota
806 2125 984 2180 simul
1016 2142 1083 2181 ac
1114 2130 1351 2198 repente
1382 2126 1637 2199 cogitata
1668 2132 1778 2191 est,
1798 2127 1855 2181 in
1888 2143 2023 2199 par-

362 2216 453 2269 tes
487 2214 805 2286 extensio?)
828 2215 1104 2287 Tempus,
1133 2216 1337 2281 addes,
1359 2216 1514 2271 circa
1544 2215 2023 2289 generationem?

365 2303 427 2357 ln
461 2306 724 2374 tempore
755 2304 931 2359 etiam
978 2309 1117 2360 sunt
1147 2321 1275 2376 quas
1318 2309 1609 2361 creantur.
1647 2306 1829 2361 Locus
1858 2304 2026 2361 illic?

364 2390 472 2445 Hic
501 2408 735 2463 quoque
778 2391 962 2448 locus.
997 2392 1132 2465 Spei
1167 2394 1466 2449 frustratio
1500 2394 1652 2449 circa
1697 2395 2022 2467 generatio-

367 2480 554 2535 nem?
585 2482 807 2536 Creatio
839 2498 1072 2553 quoque
1121 2482 1415 2538 interdum
1466 2500 1631 2555 spem
1683 2484 2019 2539 frustratur.

368 2568 500 2624 Haec
544 2586 577 2623 a
623 2570 787 2624 vobis
844 2570 1274 2627 disserentibus
1332 2572 1557 2639 audivi;
1618 2573 1833 2628 etenim
1894 2589 2020 2643 quea

370 2673 537 2713 mens
559 2657 887 2729 delineavit,
908 2676 976 2714 ea
1000 2659 1345 2732 plerumque
1369 2678 1580 2717 manus
1605 2662 1876 2728 perficere
1908 2679 2021 2717 non

369 2746 581 2819 potuit.
612 2750 685 2803 At
714 2747 872 2804 dices
909 2767 922 2804 :
954 2749 1128 2804 verbo
1168 2754 1226 2804 et
1267 2749 1567 2806 voluntate
1596 2751 1795 2806 omnia
1822 2751 2023 2806 condi-

368 2835 455 2891 dit
488 2853 500 2891 :
536 2840 657 2907 Ipse
686 2837 843 2892 enim
894 2838 1062 2903 dixit,
1093 2846 1144 2894 et
1166 2840 1319 2910 facta
1348 2844 1479 2894 sunt
1506 2858 1525 2894 :
1555 2842 1671 2911 ipse
1714 2840 2021 2905 mandavit,

370 2928 427 2981 et
452 2929 641 2981 creata
669 2927 882 2982 sunt”.
917 2928 1117 2999 Atqui,
1152 2945 1285 2983 cum
1337 2930 1425 2984 ais
1472 2930 1673 2985 omnia
1722 2930 1821 2984 Dei
1852 2930 2025 2985 verbo

373 3020 569 3071 creata
624 3016 828 3084 fuisse,
863 3033 981 3073 non
1032 3016 1353 3073 humanam
1403 3018 1629 3075 scilicet
1674 3020 2025 3075 creationem

2128 1854 2252 1927 περὶ
2282 1854 2382 1923 τήν
2416 1853 2587 1908 κτίσιν
2615 1873 2627 1886 °
2681 1855 2715 1923 ἣ
2770 1854 2871 1929 γὰρ
2917 1852 2978 1909 οὐ
3010 1856 3184 1917 πάθος
3232 1856 3266 1925 ἡ
3299 1853 3665 1928 ἀνατύπωσις,
3696 1857 3793 1911 καὶ

2130 1945 2165 2013 ἠ
2215 1943 2459 2019 φροντὶς,
2504 1943 2595 1997 καὶ
2643 1944 2679 2013 ἠ
2728 1947 2825 1998 τοῦ
2872 1942 3164 2014 νοηθέντος
3210 1943 3422 2019 ἀθρόως
3456 1944 3531 2006 είς
3558 1945 3620 1999 τὸ
3650 1947 3795 2001 κατᾶ

2135 2031 2298 2107 μέρος
2348 2032 2699 2103 έξάπλωσις;
2753 2032 2957 2108 Χρόνος
3006 2033 3132 2106 περὶ
3193 2035 3297 2103 τήν
3365 2033 3652 2109 γέννησινς
3705 2042 3797 2091 Ἐν

2131 2122 2317 2197 χρόνῳ
2375 2121 2465 2177 καὶ
2521 2122 2588 2176 τὰ
2657 2121 2969 2196 κτιζόμενα.
3044 2122 3222 2185 Τόπος
3294 2121 3553 2193 ἑνταῦθα;
3612 2124 3795 2189 Τόπος

2135 2210 2264 2268 ἰκεῖ.
2326 2211 2631 2288 Ἀποτυχία
2674 2212 2799 2288 περὶ
2849 2213 2949 2281 τὴν
2996 2213 3285 2288 γέννησινς
3350 2213 3659 2290 ’Δποτυγία
3704 2215 3796 2269 καὶ

2131 2300 2255 2373 περὶ
2281 2301 2380 2369 τὴν
2430 2300 2624 2357 κτίσιν.
2676 2306 2853 2356 Ταῦτα
2892 2299 3102 2371 ἤκουσα
3129 2301 3575 2380 φιλοσοφούντων
3612 2303 3787 2375 ὑμῶν’

2134 2387 2295 2462 ἃγὰρ
2346 2389 2373 2443 6
2423 2394 2548 2451 νοῦς
2600 2390 2897 2465 ὑπέγραψε,
2949 2388 3223 2453 πολλάκις
3269 2396 3437 2446 ταῦτα
3466 2393 3499 2461 ἡ
3534 2391 3656 2467 χεὲρ
3688 2391 3789 2447 οὐκ

2133 2477 2391 2535 ἐτέλεσεν.
2445 2476 2619 2536 ἈΛλὰ
2680 2479 2856 2555 λόγῳ,
2915 2480 3072 2558 φησὶ,
3112 2481 3174 2535 τὸ
3221 2486 3324 2535 πᾶν
3373 2478 3639 2550 ὑπέστησε
3693 2480 3784 2535 xui

2139 2566 2474 2642 βουλήματι.
2525 2568 2703 2631 Αὐτὸς
2750 2570 2853 2645 γὰρ
2922 2570 3058 2635 εἷπε,
3109 2569 3198 2624 καὶ
3246 2566 3593 2644 ’ἐγενήθησαν
3646 2572 3783 2642 (99)

2132 2655 2291 2719 αὐτὸς
2373 2655 2695 2729 ἐνετείλατο,
2779 2660 2869 2713 xui
2955 2657 3291 2728 ἐκτίσθησαν.
3378 2660 3543 2715 ’Όταν
3631 2657 3785 2733 εἷ’πῃς

2130 2750 2210 2817 τῷ
2243 2743 2397 2821 λόγῳ
2425 2751 2521 2800 τοῦ
2553 2752 2687 2802 Θεοῦ
2715 2748 2782 2801 τὰ
2811 2748 2983 2801 πάντα
3013 2747 3272 2815 ἰκτίσθαι,
3324 2746 3386 2801 οὐ
3434 2748 3533 2816 τήν
3580 2747 3787 2822 ἀνθρω-

2134 2834 2298 2905 πίνην
2328 2834 2501 2889 κτίσιν
2554 2836 2784 2912 εἰσάγεις
2808 2856 2819 2869 ·
2875 2833 3052 2898 οὐδεὶς
3092 2836 3193 2911 γὰρ
3224 2838 3385 2909 ἡμῶν
3418 2833 3569 2912 λόγῳ
3615 2835 3787 2911 πράτ-

2131 2945 2211 2979 τει
2242 2925 2309 2980 τὰ
2336 2926 2610 3000 γινόμενα.
2646 2922 2808 2980 Οὐδὲν
2844 2926 2948 3001 γὰρ
2994 2925 3053 2980 ἂν
3101 2928 3166 2995 ἦν
3217 2923 3556 2999 ὑψηλότερον
3602 2928 3789 2998 ἡμῶν,

2135 3011 2262 3068 οὐδὲ
2319 3014 2683 3090 ἀπονώτερον,
2737 3014 2782 3069 εί
2829 3016 2892 3069 τὸ
2946 3013 3119 3090 λέγειν
3171 3011 3335 3091 ἔργου
3400 3014 3797 3089 συμπλήρωσις

367 3103 636 3172 inducis;
689 3120 793 3160 nec
851 3106 1008 3161 enim
1067 3106 1382 3178 quisquam
1441 3112 1731 3172 nostrum,
1772 3124 1857 3174 ea,
1898 3124 2026 3179 quae

376 3192 523 3211 ομ.
678 3194 691 3211 .
729 3210 741 3211 γ
810 3194 891 3211 κ...
935 3194 969 3211 .,
1032 3195 1119 3211 ,,..
1150 3194 1182 3211 ..
1318 3196 1328 3207 .
1579 3196 1630 3211 ..
1942 3198 1951 3207 .

2147 3102 2248 3171 ἦν’
2310 3102 2449 3156 ὥστε
2506 3103 2551 3158 εἰ
2604 3104 2692 3157 καὶ
2754 3103 2906 3180 λόγῳ
2963 3104 3132 3173 κτίζει
3194 3105 3324 3166 Θεὸς
3380 3105 3449 3159 τὰ
3484 3105 3795 3177 κτιζόμενα,

2189 3190 2202 3210 ⁷
2289 3191 2303 3211 9
2344 3192 2370 3211 Λ
2390 3210 2395 3211 ,
2433 3192 2445 3208 1
2690 3192 2703 3211 ν
2753 3198 2779 3207 η-
2861 3194 2877 3211 \
2990 3194 3036 3211 In
3152 3195 3257 3211 Inn\
3332 3199 3355 3211 ιι
3385 3195 3431 3211 ττ
3511 3194 3526 3211 ς
3631 3191 3654 3211 Β
3686 3196 3732 3211 ab

371 3192 544 3261 ﬁunt,
577 3194 751 3248 verbo
800 3194 998 3249 efficit.
1030 3194 1185 3249 Nihil
1232 3196 1449 3268 quippe
1496 3196 1667 3252 nobis
1713 3196 2031 3253 sublimius

378 3295 447 3336 ac
478 3282 859 3351 praestantius
890 3287 1068 3349 esset,
1095 3283 1413 3357 minusque
1442 3283 1825 3353 laboriosum,
1851 3286 1897 3341 si
1923 3302 2039 3341 ser'

381 3384 557 3425 mone
597 3367 722 3425 solo
770 3369 996 3442 aliquid
1049 3371 1334 3428 conficere
1382 3389 1712 3444 possemus.
1745 3374 2038 3439 Quamob-

382 3473 529 3524 rem,
581 3458 690 3513 etsi
749 3457 924 3529 Deus,
975 3475 1063 3529 ea,
1114 3477 1239 3531 quae
1291 3465 1583 3531 creantur,
1634 3461 1808 3517 verbo
1860 3467 2036 3529 creat,

384 3562 502 3601 non
561 3550 757 3603 tamen
817 3547 1078 3604 humana
1120 3553 1208 3605 est
1246 3550 1375 3620 ejus
1429 3550 1668 3607 creandi
1727 3552 1895 3606 ratio.
1928 3554 2043 3607 Aut

385 3635 543 3691 enim
577 3634 878 3692 hominem
911 3655 1142 3710 quoque
1191 3655 1462 3695 sermone
1512 3639 1734 3711 aliquid
1783 3640 2041 3697 efﬁcien-

386 3727 504 3779 tem
538 3726 818 3781 ostende:
844 3731 947 3781 aut
972 3727 1115 3782 mihi
1143 3730 1394 3785 concede
1425 3733 1607 3785 Deum
1633 3746 1746 3784 non
1785 3730 2040 3786 humano

386 3829 547 3869 more
576 3829 790 3871 creare.
826 3815 989 3880 Quod
1022 3816 1071 3871 si
1111 3834 1282 3873 secus
1314 3819 1640 3885 existimas,
1675 3834 1800 3890 age,
1835 3819 2038 3874 volun-

384 3906 503 3957 tate
533 3902 826 3959 civitatem
861 3905 1145 3975 describe,
1173 3913 1231 3962 et
1259 3908 1461 3963 statim
1493 3908 1699 3964 civitas
1731 3925 2044 3980 repraesen-

388 3995 564 4047 tetur.
625 3993 774 4064 Opta
830 3995 935 4050 tibi
996 3995 1184 4051 ﬁlium
1247 3998 1437 4064 nasci,
1496 4002 1553 4052 et
1612 3996 1876 4068 protinus
1934 3998 2040 4053 tibi

387 4097 533 4152 puer
576 4083 834 4139 exsistat.
877 4083 1034 4139 Velis
1083 4085 1241 4141 aliud
1295 4086 1601 4158 quidpiam
1648 4101 1871 4154 eorum,
1915 4103 2041 4157 quae

387 4170 663 4228 manibus
690 4174 1045 4244 elﬁciuntur,
1071 4180 1129 4231 et
1159 4175 1469 4231 confestim
1499 4174 1770 4231 voluntas
1802 4176 1861 4229 in
1894 4192 2043 4246 opus

386 4260 647 4331 prodeat.
674 4262 837 4325 Quod
871 4263 918 4319 si
952 4265 1189 4335 quidem
1240 4264 1385 4319 nihil
1437 4264 1647 4319 horum
1679 4262 2041 4319 voluntatem

385 4354 648 4404 nostram
708 4355 1012 4423 sequatur,
1075 4353 1175 4408 Dei
1225 4370 1359 4408 vero
1410 4352 1681 4408 voluntas
1730 4353 1881 4408 actio
1931 4354 2040 4421 sit;

384 4438 763 4508 perspicuum
816 4440 1023 4511 utique
1072 4446 1182 4510 est,
1217 4442 1331 4496 alio
1362 4442 1599 4513 quidem
1648 4441 1822 4497 modo
1855 4441 2041 4496 homi-

2148 3190 2248 3246 οὐκ
2279 3191 2611 3264 ἀνθρώπινον
2645 3192 2792 3265 αὐτῷ
2821 3194 2884 3247 τὸ
2914 3194 3114 3263 κτίζειν
3148 3195 3279 3269 (93).
3332 3199 3355 3218 ’¹
3385 3195 3432 3251 Η
3464 3194 3567 3269 γὰρ
3628 3191 3796 3266 δεῖξον

2146 3278 2237 3334 καὶ
2288 3280 2569 3353 ἄνθρωπος
2616 3280 2772 3356 λόγῳ
2802 3302 2853 3336 τι
2884 3281 3225 3356 πράττοντα’
3259 3282 3295 3350 ἢ
3344 3280 3509 3353 δέξαι,
3569 3281 3653 3338 ὅτι
3694 3283 3803 3358 οὐχ

2149 3368 2224 3431 ὡς
2284 3365 2570 3444 ἄνθρωπος
2620 3369 2789 3439 κτίζει
2833 3370 2980 3433 Θεός.
3038 3370 3186 3427 Ἐπεὶ
3252 3368 3546 3447 διάγραψον
3601 3370 3804 3449 βουλή-

2153 3478 2281 3531 ματι
2309 3456 2493 3527 πόλιν,
2525 3458 2615 3513 καὶ
2665 3462 2997 3534 παραστήτω
3040 3462 3152 3534 (94)
3196 3458 3361 3523 πόλις
3386 3480 3398 3493 '
3450 3459 3679 3532 θέλησον
3710 3481 3800 3536 γε·

2149 3547 2330 3611 νέσθαι
2374 3568 2458 3602 σοι
2509 3549 2623 3621 (95)
2672 3548 2809 3619 υἱὸν,
2857 3547 2947 3603 καὶ
2994 3551 3326 3625 παραστήτω
3366 3555 3495 3612 παῖς
3521 3569 3532 3581 ·
3569 3549 3798 3620 θέλησον

2150 3634 2292 3691 ἄλλο
2322 3658 2374 3691 τι
2428 3641 2532 3691 τῶν
2578 3638 2992 3713 πραττομένων,
3043 3639 3133 3694 καὶ
3165 3638 3241 3701 εἰς
3273 3637 3426 3715 ἔργον
3460 3641 3494 3709 ἡ
3535 3637 3798 3714 βούλησις

2151 3727 2484 3801 χωρησάτω.
2518 3727 2582 3781 Εἰ
2615 3724 2672 3782 δὲ
2712 3726 2919 3782 τούτων
2957 3725 3110 3782 οὐδὲν
3160 3725 3345 3783 ἕπεται
3374 3729 3455 3800 τῷ
3489 3727 3797 3804 βούλεσθαι,

2152 3820 2285 3871 Θεοῦ
2336 3813 2393 3870 δὶ
2436 3816 2499 3870 τὸ
2557 3817 2843 3892 βούλεσθαι
2892 3817 3084 3893 πρᾶξίς
3136 3816 3299 3887 ἔστιν,
3342 3815 3532 3881 ἄλλως
3584 3818 3679 3891 μὶν
3707 3816 3798 3872 ἅν-

2150 3906 2369 3976 θρωπος
2425 3905 2595 3975 κτίζει
2671 3903 2860 3967 ἄλλως
2917 3904 2974 3961 δὲ
3026 3908 3054 3961 6
3104 3905 3320 3961 πάντων
3379 3905 3600 3975 κτίστης
3650 3906 3797 3969 Θεός.

2152 3998 2277 4057 Πῶς
2332 3994 2423 4049 οὗν
2482 3995 2650 4064 κτίζει
2718 3995 2813 4068 μὶν
2874 3994 2974 4051 οὐκ
3047 3996 3430 4071 ἀνθρωπικῶς,
3496 4001 3683 4072 γεννᾷν
3743 3994 3800 4051 δὲ

2150 4084 2501 4160 ἀναγκάζεται
2568 4084 2967 4158 ἀνθρωπικῶς;
3027 4084 3102 4139 Σὺ
3163 4085 3259 4159 μὲν
3316 4085 3415 4140 οὐκ
3471 4084 3565 4153 ὥν,
3620 4083 3800 4141 ἔπειτα

2151 4172 2363 4248 ἐγένου,
2410 4173 2523 4227 εἶτα
2570 4177 2754 4248 γεννᾷς
2780 4192 2792 4205 ο
2847 4169 2937 4227 διὰ
2981 4177 3143 4228 τοῦτο
3177 4174 3281 4229 οὐκ
3310 4170 3438 4229 ὅντα
3468 4174 3544 4235 εἷς
3572 4173 3634 4230 τὸ
3667 4175 3799 4230 εἶναι

2152 4261 2432 4338 παράγεις.
2482 4264 2575 4329 Ἥ,
2621 4258 2713 4316 ’ίνα
2750 4281 2801 4315 τι
2838 4260 3128 4338 βαθύτερον
3159 4260 3313 4329 εἷίπω,
3347 4261 3490 4339 τάχα
3519 4261 3645 4318 οὖδὶ
3687 4266 3800 4335 (96)

2152 4351 2311 4412 αὐτὸς
2343 4349 2394 4421 ἐξ
2426 4349 2524 4406 οὐκ
2553 4346 2721 4405 ὄντων
2752 4352 3016 4426 παράγεις
3043 4372 3054 4383 ·
3088 4352 3204 4408 ἐπεὶ
3235 4353 3324 4409 καὶ
3356 4354 3385 4408 ὁ
3417 4353 3565 4425 Λευῒ,
3616 4354 3795 4431 φησὶν,

2152 4437 2228 4495 ἔτι
2264 4439 2315 4494 ἦν
2345 4439 2415 4514 τῇ
2448 4438 2612 4518 ὀσφύῖ
2652 4441 2765 4513 (97)
2811 4445 2909 4495 τοῦ
2956 4442 3160 4517 πατρὸς
3187 4441 3276 4517 ᾖν,
3308 4442 3433 4517 πρὶν
3467 4442 3544 4505 εἰς
3572 4444 3634 4499 τὸ
3667 4442 3795 4497 εἶναι

383 4541 517 4580 nem
578 4541 795 4593 creare,
826 4527 938 4583 alio
997 4535 1193 4584 autem
1254 4546 1451 4585 rerum
1502 4531 1768 4585 omnium
1821 4536 2031 4586 creato-

2149 4528 2455 4605 παρελθεῖν.
2507 4528 2613 4585 Καὶ
2667 4526 2859 4601 μηδεὶς
2905 4529 3250 4607 έπηρεαζέτω
3277 4535 3356 4602 τῷ
3386 4528 3558 4607 λόγῳ.
3592 4531 3668 4588 Οὐ
3697 4531 3795 4607 γὰρ

382 4630 507 4670 rem
566 4615 771 4671 Deum.
825 4620 959 4683 Quae
1017 4618 1199 4691 igitur
1252 4623 1342 4675 est
1401 4620 1520 4675 haec
1579 4620 1746 4687 ratio,
1782 4626 1847 4673 ut
1905 4636 2039 4675 cum

379 4703 536 4759 Deus
567 4704 679 4762 alio
712 4723 888 4779 quam
940 4708 1199 4764 humano
1249 4725 1411 4765 more
1461 4712 1745 4781 procreet,
1780 4709 2038 4764 humano

377 4797 575 4849 tamen
624 4812 784 4851 more
842 4798 1081 4869 gignere
1130 4797 1416 4870 cogatur?
1448 4799 1535 4853 'l‘u
1590 4798 1850 4871 quidem,
1903 4815 2035 4853 cum

378 4883 545 4956 prius
601 4901 716 4941 non
775 4901 957 4952 esses,
993 4886 1204 4943 deinde
1262 4888 1451 4944 factus
1508 4891 1826 4959 es,~postea
1881 4888 2035 4945 382

447 5015 494 5051 ⁸9
525 5014 678 5074 Psal.
710 5037 940 5092 CXLVIII,
966 5022 1023 5078 5.

427 5237 437 5254 Ι
604 5160 792 5218 Τᾶλλα
821 5161 1107 5255 ξουλεύσῃ.
1144 5167 1283 5239 Reg.
1317 5167 1441 5235 bm,
1463 5169 1583 5222 tres
1612 5166 1800 5234 Colb.,
1829 5166 1949 5234 Or.,
1986 5168 2036 5233 1,

427 5256 445 5286 ιι
475 5231 541 5286 αλ
590 5252 622 5285 οι
653 5231 953 5286 δουλευσει.

376 5237 445 5290 τά
475 5231 622 5287 ἄλλα
653 5231 953 5292 δουλεύσει.

452 5311 466 5377 (
512 5306 563 5375 1)
601 5309 795 5367 Πάθος.
830 5330 858 5357 ‹‹
893 5308 1116 5365 Passio.
1150 5331 1177 5358 »
1209 5309 1271 5365 In
1319 5325 1496 5365 sensu
1548 5308 2034 5365 scholasticorum

376 5376 758 5460 hanc.vocem
798 5379 1205 5453 intelligimus.
1242 5382 1521 5437 Affectum
1566 5383 1884 5452 quemdam
1938 5398 2034 5437 ex-

378 5452 974 5595 Ῥῆὲὲῗῖῐεγενῄθησαν.
1024 5524 1115 5577 Sic
1172 5524 1287 5579 duo
1348 5524 1525 5595 Regg.
1584 5528 1641 5579 et
1698 5524 1793 5579 Or.
1848 5526 1896 5577 1.
1956 5526 2034 5579 [ta

373 5587 712 5661 legendum,
752 5587 886 5647 licet
919 5593 1182 5667 plerique
1216 5587 1534 5651 codices'6t
1575 5598 1716 5652 editi
1759 5596 2032 5663 habt-ant,

378 5656 764 5730 ἰγεννήθησαν.

450 5731 562 5804 (93)
591 5728 752 5802 Αὐτῷ
790 5730 853 5785 τὸ
899 5731 1120 5802 κτίζειν.
1150 5737 1283 5794 Hac
1330 5740 1546 5795 desunt
1595 5739 1654 5795 in
1707 5736 1880 5795 Coisl.
1912 5738 1945 5792 3
1974 5744 2033 5794 et

2152 4618 2323 4679 οὕτως
2379 4618 2435 4673 ἐκ
2482 4616 2578 4673 τοῦ
2629 4617 2840 4695 Πατρός
2872 4641 3017 4698 φημι
3047 4621 3139 4675 τὸν
3172 4621 3293 4675 Υἱὸν
3326 4621 3608 4697 ὑπάρχειν,
3642 4621 3713 4683 ὡς
3745 4620 3793 4677 ἐν

2146 4710 2226 4782 τῷ
2261 4708 2431 4784 Πατρὶ
2464 4703 2723 4785 πρότερον
2787 4703 2934 4783 ὄντα,
2991 4710 3125 4783 μετὰ
3173 4707 3230 4764 δὲ
3274 4714 3437 4766 τοῦτο
3468 4709 3543 4773 εἷς
3572 4712 3634 4765 τὸ
3665 4712 3793 4766 εἴναι

2149 4795 2472 4852 ὁδεύσαντα·
2530 4796 2657 4853 οὖδὶ
2699 4799 2801 4874 γὰρ
2844 4796 3012 4870 ἀτελῆ
3064 4799 3351 4877 πρότερον,
3401 4800 3515 4855 εἶτα
3564 4797 3793 4873 τέλειον,

2147 4881 2329 4960 ὥσπερ
2362 4886 2531 4959 νόμος
2558 4894 2661 4958 τῆς
2691 4887 2960 4963 ἡμετέρας
2988 4891 3292 4964 γεννήσεως
3322 4891 3459 4964 (98).

2148 5167 2244 5223 Or.
2279 5168 2330 5222 1.

2364 5238 2722 5312 Παραστήτω.
2758 5238 2986 5306 Comb.,
3025 5240 3389 5315 παραστήται.
3423 5264 3452 5291 ‹‹
3482 5244 3699 5297 Prmto
3728 5240 3797 5296 sit

2146 5312 2371 5366 civitas.
2403 5333 2430 5359 ››

2214 5384 2328 5456 (95)
2366 5387 2480 5456 Σοι.
2517 5385 2687 5456 Deest
2717 5381 2775 5437 in
2808 5382 3039 5456 duobus
3068 5383 3251 5456 Regg.
3284 5388 3341 5456 et
3371 5385 3467 5456 0r.
3501 5385 3552 5456 1.

2216 5450 2329 5527 (96)
2360 5451 2519 5527 Τάχα
2551 5451 2796 5527 οῦδὲηΙιι
2828 5450 3381 5527 ᾳμὶὺιιεᾰοηῖῖτάχα
3413 5452 3471 5509 δὲ
3502 5450 3646 5509 οὐδέ.

2215 5526 2327 5597 (97)
2359 5522 2564 5612 Ἐνττῇ.
2592 5522 2771 5612 ὀσφύϊ.
2809 5522 3222 5612 (ςξΙΞηξιιωΙξίε.
3253 5550 3273 5577 ι
3305 5522 3579 5612 Potentia
3628 5525 3796 5582 nimi-

2145 5614 2297 5670 rum,
2333 5615 2447 5652 non
2483 5604 2637 5664 actu,
2668 5596 2864 5670 inquit
2894 5596 3099 5670 Billius
3129 5600 3188 5653 in
3221 5600 3397 5657 notis.

2210 5669 2325 5741 (98)
2357 5670 2685 5738 Γεννῆσεως.
2722 5669 2860 5741 Reg.
2894 5686 2947 5737 α,
2979 5669 3155 5727 Coisl.
3187 5672 3241 5741 3,
3274 5676 3394 5729 tres
3422 5670 3607 5739 Colb.,
3638 5669 3785 5739 Par.,

2140 5740 2411 5814 κυήσεως,
2451 5764 2473 5791 α
2505 5740 2844 5815 conceptus.
2863 5762 2892 5790 »
