4090 6460
371 396 528 457 1077
1106 395 1400 456 ORATIO
1443 395 1574 456 xx.
1607 427 1686 442 —
1715 394 1818 454 DE
1863 349 2211 453 uocum.
2258 392 2359 452 ET
2404 391 2759 453 CONSTI'I‘.
2806 390 3053 454 EPISC.
3637 397 3790 458 1078

365 517 596 603 gignis;
632 547 698 586 ao
728 529 995 601 proinde,
1030 544 1165 585 eum
1197 530 1294 599 qui
1326 546 1442 584 non
1473 533 1615 597 erat,
1647 529 1706 584 in
1741 544 1933 584 rerum
1977 532 2245 581 naturam
2297 527 2591 597 producis.
2627 532 2763 593 Aut,
2798 535 2860 582 ut
2905 528 3253 598 profundius
3301 530 3519 601 aliquid
3572 531 3786 597 dicam,

367 621 614 676 fortasse
672 635 744 674 ne
804 620 930 691 ipse
988 619 1224 690 quidem
1287 636 1355 674 ex
1412 618 1598 674 nihilo
1660 617 1969 690 producis;
2029 617 2505 687 quandoquidem
2541 621 2597 672 et
2630 618 2783 684 Levi,
2817 625 2879 672 ut
2922 618 3018 671 ille
3067 619 3168 686 ait,
3203 619 3395 674 adhuc
3453 621 3510 674 in
3567 621 3787 677 lumbis

367 711 553 780 patris
609 714 752 775 erat,
787 713 1099 780 antequam
1159 708 1218 762 in
1274 709 1463 764 lucem
1523 708 1863 780 prodiret“).
1898 707 2014 761 Nec
2071 722 2205 761 vero
2265 706 2580 776 quisquam
2641 706 2776 761 huic
2831 708 3080 763 orationi
3139 707 3494 764 calumniam
3553 711 3784 765 conflet.

363 798 488 851 Non
519 798 677 853 enim
711 797 922 852 Filium
955 798 1036 852 ita
1066 814 1133 852 ex
1166 797 1328 852 Patre
1359 798 1637 853 exsistere
1686 797 1834 862 dico,
1868 797 2036 867 quasi
2070 795 2126 849 in
2160 794 2325 849 Patre
2375 795 2540 866 prius
2577 796 2813 866 quidem
2849 797 3039 863 fuerit,
3074 801 3274 868 postea
3303 802 3496 852 autem
3551 799 3607 853 in
3660 815 3789 854 esse

367 887 667 957 prodierit.
713 887 911 958 Neque
960 887 1118 942 enim
1169 887 1578 958 imperfectum
1629 886 1813 958 prius,
1850 901 1913 940 ac
1962 888 2166 956 postea
2196 884 2518 956 perfectum
2551 885 2699 951 dico,
2733 887 3232 956 quemodmodum
3285 887 3395 942 fert
3443 887 3530 942 lex
3576 892 3786 942 nostrae

367 977 783 1045 generationis.

439 1069 492 1116 l'.
525 1068 699 1119 Ταῦτα
745 1068 852 1118 τῶν
926 1063 1333 1139 έπηρεαζόντων
1413 1063 1588 1119 ἐστίν’
1666 1067 1831 1117 ταῦτα
1911 1066 2017 1116 τῶν

2207 1061 2270 1116 Χ.
2305 1066 2437 1117 Haec
2468 1068 2604 1118 sunt
2633 1080 2859 1134 eorum,
2892 1064 2992 1134 qui
3028 1064 3450 1119 obtrectatione
3481 1069 3539 1118 et
3570 1065 3790 1119 calum-

364 1151 759 1221 ἐπιπηδώντων
788 1153 1105 1227 προχείρως
1135 1158 1264 1207 πᾶσι
1307 1157 1423 1213 τοῖς
1455 1151 1802 1227 λεγομένοις.
1831 1152 2018 1223 Ἡμεῖς

2138 1151 2253 1206 niis
2312 1152 2611 1222 gaudent:
2647 1151 2768 1207 haac
2817 1169 3041 1219 eorum,
3093 1152 3192 1223 qui
3241 1154 3521 1208 adversus
3572 1154 3787 1219 omnia,

366 1236 423 1295 δὲ
456 1242 562 1316 οὐχ
611 1241 753 1296 οὕτω
803 1226 1130 1316 φρονοῦμεν,
1182 1240 1291 1315 οὐχ
1345 1240 1487 1295 οὓτω
1528 1226 1823 1312 δοξάζομεν
1852 1259 1863 1272 ⁸
1899 1226 2018 1294 ἀ).λῖ

2138 1256 2264 1311 quae
2296 1239 2590 1305 dicuntur,
2626 1247 2895 1312 prompte
2941 1240 3231 1295 insiliunt.
3266 1241 3382 1296 Nos
3427 1246 3620 1295 autem
3674 1260 3788 1296 non

371 1331 512 1402 ὁμοῦ
543 1334 619 1400 τῷ
648 1330 738 1383 τὸν
775 1329 986 1403 Πατέρα
1018 1329 1148 1384 εἶναι
1183 1331 1289 1403 (99)
1323 1329 1627 1404 ἀγεννήτως
1675 1330 1778 1402 (ἀεὶ
1829 1325 1886 1382 δὲ
1933 1329 2018 1399 ἧν,

2135 1328 2216 1382 ita
2246 1329 2556 1396 sentimus,
2590 1346 2705 1384 non
2737 1331 2817 1384 ita
2862 1345 3171 1386 censemus
3199 1346 3212 1384 :
3246 1346 3447 1384 verum
3483 1330 3587 1385 hoc
3620 1332 3790 1386 doce-

366 1418 474 1493 οὐχ
502 1418 819 1493 ὁπερπίπτει
852 1421 929 1492 (1)
960 1419 1063 1493 γὰρ
1097 1417 1174 1480 εἷς
1205 1420 1265 1473 τὸ
1301 1420 1376 1490 μὴ
1421 1418 1551 1472 εἶναί
1598 1439 1733 1472 ποτε
1773 1418 1800 1470 6
1852 1421 2018 1489 νοῦς),

2137 1434 2290 1483 mus,
2323 1423 2380 1472 et
2410 1419 2772 1489 proﬁtemur,
2796 1421 2946 1489 quod
2995 1418 3172 1473 simul
3213 1424 3388 1490 atque
3418 1419 3591 1475 Pater
3623 1421 3788 1490 inge-

364 1508 454 1562 καὶ
515 1509 542 1562 6
601 1508 724 1570 Υἱὸς
773 1511 838 1576 ἧν
899 1513 1194 1582 γεννητῶς.
1253 1514 1409 1563 Ὥστε
1455 1507 1734 1583 συντρέχει
1784 1507 1845 1560 τὸ
1894 1507 2024 1560 εἶναι

362 1601 460 1650 τοῦ
509 1600 717 1671 Πατρὸς
762 1601 840 1667 τῷ
888 1599 1244 1672 γεγεννῆσθαι
1292 1601 1389 1650 τοῦ
1444 1601 1801 1672 Μονογενοῦς,
1848 1595 1897 1665 ἐξ
1929 1595 2024 1649 αύ-

359 1691 457 1740 τοῦ
487 1706 545 1739 τε
596 1686 963 1761 ὑπάρχοντος,
1013 1686 1103 1740 καὶ
1155 1686 1216 1740 οὐ
1273 1687 1385 1758 μετ’
1429 1685 1612 1756 αὐτὸν,
1711 1685 1917 1755 ἐπινοίᾳ
1949 1687 2029 1758 (2)

367 1774 503 1847 μόνῃ
529 1778 597 1847 τῇ
624 1781 724 1843 τῆς
755 1775 937 1850 ἀρχῆς
963 1795 975 1807 '
1005 1775 1185 1851 ἀρχῆς
1239 1773 1318 1841 δὲ,
1369 1775 1444 1837 ὡς
1496 1774 1691 1830 αἰτίου.
1743 1772 2022 1834 Πολλακις

364 1865 468 1939 γὰρ
515 1864 605 1918 τὸν
667 1863 823 1918 αὐτὸν
879 1865 1192 1942 ἀναστρέφω
1243 1863 1434 1938 λόγον,
1487 1864 1550 1918 τὸ
1598 1864 1748 1938 παχύ
1781 1884 1876 1916 σου
1935 1863 2022 1916 καὶ

365 1951 550 2006 ὑλικὸν
583 1959 682 2021 τῆς
716 1951 954 2014 διανοίας
986 1948 1328 2030 φοϐούμενος
1360 1956 1460 2025 (3).
1511 1952 1573 2006 Ei
1623 1950 1680 2006 δὲ
1729 1951 1790 2005 ού
1852 1949 2025 2005 πολυ-

364 2045 698 2116 πραγμονεῖς
729 2042 827 2110 τήν
854 2046 951 2096 τοῦ
984 2043 1134 2114 Υἱοῦ,
1185 2039 1293 2096 εἷίτε
1348 2040 1597 2117 γέννησιν
1652 2041 1764 2116 χρὴ
1818 2039 2020 2114 λέγειν,

367 2128 474 2184 εἷετε
532 2129 842 2201 ὑπόστασιν,
899 2128 1005 2185 εἴτε
1059 2151 1110 2185 τι
1191 2127 1333 2185 ἄλλο
1405 2131 1737 2206 κυριώτερον
1812 2128 2020 2184 τούτων

363 2218 565 2272 έπινοεῖ
622 2221 764 2290 (νικᾷ
817 2219 918 2294 γὰρ
979 2220 1077 2288 τήν
1139 2218 1277 2292 ἐμὴν
1345 2218 1592 2295 γλῶτταν
1669 2219 1732 2273 τὸ
1791 2217 2024 2292 νοούμε-

360 2327 452 2361 νον
503 2307 592 2360 καὶ
648 2305 988 2382 λογόμενον)·
1049 2305 1192 2380 μηδὲ
1229 2311 1326 2362 τοῦ
1377 2307 1690 2381 Πνεύματος
1731 2305 2024 2382 περιεργά-

364 2400 457 2464 ζου
513 2397 612 2464 τὴν
659 2393 917 2470 πρόοδον.
967 2401 1252 2472 Αρκοῦμαι
1303 2396 1539 2467 ἀκούειν,
1602 2395 1686 2451 ὅτι
1734 2397 1880 2464 Υἱὸς,
1930 2396 2018 2451 καὶ
2055 2436 2101 2501 Β

364 2486 446 2539 ὃτι
480 2484 538 2539 έκ
567 2490 662 2539 τοῦ
697 2482 904 2560 Πατρός
931 2504 943 2517 ⁶
977 2487 1066 2540 καὶ
1099 2485 1180 2540 ὅτι
1215 2488 1241 2540 6
1279 2488 1372 2558 μὲν
1417 2489 1625 2561 Πατὴρ,
1661 2487 1688 2539 6
1741 2483 1797 2540 δὲ
1851 2487 1974 2547 Υἱὸς
2006 2505 2018 2517 ·

363 2572 452 2628 xui
486 2571 639 2630 οὐδὲν
675 2575 818 2647 παρὰ
846 2580 1006 2630 τοῦτο
1051 2578 1503 2652 περιεργάζομαι,
1550 2577 1625 2649 μὴ
1673 2573 1833 2629 ταυτὸ
1867 2575 2022 2638 πάθω

360 2669 479 2724 ταῖς
538 2669 764 2740 φωναῖς,
819 2663 873 2718 u'l
941 2669 1019 2736 τῷ
1080 2665 1508 2743 ὑπερφωνεῖσθαι
1565 2664 1846 2726 παντελῶς
1906 2663 2021 2719 δια-

361 2752 670 2825 πίπτουσιν,
727 2750 764 2823 ἤ
824 2753 892 2828 τῇ
944 2750 1064 2828 ὄψει
1123 2753 1370 2828 τεινούσῃ
1425 2757 1503 2828 (4)
1576 2755 1711 2827 πρὸς
1782 2753 2020 2823 ἡλιακὴν

362 2840 566 2899 ἀκτῖνα.
610 2846 764 2915 ’Όσῳ
810 2844 909 2920 γὰρ
965 2842 1023 2898 ἂν
1075 2843 1266 2899 πλεῖον
1316 2843 1406 2898 καὶ
1454 2838 1833 2920 ἀκριϐέστερον
1889 2841 2020 2898 ἴδεῖν

363 2929 544 2993 ἐθέλοι
590 2953 697 2998 τις,
748 2933 992 3004 τοσούτῳ
1051 2935 1151 3002 τὴν
1222 2930 1470 3003 αἴσθησιν
1550 2929 2018 3007 παραϐλάπτεται,

363 3018 452 3072 καὶ
483 3020 544 3073 τὸ
578 3019 826 3076 ὁπωσοῦν
879 3020 1007 3096 όρᾷν
1046 3021 1442 3096 ἀποστερεῖται,
1495 3019 1584 3077 διὰ
1611 3027 1710 3077 τοῦ
1760 3021 2020 3085 πλείονος

363 3111 624 3169 νικῶντος
663 3109 763 3177 τήν
819 3108 941 3182 ὄψιν
992 3114 1089 3164 τοῦ
1139 3110 1422 3186 ὁρωμένου
1450 3111 1536 3166 ἐὰν
1570 3110 1699 3166 ὅλον
1736 3110 1865 3167 ἰδεῖν
1901 3113 2017 3167 ἐθε-

365 3194 530 3270 λήσῃ,
562 3196 650 3251 xui
686 3199 761 3270 μὴ
796 3197 920 3253 ὅσον
955 3201 1083 3272 ὁρᾷν
1107 3198 1363 3277 ἀσφαλές.

2136 1507 2256 1561 nito
2297 1508 2472 1562 modo
2504 1514 2628 1563 erat
2653 1512 2900 1579 (semper
2929 1513 3125 1563 autem
3159 1512 3301 1574 erat,
3327 1526 3432 1564 nec
3462 1511 3620 1564 enim
3651 1526 3785 1564 cum

2134 1595 2450 1666 aliquando
2482 1614 2596 1652 non
2631 1598 2811 1653 fuisse
2844 1598 3098 1668 concipit
3141 1613 3306 1652 mens
3346 1602 3567 1666 nostra,
3601 1617 3784 1670 quan-

2133 1685 2349 1740 tumvis
2382 1703 2443 1740 se
2491 1685 2775 1741 altissime
2805 1686 3045 1756 efferat),
3071 1691 3128 1741 et
3170 1687 3351 1742 Filius
3402 1703 3634 1758 quoque
3685 1705 3787 1759 per

2132 1775 2567 1846 generationem
2601 1780 2751 1843 erat;
2788 1776 2868 1830 ita
2890 1780 2953 1829 ut
2973 1776 3162 1843 Patris
3193 1777 3449 1831 essentia
3479 1782 3788 1831 concurrat

2133 1879 2267 1918 cum
2316 1863 2611 1935 Unigeniti
2669 1864 3067 1935 generatione,
3102 1864 3202 1936 qui
3252 1881 3319 1919 ex
3372 1866 3498 1936 ipso
3549 1867 3786 1936 quidem

2133 1956 2240 2019 est,
2270 1969 2386 2007 non
2420 1956 2616 2008 autem
2651 1956 2782 2023 post
2811 1953 3028 2024 ipsum,
3049 1957 3149 2008 aut
3178 1952 3387 2008 saltem
3423 1953 3549 2008 sola
3581 1955 3790 2025 princi-

2131 2041 2214 2112 pii
2245 2042 2615 2114 cogitatione.
2642 2042 3001 2114 Principium
3027 2058 3160 2098 vero
3183 2042 3277 2098 hic
3309 2060 3412 2113 pro
3434 2060 3610 2099 causa
3639 2045 3787 2098 acci-

2133 2130 2248 2202 pio.
2276 2130 2598 2185 Identidem
2632 2131 2788 2186 enim
2821 2132 3022 2186 eadem
3055 2133 3230 2186 verba
3263 2139 3478 2202 repeto,
3515 2139 3578 2186 ut
3609 2133 3790 2186 animi

2133 2220 2221 2275 tui
2281 2219 2622 2275 hebetudini
2679 2225 2737 2275 et
2797 2219 3087 2275 crassitiei
3145 2236 3468 2275 occurram.
3520 2222 3681 2285 Quod
3741 2222 3791 2276 si

2131 2310 2422 2365 curiosius
2481 2326 2594 2364 non
2656 2310 2936 2364 scrutaris
2977 2309 3127 2378 Filii,
3169 2310 3292 2364 sive
3351 2310 3792 2380 generationem

2131 2399 2321 2453 dicere
2352 2398 2642 2464 convenit,
2677 2398 2796 2453 sive
2829 2398 3247 2468 substantiam,
3282 2398 3404 2453 sive
3435 2400 3590 2469 quod
3629 2399 3790 2454 aliud

2133 2486 2482 2543 vocabulum
2516 2488 2706 2558 magis
2750 2487 3052 2558 proprium
3095 2492 3270 2559 atque
3301 2487 3635 2558 appositum
3669 2488 3792 2543 cui-

2133 2578 2291 2648 piam
2324 2577 2380 2630 in
2415 2582 2671 2632 mentem
2702 2575 2862 2630 venit
2882 2576 3168 2646 (linguam
3201 2577 3358 2630 enim
3394 2593 3583 2630 meam
3619 2594 3791 2648 supe-

2135 2672 2224 2720 rat
2255 2667 2333 2732 id,
2370 2666 2524 2737 quod
2570 2664 2760 2736 cogito
2810 2681 2876 2720 ac
2924 2665 3097 2735 dico),
3132 2680 3203 2718 ne
3253 2680 3486 2735 quoque
3537 2665 3791 2734 Spiritus

2136 2756 2321 2811 sancti
2369 2754 2804 2826 processionem
2863 2753 3030 2808 anxie
3091 2753 3343 2823 inquire.
3389 2753 3528 2807 Mihi
3587 2754 3790 2809 audire

2135 2845 2278 2900 satis
2309 2848 2398 2899 est
2433 2861 2444 2898 :
2481 2845 2634 2915 quod
2671 2841 2852 2897 Filius
2898 2845 3007 2907 est,
3031 2846 3087 2896 et
3127 2842 3281 2913 quod
3313 2859 3381 2897 ex
3413 2841 3579 2896 Patre
3615 2857 3627 2897 :
3662 2847 3789 2897 tum

2135 2936 2288 3006 quod
2339 2933 2435 2988 ille
2485 2938 2656 2988 Pater
2704 2937 2811 2999 est,
2855 2932 2946 2986 hic
3000 2931 3238 2999 Fillius;
3274 2930 3422 2986 nihil
3471 2935 3677 3002 praeter
3724 2948 3791 2987 ea

2133 3025 2418 3095 investigo
2457 3039 2521 3078 ac
2567 3026 2929 3093 perscrutor;
2963 3037 3034 3075 ne
3066 3020 3211 3076 mihi
3262 3021 3416 3075 idem
3450 3021 3602 3090 quod
3635 3021 3794 3075 voci-

2135 3115 2244 3169 bus
2277 3113 2525 3176 accidat,
2558 3127 2683 3182 quae
2729 3109 3045 3164 immodica
3089 3109 3460 3165 contentione
3509 3109 3793 3180 frangun-

2130 3209 2246 3269 tur,
2280 3218 2345 3257 ac
2397 3217 2640 3273 prorsus
2673 3199 3012 3264 concidunt,
3047 3202 3146 3254 aut
3197 3199 3350 3253 idem
3397 3199 3554 3269 quod
3606 3197 3792 3253 oculis

366 3287 675 3343 adversum
735 3288 916 3345 solem
979 3291 1367 3347 intuentibus.
1413 3291 1560 3348 Nam
1617 3309 1728 3363 quo
1777 3294 1912 3364 quis
1971 3293 2227 3365 amplius
2267 3297 2323 3347 et
2379 3289 2710 3345 accuratius
2760 3305 2893 3343 eum
2953 3304 3188 3344 cernere
3244 3288 3428 3359 cupit,
3478 3305 3544 3342 eo
3606 3287 3792 3360 magis

367 3393 608 3433 sensum
643 3378 820 3446 laedit,
855 3397 920 3435 ac
951 3379 1080 3436 ideo
1112 3382 1286 3437 etiam
1321 3399 1553 3454 quoquo
1586 3385 1757 3439 modo
1789 3385 2065 3440 cernendi
2099 3383 2368 3439 facultate
2403 3380 2681 3452 privatur,
2715 3379 2853 3450 quia
2885 3378 3168 3433 nimirum
3199 3378 3277 3445 id,
3311 3378 3463 3448 quod
3508 3378 3795 3438 cernitur,

364 3466 668 3521 oculorum
730 3469 915 3524 aciem
971 3475 1231 3541 superat,
1263 3487 1398 3525 cum
1458 3472 1753 3543 quispiam
1814 3477 2001 3527 totum
2052 3472 2389 3542 conspicere
2435 3468 2702 3533 voluerit,
2754 3484 2818 3522 ac
2865 3484 2981 3522 non
3029 3470 3317 3537 quantum
3374 3470 3499 3520 tuto
3556 3482 3789 3522 cernere

362 3553 517 3608 licet.

434 3639 536 3695 IA'.
597 3638 840 3702 Ἀκούνις
885 3643 1176 3715 γέννησιν;
1226 3645 1297 3698 Τὸ
1336 3649 1453 3706 πῶς
1508 3647 1582 3718 μὴ
1633 3646 2006 3722 περιεργάζου.

2199 3647 2292 3701 ΧΙ.
2325 3646 2506 3700 Audis
2550 3643 3026 3716 generationem?
3077 3643 3310 3698 Modum
3361 3641 3648 3695 curiosius
3708 3657 3780 3696 ne

364 3727 608 3789 Ἀκούεις
666 3727 747 3782 ὅτι
795 3729 857 3782 τὸ
906 3733 1124 3802 Πνεῦμα
1169 3734 1362 3807 προϊὸν
1411 3733 1468 3787 ὲκ
1514 3738 1609 3787 τοῦ
1662 3735 2012 3807 Πατρός;Τὸ

366 3810 516 3877 ὅπως
575 3819 649 3890 μὴ
708 3815 1179 3895 πολυπραγμόνει.
1257 3821 1320 3877 Εἰ
1400 3820 1456 3876 δὲ
1528 3820 2012 3898 πολυπραγμονεῖς

363 3906 491 3960 Υἱοῦ
548 3907 814 3982 γέννησιν,
873 3909 961 3962 xui
1011 3909 1325 3982 Πνεύματος
1384 3907 1642 3986 πρόοδον,
1702 3912 1852 3987 κάγώ
1919 3932 2014 3965 σου

360 3993 815 4070 πολυπραγμονῶ
870 3997 934 4051 16
975 4003 1160 4073 κρᾶμα
1209 4002 1395 4074 ψυχῆς
1439 3999 1529 4054 καὶ
1560 4001 1814 4072 σώματος
1840 4020 1852 4033 ·
1890 4004 2014 4062 Πῶς

362 4085 412 4137 εἴ
467 4089 623 4158 χοῦς,
679 4085 769 4139 καὶ
823 4085 980 4140 εἰκὼν
1028 4091 1201 4156 Θεοῦ;
1254 4088 1314 4142 Τί
1359 4090 1422 4142 τὸ
1465 4093 1642 4144 κινοῦν
1678 4110 1754 4159 σε,
1787 4091 1821 4158 ἢ
1855 4089 1905 4144 τί
1952 4089 2015 4143 16

361 4173 710 4245 κινούμενον;
745 4179 866 4236 Πῶς
894 4173 956 4230 τὸ
987 4176 1117 4230 αὐτὸ
1146 4177 1235 4230 xui
1265 4183 1406 4232 κινεῖ
1433 4177 1524 4232 καὶ
1563 4183 1789 4233 κινεῖται
1817 4198 1830 4247 ς
1891 4182 2015 4240 Πῶς

363 4264 397 4330 ὴ
454 4259 698 4332 αἴσθησις
751 4263 801 4317 ὲν
861 4269 939 4336 τῷ
997 4265 1141 4338 αύτῷ
1203 4268 1371 4340 μένει,
1402 4268 1582 4322 καὶτὸ
1615 4263 1763 4329 ἔκτὸς
1794 4268 2016 4322 ἐπισπᾶ-

364 4369 490 4420 ταις
525 4356 646 4412 Πῶς
691 4353 718 4406 ὁ
773 4358 898 4415 νοῦς
945 4353 997 4408 έν
1052 4355 1158 4423 σοὶ,
1211 4355 1380 4428 μένει,
1432 4359 1521 4411 καὶ
1570 4362 1732 4432 γεννᾷ
1761 4356 1928 4432 λόγον
1963 4357 2012 4411 ἐν

364 4436 524 4511 ἄλλῳ
555 4438 639 4494 νοΐ
672 4444 750 4511 (5)
781 4459 794 4510 ;
830 4447 954 4504 Πῶς
988 4441 1143 4518 λόγῳ
1191 4444 1376 4518 νόημα
1417 4443 1718 4501 διαδίδοται
1761 4449 1876 4520 (6);
1911 4447 2015 4502 Καὶ

366 4525 519 4582 οὕπω
543 4529 609 4582 τὰ
643 4529 863 4601 μείζονα
908 4529 1076 4606 λέγῳ.
1137 4532 1230 4594 Τίς
1278 4533 1507 4608 οὐρανοῦ
1556 4536 1863 4613 περιφοράς
1925 4535 2017 4597 Τίς

365 4615 600 4691 ἀστέρων
660 4617 890 4688 κίνησις,
937 4615 972 4686 ἤ
1031 4618 1200 4689 τάξις,
1259 4619 1294 4690 ἤ
1361 4623 1550 4696 μέτρα,
1607 4621 1644 4692 ἤ
1704 4621 1946 4693 σύνοδος,
1978 4623 2013 4692 ἤ

366 4704 698 4775 diminuam;
758 4706 914 4769 Τίνες
966 4704 1012 4761 δ’
1061 4706 1179 4783 ὅροι
1226 4709 1539 4780 θαλάσσης;
1597 4708 1764 4775 Πόθεν
1818 4711 1874 4767 δὲ
1902 4713 2016 4768 ἀνέ-

367 4815 483 4868 μων
539 4793 800 4872 ῥεύματα,
853 4797 887 4865 ἣ
933 4795 1090 4874 ὡρῶν
1146 4801 1469 4874 περιτροπαὶ
1500 4801 1533 4869 ἣ
1563 4795 1786 4875 ὄμϐρων
1821 4801 2013 4877 ἐπιχύ-

366 4901 509 4954 σεις;
542 4883 613 4940 Εἴ
635 4884 845 4942 τούτων
881 4883 1044 4960 μηδὲν
1095 4887 1442 4960 κατενόησας,
1495 4891 1540 4944 ὦ
1594 4888 1843 4966 ἄνθρωπε
1899 4899 2013 4962 (xu-

435 5013 480 5050 ⁴⁰
509 5011 682 5069 Hebr.
713 5029 818 5084 vn,
850 5014 938 5070 10.

579 5157 747 5233 Ὁμοῦ
776 5157 855 5233 τῷ
885 5155 976 5233 16v
1019 5154 1415 5233 Πατέρα-εἷναι.
1450 5158 1576 5233 Duo
1608 5161 1811 5233 Regg.,
1841 5161 2019 5217 Coisl.

365 5227 454 5307 1,;
482 5227 650 5307 13am,
693 5227 837 5307 ρμοὖ
892 5228 954 5282 τὸ
1013 5227 1171 5307 εἶναι’
1202 5231 1322 5307 τὸν,
1352 5231 1581 5307 Πατέρα.
1637 5227 1805 5289 Τῐθὶ
1833 5233 2020 5304 Colb.,

367 5297 447 5374 τῷ
477 5297 744 5378 εἷναι-τὸν
785 5319 1023 5375 αναρχον
1074 5302 1331 5374 (Πατέρα)
1380 5297 1704 5378 ἀγεννήτως,
1741 5329 1768 5356 ‹‹
1800 5297 2022 5377 absque

373 5373 766 5448 generatione.
794 5393 822 5421 »

436 5446 512 5516 (1)
543 5449 665 5498 Ὺπε
704 5442 908 5500 πίπτει.
952 5444 1102 5516 Pan,
1137 5443 1448 5502 ὑποπίπτει.

441 5517 518 5572 (2)
549 5516 618 5570 Ἦ
664 5462 892 5572 ῗπινοία.
925 5521 1034 5572 eto.
1069 5517 1215 5572 Huic
1263 5517 1442 5572 uhras

441 5515 518 5589 (2')
549 5516 618 5570 Ἦ
664 5515 892 5586 ἐπινοίᾳ,
925 5521 1034 5574 eto.
1069 5515 1215 5573 Huic
1263 5517 1460 5589 phrasi
1514 5524 1797 5576 consonat
1842 5518 2019 5588 expli—

372 5588 554 5652 catio,
616 5606 732 5660 qua
793 5589 974 5646 Filius
1032 5588 1468 5646 dicitur’Patre
1526 5591 1839 5664 posterior,
1889 5608 2020 5664 non

373 5664 604 5729 natura,
634 5684 662 5712 »
694 5677 882 5735 neque
918 5682 939 5710 ι
976 5667 1255 5735 tempore,
1282 5683 1309 5735 η
1342 5665 1507 5735 sedc
1532 5663 1776 5734 Originis
1809 5685 1837 5713 »
1870 5663 2021 5717 dun-

371 5735 532 5791 taxat
578 5754 607 5786 «
653 5733 896 5792 ratione.
919 5751 948 5788 ο
985 5733 1129 5792 Vide
1175 5734 1401 5793 Estium
1451 5734 1512 5794 in
1561 5753 1601 5808 ι,
1627 5733 1788 5792 ίάίβι.
1820 5735 1875 5804 9,
1907 5735 1935 5803 §
1963 5735 2019 5804 3,

2124 3735 2415 3807 inquiras.
2452 3734 2627 3787 Audis
2679 3730 2960 3801 Spiritum
2992 3747 3060 3785 ex
3090 3731 3257 3785 Patre
3309 3729 3660 3801 procedere?
3691 3730 3777 3797 Id,

2125 3825 2417 3896 quomodo
2450 3823 2572 3891 ﬁat,
2609 3839 2680 3876 ne
2712 3821 2882 3875 anxio
2933 3819 3127 3874 studio
3178 3818 3580 3890 perscruteris.
3616 3817 3778 3882 Quod

2127 3915 2174 3969 si
2211 3914 2268 3968 in
2301 3912 2428 3966 Filii
2473 3911 2850 3983 generatione
2879 3913 2936 3964 et
2964 3908 3216 3979 Spiritus
3249 3906 3619 3979 processioue
3654 3921 3780 3976 per-

2124 4001 2466 4073 vestiganda
2496 4000 2650 4055 383
2692 3998 2992 4053 curiosum
3037 4002 3092 4052 te
3143 3997 3384 4068 praebes,
3417 4011 3522 4067 ego
3553 4010 3784 4065 quoque

2126 4091 2250 4162 pari
2281 4089 2622 4144 curiositate
2652 4093 2816 4142 tuam
2851 4086 3061 4142 animas
3109 4084 3485 4155 corporisque
3532 4084 3797 4153 conjuus

2126 4182 2376 4236 ctionem
2412 4183 2468 4234 et
2497 4181 3029 4249 temperamentum
3070 4174 3367 4246 inquiram
3403 4192 3414 4228 :
3450 4189 3566 4243 quo
3611 4173 3783 4227 modo

2129 4269 2320 4343 pulvis
2353 4286 2436 4338 es,
2468 4273 2524 4323 et
2556 4268 2651 4322 Dei
2684 4265 2916 4335 imago?
2948 4263 3093 4330 Quid
3125 4267 3236 4327 est,
3261 4263 3414 4333 quod
3446 4267 3505 4316 te
3533 4264 3782 4322 moveat,

2128 4364 2228 4414 aut
2261 4359 2399 4430 quid
2433 4358 2585 4428 quod
2641 4354 2978 4410 moveatur?
3008 4355 3129 4418 Quo
3164 4353 3338 4408 modo
3387 4352 3542 4406 idem
3592 4353 3786 4405 movet

2127 4453 2185 4503 et
2220 4447 2519 4504 movetur?
2550 4450 2670 4512 Quo
2705 4444 2876 4499 modo
2909 4460 3120 4499 sensus
3151 4443 3209 4496 in
3241 4443 3444 4497 eodem
3477 4444 3697 4505 manet,
3729 4442 3787 4494 et

2127 4543 2368 4593 externa
2399 4535 2681 4591 attrahit?
2711 4535 2831 4598 Quo
2855 4535 3028 4588 modo
3051 4548 3218 4587 mens
3242 4532 3298 4585 in
3325 4535 3379 4586 te
3404 4535 3621 4599 manet,
3645 4532 3700 4584 et
3723 4527 3782 4581 in

2127 4627 2242 4681 alia
2273 4630 2467 4680 mente
2499 4639 2833 4678 sermonem
2874 4621 3099 4694 gignit?
3127 4622 3251 4685 Quo
3306 4621 3477 4676 modo
3508 4618 3784 4690 cogitatio

2128 4731 2230 4786 per
2248 4730 2580 4769 sermonem
2608 4711 2980 4783 impertitur?
2999 4710 3265 4765 Nondum
3291 4708 3514 4779 majora
3536 4708 3783 4778 profero-

2127 4805 2262 4868 Quae
2288 4801 2414 4857 cceli
2440 4800 2781 4857 conversio?
2803 4800 2943 4863 Quis
2967 4799 3226 4854 siderum
3259 4801 3478 4862 motus,
3499 4799 3600 4850 aut
3621 4796 3782 4850 ordo.

2130 4897 2231 4948 aut
2281 4890 2538 4947 modus?
2587 4891 2727 4956 Quae
2774 4887 3109 4959 conjunctio
3159 4890 3262 4943 aut
3303 4884 3631 4942 distantia?
3677 4884 3785 4948 Qui

2131 5164 2188 5217 et
2218 5160 2351 5216 dist.
2388 5161 2473 5227 16,
2507 5160 2536 5231 §
2566 5162 2618 5215 2.

2205 5233 2276 5307 (>3)
2330 5222 2575 5307 Δ-ιανοίοις
2638 5224 2999 5307 φοϐούμενος.
3212 5225 3349 5296 Reg.
3408 5222 3786 5307 bmhplures

2131 5295 2319 5373 Colb.,
2355 5305 2504 5368 Pan,
2538 5295 3232 5373 (Alombel'g'ugcrassitiem
3274 5295 3340 5352 ac
3372 5295 3783 5373 stupiditatem

2131 5363 2346 5448 ingenii
2385 5377 2464 5429 tui
2496 5363 2939 5448 metuensfndln
2974 5372 3064 5426 ed.
3099 5371 3262 5448 de_est
3293 5363 3652 5448 φοϐούμενοςέ

2201 5440 2462 5520 (lyces:
2510 5444 2775 5520 τειναύσῃ.
2822 5444 2916 5520 Sic
2973 5440 3357 5520 tres‘IBegg”
3415 5441 3572 5520 _Bas.,
3629 5440 3801 5507 Par.,'

2131 5509 2399 5589 Tillem,
2419 5524 2525 5574 etc.
2562 5509 2837 5589 Mendose
2869 5515 2926 5569 in
2959 5515 3073 5589 ed.,
3109 5509 3215 5586 ὄψῃ
3241 5509 3520 5584 autem.

2225 5592 2279 5662 5)
2311 5587 2434 5662 Νοὶ,
2459 5590 2531 5662 in
2565 5587 3018 5662 nonnullivaq».

2225 5592 2279 5662 5)
2311 5591 2434 5644 No‘i‘.
2470 5591 2531 5644 In
2565 5591 2886 5654 nonnullis,
2920 5591 3018 5656 νῷ.
3220 5656 3230 5666 '

2132 5591 2642 5788 Scia-musaeum.
2692 5662 2834 5716 Tres
2882 5659 3085 5732 Regg.,
3137 5655 3305 5712 Cmsl.
3345 5657 3394 5723 1,
3441 5655 3536 5709 Or.
3592 5653 3641 5719 1,
3695 5644 3781 5701 δὲ-

2166 5751 2306 5791 οται.
