4090 6480
289 372 442 437 1079

1531 363 1597 426 S.
1639 356 2012 424 GREGORII
2057 351 2455 417 THEOLOGI

3541 347 3708 419 1080

290 507 474 562 maris
503 502 783 562 termini?
826 501 985 559 Unde
1033 501 1187 556 venti
1242 497 1576 572 proﬂuunt?
1607 495 1772 552 Unde
1818 508 1948 564 par-

2082 488 2350 556 τανοήσεις
2382 483 2438 540 δὶ
2472 485 2600 548 ἴσως
2654 505 2804 558 ποτε,
2857 485 2982 541 ὃταν
3048 479 3330 561 ἀπολάϐῃς
3381 488 3444 543 τὸ
3492 455 3727 545 τὲλειον⁹

288 599 439 653 tium
473 594 611 650 anni
659 593 1071 659 revolutiones,
1097 599 1192 645 aut
1226 589 1555 661 pluviarum
1589 580 1952 642 etfusiones?

292 686 350 742 Si
383 684 528 740 nihil
557 684 768 738 horum
802 680 1100 736 intellectu
1135 677 1466 750 percepisti,
1493 694 1523 731 o
1555 676 1730 730 homo
1753 670 1954 744 (perci-

294 775 419 846 pies
466 777 662 828 autem
696 771 944 825 fortasse
984 767 1320 839 aliquando,
1353 781 1484 820 cum
1541 762 1951 836 perfectionem

294 866 650 920 consecutus
704 859 880 914 fueris
913 874 925 912 :
964 857 1157 913 Videbo
1188 856 1368 921 enim,
1401 854 1595 926 inquit
1642 851 1761 919 ille,
1792 848 1954 904 caelos

293 968 458 1025 Opera
507 949 809 1020 digitorum
859 953 1083 1002 tuorum
1101 947 1176 1012 ⁴¹;
1212 950 1274 1000 ut
1314 944 1601 1014 conjicere
1633 939 1954 1013 possimus,

294 1055 382 1107 ea,
411 1055 538 1111 quae
573 1052 728 1093 nunc
760 1036 1077 1105 cernimus,
1098 1051 1213 1090 non
1244 1034 1550 1088 veritatem
1583 1031 1772 1103 ipsam
1803 1043 1954 1094 esse,

295 1129 396 1186 sed
429 1128 698 1200 quaedam
751 1127 1033 1181 duntaxat
1065 1123 1332 1179 veritatis
1377 1119 1747 1190 simulacra);
1801 1117 1850 1172 si
1901 1121 1960 1170 te

294 1218 491 1290 ipsum
544 1233 657 1272 non
715 1215 895 1282 nosti,
925 1213 1198 1285 quisquis
1243 1228 1327 1282 es,
1370 1211 1472 1283 qui
1523 1211 1594 1265 de
1641 1209 1735 1264 his
1784 1205 1957 1261 rebus

2064 578 2309 647 ’Όψομαι
2395 574 2519 652 γὰρ,
2609 576 2762 652 φησὶ,
2834 576 2964 638 τοὺς
3042 575 3328 652 οὐρανοὺς,
3413 576 3541 653 ἔργα
3609 583 3726 634 τῶν

2064 662 2344 720 δακτύλων
2381 683 2512 718 σου·
2567 665 2641 726 ὡς
2678 665 3021 729 ὑπονοεῖσθαι
3080 669 3148 721 τὰ
3194 670 3284 719 νῦν
3325 667 3577 743 ὁρώμενα
3639 671 3724 742 μή

2064 756 2194 810 εἶναι
2234 755 2334 822 τὴν
2383 754 2669 824 ἀλήθειαν,
2728 753 2873 810 ἀλλά
2922 763 3024 825 τῆς
3073 753 3329 827 ἀληθείας
3363 754 3723 832 ίνδάλματα)·

2064 843 2108 898 εί
2139 844 2328 898 σαυτὸν
2363 842 2462 897 οὐκ
2492 842 2657 918 ἔγνως
2691 846 2790 917 (7),
2824 843 2995 917 ὅστις,
3030 843 3079 899 εἴ
3107 845 3134 898 ὁ
3173 845 3296 920 περὶ
3343 844 3548 900 τούτων
3600 843 3726 902 δια-

2065 930 2381 1008 λεγόμενος,
2416 932 2460 986 εί
2489 936 2656 987 ταῦτα
2705 932 2767 987 οὐ
2813 929 3132 1004 κατέλαϐες,
3182 935 3254 988 ὧν
3305 933 3394 988 καὶ
3443 936 3477 1002 ἡ
3533 933 3732 1006 αἶ’σθη-

2066 1041 2148 1083 σις
2205 1023 2432 1096 μάρτυς,
2491 1026 2608 1082 πῶς
2669 1021 2796 1076 Θεὸν
2856 1017 3121 1097 ἀκριϐῶς,
3175 1022 3306 1099 ὅπερ
3353 1044 3413 1078 τε
3459 1025 3548 1078 καὶ
3591 1025 3724 1080 ὅσον

2068 1109 2232 1178 ἐστίν,
2266 1108 2462 1166 εἰδέναι
2494 1105 2942 1184 ὑπολαμϐάνειςῖ
2989 1109 3214 1182 Πολλῆς
3241 1117 3401 1168 τοῦτο
3440 1120 3539 1183 τῆς
3586 1112 3733 1170 ἀλο-

2067 1199 2207 1276 γίας.

295 1307 584 1378 disputas,
619 1305 668 1361 si
699 1305 820 1360 hmc
855 1303 1116 1358 nondum
1149 1301 1445 1357 intellectu
1495 1293 2015 1371 comprehendisti,
2048 1308 2297 1364 quorum
2338 1308 2550 1348 sensus
2581 1292 2707 1364 ipse
2738 1291 2905 1348 testis
2935 1297 3043 1360 est,
3076 1303 3193 1364 quo
3240 1294 3476 1349 tandem
3529 1296 3731 1364 modo,

295 1397 458 1468 quid,
494 1400 550 1450 et
580 1401 837 1465 quantus
868 1394 946 1448 sit
976 1393 1150 1459 Deus,
1185 1397 1242 1446 te
1273 1396 1427 1446 certo
1457 1393 1653 1445 tenere
1686 1403 1751 1442 ac
1783 1386 1930 1441 scire
1962 1381 2314 1438 arbitraris?
2345 1381 2565 1468 Magum
2598 1381 2938 1468 profectoid
2972 1381 3236 1437 stultitiae
3266 1388 3374 1438 est.

367 1487 486 1540 XII.
521 1483 804 1548 Quocirca
834 1486 883 1537 si
915 1482 1056 1552 quid
1100 1480 1244 1534 mihi
1275 1481 1669 1548 obtemperes,
1705 1476 1815 1530 hoc
1846 1479 1956 1540 est,

292 1574 564 1645 theologo
609 1573 855 1627 minime
902 1570 1132 1635 audaci,
1167 1575 1232 1624 ut
1261 1567 1545 1624 nonnulla
1584 1569 1708 1638 jam
1762 1579 1956 1637 perce-

297 1664 459 1737 pisti,
498 1663 582 1718 ita
628 1662 806 1716 etiam
857 1676 947 1727 ea,
982 1676 1108 1731 quas
1157 1662 1495 1729 supersunt,
1532 1661 1598 1710 ut
1649 1653 1958 1726 percipias,

2143 1472 2236 1524 IB’.
2271 1465 2428 1522 Ἀλλ’
2457 1467 2510 1522 εἶ’
2532 1488 2582 1521 τι
2615 1467 2742 1540 ipsi
2775 1467 2952 1542 πείθῃ,
2981 1473 3061 1540 τῷ
3095 1470 3172 1541 μὴ
3220 1471 3407 1544 θρασεῖ
3453 1469 3731 1546 θεολόγῳ,

2066 1559 2130 1612 τὸ
2185 1557 2278 1628 μὶν
2332 1550 2645 1624 κατέλαϐες,
2701 1557 2764 1611 τὸ
2813 1554 2870 1611 δὲ
2897 1553 3340 1630 καταλαμϐάνειν
3370 1559 3448 1631 (8)
3481 1555 3731 1630 δεήθητι.

2067 1647 2139 1702 Τὸ
2178 1647 2271 1719 μὲν
2300 1645 2579 1721 ἀγάπησον
2615 1645 2666 1700 ἐν
2695 1645 2782 1699 σοὶ
2822 1647 3002 1718 μένον,
3033 1648 3096 1701 τὸ
3141 1644 3198 1702 δὲ
3228 1647 3282 1702 ἐν
3331 1654 3449 1710 τοῖς
3495 1649 3606 1703 ἅνω
3656 1651 3738 1721 (9)

299 1734 461 1825 roga.
487 1753 565 1807 Ea
598 1755 784 1823 parte,
817 1765 943 1820 quin.
985 1748 1045 1806 in
1097 1752 1152 1801 te
1201 1749 1420 1814 manet,
1454 1749 1768 1800 contentus
1800 1747 1923 1797 esto
1955 1761 1967 1797 :

2082 1739 2372 1810 θησαυροῖς
2405 1735 2658 1807 μεινάτω.
2695 1735 2791 1789 Διά
2837 1734 3142 1806 πολιτείας,
3196 1734 3384 1792 ἄνελθε
3409 1758 3420 1770 ⁸
3468 1735 3556 1792 διὰ
3597 1739 3731 1792 καθ’

303 1841 487 1899 altera
515 1841 573 1894 in
609 1839 881 1910 supernis
912 1836 1209 1892 thesauris
1242 1835 1543 1890 recondita
1576 1836 1828 1888 maneat.
1854 1835 1962 1885 Per

303 1930 433 1986 vitae
465 1929 814 2000 probitatem
867 1926 1117 1982 ascende
1149 1941 1161 1979 :
1196 1939 1298 1995 per
1342 1922 1769 1994 purgationem,
1802 1936 1960 1986 eum,

308 2019 408 2092 qui
442 2035 628 2092 purus
658 2021 766 2082 est,
801 2015 1146 2086 adipiscere.
1176 2013 1278 2069 Vis
1305 2011 1617 2083 theologus
1648 2009 1962 2081 aliquando

307 2109 456 2176 fieri,
481 2126 547 2164 ac
579 2107 886 2162 divinitate
917 2104 1169 2176 dignus?
1190 2107 1364 2157 Serva
1396 2102 1702 2166 mandata;
1737 2115 1838 2171 per
1870 2099 1963 2154 Dei

307 2201 600 2270 praecepta
631 2196 859 2261 incede;
896 2193 1046 2249 actio
1068 2193 1224 2248 enim
1251 2192 1470 2264 gradus
1495 2196 1584 2245 est
1613 2189 1685 2244 ad
1708 2194 1964 2244 contem-

306 2287 625 2358 plationem
667 2301 679 2340 :
727 2299 796 2338 ex
845 2298 1084 2354 corpore
1130 2297 1368 2352 operam
1418 2281 1631 2333 animas
1679 2295 1844 2333 nava.
1877 2280 1964 2331 An

307 2376 624 2448 quisquam
656 2377 745 2428 est
774 2371 1136 2437 mortalium,
1160 2369 1258 2440 qui
1288 2369 1357 2423 ad
1387 2384 1514 2424 eam
1538 2367 1964 2423 sublimitatem

305 2463 497 2520 efferri
529 2461 738 2535 possit,
761 2466 824 2515 ut
853 2461 922 2515 ad
952 2459 1116 2515 Pauli
1151 2473 1490 2514 mensuram
1525 2455 1864 2528 perveniat?
1893 2459 1966 2510 At

305 2551 403 2608 ille
424 2557 621 2607 tamen
641 2549 835 2605 videre
857 2565 919 2604 se
942 2564 1044 2620 per
1064 2547 1368 2619 speculum
1390 2552 1444 2600 et
1467 2547 1719 2618 aenigma
1739 2545 1884 2600 dicit
1899 2546 1962 2610 t',

306 2645 662 2713 tempusque
697 2639 894 2703 affore,
923 2654 1039 2709 quo
1072 2637 1215 2692 facie
1244 2637 1315 2692 ad
1362 2636 1570 2690 faciem
1600 2636 1834 2691 visurus
1866 2635 1962 2689 sit.

306 2731 470 2786 Tunc
518 2728 653 2784 aliis
705 2728 942 2799 quidem
993 2726 1051 2780 in
1102 2725 1458 2798 disputando
1509 2724 1858 2780 sublimior?
1892 2728 1966 2779 At

308 2820 424 2877 Deo
483 2819 638 2873 haud
692 2817 869 2872 dubie
917 2815 1158 2872 inferior
1203 2831 1286 2871 es.
1320 2815 1486 2870 Tune
1537 2813 1668 2869 aliis
1721 2815 1966 2869 fortasse

309 2909 536 2966 acutior
564 2911 621 2963 et
653 2905 1088 2978 perspicacior?
1115 2906 1186 2960 At
1216 2909 1368 2960 certe
1398 2905 1641 2960 veritate
1670 2908 1832 2958 tanto
1865 2920 1964 2975 po-

2070 1824 2275 1900 ἄρσεως
2323 1827 2458 1896 (10),
2510 1826 2704 1892 κτῆσαι
2759 1824 2821 1879 τὸ
2873 1824 3125 1899 καθαρόν.
3204 1825 3396 1881 Βούλει
3466 1825 3733 1900 θεολόγος

2070 1913 2317 1990 γενέσθαι
2348 1914 2500 1983 ποτὶ,
2534 1912 2622 1968 καί
2661 1920 2761 1982 τῆς
2817 1913 3073 1984 θεότητος
3125 1912 3314 1985 ἄξιος
3367 1918 3459 1978 τὰς
3510 1915 3736 1977 ἐντολὰς

2073 2001 2313 2083 φύλασσε
2361 2001 2449 2056 διὰ
2497 2007 2603 2056 τῶν
2649 2005 3089 2078 προσταγμάτων
3143 2007 3256 2077 (11)
3299 2003 3519 2060 δδευσον
3547 2024 3558 2037 ⁸
3591 2011 3732 2081 πρᾶ-

2073 2095 2150 2166 ξις
2179 2095 2282 2167 γὰρ
2317 2088 2560 2154 ἑπίϐασις
2592 2093 2820 2168 θεωρίας
2844 2102 2859 2124 ⁸
2895 2092 2954 2148 ἐκ
3008 2097 3106 2148 τοῦ
3157 2095 3412 2166 σώματος
3458 2098 3527 2168 τῇ
3576 2098 3732 2170 ψυχῇ

2073 2182 2448 2262 φιλοπόνησον
2482 2185 2614 2254 (12).
2649 2184 2789 2256 ’Δρά
2830 2182 2915 2244 τίς
2966 2181 3108 2237 ἐστιν
3155 2181 3469 2259 ἀνθρώπων,
3518 2184 3578 2245 ὃς
3622 2186 3736 2256 (13)

2074 2272 2300 2348 ἀρθῆναι
2349 2275 2606 2325 τοσοῦτον
2668 2268 2909 2339 δύναται,
2969 2271 3108 2326 ὣστε
3161 2272 3236 2334 εἷς
3294 2273 3358 2327 τὸ
3392 2271 3610 2329 Παύλου
3645 2275 3738 2346 με·

2071 2381 2195 2436 τρον
2253 2357 2470 2428 ἐλθεῖν;
2525 2357 2686 2414 Ἀλλ’
2735 2359 2889 2434 ὅμως
2941 2361 3075 2436 φησὶ
3118 2359 3337 2435 βλέπειν
3368 2358 3438 2415 δι’
3469 2360 3736 2437 ἐσόπτρου

2071 2451 2160 2504 καὶ
2209 2449 2549 2525 αἰνίγματος,
2609 2450 2697 2502 καὶ
2757 2447 2893 2504 εἶναι
2948 2451 3156 2523 καιρὸν,
3209 2449 3297 2506 ὅτε
3325 2446 3514 2524 ὄψεται
3572 2450 3737 2527 πρόσ-

2073 2559 2222 2594 ωπον
2255 2539 2391 2614 πρὸς
2424 2530 2741 2613 πρόσωπον.
2781 2537 2990 2596 Ἀλλου
3025 2540 3119 2612 μὲν
3167 2542 3276 2613 (14)
3326 2541 3376 2596 εί
3419 2540 3734 2618 φιλοσοφώ-

2071 2649 2229 2704 τερος
2277 2627 2328 2682 ἐν
2391 2628 2613 2702 λόγοις,
2673 2632 2808 2683 Θεοῦ
2867 2625 2926 2682 δὶ
2972 2628 3188 2691 πάντως
3237 2631 3351 2702 (15)
3401 2630 3736 2704 κατώτερος.

2071 2717 2285 2772 ’Ἃλλου
2346 2717 2440 2789 μὲν
2494 2717 2661 2791 τυχὸν
2715 2721 2825 2791 (16)
2896 2719 3293 2794 συνετώτεροςς
3352 2719 3415 2774 τὸ
3475 2716 3534 2773 Si
3590 2717 3737 2788 ἀλη-

2073 2809 2217 2871 θείας
2266 2811 2375 2881 (17)
2424 2814 2683 2864 τοσοῦτον
2754 2807 2915 2884 λείπῃ
2964 2813 3098 2882 (18),
3147 2808 3272 2864 ὅσον
3324 2809 3388 2865 τὸ
3447 2807 3582 2865 εἶναί
3639 2832 3736 2865 σου

2076 2897 2321 2973 δεύτερον
2366 2903 2465 2952 τοῦ
2515 2899 2648 2952 εἶναι
2700 2902 2854 2954 Θεοῦ.
2924 2900 3165 2974 Ἐχομεν
3219 2897 3543 2975 ἐπαγγελίαν
3595 2900 3737 2973 γνώ-

309 2997 522 3053 sterior
579 3011 664 3061 es,
713 2996 868 3050 884
926 2999 1146 3065 quanto
1195 2993 1451 3049 essentia
1499 2993 1601 3047 Dei
1647 2993 1966 3048 essentiam

2082 2987 2256 3050 σεσθαί
2323 3008 2476 3054 ποτε,
2531 2985 2655 3042 ὅσον
2717 2986 3054 3063 ἑγνώσμεθα.
3119 2987 3182 3042 Ei
3241 2989 3315 3060 μὴ
3381 2986 3597 3042 δυνατὸν
3651 2987 3736 3042 tv-

309 3090 470 3141 tuam
521 3084 833 3140 antecellit.
869 3083 1354 3138 Pollicitationem
1401 3082 1688 3137 habemus
1730 3082 1870 3147 fore,
1904 3086 1967 3136 ut

2082 3078 2241 3132 ταῦθα
2271 3074 2419 3151 ἔχειν
2450 3074 2664 3131 τελείαν
2695 3078 2794 3145 τὴν
2827 3082 2932 3131 τῶν
2963 3077 3133 3131 ὄντων
3167 3081 3387 3152 γνῶσιν,
3421 3076 3471 3131 τί
3507 3099 3596 3150 μοι
3625 3079 3738 3151 (19)

2123 3168 2134 3183 ς
2176 3163 2195 3183 κ
2321 3165 2332 3183 ν
2575 3165 2634 3183 ν...
2713 3166 2726 3182 ς
2792 3166 2834 3183 ..
2922 3167 2976 3183 ..ι
3240 3173 3278 3183 ,κ
3379 3165 3398 3183 .
3451 3167 3462 3183 ,

311 3173 627 3244 aliquando
658 3177 889 3227 tantum
936 3188 1382 3244 cognoscamus,
1416 3177 1702 3242 quantum
1755 3171 1967 3243 cogniti

2082 3168 2144 3221 τὸ
2176 3163 2500 3238 λειπόμενον
2530 3185 2542 3234 ;
2575 3165 2635 3219 Τί
2676 3166 2736 3220 τὸ
2787 3166 3183 3239 ἑλπιζόμενον;
3237 3165 3524 3222 Βασιλείαν
3577 3186 3736 3242 ουρα-

313 3280 525 3318 sumus
548 3262 608 3316 ⁸³.
643 3262 700 3316 Si
736 3262 856 3316 ﬁeri
903 3278 1015 3316 non
1068 3265 1276 3332 potest,
1309 3266 1375 3315 ut
1424 3261 1738 3332 perfectam
1774 3260 1830 3313 in
1863 3261 1967 3314 hac

2083 3260 2213 3326 νῶν,
2273 3257 2489 3316 πάντως
2545 3258 2657 3329 (20)
2719 3254 2879 3330 ἐρεῖς.
2941 3258 3208 3331 Ἠγοῦμαι
3268 3253 3326 3310 δὲ
3388 3257 3462 3330 μὴ
3498 3253 3636 3310 ἄλλο
3685 3276 3736 3310 τι

311 3351 429 3406 vita
479 3367 675 3406 rerum
726 3349 1120 3422 cognitionem
1173 3365 1582 3419 assequamur,
1635 3348 1774 3419 quid
1827 3348 1967 3403 mihi

2082 3348 2243 3398 τοῦτο
2275 3345 2430 3413 εἶναι,
2462 3346 2495 3414 ἢ
2526 3345 2590 3398 τὸ
2618 3350 2803 3420 τυχεῖν
2837 3349 2933 3399 τοῦ
2980 3346 3366 3420 καθαρωτάτου
3416 3366 3475 3400 τε
3520 3365 3609 3399 και
3657 3364 3740 3399 τε-

313 3440 611 3512 reliquum
636 3438 762 3494 est?
784 3438 930 3502 Quid
967 3438 1025 3492 in
1055 3454 1157 3509 spe
1189 3437 1490 3509 positum?
1518 3439 1782 3509 Regnum
1807 3438 1974 3493 cozlo-

312 3547 466 3597 rum,
493 3527 690 3600 procul
725 3527 903 3581 dubio
949 3527 1202 3600 inquies.
1228 3527 1405 3598 Atqui
1436 3525 1581 3581 illud
1616 3526 1758 3580 nihil
1812 3526 1973 3581 aliud

312 3635 442 3675 esse
469 3617 763 3685 existimo,
792 3631 969 3688 quam
991 3617 1141 3687 ejus,
1165 3617 1321 3688 quod
1352 3616 1736 3687 purissimum
1768 3620 1824 3670 et
1846 3633 1973 3687 per-

315 3708 706 3764 fectissimum
737 3711 848 3772 est,
887 3706 1282 3777 adeptionem.
1318 3705 1754 3760 Perfectissima
1804 3721 1972 3775 porro

316 3812 514 3852 rerum
547 3794 813 3850 omnium
845 3799 932 3849 est
964 3794 1063 3850 Dei
1095 3794 1369 3866 cognitio.
1405 3794 1618 3848 Verum
1651 3809 1803 3862 eam,
1837 3811 1975 3864 par-

315 3885 422 3941 tim
450 3890 779 3949 teneamus,
803 3884 1038 3953 partim,
1059 3884 1342 3954 quamdiu
1374 3883 1434 3938 in
1467 3889 1622 3938 terra
1646 3899 1973 3949 versamur,

314 3973 611 4047 percipere
666 3973 1034 4041 studeamus,
1085 3973 1299 4044 partim
1351 3973 1408 4026 in
1461 3972 1730 4026 futurum
1787 3988 1974 4027 savum

313 4078 704 4130 reservemus,
739 4065 806 4117 ut
851 4061 1009 4116 hunc
1042 4061 1260 4117 laboris
1304 4062 1728 4133 industriaque
1759 4066 1974 4117 nostra:

382 4153 427 4189 ⁴¹
462 4151 616 4208 Psal.
649 4168 774 4218 vm,
809 4152 858 4206 4.
936 4152 980 4186 ⁸²
1012 4153 1033 4207 Ι
1066 4154 1356 4223 Οοιχχιιῐ,
1391 4153 1477 4208 12.
1555 4151 1600 4186 ⁸⁸
1631 4151 1778 4206 Ibid.

386 4241 464 4314 (7)
496 4244 728 4314 ’:Ij37vu_>:.
765 4241 840 4314 In
861 4239 1259 4314 quibusdam,
1278 4237 1536 4314 ἐπέγνως.

323 4379 356 4437 λ
507 4305 979 4383 Καταλαμϐάνειν.
1032 4313 1177 4366 Tres
1230 4305 1415 4382 Colb.',
1465 4316 1521 4366 et
1571 4310 1667 4366 Or.
1725 4313 1772 4376 1,
1819 4330 1978 4364 κατα-

365 4403 396 4437 α
439 4403 531 4437 ειν.

365 4403 531 4439 αοειν.

391 4456 470 4525 (9)
499 4455 668 4507 'Avw.
704 4452 800 4508 Sic
844 4452 1042 4524 plures
1088 4452 1291 4525 Regg.,
1324 4456 1382 4508 et
1412 4452 1598 4522 Colb.,
1629 4453 1803 4510 Coisl.
1839 4455 1887 4523 1,
1924 4459 1980 4511 et

318 4529 414 4582 Or.
450 4529 501 4581 1.
540 4527 599 4579 In
634 4525 702 4580 ed
736 4525 921 4578 deest.

391 4599 505 4669 (10)
536 4597 656 4671 me.
678 4595 1013 4671 καθάρσεως,
1046 4598 1157 4671 etc.
1192 4596 1292 4651 His
1321 4597 1515 4671 verbis
1546 4597 1714 4653 docet
1761 4598 1977 4671 Grego-

321 4667 470 4734 rius,
500 4671 569 4724 ad
602 4667 827 4724 divinae
860 4667 1158 4741 sapientiae
1207 4668 1469 4724 studium
1522 4671 1838 4741 puritatem
1881 4667 1975 4726 re-

321 4742 497 4814 quiri,
532 4759 635 4797 nec
655 4740 912 4814 rnisiiqui
949 4757 1130 4812 purus
1171 4747 1276 4809 est,
1312 4741 1381 4795 ad
1425 4740 1610 4797 Deum
1644 4761 1814 4814 posse
1850 4761 1975 4814 per-

319 4813 564 4886 tingere.
604 4813 1161 4887 llinci'Casaubonus
1195 4813 1260 4887 in
1294 4813 1974 4887 Praefatione’episthu,

322 4884 507 4942 sancti
533 4886 791 4959 Gregorii
825 4884 1070 4959 Nysseni
1097 4885 1167 4959 ad
1192 4885 1580 4959 Eustathiam,
1611 4884 1976 4942 Ambrosiam

321 4962 379 5012 et
440 4955 802 5020 Basilissam,
857 4955 978 5012 haec
1036 4955 1300 5012 habetzu
1352 4962 1474 5012 Non
1525 4957 1638 5013 alia
1687 4958 1977 5013 sententia

318 5028 450 5098 fuit,
503 5036 627 5084 tum
681 5029 926 5083 aliorum
973 5027 1185 5084 veteris
1236 5028 1505 5084 Ecclesiae
1569 5031 1975 5094 Patrum,tum

317 5101 576 5171 Gregorii
629 5100 997 5166 Nazianzeni,
1031 5099 1137 5153 viri
1187 5101 1315 5155 sine
1353 5101 1748 5156 controversia
1795 5101 1976 5156 maxi-

321 5171 424 5243 mi,
460 5177 515 5225 et
547 5173 643 5242 qui
677 5174 750 5226 ob
795 5171 1147 5243 exquisitam
1201 5187 1394 5227 rerum
1445 5172 1771 5227 divinarum
1828 5174 1976 5228 noti-

320 5242 460 5314 tiam
497 5259 628 5296 cum
665 5243 786 5313 pari
821 5242 1092 5299 facundia
1114 5249 1169 5298 et
1189 5246 1519 5299 eruditione
1543 5246 1837 5314 junctam,
1861 5245 1978 5311 glo-

319 5312 714 5368 riosissimum
756 5315 1033 5386 Theologi
1082 5331 1296 5371 nomen
1344 5316 1494 5370 tulit.
1533 5312 1632 5370 Hic
1679 5316 1858 5386 igitur
1892 5319 1977 5370 vir

316 5387 519 5456 tantus
556 5386 970 5455 gravissimum
1021 5391 1078 5439 et
1125 5403 1254 5441 vere
1301 5404 1634 5456 gemmeum
1688 5388 1972 5453 libellum,

321 5471 449 5530 q_uo_
466 5455 541 5530 de
574 5457 779 5510 divinae
831 5457 1132 5528 sapientiae
1164 5455 1360 5530 studio
1413 5461 1698 5530 disputat,
1730 5461 1810 5513 ita
1844 5478 1975 5515 con~

321 5527 599 5605 cludit'ut
630 5525 915 5596 oportere-
941 5530 1098 5605 dicat
1131 5546 1143 5583 :
1179 5525 1267 5581 δια
1314 5525 1621 5605 καθάρσεως
1671 5537 1862 5598 κτῆσαι
1913 5531 1974 5584 τὸ

320 5595 576 5674 καθαρόν,
615 5595 774 5674 «per
824 5601 1251 5674 purgationem.
1293 5595 1581 5674 eum,'qui
1637 5595 1818 5674 purus
1863 5608 1971 5668 cst,

326 5669 668 5751 adipiscere.
690 5694 710 5720 υ
740 5669 955 5725 Deinde
980 5675 1323 5751 aute_m_iter
1343 5669 1750 5751 alfectantibus
1783 5675 1853 5751 ad
1876 5675 1974 5731 Dei

326 5739 778 5813 divinarumque
807 5757 998 5797 rerum
1030 5741 1324 5816 notitiam,
1358 5748 1562 5804 doctor
1591 5746 1975 5806 fidelissimus

2085 3433 2398 3488 Αεωτάτουο
2447 3431 2780 3488 τελεώτατον
2833 3431 2890 3488 δὲ
2934 3438 3042 3488 τῶν
3094 3429 3285 3503 ὄντων,
3335 3438 3529 3509 γνῶσις
3580 3438 3732 3488 Θεοῦ.

2085 3520 2262 3576 Ἀλλᾶ
2309 3523 2372 3576 τὸ
2426 3523 2517 3595 μὶν
2569 3524 2952 3598 κατάσχωμεν,
2997 3523 3059 3577 τὸ
3102 3520 3160 3578 δὲ
3186 3519 3605 3596 καταλάϐωμεν,
3634 3520 3738 3584 ἕως

2085 3612 2244 3685 ἐσμὶν
2297 3612 2430 3686 ὑπὶρ
2472 3618 2574 3687 γῆς
2604 3630 2616 3644 ·
2662 3611 2725 3666 τὸ
2776 3610 2833 3666 δὲ
2892 3611 3091 3676 ὶκεῖθεν
3151 3613 3593 3685 ταμιευσώμεθα,
3647 3610 3737 3666 ’ίνα

2081 3702 2284 3772 ταύτην
2353 3707 2572 3778 σχῶμεν
2632 3710 2732 3772 τῆς
2804 3701 3129 3780 φιλοπονίας
3206 3703 3304 3771 τὴν
3392 3702 3734 3779 ἐπικαρπίαν,

2085 3790 2222 3861 δλην
2248 3798 2349 3861 τῆς
2382 3791 2535 3866 ἀγίας
2565 3787 2794 3865 Τριάδος
2827 3793 2927 3860 τήν
2961 3789 3262 3866 ἴλλαμψιν,
3309 3791 3432 3862 ἥτις
3487 3791 3617 3862 ἐστὶ,
3650 3793 3737 3846 καὶ

2086 3879 2193 3951 σ’ία,
2221 3881 2310 3935 καὶ
2343 3879 2468 3948 ὅση,
2502 3879 2554 3935 ἀί
2587 3883 2745 3954 θέμις
2774 3885 2936 3936 τοῦτο
2975 3881 3170 3950 εἰπεῖν,
3229 3880 3280 3936 ἐν
3333 3881 3480 3953 αὐτῷ
3525 3883 3740 3958 Χριστῷ

2083 3975 2162 4043 τῷ
2193 3969 2374 4046 Κυρίῳ
2405 3971 2588 4042 ἡμῶν,
2622 3974 2667 4042 ᾦ
2695 3973 2730 4039 ἡ
2766 3967 2895 4040 δόξα
2922 3970 3012 4026 καὶ
3045 3971 3107 4026 τὸ
3137 3969 3334 4047 κράτος
3362 3973 3477 4046 (21)
3509 3970 3585 4034 εἰς
3614 3971 3740 4034 τοὺς

2087 4059 2288 4122 αἷώνας
2315 4063 2423 4115 τῶν
2455 4060 2693 4118 αἰώνων.
2729 4060 2930 4134 Ἀμήν.

2087 4240 2240 4295 hanc
2271 4237 2770 4312 compendiariam
2792 4238 2944 4294 viam
2978 4238 3253 4312 ostendit,
3287 4242 3353 4294 ut
3381 4253 3485 4312 per
3513 4236 3742 4312 Domini

2087 4312 2370 4368 mandata
2417 4311 2531 4366 iter
2578 4314 2913 4382 capessant,
2941 4311 2990 4366 si
3031 4312 3103 4366 ad
3149 4325 3343 4366 veram
3386 4311 3743 4383 sapientiam

2088 4383 2388 4456 pervenire
2417 4383 2618 4456 velint.
2652 4383 2924 4438 Actiones
2957 4399 3212 4456 namque
3244 4387 3384 4438 sunt
3412 4383 3588 4438 veluti
3619 4399 3741 4455 gra-

2011 4457 2056 4523 D
2087 4454 2207 4526 dus
2247 4455 2468 4526 quibus
2513 4455 2582 4509 ad
2634 4456 2924 4509 caelestem
2979 4454 3275 4511 veritatem
3326 4454 3685 4511 ascenditur.
3712 4473 3738 4505 ι

2087 4523 2279 4582 Βούλεὶ
2311 4523 2568 4600 θεολόγος
2599 4525 2843 4600 γενεσθαι
2873 4531 2982 4600 etc.

2160 4602 2272 4670 (11)
2306 4597 2781 4674 Προσταγμάτωνζ
2803 4599 2899 4654 Or.
2936 4599 2985 4668 1,
3019 4597 3372 4674 πραγματων.

2301 4667 2729 4761 Σῐῖξλοττξᾴνῂτσονι
2749 4667 3115 4761 Βθβλογρέη
3143 4667 3545 4761 ὶρξλιοσόςησον.

2186 4746 2271 4814 13)
2301 4743 2424 4814 Ὃς,
2455 4744 2548 4799 Sic
2580 4743 2674 4814 Or.
2705 4744 2760 4814 1,
2794 4749 2849 4798 et
2879 4742 3010 4798 Bas.
3051 4742 3303 4814 laedit”
3336 4742 3435 4814 93..

2303 4811 2514 4898 ᾎλλου
2551 4813 2666 4898 μέν.
2702 4807 2840 4898 Reg.
2875 4816 3068 4898 (ἔγρῃ,
3102 4811 3272 4874 ἄλλος
3309 4813 3400 4887 μὶν
3438 4807 3633 4867 ἄλλοι).

2161 4889 2271 4958 (15)
2308 4887 2545 4958 Πάντως.
2582 4887 2752 4943 Deest
2780 4887 2839 4940 in
2873 4889 2979 4958 Or._
3005 4887 3056 4941 1.

2158 4955 2272 5030 (16)
2301 4956 2478 5030 Τυχόν
2491 5003 2513 5030 .7
2530 4959 2686 5030 Reg.
2711 4959 2904 5030 Cypr.,
2939 4955 2983 5010 εί
3013 4955 3204 5030 τυχόν.

2184 4977 2272 5026 10,-
2311 4977 2502 5083 ιυγδον.
2540 4977 2674 5030 neg.
2711 4977 2904 5030 uypr.,
2939 4977 2983 5010 ει
3013 4977 3204 5030 τυχον.

2184 5032 2270 5100 17)
2301 5029 2373 5083 Τὸ
2440 5030 2465 5083 ὲ
2494 5026 2776 5100 ἀληθείας.
2806 5034 2899 5086 Or.
2939 5031 2988 5095 1,
3021 5031 3120 5098 τῆς
3146 5025 3203 5082 δὲ
3232 5024 3518 5096 ἀληθείας.

2185 5093 2269 5174 18)
2300 5093 2599 5156 Τοσοῦτον’
2635 5099 2818 5175 λείπῃ.
2879 5093 3018 5175 Reg.
3072 5093 3269 5174 Cypra,
3329 5093 3557 5153 τοσοῦτο
3633 5093 3739 5150 λεί-

2086 5193 2194 5227 πει.

2160 5245 2271 5312 (19)
2301 5242 2360 5296 Tt
2423 5263 2538 5314 μοι,
2599 5247 2705 5298 etc.
2762 5241 2966 5299 Billius
3025 5244 3298 5299 vertendo
3344 5259 3411 5298 ;‹‹
3464 5241 3543 5314 id,
3596 5241 3744 5311 quod

2087 5323 2288 5385 restat,
2323 5312 2540 5372 honore
2583 5316 2838 5377 afﬁcere,
2865 5341 2891 5364 ι)
2925 5316 3156 5370 videtur
3193 5316 3429 5387 legisse,
3459 5312 3592 5385 τίμᾳ
3617 5314 3745 5387 [pro

2084 5393 2266 5459 τιμᾷν,
2306 5388 2388 5442 vel
2419 5387 2597 5470 τίμα).
2633 5388 2916 5470 δίο-,Ιηςῇ
2967 5385 3412 5470 Leuvenklaius,
3446 5393 3504 5442 et
3535 5385 3744 5454 reddit,

2087 5484 2113 5511 ‹‹
2150 5477 2421 5515 venerare
2454 5461 2510 5514 id
2545 5459 2698 5532 quod
2736 5459 2838 5514 tibi
2868 5461 3101 5514 deest.»

2157 5533 2267 5602 ('30)
2303 5532 2541 5592 Πάντως.
2601 5531 2776 5602 Regg.
2834 5549 2886 5594 a,
2944 5531 3067 5594 bm,
3124 5529 3218 5585 Or.
3269 5531 3320 5601 1,
3382 5529 3535 5593 Palu,
3593 5524 3743 5597 ἴσως,

2094 5625 2114 5652 α
2153 5600 2414 5659 fortasse.
2452 5626 2477 5652 ››
2511 5602 2640 5672 Alii,
2678 5600 2804 5662 ibi”;
2835 5602 3068 5672 πάντως.
3271 5667 3274 5670 Δ

2158 5677 2267 5802 (21)
2297 5674 2397 5750 ,Καὶ
2427 5674 2488 5729 τὸ
2518 5669 2736 5750 κράτος.
2766 5675 2897 5732 Haec
2927 5671 3145 5732 desunt
3172 5674 3234 5732 in
3265 5669 3406 5747 Reg.
3433 5689 3487 5743 ι,
3513 5669 3744 5729 duobus

2084 5746 2160 5804 Co
2191 5749 2270 5804 b..
2303 5752 2360 5804 et
2389 5749 2486 5804 Or.
2521 5748 2573 5803 1.

2129 5764 2270 5817 010.,
2303 5764 2360 5804 BI.
2389 5764 2486 5804 UP.
2521 5764 2573 5803 1.
