4090 6430
304 370 460 432 {083

1544 377 1608 437 S.
1658 373 2032 436 GREGORII
2076 371 2476 435 THEOLOGI

3562 373 3723 437 1084

298 505 349 562 si
380 522 445 560 ex
478 504 586 560 hac
617 505 734 561 vita
766 506 1094 578 migrarint.
1115 508 1278 564 Unde
1301 512 1357 563 et
1389 508 1563 573 Deus,
1588 508 1741 563 Deus
1772 508 1951 563 Abra-

2075 507 2225 581 γῶσι.
2287 506 2415 569 Καθ’
2471 507 2500 560 ὃ
2557 505 2647 560 καὶ
2703 500 2967 581 Ἀϐραὰμ,
3027 505 3118 560 καὶ
3169 506 3366 576 Ἰσαὰκ,
3399 506 3489 561 καὶ
3521 501 3719 563 Ἰακὼὸ

305 596 460 661 ham,
490 599 547 650 et
575 595 729 651 Deus
762 600 946 666 Isaac,
977 601 1033 651 et
1070 600 1215 651 Deus
1264 598 1444 653 Jacob
1493 597 1724 664 dicitur,
1760 602 1823 652 ut
1871 598 1953 651 vi-

298 685 562 740 ventium
596 686 770 749 Deus,
804 704 914 740 non
951 693 1313 742 mortuorum
1337 688 1398 741 tt.
1435 688 1720 741 Virtutem
1755 692 1952 742 autem

297 773 571 841 laudans,
611 776 786 829 Deum
841 775 1109 837 laudabo,
1143 793 1175 830 a
1215 793 1329 847 quo
1378 778 1562 831 virtus
1614 776 1954 831 hominibus

298 863 451 932 ﬂuit,
484 863 766 935 illudque,
795 869 859 918 ut
891 881 990 936 per
1018 870 1322 936 cognatam
1359 866 1847 922 illuminationem
1882 865 1952 920 ad

300 968 435 1008 eum
486 952 824 1022 evebantur,
858 954 940 1007 vel
990 954 1182 1024 potius
1232 955 1605 1009 reducantur.
1640 955 1785 1009 Nam
1818 971 1952 1009 cum

300 1041 490 1097 multa
518 1047 574 1097 et
605 1060 817 1114 magna
867 1044 1004 1109 sint,
1040 1049 1216 1115 atque
1260 1045 1402 1099 adeo
1437 1050 1521 1100 tot
1569 1050 1626 1100 et
1674 1050 1856 1110 tanta,
1893 1048 1957 1098 ut

301 1147 473 1186 nemo
504 1148 570 1185 ea
601 1148 869 1186 sermone
900 1133 1202 1204 complecti
1241 1134 1445 1203 possit,
1476 1150 1603 1205 quae
1636 1149 1742 1188 nos
1775 1150 1807 1187 a
1839 1132 1954 1187 Deo

294 1220 416 1291 jam
454 1219 762 1289 habemus,
798 1222 1158 1293 jamjamque
1202 1222 1463 1277 habituri
1495 1240 1735 1289 sumus;
1770 1222 1953 1276 maxi-

303 1325 465 1364 mum
499 1316 693 1365 tamen
738 1316 795 1365 et
844 1310 1345 1368 humanissimum
1395 1318 1504 1379 est,
1541 1313 1850 1384 prOpensio
1882 1312 1951 1366 ad

298 1416 432 1455 eum
448 1404 620 1471 atque
641 1400 1026 1456 familiaritas.
1047 1402 1191 1457 Nam
1209 1420 1240 1474 q
1254 1404 1362 1457 uod
1386 1403 1559 1458 rebus
1574 1402 1956 1458 sensibilibus

300 1493 389 1543 est
420 1488 527 1554 sol,
554 1488 663 1543 hoc
694 1488 787 1559 iis,
812 1508 936 1562 quae
970 1491 1164 1546 animo
1189 1498 1245 1547 et
1275 1492 1498 1547 ratione
1520 1491 1951 1563 intelliguntur,

296 1583 385 1634 est
431 1584 599 1633 Deus.
638 1578 740 1634 llle
788 1581 945 1635 enim
997 1582 1284 1636 mundum
1336 1582 1491 1636 hunc
1541 1580 1953 1653 aspectabilem

296 1665 627 1734 collustrat,
658 1668 754 1723 hic
785 1669 1181 1736 invisibilem;
1214 1670 1309 1725 ille
1351 1672 1611 1741 corporis
1643 1670 1844 1726 oculos
1874 1670 1957 1725 ita

295 1756 498 1822 atficit,
531 1762 596 1812 ut
626 1757 822 1813 lumen
859 1760 1047 1830 ipsius
1078 1758 1292 1815 intueri
1326 1762 1573 1831 possint,
1599 1760 1696 1815 hic
1730 1763 1955 1814 mentes

299 1845 531 1900 divinas
562 1846 771 1901 reddit.
804 1848 990 1918 Atque
1023 1853 1087 1902 ut
1124 1848 1241 1917 ille,
1275 1866 1429 1917 cum,
1464 1854 1520 1903 et
1551 1849 1624 1903 iis
1655 1865 1783 1921 quae
1816 1865 1952 1903 ocu-

299 1933 490 1990 lorum
527 1952 702 1991 sensu
745 1937 984 2007 praedita
1015 1942 1171 1992 sunt.
1206 1942 1263 1993 et
1293 1938 1365 1993 iis
1396 1955 1521 2009 quea
1556 1943 1795 2009 aspectu
1824 1955 1955 1993 sen-

297 2023 549 2092 tiuntur,
584 2022 733 2078 hanc
764 2025 877 2078 vim
912 2025 1153 2090 tribuat,
1188 2032 1250 2080 ut
1284 2032 1341 2081 et
1372 2026 1474 2081 illa
1503 2026 1717 2097 videre,
1750 2031 1807 2081 et
1839 2025 1959 2081 haec

296 2111 423 2167 visu
474 2112 693 2183 percipi
743 2113 992 2185 possint,
1026 2113 1264 2169 interim
1314 2120 1511 2171 tamen
1564 2115 1690 2187 ipse
1739 2115 1958 2183 omnia,

298 2217 423 2271 quae
456 2200 643 2257 oculis
673 2202 939 2273 subjecta
969 2208 1128 2273 sunt,
1154 2203 1594 2275 pulchritudine
1620 2204 1917 2260 antecellit
1942 2221 1955 2259 :

298 2290 502 2346 eodem
538 2290 709 2345 modo
744 2291 918 2357 Deus,
953 2308 1086 2347 cum
1123 2298 1240 2348 tam
1278 2293 1369 2364 iis,
1402 2311 1528 2365 qua:
1569 2293 1961 2366 intelligentia

303 2382 571 2446 utuntur,
597 2396 775 2450 quam
799 2397 925 2450 quae
951 2387 1148 2437 mente
1169 2387 1223 2438 et
1254 2382 1549 2439 intellectu
1576 2384 1956 2456 comprehen-

305 2468 547 2538 duntur,
570 2468 679 2524 hoc
701 2470 923 2537 afferat,
948 2476 1012 2525 ut
1043 2470 1142 2526 illa
1170 2477 1228 2527 et
1259 2471 1613 2545 intelligant,
1638 2477 1693 2528 et
1722 2472 1845 2528 haec
1877 2474 1961 2528 in-

2065 593 2246 650 ἀκούει
2298 596 2444 669 Θεὸς,
2497 596 2525 649 6
2573 596 2721 664 Θεὸς,
2775 596 2847 657 ὡς
2879 596 2939 650 οὐ
2971 600 3173 671 νεκρῶν
3205 596 3357 665 Θεὸς,
3389 593 3537 650 ἀλλὰ
3582 597 3721 665 ζών-

2062 703 2169 737 των
2225 686 2359 757 (29).
2434 685 2657 759 Ἀρετήν
2717 682 2773 738 δὶ
2830 683 3079 751 ἐπαινῶν,
3156 685 3282 739 Θεὸν
3344 683 3718 757 ἰπαινὲσομαι,

2064 774 2190 848 παρ’
2222 773 2283 827 06
2312 778 2428 835 τοῖς
2461 774 2765 849 ἀνθρώποις
2797 776 2831 842 ἡ
2884 773 3073 849 ἀρετὴ,
3131 773 3223 827 καὶ
3271 774 3332 828 τὸ
3364 773 3499 847 πρὸς
3559 772 3720 829 αὐτὸν

2064 862 2375 937 ἀνάγεσθαι,
2436 864 2469 931 ἢ
2525 862 2881 937 ἐπανάγεσθαι
2934 859 3023 916 διὰ
3080 869 3178 931 τῆς
3259 867 3544 938 συγγενοῦς
3602 866 3715 932 (30)

2066 951 2419 1025 ἔλλάμψεως.
2471 950 2704 1007 Πολλῶν
2753 952 2853 1027 γὰρ
2904 952 3074 1007 ἅντων
3122 953 3257 1024 ἡμῖν
3307 952 3396 1006 καὶ
3441 950 3718 1027 μεγάλων,

2066 1040 2127 1096 06
2164 1041 2257 1114 μὶν
2295 1041 2385 1096 οὗν
2417 1039 2559 1095 εἷ’ποι
2612 1062 2695 1103 τις
2740 1041 2798 1095 ἂν
2849 1039 3060 1110 ἡλίκων
3094 1040 3183 1096 καὶ
3216 1041 3356 1095 ’ὀσων
3389 1042 3461 1095 ὧν
3496 1040 3555 1095 ἐκ
3583 1046 3720 1096 Θεοῦ

2068 1130 2268 1206 ἔχομέν
2295 1151 2353 1186 τε
2380 1131 2469 1185 καὶ
2503 1127 2689 1203 ἕξομεν
2713 1150 2725 1162 ·
2758 1135 2920 1186 τοῦτο
2974 1131 3225 1206 μέγιστον
3269 1131 3360 1184 καὶ
3409 1129 3722 1208 φιλανθρω-

2065 1220 2321 1289 πότατον,
2374 1224 2408 1290 ἡ
2460 1222 2594 1296 πρὸς
2643 1220 2801 1275 αὐτὸν
2855 1222 2969 1294 (34)
3010 1219 3187 1282 νεῢσίς
3215 1240 3273 1274 τε
3303 1220 3393 1274 καὶ
3424 1219 3720 1282 οἲκείωσις.

2064 1312 2237 1385 ’Ὀπερ
2267 1311 2367 1387 γάρ
2401 1309 2513 1365 ἐστι
2542 1315 2659 1372 τοῖς
2691 1310 2969 1380 αίσθητοῖς
3000 1307 3183 1381 ἥλιος,
3232 1307 3394 1364 τοῦτο
3434 1314 3552 1371 τοῖς
3593 1331 3724 1380 νοη-

2062 1406 2179 1462 τοῖς
2210 1399 2361 1461 Θεός.
2395 1402 2457 1457 Ὀ
2490 1401 2584 1472 μὲν
2617 1401 2720 1475 γὰρ
2750 1401 2840 1454 τὸν
2885 1400 3164 1475 όρώμενον
3217 1399 3438 1477 φωτίζει
3487 1398 3721 1470 κόσμον,

2066 1492 2094 1545 6
2128 1487 2184 1544 δὲ
2241 1488 2334 1544 τὸν
2395 1490 2662 1566 ἀόρατον’
2724 1488 2815 1544 καὶ
2869 1490 2896 1543 6
2952 1490 3045 1563 μὲν
3090 1491 3185 1551 τὰς
3220 1488 3535 1561 σωματικὰς
3565 1484 3721 1562 ὄψεις

2065 1577 2389 1650 ἠλιοειδεῖς,
2420 1580 2449 1634 6
2481 1577 2538 1634 δὲ
2566 1578 2661 1641 τὰς
2690 1579 2880 1653 νοερὰς
2914 1579 3098 1656 φύσεις
3148 1576 3402 1639 θεοειδεῖς
3450 1580 3565 1652 (32)
3615 1578 3726 1633 ἀπ-

2067 1671 2363 1746 εργάζεται.
2416 1668 2514 1723 Καὶ
2567 1668 2747 1744 ὣσπερ
2806 1666 2965 1730 οὗτος
3016 1673 3133 1729 τοῖς
3170 1688 3228 1723 τε
3259 1670 3372 1741 (33)
3403 1668 3571 1741 ὁρῶσι
3627 1667 3720 1722 καὶ

2062 1764 2177 1819 τοῖς
2209 1758 2532 1833 ὁρωμένοις,
2564 1764 2682 1820 τοῖς
2738 1758 2832 1830 μὲν
2881 1759 2981 1826 τὴν
3035 1762 3131 1811 τοῦ
3183 1758 3334 1831 ὁρᾷν,
3377 1762 3499 1819 τοῖς
3534 1753 3590 1811 δὶ
3617 1758 3719 1826 τὴν

2064 1852 2161 1903 τοῦ
2194 1849 2414 1923 ὁρᾶσθαι
2445 1847 2704 1923 παρέχων
2741 1844 2995 1919 δύναμιν,
3053 1845 3215 1908 αὐτὸς
3262 1850 3371 1901 τῶν
3421 1845 3716 1921 ὁρωμένων

2067 1938 2178 1992 ἐστὶ
2208 1938 2270 1992 τὸ
2299 1934 2595 1992 κάλλιστον
2625 1954 2637 1967 ·
2699 1934 2843 1991 οὕτω
2896 1936 3027 1997 Θεὸς
3074 1940 3195 1998 τοῖς
3245 1940 3427 1990 νοοῦσι
3480 1935 3569 1990 καὶ
3600 1940 3718 1998 τοῖς

2066 2027 2408 2099 νοουμένοις,
2447 2030 2564 2088 τοῖς
2602 2027 2694 2098 μὲν
2744 2026 2807 2079 τὸ
2838 2030 3003 2093 νοεῖν,
3032 2029 3148 2087 τοῖς
3180 2022 3237 2079 δὲ
3264 2026 3325 2080 τὸ
3355 2026 3588 2080 νοεῖσθαι
3621 2024 3720 2095 δη-

2074 2120 2372 2193 μιουργῶν,
2423 2114 2583 2178 αὐτὸς
2635 2118 2741 2169 τῶν
2792 2114 3104 2188 νοουμένων
3153 2113 3265 2169 ἰστὶ
3308 2116 3371 2169 τὸ
3401 2112 3718 2188 ἀκρότατον,

2070 2204 2145 2266 εἷς
2178 2202 2234 2258 δν
2266 2209 2412 2258 πᾶσα
2444 2201 2620 2281 ἔφεσις
2642 2200 2879 2259 inerrat.
2926 2203 3016 2257 καὶ
3062 2202 3193 2277 ὑπὲρ
3228 2201 3286 2258 ὅν
3338 2200 3582 2276 οὐδαμοῦ
3629 2203 3721 2281 φὲ-

2072 2314 2238 2371 ρεται.
2272 2290 2410 2347 Οὐδὲ
2436 2294 2538 2369 γὰρ
2573 2289 2685 2369 ἔχει
2716 2314 2770 2347 τι
2803 2290 3164 2367 ὑψηλότερον,
3217 2293 3251 2361 ἣ
3279 2290 3424 2353 ὃλως
3455 2288 3557 2362 ἕξει
3588 2294 3723 2365 (34),

2071 2380 2197 2437 οὐδὲ
2246 2382 2273 2437 6
2323 2381 2772 2460 φιλοσοφώτατος
2818 2378 2946 2443 νοῦς
2995 2379 3084 2435 καὶ
3145 2375 3630 2449 διαϐατικώτατος,
3684 2381 3721 2448 ἢ

2068 2468 2719 2547 πολυπραγμονέστατος.
2778 2473 2948 2525 Τοῦτο
3006 2471 3107 2546 γάρ
3166 2469 3278 2524 ἔστι
3327 2470 3389 2524 τὸ
3443 2472 3551 2524 τῶν
3611 2468 3728 2545 ὀρε-

301 2557 621 2630 telligentia
652 2558 1068 2631 percipiantur,
1103 2561 1228 2633 ipse
1266 2565 1462 2616 tamen
1495 2560 1960 2633 intelligibilium

2075 2564 2208 2617 κτῶν
2243 2557 2493 2637 ἔσχατον,
2527 2560 2618 2616 καὶ
2648 2558 2710 2615 οὗ
2742 2558 3058 2636 γενομένοις
3092 2560 3271 2629 πάσης
3319 2557 3549 2634 θεωρίας
3594 2558 3723 2613 ἀνά-

303 2648 569 2704 omnium
616 2666 889 2704 summus
936 2655 1026 2705 est
1072 2655 1290 2719 vertex,
1323 2652 1382 2705 in
1434 2668 1549 2724 quo
1600 2652 1958 2707 desiderium
2070 2671 2285 2712 παυσις.

304 2753 480 2793 omne
537 2738 805 2794 consistit
854 2756 919 2795 ac
972 2740 1269 2812 defigitur,
1300 2746 1357 2796 et
1386 2758 1760 2814 nequaquam
1812 2759 1992 2815 supra
2037 2759 2173 2798 eum
2223 2742 2427 2798 fertur.
2460 2741 2575 2798 Nec
2605 2741 2762 2797 enim
2795 2740 3120 2813 quidquam
3178 2739 3495 2795 sublimius
3552 2738 3727 2794 habet

302 2832 409 2883 aut
438 2827 677 2883 omnino
707 2828 948 2885 habebit
981 2847 1149 2886 mens
1181 2829 1321 2898 ulla,
1355 2832 1734 2901 quantumvis
1780 2832 2189 2905 philosophica
2218 2832 2315 2899 sit,
2350 2835 2408 2887 et
2436 2830 2724 2887 altissime
2771 2830 3041 2897 tendens,
3075 2845 3142 2885 ac
3192 2845 3424 2884 summe
3473 2827 3724 2883 curiosa.

306 2917 425 2972 Hoc
473 2918 687 2972 etenim
738 2935 935 2975 rerum
995 2921 1263 2976 omnium
1320 2922 1774 2993 expetendarum
1808 2926 2133 2978 extremum
2177 2926 2285 2992 est,
2310 2937 2426 2992 quo
2474 2937 2610 2976 cum
2660 2918 3119 2992 pervenerimus,
3152 2919 3346 2974 omnis
3404 2915 3726 2989 speculatio

304 3006 695 3077 conquiescet.

380 3097 447 3152 II.
482 3097 825 3170 Cuicunque
869 3098 1049 3171 igitur
1076 3104 1309 3156 terrena
1339 3100 1491 3158 mole
1521 3118 1624 3173 per
1673 3101 1961 3157 rationem

2146 3101 2222 3157 B'.
2256 3100 2430 3177 ᾭτινι
2467 3098 2560 3173 μὲν
2612 3097 2703 3153 οὗν
2765 3094 3053 3171 ἐξεγένετο,
3106 3092 3196 3150 διὰ
3252 3093 3426 3169 λόγου
3455 3092 3545 3148 καὶ
3593 3094 3725 3148 θεω-

307 3190 366 3241 et
397 3188 953 3258 contemplationem
998 3194 1292 3262 perrupta,
1328 3190 1635 3263 solutaque
1667 3190 1815 3246 887
1852 3190 1961 3245 hac

2076 3188 2191 3266 ρίας
2225 3186 2509 3263 διασχόντι
2535 3187 2635 3256 τὴν
2670 3184 2808 3254 ὕλην
2853 3184 2945 3240 καὶ
2974 3185 3038 3240 τὸ
3085 3184 3339 3262 σαρκικὸν
3383 3187 3572 3252 τοῦτο,
3621 3179 3727 3237 εἷ’τε

308 3274 554 3341 carnali,
578 3275 697 3331 sive
728 3277 935 3343 nubes,
956 3277 1077 3333 sive
1107 3279 1394 3334 obvelatio
1417 3279 1664 3335 dicenda
1693 3284 1801 3349 est,
1827 3296 1961 3335 cum

308 3363 426 3420 Deo
457 3366 874 3420 commercium
909 3366 1140 3431 habere,
1163 3384 1230 3423 ac
1262 3367 1590 3440 purissimae
1622 3368 1758 3433 luci,
1783 3385 1967 3440 quan—

306 3457 434 3511 tum
467 3454 740 3509 humanas
774 3460 992 3510 naturae
1024 3457 1226 3512 datum
1256 3461 1363 3527 est,
1388 3458 1752 3513 commisceri
1786 3457 1964 3514 licue-

308 3542 407 3610 rit,
440 3544 489 3599 is
522 3543 738 3615 duplici
770 3544 1005 3601 nomine
1034 3546 1241 3602 beatus
1273 3547 1571 3618 praedicari
1606 3548 1803 3615 debet;
1835 3552 1961 3602 tum

309 3634 463 3707 quod
515 3633 653 3687 hinc
700 3650 939 3689 sursum
972 3636 1316 3703 ascenderit,
1350 3641 1476 3691 tum
1524 3637 1679 3707 quod
1729 3636 1961 3691 deifica-

308 3721 526 3778 tionem
560 3721 719 3777 illam
752 3723 824 3778 sit
857 3729 1228 3791 consecutus,
1255 3742 1432 3797 quam
1463 3742 1664 3780 verum
1696 3729 1753 3780 et
1784 3725 1966 3780 since-

310 3828 442 3867 rum
474 3811 861 3884 philosOphim
901 3814 1162 3868 studium
1207 3813 1497 3885 conciliat,
1522 3831 1587 3869 ac
1620 3815 1834 3870 mentis
1865 3831 1964 3869 su-

310 3918 417 3975 pra
445 3906 743 3956 terrenum
790 3902 1081 3957 binarium
1115 3902 1310 3973 elatio,
1345 3908 1581 3975 propter
1610 3921 1760 3973 eam,
1786 3920 1963 3975 quam

310 3991 373 4045 in
400 3990 684 4046 Trinitate
729 3989 1138 4063 intelligimus,
1173 3992 1479 4048 unitatem.
1515 3993 1621 4059 Qui
1665 3998 1860 4048 autem
1893 3994 1965 4048 ob

312 4080 526 4136 animas
547 4096 679 4135 cum
716 4097 958 4152 corpore
988 4082 1459 4153 conjunctionem
1493 4084 1745 4139 deterior
1777 4083 1967 4139 factus

311 4173 423 4238 est,
448 4186 514 4224 ac
562 4169 686 4224 luto
734 4187 922 4241 usque
952 4172 1095 4226 adeo
1129 4171 1318 4238 haesit,
1353 4178 1419 4227 ut
1447 4188 1554 4227 nec
1600 4172 1658 4226 in
1706 4171 1969 4227 veritatis

312 4258 509 4314 radios
540 4259 754 4314 mentis
785 4259 967 4315 aciem
998 4260 1323 4325 intendere,
1347 4278 1453 4315 nec
1484 4278 1664 4332 supra
1692 4260 1971 4316 inferiora

312 4347 435 4403 hac
465 4365 774 4420 assurgere
805 4353 996 4417 queat,
1020 4349 1195 4419 idque
1236 4366 1368 4405 cum
1400 4350 1654 4421 desuper
1684 4349 1969 4421 originem

258 4426 259 4429 6
311 4437 577 4503 traxerit,
600 4442 657 4492 et
688 4437 760 4492 ad
792 4454 1005 4507 supera
1053 4442 1309 4503 vocetur,
1343 4438 1509 4494 illum
1557 4438 1668 4494 hac
1715 4438 1969 4495 cascitate

316 4525 602 4581 miserum
635 4525 925 4592 existimo,
958 4526 1189 4582 etiamsi
1236 4543 1327 4584 res
1357 4528 1603 4599 hujusce
1631 4529 1758 4584 vitae
1788 4527 1872 4583 illi
1902 4545 1971 4585 ex

316 4614 499 4671 animi
548 4614 842 4671 sententia
889 4615 1094 4683 ﬂuant,
1147 4622 1427 4690 tantoque
1475 4618 1653 4675 etiam
1705 4618 1969 4675 miserio-

316 4721 462 4777 rem,
495 4709 713 4778 quanto
758 4707 948 4779 magis
980 4723 1013 4761 a
1042 4707 1299 4763 secundo
1330 4724 1397 4763 ac
1428 4708 1581 4765 felici
1612 4708 1772 4764 ﬂuxu
1801 4707 1972 4765 delu-

382 4824 429 4861 “
456 4824 658 4882 Matth.
690 4840 830 4897 χχιι,
861 4825 952 4880 32.

556 4949 703 5015 Θεὸς,
775 4950 850 5011 ὡς
917 4947 984 5003 οὐ
1046 4952 1250 5025 νεκρῶν
1302 4949 1670 5025 Θερςνάλλᾲ
1732 4951 1967 5019 ζώντων.

313 5045 342 5073 ιι
375 5024 501 5079 Non
535 5028 600 5078 ut
642 5028 1009 5079 mortuorum
1064 5023 1235 5088 Deus,
1290 5024 1391 5079 sed
1439 5023 1786 5081 viventium.
1813 5047 1841 5075 »
1875 5025 1971 5080 Sic

315 5094 497 5184 Degg.
534 5096 902 5184 plunes,duo
933 5094 1261 5184 Qoisl.,_9r.
1379 5100 1486 5184 etc;
1522 5101 1696 5184 Deest
1743 5096 1800 5184 in
1855 5098 1969 5184 ed,

316 5164 486 5243 ὡςόῥ
518 5164 719 5243 νεκρῶν
766 5167 915 5228 Θεός.
953 5168 1016 5221 In
1066 5167 1421 5238 quibusdam
1471 5167 1705 5241 legitur,
1738 5166 1813 5228 ὡς
1845 5166 1973 5243 οὐχὶ

309 5240 513 5310 νεκρῶν
545 5239 694 5298 Θεός.

383 5309 498 5383 (30)
531 5311 856 5383 Συγγενοξὶς.
888 5315 983 5366 Or.
1020 5309 1046 5363 1
1082 5310 1246 5366 addit
1279 5310 1432 5383 ἡμῖν.

384 5381 497 5450 (31)
531 5380 725 5436 Αὐτόν.
771 5382 865 5437 Sic
924 5382 1101 5507 Regg.
1154 5400 1207 5452 a,
1257 5380 1414 5450 c,'d,
1466 5381 1735 5437 undecim
1786 5382 1971 5450 Colb.,

385 5469 457 5507 s..
493 5458 602 5507 etc.
638 5455 700 5507 in
742 5453 857 5507 ed..
893 5452 988 5506 αὐτ
1031 5497 1041 5507 .

313 5452 457 5516 Jes.,
493 5458 602 5507 etc.
638 5455 700 5509 in
742 5453 857 5517 ed.,
893 5452 1041 5509 αὐτόῖ

390 5523 504 5591 (32)
544 5520 935 5583 Ἥλιοειδεῖς...
990 5521 1266 5588 θεοειδεῖς.
1316 5548 1340 5573 ‹‹
1388 5525 1580 5579 Solem
1640 5524 1971 5580 videntes...

318 5592 505 5668 Deum
552 5596 831 5668 videntes.
860 5619 887 5668 )3
920 5598 1047 5652 Haec
1098 5598 1405 5668 utriusque
1437 5597 1591 5652 vocis
1640 5613 1769 5651 esse
1817 5598 1974 5652 vide-

319 5664 819 5740 tugsigniﬁcatio.
853 5666 1039 5731 Quare
1087 5669 1180 5723 hic
1214 5664 1377 5725 locus
1408 5670 1491 5725 sic
1522 5668 1685 5740 reddi
1734 5673 1927 5740 potest
1959 5686 1972 5724 :

329 5753 354 5785 ι
384 5733 487 5790 Ille
511 5733 712 5809 efﬁcit,
744 5742 810 5793 ut
857 5740 1116 5811 corporis
1157 5740 1312 5799 oculi
1361 5742 1547 5801 solem
1592 5733 1847 5813 videant,
1879 5740 1976 5798 hic

2072 3277 2230 3356 νέφος
2262 3278 2376 3353 χρὴ
2411 3274 2608 3352 λέγειν,
2642 3272 2750 3330 εἷ’τε
2778 3273 3158 3350 προκάλυμμα
3186 3274 3321 3347 (35),
3370 3276 3487 3345 Θεῷ
3532 3292 3723 3347 συγγε-

2071 3365 2276 3436 νέσθαι,
2327 3365 2415 3421 καθ
2463 3370 2544 3437 τῷ
2595 3364 3036 3442 ἀκραιφνεστάτῳ
3088 3361 3227 3442 φωτὶ
3258 3363 3542 3437 κραθῆναι,
3593 3371 3724 3424 καθ-

2074 3457 2198 3513 όσον
2229 3455 2443 3535 ἐφικτὸν
2479 3452 2789 3529 ἀνθρωπίνῃ
2819 3452 2973 3531 φύσει
3000 3471 3013 3485 ’
3066 3451 3330 3526 μακάριος
3390 3448 3571 3520 οὗτος,
3623 3456 3724 3518 τῆς

2073 3568 2130 3602 τε
2160 3546 2395 3601 ἐντεῦθεν
2428 3542 2761 3611 ἀναϐάσεως,
2792 3542 2883 3597 καὶ
2912 3549 3014 3611 τῆς
3063 3541 3232 3596 ἐκεῖσε
3286 3542 3400 3613 (36)
3458 3540 3723 3607 θεώσεως,

2073 3636 2139 3706 ἦν
2172 3636 2232 3689 τὸ
2262 3633 2493 3711 γνησίως
2528 3632 2896 3711 φιλοσοφῆσαι
2925 3630 3232 3707 χαρίζεσαι,
3261 3629 3351 3684 καὶ
3377 3629 3438 3683 τὸ
3472 3627 3603 3705 ὑπὲρ
3624 3628 3721 3696 τὴν

2077 3724 2271 3793 ὁλικήν
2308 3720 2476 3778 δυάδα
2501 3721 2765 3798 γενέσθαι,
2797 3718 2885 3775 διὰ
2915 3722 3014 3789 τὴν
3049 3717 3100 3775 ἐν
3149 3722 3218 3793 τῇ
3266 3715 3456 3795 Τριάδι
3503 3718 3728 3789 νοουμέ-

2073 3836 2172 3884 νην
2207 3812 2431 3881 ἒνότητα
2466 3814 2653 3874 ’Όστις
2688 3809 2745 3865 δὲ
2778 3810 2880 3866 ὑπὸ
2908 3816 3008 3880 τῆς
3060 3811 3175 3883 (37)
3225 3808 3484 3883 συζυγίας
3529 3807 3729 3883 χείρων

2077 3902 2305 3980 ἰγὲνετο,
2366 3900 2454 3956 καὶ
2512 3905 2769 3955 τοσοῦτον
2828 3904 2908 3971 τῷ
2955 3896 3122 3971 πηλῷ
3172 3899 3493 3973 συνεσχέθη,
3540 3896 3614 3959 ὡς
3650 3896 3725 3968 μὴ

2080 3990 2373 4062 δυνηθῆναι
2430 3984 2700 4064 ἰμϐλέψαι
2760 3990 2897 4064 πρὸς
2940 3989 3036 4051 τὰς
3084 3993 3184 4057 τῆς
3234 3985 3497 4057 ἀληθείας
3544 3984 3728 4061 αὐγὰς,

2082 4079 2223 4155 μηδὲ
2283 4081 2413 4154 ὑπὲρ
2459 4080 2527 4134 τὰ
2566 4078 2714 4135 κάτω
2757 4077 3025 4155 γενέσθαι,
3073 4076 3312 4154 γεγονὼς
3360 4077 3581 4142 ἄνωθεν,
3640 4073 3729 4128 καὶ

2078 4170 2213 4247 πρὸς
2244 4172 2309 4225 τὰ
2340 4166 2451 4224 ἅνω
2498 4168 2838 4242 καλούμενος
2864 4185 2877 4198 ·
2928 4164 3116 4229 ἄθλιος
3158 4165 3321 4228 οὗτος
3353 4164 3476 4239 ἐμοὶ
3506 4170 3608 4235 τῆς
3636 4184 3731 4219 τυ-

2079 4258 2369 4339 φλώσεως,
2428 4259 2523 4313 κᾶν
2585 4258 2749 4333 εὐροῇ
2806 4261 2925 4319 τοῖς
2986 4255 3243 4311 ἐνταῦθα’
3319 4253 3409 4310 καὶ
3487 4252 3731 4325 τοσούτῳ

2078 4347 2266 4417 πλέον,
2299 4345 2513 4421 ὅσῳπερ
2547 4346 2604 4401 ἂν
2642 4343 2857 4419 μᾶλλον
2892 4346 2995 4400 ὑπὸ
3036 4351 3137 4414 τῆς
3190 4342 3404 4419 εὐροίας
3449 4342 3733 4412 παίζηται,

2078 4439 2169 4493 καὶ
2197 4438 2447 4507 πείθηται
2480 4433 2619 4491 ἄλλο
2648 4457 2701 4490 τι
2730 4434 2897 4491 καλὸν
2939 4435 3073 4489 εἶναι
3117 4433 3225 4509 πρὸ
3274 4436 3371 4488 τοῦ
3420 4427 3576 4493 ὄντος
3635 4449 3733 4484 κα-

2083 4527 2205 4599 λοῦ,
2259 4526 2502 4601 πονηρὸν
2558 4530 2801 4601 πονηρᾶς
2862 4519 3018 4594 δόξης
3071 4523 3275 4599 καρπὸν
3321 4518 3671 4598 δρεπόμενος,
3702 4520 3736 4587 ἣ

2084 4617 2245 4696 ζόφον
2295 4617 2702 4692 κατακριθῆναι,
2752 4615 2787 4684 ἣ
2835 4613 2909 4676 ὡς
2968 4610 3075 4686 πῦρ
3111 4610 3263 4684 ἰδεῖν,
3296 4609 3353 4667 6'v
3386 4610 3461 4673 ὡς
3492 4612 3606 4688 φῶς
3637 4606 3735 4664 οὐκ

2084 4707 2399 4784 ἰγνώρισεν.

2082 4966 2317 5036 quoque
2346 4950 2547 5017 efﬁcit,
2578 4953 2644 5005 ut
2684 4951 2908 5005 natura
2944 4945 3189 5003 rationis
3220 4947 3521 5018 compotes
3552 4942 3735 4999 Deum

2080 5025 2337 5080 videant.
2359 5043 2388 5073 »

2154 5096 2263 5166 (33)
2293 5098 2380 5150 Τε,
2412 5092 2796 5167 Sic‘quatuor
2827 5092 3008 5167 Regg.
3043 5088 3217 5145 Deest
3240 5086 3302 5167 in
3333 5088 3464 5167 ed."
3572 5158 3601 5167 ⁸
3647 5156 3657 5167 _

2154 5155 2267 5239 (34)
2298 5167 2464 5239 Ἕξει.
2499 5155 2592 5239 Sic
2641 5164 2823 5239 Regg.
2857 5155 3301 5239 quihquetocto
3348 5155 3739 5239 go_lb.,_Coisl.

2154 5168 2267 5239 (34)
2298 5167 2464 5294 "Eia.
2499 5167 2592 5248 Sic
2641 5167 2821 5245 Regg.
2857 5167 3138 5245 quinque,
3173 5167 3301 5216 octo
3348 5167 3532 5240 Colb.,
3564 5167 3739 5212 C0131.

2085 5240 2137 5307 1,
2171 5239 2331 5318 Pass.
2372 5243 2453 5318 “ta
2481 5241 2658 5318 etiam
2691 5232 3513 5318 legit.Billiusnpombeﬁslus
3542 5233 3740 5285 tamen

2084 5305 2340 5383 praefert,
2370 5305 2608 5383 Exst,_ut
2637 5309 2697 5363 in
2730 5305 2906 5383 editis
2934 5305 3240 5383 reperitur.

2156 5385 2270 5457 (35)
2322 5368 2738 5457 ’Πρῖὶκάλυμμω
2809 5368 3017 5435 Οοὶ81.’
3053 5379 3080 5431 1
3150 5375 3347 5445 addit,
3418 5368 3743 5427 διαπτύσαν-

2122 5475 2157 5511 ι.

2082 5474 2111 5508 τ
2156 5527 2270 5599 (36)
2300 5527 2523 5602 Ἐκεῖσε.
2560 5526 2624 5579 In
2658 5519 2982 5602 nonnullis,
3016 5518 3239 5602 ἇκεῖθεν.
3272 5590 3283 5602 .
3322 5588 3336 5602 Ἰ
3405 5590 3417 5602 ⁸
3486 5592 3520 5602 Α
3632 5591 3642 5602 ι
3683 5585 3694 5599 ,

2086 5588 2270 5727 ΘάξῗἿ)
2299 5602 2430 5667 Τῆς.
2462 5597 2555 5655 Sic
2586 5596 2851 5670 quinque
2880 5593 3059 5667 Regg.
3094 5596 3149 5648 et
3188 5588 3363 5650 Coisl.
3398 5590 3447 5645 1.
3480 5591 3651 5644 Deest
3679 5588 3745 5644 in
