4090 6452
401 425 558 487 1085

1336 422 1625 484 ORATIO
1670 421 1831 483 XXI.
1858 454 1936 465 —
1963 420 2043 479 IN
2088 417 2421 481 LAUDEM
2464 416 2919 479 ATHANASII.

3657 408 3823 473 1086'

398 573 498 612 sus
529 556 725 627 fuerit,
750 554 983 627 sibique
1011 553 1172 610 aliud
1204 555 1523 626 quodpiam
1556 554 1797 620 bonum,
1819 570 1955 608 vero
1989 552 2140 608 bono
2171 550 2563 623 praestabilius
2592 566 2719 605 esse
2751 549 3127 621 persuaserit,
3160 548 3381 603 malum
3415 547 3620 619 utique
3648 545 3815 601 malas

396 648 689 721 Opinionis
722 649 977 703 fructum
1009 648 1349 717 decerpens,
1379 646 1682 714 nimirum,
1714 650 1780 700 ut
1809 644 1897 700 vel
1926 644 2184 700 tenebris
2214 642 2549 707 mulctetur,
2575 642 2663 697 vel
2695 658 2829 696 eum
2862 646 3145 712 tanquam
3174 639 3372 712 ignem
3400 639 3613 707 videat,
3640 654 3812 707 quem

398 743 462 793 ut
491 738 681 793 lucem
716 738 956 792 minime
986 738 1276 808 cognovit.

469 844 541 897 I".
574 846 748 896 Ταῦτα
779 841 987 916 ὀλίγοις
1050 841 1143 913 μὶν
1203 838 1602 918 ἆφιλοσυφήθη,
1655 839 1745 895 καὶ
1795 843 1902 894 τῶν
1930 843 2044 908 νῦν,
2081 902 2083 907 γ

2234 840 2330 895 ΙΙΙ.
2366 843 2496 894 Haec
2541 838 2764 910 paucis,
2797 844 2916 894 tam
2952 841 3162 893 nostrae
3213 834 3603 907 tempestatis,
3638 850 3813 905 quam

403 932 493 987 καὶ
523 935 629 985 τῶν
662 928 831 985 πάλαι
866 930 1071 1004 (ὀλίγοι
1120 930 1224 1004 γὰρ
1274 930 1324 983 οἱ
1354 934 1450 983 τοῦ
1482 934 1636 997 Θεοῦ,
1668 929 1828 983 εἶκαὶ
1858 930 2052 990 πάντες

405 1019 740 1093 πλάσματα),
774 1019 1111 1090 νομοθέταις,
1163 1024 1512 1094 στρατηγοῖς,
1566 1019 1786 1093 ἱερεῦσι,
1838 1019 2053 1092 προφή-

400 1129 541 1175 ταις,
602 1106 1029 1183 εὐαγγελισταῖς,
1077 1107 1431 1178 ἀποστόλοις,
1491 1108 1733 1180 ποιμέσι,
1804 1104 2054 1160 διδασκά-

401 1195 544 1264 λοις,
577 1196 665 1250 καὶ
701 1198 811 1269 (38)
840 1195 995 1249 παντὶ
1044 1200 1394 1266 πνευματικῷ
1446 1194 1783 1270 πληρώματι
1832 1196 1921 1249 καὶ
1971 1217 2058 1249 συ-

401 1288 657 1357 στήματι,
721 1284 772 1338 ἐν
834 1281 890 1337 δὲ
945 1289 1061 1345 τοῖς
1112 1289 1265 1353 πᾶσι,
1314 1284 1401 1338 καὶ
1432 1288 1510 1355 τῷ
1539 1289 1630 1338 νῦν
1659 1284 2052 1357 ἐπαινουμένῳ.

402 1375 557 1435 Τίνας
591 1371 657 1441 δὴ
691 1372 835 1448 λέγω
862 1374 1129 1441 τούτους;
1163 1372 1285 1426 Οίον
1327 1374 1417 1427 τὸν
1472 1373 1651 1448 Ἑνὼχ
1687 1374 1912 1441 ἐκεῖνον,
1961 1374 2052 1427 τὸν

404 1467 546 1531 Νῶε,
599 1462 691 1516 τὸν
762 1456 1014 1537 Αϐραὰμ,
1066 1463 1157 1516 τὸν
1220 1464 1419 1531 Ἰσαὰκ,
1479 1463 1569 1516 τὸν
1655 1457 1869 1529 Ἰακὼϐ,
1927 1462 2054 1524 τοὺς

403 1549 613 1606 δώδεκα
664 1549 1026 1626 πατριάρχας,
1084 1551 1174 1604 τὸν
1236 1550 1466 1606 Μῶϋσὲα
1520 1553 1654 1624 (39),
1694 1552 1787 1605 τὸν
1820 1553 2052 1625 ’Δαρὼν,

402 1640 493 1695 τὸν
556 1642 786 1709 Ἰησοῦν,
841 1638 968 1700 τοὺς
1016 1638 1233 1713 Κριτὰς,
1278 1640 1367 1694 τὸν
1423 1640 1711 1713 Σαμουὴλ,
1742 1640 1834 1695 τὸν
1864 1636 2054 1709 Δαϐὶδ,

398 1730 491 1784 τὸν
523 1727 863 1801 Σολομῶντα
896 1729 1061 1804 μέχρι
1090 1731 1258 1801 τινὸς,
1308 1730 1400 1783 τὸν
1463 1728 1672 1800 Ἠλίαν,
1731 1730 1822 1784 τὸν
1881 1729 2059 1785 Ἐλισ-

404 1824 579 1887 σαῖον,
612 1816 741 1879 τοὺς
773 1818 879 1893 πρὸ
909 1824 1008 1882 τῆς
1041 1817 1430 1893 αἷχμαλωσίπος
1463 1823 1768 1897 προφήτας,
1798 1818 1926 1880 τοὺς
1964 1840 2057 1892 με-

404 1908 473 1963 τὰ
500 1909 599 1976 τὴν
633 1905 1014 1981 αἰχμαλωσίαν
1043 1926 1055 1938 ·
1089 1908 1177 1961 καί
1211 1910 1323 1980 (4U)
1353 1910 1420 1961 τὰ
1450 1907 1731 1962 τελευταῖα
1776 1905 1841 1977 δὴ
1892 1913 2060 1962 ταῦτα

406 2000 475 2069 τῇ
506 1995 670 2066 τάξει,
720 1995 810 2050 καὶ
845 2000 1037 2071 πρῶτα
1082 1999 1150 2069 τῇ
1201 1998 1312 2068 (4|)
1359 1996 1613 2068 ἀληθείᾳ,
1663 1996 1762 2051 ὅσα
1809 1996 1932 2073 περὶ
1959 2000 2057 2067 τὴν

407 2088 642 2160 Χριστοῦ
674 2083 965 2159 σάρκωσιν,
996 2082 1121 2153 ἤτοι
1150 2084 1488 2161 πρόσληψιν,
1532 2086 1621 2140 τὸν
1653 2086 1760 2162 πρὸ
1805 2091 1900 2141 τοῦ
1954 2108 2062 2164 φω-

402 2173 496 2235 τὸς
527 2172 752 2248 λύχνον,
781 2174 880 2241 τὴν
933 2173 1039 2248 πρὸ
1086 2178 1184 2227 τοῦ
1236 2173 1416 2248 Λόγου
1448 2176 1656 2252 φωνὴν,
1686 2176 1779 2230 τὸν
1811 2176 1917 2251 πρὸ
1963 2180 2060 2230 τοῦ

402 2262 636 2318 Μεσίτου
698 2261 937 2334 μεσίτην,
1003 2262 1229 2334 μεσίτην
1288 2261 1533 2326 Παλαιᾶς
1619 2267 1894 2335 Διαθήκης
1972 2266 2061 2320 καὶ

407 2350 562 2423 Νέας,
596 2352 842 2421 Ἰωάννην
871 2351 962 2405 τὸν
1010 2353 1168 2421 πάνυ,
1200 2351 1328 2414 τοὺς
1360 2358 1593 2428 Χριστοῦ
1642 2354 1903 2427 μαθητὰς,
1933 2355 2064 2416 τοὺς

416 2442 552 2514 μετᾶ
600 2440 845 2513 Χριστὸν,
980 2438 1116 2494 λαοῦ
1164 2443 1646 2515 προκαθεσθέντας,
1696 2444 1732 2511 ἢ
1772 2439 1861 2497 διὰ
1894 2442 2064 2519 λόγου

415 2530 837 2605 φανερωθέντας,
870 2526 1013 2597 ἢδιᾶ
1040 2529 1284 2602 σημείων
1311 2533 1706 2611 γνωρισθέντας
1738 2534 1849 2606 (42)
1899 2534 1932 2602 ἣ
1976 2553 2066 2587 τεο

419 2616 737 2681 λειωθέντας
773 2615 842 2672 δι’
872 2618 1123 2691 αἳματος.

2163 928 2374 1001 priscis
2408 928 2747 983 hominibus
2798 944 2948 982 cura
3000 943 3066 981 ac
3115 925 3310 980 studio
3361 925 3600 979 fuerunt
3629 920 3816 993 (pauci

2164 1018 2320 1073 enim
2380 1017 2479 1072 Dei
2531 1023 2687 1085 sunt,
2723 1016 2992 1088 quamvis
3031 1031 3235 1069 omnes
3293 1014 3481 1086 ipsius
3538 1013 3818 1085 ﬁgmenta

2166 1108 2325 1177 sint),
2352 1106 2807 1178 legislatoribus,
2832 1104 3059 1160 bellicis
3089 1104 3359 1169 ducibus,
3392 1101 3816 1167 sacerdotibus,

2166 1195 2486 1267 prophetis,
2520 1194 2915 1267 evangelistis,
2953 1191 3257 1265 apostolis,
3299 1192 3654 1263 pastoribus,
3683 1191 3819 1245 doc-

2165 1286 2415 1352 toribus,
2462 1284 2736 1354 omnique
2785 1282 3074 1353 spirituali
3125 1282 3298 1337 coetui
3350 1286 3525 1351 atque
3574 1280 3816 1351 agmini,

2165 1374 2320 1430 inter
2348 1390 2553 1429 omnes
2586 1380 2781 1428 autem
2815 1389 2913 1428 eos
2944 1372 3081 1426 huic
3113 1387 3369 1442 quoque,
3402 1371 3458 1424 in
3490 1370 3661 1439 cujus
3691 1368 3817 1423 lau-

2167 1465 2297 1518 dem
2332 1463 2451 1517 haec
2485 1480 2518 1517 a
2548 1464 2718 1517 nobis
2750 1462 2996 1517 habetur
3023 1460 3230 1515 oratio.
3256 1462 3411 1524 Quos
3441 1459 3678 1513 tandem
3710 1457 3820 1511 hos

2167 1553 2339 1607 dico?
2381 1551 2575 1607 Enoch
2626 1551 2818 1617 illum,
2851 1551 2990 1616 Noe,
3023 1548 3339 1615 Abraham,
3388 1549 3565 1613 Isaac,
3614 1546 3818 1612 Jacob,

2167 1642 2473 1697 duodecim
2526 1640 2906 1712 patriarchas,
2959 1639 3237 1710 Moysem,
3274 1640 3576 1704 Aaronem,
3614 1636 3817 1701 Josue,

2167 1731 2425 1796 Judices,
2449 1729 2805 1794 Samuelem,
2829 1729 3129 1797 Davidem,
3153 1727 3525 1782 Salomonem
3557 1724 3821 1795 aliquan-

2168 1819 2371 1891 tisper,
2406 1819 2613 1883 Eliam,
2645 1818 2941 1885 Elisaeum,
2971 1815 3305 1888 prophetas,
3330 1814 3429 1886 qui
3463 1814 3549 1868 vel
3579 1812 3819 1884 captivi-

2169 1912 2350 1963 tatem
2414 1911 2876 1974 antecesserunt,
2933 1905 3018 1961 vel
3077 1909 3210 1977 post
3267 1920 3394 1959 eam
3452 1903 3819 1959 exstiterunt.

2170 2000 2357 2069 Atque
2388 1997 2527 2063 haec,
2564 1996 2766 2052 ordine
2795 1996 3033 2067 quidem
3081 1999 3394 2066 postrema,
3428 1997 3700 2048 caeterum
3733 2007 3824 2046 re-

2169 2104 2305 2143 vera
2351 2086 2562 2157 prima,
2596 2103 2722 2157 qua:
2763 2085 2917 2140 circa
2948 2084 3163 2139 Christi
3195 2082 3686 2146 lncarnationem,
3720 2096 3824 2136 seu

2170 2175 2557 2231 humanitatis
2600 2172 3086 2245 assumptionem,
3120 2171 3509 2244 contigerunt,
3543 2170 3823 2225 nimirum

2173 2264 2474 2320 lucernam
2534 2263 2697 2318 illam
2759 2266 2893 2318 ante
2948 2262 3184 2326 Lucem,
3230 2276 3429 2316 vocem
3491 2264 3624 2314 ante
3679 2262 3827 2313 Ver-

2176 2354 2338 2420 bum,
2374 2354 2755 2409 mediatorem
2802 2355 2936 2407 ante
2975 2350 3379 2418 Mediatorem,
3409 2348 3519 2403 hoc
3566 2351 3677 2411 est,
3710 2346 3827 2402 exi-

2178 2444 2363 2497 mium
2394 2442 2562 2497 illum
2610 2444 2916 2506 Joannem,
2950 2440 3047 2513 qui
3083 2439 3314 2494 medius
3362 2438 3517 2492 inter
3561 2436 3744 2492 Vetus
3774 2441 3833 2490 et

2178 2537 2403 2587 Novum
2454 2532 2897 2587 Testamentum
2947 2528 3191 2593 exstitit,
3224 2527 3437 2583 Christi
3486 2524 3827 2595 discipulos,

2181 2639 2280 2677 eos
2311 2620 2579 2691 denique,
2614 2620 2713 2691 qui
2756 2623 2887 2689 post
2916 2618 3213 2673 Christum
3243 2616 3327 2671 vel
3382 2614 3531 2687 plebi
3584 2615 3829 2686 praefue-

415 2714 578 2775 runt,
608 2709 695 2765 vel
729 2726 831 2781 per
860 2726 1191 2765 sermonem
1223 2727 1287 2766 ac
1316 2711 1641 2768 doctrinam
1676 2712 1734 2767 in
1764 2712 2145 2784 conspicuum
2176 2716 2481 2782 venerunt,
2513 2709 2599 2765 vel
2644 2727 2747 2781 per
2776 2707 3059 2764 miracula
3103 2705 3390 2761 nobilitati
3421 2709 3579 2775 sunt,
3611 2703 3698 2759 vel
3730 2720 3834 2775 per

414 2800 765 2871 sanguinem
796 2800 1209 2854 consummati.

486 2910 556 2958 A’.
611 2903 825 2957 Τούτων
874 2902 1217 2974 Ἀθανάσιος,
1265 2910 1381 2968 τοῖς
1437 2907 1531 2979 μὲν
1577 2906 1899 2981 ἠμιΛλήθη,
1955 2912 2063 2963 τῶν

411 2986 470 3045 δὶ
504 2992 694 3063 μικρὸν
741 2989 1071 3068 ἀπελείφθη,
1123 2991 1235 3047 ἔστι
1285 2991 1342 3048 δὶ
1391 2994 1483 3056 οὕς
1531 2996 1620 3050 καὶ
1673 2997 1985 3073 ὑπερέσχεν,
2021 2998 2067 3052 εί

411 3081 487 3151 μή
519 3078 804 3156 τολμηρὸν
840 3080 1008 3135 εἰπεῖν
1046 3100 1061 3116 ο
1106 3082 1195 3135 καὶ
1242 3087 1351 3137 τῶν
1391 3084 1484 3156 μὲν
1516 3086 1608 3139 τὸν
1642 3084 1831 3161 λόγον,
1854 3090 1975 3142 ’τῶν
2012 3085 2069 3144 δὶ

405 3170 505 3238 τὴν
548 3172 761 3244 πρᾶξιν,
815 3175 922 3223 τῶν
988 3167 1044 3224 δὲ
1073 3170 1136 3225 τὸ
1166 3178 1360 3245 πρᾶον,
1390 3178 1498 3228 τῶν
1528 3173 1585 3229 δὲ
1614 3177 1706 3230 τὸν
1738 3176 1927 3249 ζῆλον,
1959 3184 2065 3233 τῶν

410 3253 467 3310 δὲ
508 3255 634 3317 τοὺς
688 3255 998 3331 κινδύνους,
1048 3262 1153 3313 τῶν
1207 3256 1265 3314 δὲ
1310 3262 1377 3316 τὰ
1405 3260 1601 3331 πλείω,
1633 3268 1740 3319 τῶν
1776 3262 1834 3319 δὲ
1862 3266 1927 3320 τὰ
1960 3269 2068 3340 (43)

410 3342 621 3401 ἃπαντα
655 3345 1062 3421 μιμησάμενος,
1094 3349 1182 3403 καὶ
1211 3348 1352 3406 ἄλλο
1403 3351 1494 3406 ἀπ’
1524 3349 1700 3408 ἄλλου
1728 3352 1938 3418 κάλλος
1970 3356 2069 3411 λα·-

414 3428 549 3505 6ὼν,
609 3434 790 3522 ὣσπερ
839 3438 891 3491 οἱ
939 3439 1034 3499 τὰς
1089 3441 1302 3516 μορφὰς
1341 3442 1457 3513 μεθ’
1490 3438 1802 3518 ὑπερϐολῆς
1834 3447 2070 3522 γράφον-

2249 2909 2400 2965 388
2436 2908 2525 2963 IV.
2560 2909 2639 2962 Ex
2676 2906 2771 2963 his
2805 2904 3161 2961 Athanasius
3207 2903 3353 2959 alios
3385 2901 3723 2973 exaequavit,
3758 2902 3829 2957 ab

2177 2998 2307 3054 aliis
2356 2997 2664 3070 paululum
2712 2995 2917 3063 abfuit,
2960 2994 3278 3049 nonnullos
3327 2992 3523 3059 etiam,
3555 2990 3671 3046 nisi
3720 2990 3830 3046 hoc

2177 3089 2457 3144 audacius
2490 3105 2521 3142 a
2551 3103 2644 3142 me
2692 3086 2913 3141 dictum
2944 3084 3232 3151 videatur,
3264 3081 3580 3138 antecessit
3613 3098 3626 3136 :
3657 3084 3833 3153 atque

2180 3177 2431 3234 aliorum
2484 3192 2813 3233 sermonem
2846 3181 2902 3230 et
2930 3174 3341 3242 eruditionem,
3375 3170 3625 3227 aliorum
3658 3170 3836 3226 actio-

2181 3284 2353 3335 nem,
2411 3266 2660 3322 aliorum
2716 3264 3253 3327 mansuetudinem,
3312 3261 3563 3318 aliorum
3621 3260 3832 3325 zelum,

2180 3358 2429 3413 aliorum
2491 3355 2951 3425 dimicationem,
3012 3352 3262 3408 aliorum
3321 3351 3526 3420 multa,
3586 3350 3834 3405 aliorum

2182 3446 2381 3502 omnia
2429 3446 2716 3501 imitando
2767 3450 3136 3505 consecutus,
3170 3448 3345 3512 atque
3393 3441 3550 3495 aliud
3601 3439 3673 3494 ab
3723 3438 3835 3494 alio

413 3541 526 3620 τες,
574 3521 662 3575 καὶ
712 3522 788 3582 είς
842 3523 965 3594 μίαν
1008 3527 1108 3593 τήν
1157 3528 1348 3580 ἑαυτοῦ
1397 3531 1583 3603 ψυχὴν
1634 3521 1970 3608 συναγαγὼν,
2012 3531 2065 3588 ἓν

2183 3541 2515 3603 mutuatus,
2540 3535 3035 3605 quemadmodum
3060 3532 3155 3601 qui
3182 3533 3399 3585 formas
3422 3545 3521 3583 seu
3549 3528 3837 3599 imagines

415 3606 613 3681 ἀρετῆς
664 3606 803 3671 εἶδος
851 3609 909 3664 ἐκ
954 3610 1170 3665 πάντων
1217 3610 1665 3689 ἀπηκριϐώσατο,
1714 3606 1860 3681 τοὺς
1888 3621 1981 3693 μὲν
2016 3620 2067 3677 ἰν

418 3694 570 3772 λόγῳ
601 3693 808 3759 δεινοὺς
836 3702 904 3770 τῇ
936 3698 1144 3773 πράξει,
1177 3700 1304 3761 τοὺς
1334 3704 1667 3775 πρακτικοὺς
1700 3704 1757 3760 δὲ
1802 3712 1881 3779 τῷ
1915 3704 2069 3783 λόγῳ

415 3787 669 3855 νικήσας’
726 3784 771 3839 εἰ
824 3785 1012 3859 βούλει
1062 3784 1138 3857 δὲ,
1181 3785 1337 3863 λόγῳ
1373 3790 1467 3862 μὲν
1499 3792 1625 3854 τοὺς
1657 3792 1986 3868 εὐδοκίμους
2017 3798 2067 3851 ἐν

417 3874 589 3950 μόγῳ,
637 3875 823 3949 πράξει
876 3873 932 3930 δὲ
981 3875 1108 3939 τοὺς
1158 3882 1639 3953 πρακτικωτάτους
1703 3881 2063 3958 ὑπερϐαλώνο

416 3964 507 4018 καὶ
536 3964 668 4026 τοὺς
704 3964 797 4038 μὲν
829 3966 946 4051 κατέ
976 3965 1255 4042 ἀμφότερα
1288 3968 1466 4041 μὲσως
1516 3966 1762 4046 ἔχοντας,
1818 3978 1896 4046 τῷ
1943 3976 2067 4051 περὶ

413 4053 477 4139 τὸ
534 4050 715 4130 ἕτερον
779 4049 1219 4130 ὑπερϐάλλοντι·
1271 4056 1400 4119 τοὺς
1461 4056 1517 4113 δὲ
1571 4062 1689 4115 καθ’
1743 4061 1920 4139 ἕτερον
1954 4049 2068 4137 (44)

414 4138 635 4215 ἄκρους,
673 4147 812 4231 ,τοῖς
876 4144 1207 4222 ἀμφοτέροις
1265 4145 1657 4221 παραδραμών.
1718 4138 1894 4207 Καὶεὶ
1931 4154 2070 4231 μέγα

410 4237 529 4293 τοῖς
560 4226 927 4307 προλαϐοῦσι,
978 4234 1041 4287 τὸ
1088 4232 1433 4313 παράδειγμα
1462 4237 1643 4313 τούτῳ
1674 4241 1919 4316 γενέσθαι
1970 4226 2068 4314 τῆς

413 4319 634 4396 ἀρετῆς,
666 4319 774 4397 οὐχ
802 4322 966 4391 ἦττον
1001 4322 1077 4386 εἷς
1101 4323 1368 4403 εὐφημίαν
1401 4331 1481 4399 τῷ
1514 4331 1771 4406 ἡμετέρῳ
1800 4332 1972 4405 καλῷ,
2006 4335 2069 4390 τὸ

411 4414 530 4471 τοῖς
567 4411 681 4483 μετ’
710 4409 870 4464 αὐτὸν
897 4410 1137 4487 γενέσθαι
1170 4411 1539 4489 παράδειγμα.

2182 3622 2470 3695 singulari
2493 3622 2685 3677 studio
2705 3628 2760 3676 et
2781 3619 3067 3692 elegantia
3090 3618 3359 3689 pingunt,
3376 3623 3550 3688 atque
3572 3617 3629 3670 in
3654 3632 3833 3670 unam

2182 3711 2467 3782 suiipsius
2520 3710 2779 3765 animam
2814 3707 3172 3779 complexus,
3209 3722 3389 3761 unum
3440 3722 3509 3760 ex
3556 3705 3835 3759 omnibus

2181 3800 2503 3872 perfectum
2539 3798 2768 3855 virtutis
2799 3797 3181 3854 simulacrum
3214 3794 3433 3851 edidit:
3460 3794 3543 3851 sic
3570 3794 3840 3849 videlicet

2182 3905 2244 3944 se
2275 3905 2645 3959 comparans,
2680 3894 2744 3942 ut
2776 3894 2831 3942 et
2861 3888 3111 3941 disertos
3143 3886 3388 3951 actione,
3423 3890 3479 3939 et
3509 3900 3702 3939 rerum
3739 3899 3835 3956 ge-

2180 3978 2491 4032 rendarum
2530 3977 2801 4032 facultate
2833 3975 3111 4048 praeditos
3153 3974 3481 4030 eruditione
3513 3980 3689 4045 atque
3718 3972 3836 4027 elo-

2180 4066 2421 4137 quentia
2454 4066 2745 4135 vinceret;
2780 4071 2881 4121 aut
2930 4066 2974 4120 si
3025 4064 3231 4133 mavis,
3256 4070 3310 4119 et
3342 4063 3623 4118 doctrinae
3654 4061 3840 4133 gloria

2180 4155 2476 4224 ﬂorentes,
2509 4156 2799 4221 doctrina,
2832 4160 2890 4210 et
2921 4155 3097 4210 rebus
3149 4153 3421 4224 gerendis
3467 4151 3833 4223 aptissimos,

2181 4246 2407 4301 actione
2439 4251 2777 4316 superaret:
2806 4251 3003 4315 atque,
3035 4249 3093 4298 et
3130 4242 3226 4311 iis,
3258 4242 3355 4313 qui
3394 4240 3741 4296 mediocrem
3776 4240 3833 4293 in

2181 4341 2425 4407 utroque
2454 4351 2663 4407 genere
2696 4335 2925 4389 laudem
2954 4333 3348 4397 habebant,eo
3372 4329 3639 4402 superior
3658 4335 3833 4396 esset,

2181 4425 2336 4495 quod
2369 4425 2428 4479 in
2462 4423 2640 4479 altero
2665 4424 2874 4480 horum
2900 4438 3133 4478 summe
3153 4421 3484 4487 excelleret;
3518 4425 3575 4474 et
3608 4436 3836 4485 rursus,

414 4498 509 4568 iis,
545 4501 646 4572 qui
696 4500 874 4556 altero
926 4503 1213 4558 duntaxat
1241 4521 1453 4576 genere
1502 4524 1876 4581 summopere
1915 4514 2271 4581 eminebant,
2309 4514 2413 4568 hoc
2471 4511 2704 4567 nomine
2764 4516 3084 4584 praestaret,
3114 4512 3266 4583 quod
3328 4518 3575 4582 utraque
3626 4509 3838 4564 virtute

415 4588 677 4660 polleret.
710 4589 872 4653 Quod
904 4589 952 4644 si
984 4590 1079 4645 his
1109 4592 1210 4662 qui
1242 4592 1438 4663 ipsum
1471 4600 1637 4651 astate
1674 4607 2118 4669 pracesserunt,
2153 4601 2387 4656 virtutis
2417 4600 2749 4672 exemplum
2802 4601 2909 4672 ipsi
2961 4601 3281 4671 praebuisse
3330 4616 3609 4672 magnum
3642 4604 3699 4653 et
3730 4599 3833 4653 ho-

418 4678 730 4734 noriﬁcum
763 4682 872 4749 est,
905 4694 1021 4735 non
1067 4680 1266 4736 minus
1315 4686 1468 4737 certe
1514 4683 1653 4741 huic
1683 4692 1883 4744 nostro
1932 4690 2275 4761 praeclarum
2331 4689 2552 4745 censeri
2602 4690 2791 4758 debet,
2827 4691 2981 4761 quod
3034 4688 3283 4761 posteris
3335 4687 3661 4760 exemplum
3711 4688 3838 4758 ipse

415 4767 611 4823 fuerit.

486 4874 558 4930 E'.
592 4871 773 4928 Πάντα
823 4872 918 4946 μὶν
961 4870 1027 4943 δὴ
1077 4873 1151 4930 τὰ·
1192 4875 1399 4932 ἐκείνου
1430 4874 1605 4953 λέγειν
1634 4900 1694 4936 τε
1718 4882 1808 4936 καὶ
1866 4885 2072 4956 θαυμά-

2250 4887 2317 4943 ν.
2353 4891 2544 4959 Atque
2576 4904 2809 4943 omnem
2844 4888 3081 4959 quidem
3131 4885 3290 4942 illius
3336 4886 3515 4941 vitam
3567 4900 3836 4942 sermone

417 4966 523 5031 ζειν
579 4961 909 5038 μακρότερον
961 4961 1020 5017 ἂν
1054 4961 1137 5035 εἷή
1186 4965 1379 5042 τυχὸν,
1425 4968 1459 5038 ἢ
1493 4970 1630 5024 κατὰ
1657 4972 1756 5041 τὴν
1790 4976 2062 5047 παροῦσαν

412 5052 593 5129 ἀρμήν
624 5055 722 5139 τοῦ
754 5049 943 5139 λόγου,
977 5054 1068 5107 καὶ
1099 5052 1341 5131 ἱστορίας
1381 5052 1560 5134 ἔργον,
1594 5059 1693 5115 οὐκ
1749 5060 2022 5139 εὐφημίας
2048 5083 2061 5097 ·

412 5138 444 5195 ἃ
471 5140 561 5195 καὶ
618 5138 731 5213 ΐδίᾳ
772 5138 1106 5217 παραδοῦναι
1155 5148 1338 5223 γραφῇ
1388 5144 1662 5221 παίδευμα
1702 5170 1761 5205 τε
1809 5138 1898 5204 καὶ
1929 5148 2063 5220 ἥδυ-

412 5249 525 5303 σμα
551 5235 668 5294 τοῖς
702 5231 777 5294 εἰς
836 5229 1082 5308 ὕστερον,
1136 5232 1304 5309 εὐχῆς
1357 5232 1515 5312 ἔργον
1569 5237 1715 5312 ἰμοὶ,
1765 5239 1944 5314 ὥσπερ
2002 5239 2061 5296 ὅν

484 5465 597 5542 (38)
628 5463 746 5519 Καί.
783 5466 878 5542 Sic
918 5466 1063 5542 Beg.
1093 5469 1300 5542 a,gbm,
1335 5470 1434 5542 pb.
1474 5472 1643 5529 Deest
1674 5474 1732 5530 in
1764 5476 1855 5531 ed.

632 5539 881 5611 Μωϋσᾼὲα.
916 5540 978 5593 In
1010 5538 1300 5611 pluribus,
1335 5538 1551 5600 Μωσὲα.

633 5607 752 5695 Καί.
787 5609 960 5692 Deest
988 5607 1048 5666 in
1081 5607 1403 5670 nonnullis.

582 5684 725 5753 )Tn.
757 5682 846 5737 Sic
895 5689 1151 5753 quatuor
1180 5685 1357 5753 Regg.
1400 5710 1403 5735 ι

418 5682 600 5822 δή(41)
628 5683 725 5753 Τῇ.
757 5682 846 5737 Sic
895 5689 1151 5754 quatuor
1180 5685 1357 5760 Regg.
1400 5690 1457 5743 et
1504 5689 1761 5745 Combef.
1794 5691 1857 5746 In
1905 5689 2067 5757 edit,

2176 4976 2452 5048 prosequi
2485 4994 2551 5032 ac
2583 4976 2857 5033 laudibus
2878 4977 3080 5032 efferre
3110 4975 3345 5048 longius
3368 4976 3615 5031 fortasse
3639 4974 3816 5030 fuerit

2177 5082 2355 5137 quam
2390 5066 2568 5137 hujus
2590 5065 2872 5121 orationis
2905 5064 3244 5120 institutum
3280 5066 3443 5132 ferat,
3470 5080 3535 5119 ac
3567 5081 3681 5119 non
3713 5067 3836 5119 tam

2175 5156 2426 5211 encomii
2452 5172 2599 5227 opus
2626 5171 2804 5226 quam
2838 5154 3123 5222 historiae;
3147 5171 3327 5227 quam
3352 5154 3530 5209 etiam
3554 5158 3619 5209 ut
3647 5158 3840 5226 poste-

2174 5244 2256 5299 ris
2306 5245 2659 5300 documento
2682 5248 2858 5316 atque
2881 5243 3251 5299 oblectationi
3277 5244 3533 5300 futuram
3556 5242 3835 5317 peculiari

2254 5480 2369 5553 (42)
2400 5477 2497 5531 Διὰ
2529 5475 2698 5553 λόγου
2730 5475 3153 5553 φαχερωθὲντας,
3184 5477 3216 5546 ἣ
3247 5473 3335 5531 διὰ
3364 5478 3610 5553 σημείων
3642 5498 3838 5553 γνωρι-

2183 5549 2763 5633 σθένταςζιουὶηςυκολ
2794 5549 2969 5633 Begg.
3018 5554 3075 5604 et
3133 5552 3416 5633 Combef.,
3451 5549 3539 5606 διὰ
3592 5549 3830 5622 σημείων

2180 5623 2593 5709 γνωρισθένταὲ
2686 5618 2774 5703 Bri
2805 5618 2975 5695 λόγου
3007 5618 3425 5696 φανερωθέντας.

2274 5696 2365 5839 43)
2395 5695 2492 5750 Τά.
2539 5695 2706 5749 Deest
2737 5695 2795 5748 in
2827 5695 3071 5778 quatuOr
3103 5695 3282 5823 Regg.
3316 5701 3372 5751 et
3401 5701 3494 5751 0r.
3531 5696 3581 5750 1.

2272 5767 2340 5824 44
2392 5764 2525 5829 Καθ’
2551 5761 2758 5841 ῑτιρον.
2791 5765 2967 5825 00181.
3003 5769 3053 5841 1,
3085 5777 3187 5834 καθ
3261 5766 3505 5844 κάτερον.

3510 5856 3528 5869 ί‹
