4090 6472
243 417 398 480 1087

1487 425 1553 485 S.
1601 420 1978 486 GREGORII
2020 418 2416 483 THEOLOGI

3502 425 3664 490 {088

238 555 456 628 scripto
487 559 770 615 mandare
812 559 1161 631 cumprimis
1205 564 1488 632 optarem,
1513 558 1895 631 quemadmo-

2021 555 2235 618 ίκεῖνος.
2294 553 2588 609 Ἀντωνίου
2642 558 2740 610 τυῦ
2797 553 2942 610 θείου
3002 555 3120 633 βίον
3178 557 3496 637 συνὲγῦαφε,
3562 562 3663 614 τοῦ

242 647 380 700 dim
415 647 540 719 ipse
565 648 680 703 divi
703 649 939 705 Antonii
960 651 1137 705 vitam
1163 650 1531 722 conscripsit,
1562 649 1896 704 monasticaa

239 751 450 808 nempe
479 739 605 792 vitea
657 745 945 812 przecepta
975 741 1087 794 sub
1120 740 1474 796 narrationis
1525 739 1717 812 specie
1765 743 1899 793 tan—

236 842 414 897 quam
444 825 563 882 lata
598 827 725 899 lege
756 829 1157 902 promulgans.
1193 830 1407 886 Verum
1441 846 1575 884 cum
1610 845 1796 901 pauca
1827 843 1896 882 ex

235 915 439 971 multis
473 915 631 973 illius
663 919 858 990 rebus,
894 936 1139 991 quasque
1171 937 1327 975 nunc
1361 919 1551 984 nobis,
1577 925 1642 974 ut
1669 918 1896 974 notiora

235 1008 294 1060 et
315 1005 661 1079 insigniora,
683 1008 836 1063 ultro
861 1010 1145 1064 memoria
1166 1009 1526 1082 suppeditat,
1547 1024 1897 1064 commemo-

240 1095 500 1150 ravimus
529 1096 617 1166 (ut
656 1096 833 1152 simul
868 1103 924 1152 et
954 1099 1260 1170 cupiditati
1311 1104 1521 1154 nostra“:
1571 1097 1894 1154 satisfacia-

241 1199 399 1248 mus,
423 1189 478 1239 et
508 1184 765 1240 ofﬁcium
801 1186 938 1241 huic
970 1187 1116 1242 festo
1144 1187 1408 1242 debitum
1444 1187 1894 1260 persolvamus),

241 1271 413 1343 plura
460 1273 555 1342 iis,
596 1275 812 1345 quibus
859 1292 928 1330 ea
981 1277 1216 1348 cognita
1274 1281 1434 1345 sunt,
1471 1276 1896 1347 relinquemus.

238 1361 437 1433 Neque
459 1363 612 1416 enim
650 1363 866 1435 alioqui
902 1364 1085 1437 pium,
1113 1382 1217 1421 nec
1248 1371 1444 1422 tutum
1477 1373 1585 1436 est,
1619 1383 1752 1420 cum
1785 1366 1895 1420 im-

237 1451 464 1522 piorum
499 1451 807 1508 hominum
840 1457 956 1508 vita
997 1457 1295 1512 memoriae
1327 1457 1626 1527 prodatur,
1652 1455 1898 1510 eximios

236 1540 452 1612 pietate
497 1541 651 1596 viros
703 1543 939 1598 silentio
990 1546 1460 1616 praetermittere;
1497 1545 1675 1616 idque
1725 1545 1784 1599 in
1833 1561 1900 1598 ea

236 1628 488 1701 civitate,
516 1647 694 1702 quam
745 1632 836 1687 vix
887 1633 1063 1688 etiam
1115 1633 1303 1689 multa
1352 1634 1586 1690 virtutis
1633 1631 1899 1705 exempla

2012 642 2307 719 μοναδικοῦ
2373 641 2494 719 βίόυ
2559 646 2900 718 νομοθεσῖαν,
2974 645 3025 699 ἰν
3102 643 3381 721 πλάσματι
3459 645 3660 725 διηγή-

2009 757 2143 797 σεως
2195 737 2328 807 (45).
2391 733 2579 809 Ὀλίγα
2638 731 2695 788 δὲ
2755 734 2814 788 ἐκ
2862 733 3088 789 πολλῶν
3136 740 3244 790 τῶν
3296 735 3502 792 ἐκείνου
3549 736 3660 792 διε-

2005 822 2303 896 ξελθόντες,
2354 824 2442 878 καὶ
2493 824 2592 878 ὃσα
2643 821 2917 900 σχεδιάζεί
2968 827 3102 896 ἡμῖν
3136 830 3225 879 νῦν
3259 828 3369 899 (46)
3401 827 3434 896 ἡ
3465 829 3657 900 μνήμη

2005 913 2081 975 ὡς
2136 913 2553 989 γνωριμώτερα,
2621 900 2714 967 ’ίνα
2781 912 2872 967 τόν
2941 934 3001 967 τε
3077 915 3345 990 ὴμάτερον
3421 915 3660 993 ἀφοσιω-

2004 1003 2223 1074 σώμεθα
2252 1001 2442 1070 πόθον,
2475 1003 2564 1056 καὶ
2594 1005 2660 1076 τῇ
2694 1001 2990 1077 πανηγύρει
3020 1003 3084 1056 τὸ
3117 1002 3262 1065 είκὸς
3291 1002 3664 1075 ἐκπληρώσω-

2011 1113 2102 1165 μεν
2149 1094 2286 1163 (47),
2335 1091 2403 1146 τά
2443 1090 2619 1147 πλείω
2648 1097 2764 1153 τοῖς
2795 1089 2963 1146 εἰδόσι
2995 1093 3330 1168 παρήσομεν.
3386 1091 3526 1150 Οὐδὲ
3554 1093 3658 1167 γὰρ

2007 1178 2191 1242 ἄλλως
2223 1181 2397 1252 ὅσιον,
2447 1179 2578 1236 οὐδὲ
2622 1180 2881 1258 ἀσφαλὶς,
2913 1176 3118 1236 ἀσεϐῶν
3154 1182 3247 1255 μὶν
3286 1181 3439 1258 βίους
3467 1189 3662 1256 τιμᾶσ-

2007 1271 2092 1324 θαι
2123 1275 2241 1332 ταῖς
2277 1271 2543 1342 μνήμαις,
2575 1269 2701 1332 τοὺς
2726 1267 2783 1324 δὲ
2804 1265 3044 1341 εὐσεϐείᾳ
3065 1267 3454 1346 διενεγκόντας,
3479 1275 3659 1346 σιωπῇ

2014 1357 2464 1434 ιταραπὲμψασθαι
2497 1362 2608 1431 (48)
2635 1378 2646 1390 ·
2693 1359 2782 1414 καὶ
2812 1364 2982 1414 ταῦτα
3012 1359 3065 1413 ἐν
3095 1358 3278 1432 πόλει,
3310 1361 3371 1429 ἣν
3408 1359 3569 1433 μόλις
3604 1361 3664 1414 ἂν

2004 1450 2095 1504 καὶ
2137 1446 2323 1504 πολλὰ
2368 1455 2469 1518 τῆς
2521 1450 2719 1524 ἀρετῆς
2769 1447 3142 1524 ὑποδείγματα
3189 1451 3426 1521 σώσειεν,
3482 1449 3659 1525 ὥσπερ

2005 1538 2132 1600 τοὺς
2163 1537 2420 1600 ἱππικοὺς
2442 1539 2530 1594 καὶ
2560 1540 2627 1593 τά
2655 1538 2872 1612 θέατρα,
2905 1538 3048 1593 οὕτω
3081 1536 3147 1608 δὴ
3179 1539 3270 1594 καὶ
3299 1539 3367 1594 τὰ
3393 1540 3510 1593 θεῖα
3538 1537 3660 1594 παί-

2012 1633 2202 1698 ζουσαν
2214 1672 2227 1685 .

235 1734 466 1774 servare
497 1721 746 1792 possint,
780 1723 998 1794 quippe
1033 1740 1184 1795 quae,
1220 1728 1282 1778 ut
1310 1723 1495 1779 circos
1526 1728 1582 1779 et
1611 1723 1858 1792 theatra,
1891 1721 1972 1776 ita
2000 1737 2093 1775 res
2124 1734 2356 1791 quoque
2387 1719 2618 1774 divinas
2649 1736 2752 1791 pro
2783 1718 2924 1775 ludo
2955 1719 3186 1775 habeat.

309 1808 463 1864 389
488 1810 581 1864 VI.
609 1809 712 1865 Ille
742 1810 920 1881 igitur
942 1813 998 1866 in
1024 1813 1238 1868 divinis
1264 1813 1526 1869 moribus
1549 1831 1615 1868 ac
1637 1811 1896 1883 discipli-

2081 1808 2120 1876 ζ’
2127 1851 2140 1864 .
2176 1808 2409 1869 Ἐκεῖνος
2467 1806 2669 1884 ἐτράφη
2734 1807 2828 1880 μὲν
2889 1807 3043 1869 εὐθὺς
3095 1806 3148 1862 ιν
3175 1811 3290 1869 τοῖς
3317 1807 3481 1871 θείοις
3507 1803 3662 1876 ἤθεσι

241 1898 334 1953 nis
357 1899 557 1954 statim
588 1900 872 1956 educatus
893 1906 1000 1971 est,
1026 1919 1158 1957 cum
1185 1902 1526 1959 liberalibus
1547 1903 1772 1958 artibus
1795 1918 1898 1974 per

241 1988 517 2060 exiguum
548 1991 831 2061 temporis
875 1992 1134 2063 spatium
1178 1993 1505 2063 tribuisset,
1531 2010 1602 2048 ne
1630 1992 1898 2047 videlicet

243 2076 590 2148 hujusmodi
622 2096 819 2133 rerum
843 2081 1081 2136 omnino
1114 2083 1280 2136 rudis
1310 2086 1368 2136 et
1415 2082 1678 2154 ignarus,
1714 2099 1898 2153 eaque

237 2166 485 2232 nescire,
511 2184 638 2239 quae
670 2168 782 2222 sibi
815 2172 1245 2226 contemnenda
1283 2173 1548 2236 duxerat,
1581 2172 1894 2226 videretur.

236 2253 434 2326 Neque
473 2256 627 2310 enim
681 2257 935 2313 nobilem
970 2264 1025 2314 et
1055 2261 1348 2332 egregiam
1401 2260 1581 2316 animi
1637 2259 1895 2316 indolem

240 2345 407 2399 vanis
457 2346 674 2403 studiis
705 2349 975 2420 occupari
1018 2350 1321 2417 sustinuit,
1354 2351 1679 2421 eodemque
1724 2351 1897 2406 modo

243 2434 416 2504 afﬁci,
454 2451 569 2506 quo
617 2436 872 2507 imperiti
916 2437 1171 2504 athletae,
1205 2441 1304 2511 qui
1335 2441 1474 2495 dum
1519 2457 1709 2496 aerem
1763 2439 1898 2512 plus

244 2539 423 2595 quam
456 2541 698 2596 corpora
730 2527 968 2592 feriunt,
992 2529 1364 2600 praemiorum
1389 2547 1491 2601 spe
1515 2530 1896 2585 frustrantur.

244 2614 450 2684 Atque,
483 2617 540 2668 et
569 2613 793 2671 Veteris
824 2622 882 2671 et
923 2617 1052 2672 novi
1092 2619 1448 2674 Testamenti
1482 2618 1663 2675 libros
1693 2635 1898 2675 omnes

241 2700 326 2756 ita
364 2703 808 2773 premeditatus,
842 2709 908 2760 ut
958 2723 1029 2762 ne
1080 2724 1262 2762 unum
1314 2708 1550 2779 quidem
1602 2707 1898 2780 quispiam

241 2789 416 2858 alius,
441 2807 558 2846 non
591 2793 763 2848 modo
795 2795 1307 2866 contemplatione,
1334 2798 1434 2852 sed
1457 2797 1632 2851 etiam
1667 2813 1899 2851 morum

243 2895 309 2934 ac
351 2880 480 2935 vitae
535 2880 847 2952 splendore
895 2884 1136 2955 ditatur,
1169 2901 1234 2940 ac
1285 2886 1533 2942 mirifice
1581 2890 1900 2958 utrumque

243 2971 555 3041 connectit,
581 2976 848 3027 catenam
881 2989 1012 3028 vere
1044 2978 1376 3044 auream,et
1399 2992 1526 3046 qua:
1550 2993 1582 3030 a
1606 2974 1901 3047 plerisque

245 3057 489 3113 minime
549 3060 700 3114 necti
758 3066 934 3132 queat
984 3079 997 3117 :
1049 3062 1198 3117 hanc
1265 3063 1546 3118 nimirum
1614 3064 1900 3120 rationem

243 3146 458 3218 iniens,
485 3152 549 3203 ut
578 3153 636 3204 et
665 3150 782 3205 vita
813 3151 958 3206 duce
1008 3153 1077 3207 ad
1124 3151 1676 3224 contemplationem
1713 3157 1901 3208 utere-

244 3240 363 3301 tur,
397 3241 453 3291 et
482 3239 974 3310 contemplatione
1019 3241 1200 3296 vitam
1253 3243 1612 3315 obsignaret.
1646 3243 1794 3300 Nam
1845 3247 1903 3298 et

245 3326 423 3381 timor
451 3325 685 3383 Domini
717 3329 1071 3401 principium
1111 3335 1200 3386 est
1240 3331 1559 3403 sapientiae,
1589 3331 1753 3387 velut
1783 3331 1904 3404 pri-

2005 1895 2095 1952 καί
2125 1894 2504 1970 παιδεύμασιν,
2560 1894 2723 1972 ὀλίγα
2768 1901 2875 1951 τῶν
2925 1895 3225 1973 ἐγκυκλίων
3257 1896 3661 1974 φιλοσοφήσας,

2003 1991 2102 2043 τοῦ
2164 1988 2238 2060 μὴ
2309 1984 2484 2041 δοκεῖν
2551 1985 2857 2041 παντάπασι
2935 1991 3042 2040 τῶν
3100 1985 3364 2041 τοιούτων
3426 1985 3660 2061 ἀπείρως

2006 2073 2177 2150 ἔχειν,
2232 2073 2372 2147 μηδὲ
2420 2076 2627 2151 ἀγνοεῖν
2679 2077 2753 2129 ὧν
2807 2073 3076 2148 ὑπεριδεῖν
3139 2071 3481 2147 ἐδοκίμασεν.
3526 2071 3662 2129 Οὐδὲ

2007 2168 2120 2238 (49)
2150 2166 2250 2240 γὰρ
2283 2164 2547 2240 ἠνέσχετο
2593 2165 2656 2219 τὸ
2686 2171 2786 2234 τῆς
2815 2167 3004 2239 ψυχῆς
3051 2162 3260 2240 εὐγενὲς
3309 2164 3397 2219 καὶ
3447 2161 3662 2242 φιλότι-

2012 2275 2111 2326 μον
2147 2253 2197 2308 ἐν
2244 2260 2362 2315 τοῖς
2409 2254 2657 2327 ματαίοις
2704 2252 3105 2329 ἀσχοληθῆναι,
3154 2249 3280 2308 οὑδὶ
3323 2253 3515 2307 ταυτὸν
3555 2273 3664 2306 πα-

2007 2345 2114 2397 θεῖν
2161 2348 2271 2398 τῶν
2321 2342 2573 2412 ἀθλητῶν
2623 2349 2741 2406 τοῖς
2790 2343 3057 2418 ἀπείροις,
3109 2340 3161 2397 ο⁹ί
3204 2343 3296 2396 τὸν
3327 2340 3459 2417 ἀὲρα
3487 2339 3665 2396 πλείω

2007 2431 2259 2493 παίοντες
2310 2433 2344 2501 ἣ
2392 2431 2460 2486 τά
2518 2433 2765 2505 σώματα,
2828 2435 2936 2486 τῶν
2996 2429 3179 2494 ἄθλων
3203 2429 3665 2505 ἀποτυγχάνουσι.

2010 2523 2113 2579 Καὶ
2169 2528 2339 2576 πᾶσαν
2401 2522 2495 2595 μὲν
2552 2521 2792 2578 Παλαιὰν
2862 2515 3086 2589 Βίϐλον,
3160 2524 3333 2574 πᾶσαν
3408 2516 3466 2572 δὶ
3529 2519 3669 2575 Νέαν

2010 2608 2400 2683 ἰκμελετήσας,
2483 2610 2556 2672 ὡς
2625 2608 2751 2665 οὑδὶ
2829 2609 2956 2684 μίαν
3017 2609 3222 2684 ἓτερος,
3281 2604 3512 2662 πλουτεῖ
3572 2608 3668 2679 μὶν

2008 2699 2260 2776 θεωρίαν,
2320 2698 2551 2756 πλουτεῖ
2606 2697 2663 2756 δὶ
2724 2700 2847 2773 βίου
2903 2696 3291 2776 λαμπρότητα,
3349 2695 3439 2752 καὶ
3471 2694 3662 2751 πλίκει

2009 2790 2324 2864 θαυμασίως
2370 2790 2672 2868 ἀμφότερα,
2721 2793 2821 2861 τὴν
2852 2797 3063 2866 χρυσῆν
3105 2788 3276 2851 ὅντως
3310 2787 3515 2862 σειρὰν,
3575 2786 3667 2841 καὶ

2007 2885 2126 2943 τοῖς
2182 2877 2418 2942 πολλοῖς
2479 2881 2763 2935 ἄπλοκον·
2826 2880 2933 2954 βίῳ
2996 2879 3092 2952 μὶν
3155 2876 3342 2955 ὁδηγῷ
3417 2874 3666 2950 θεωρίας,

2010 2969 2211 3043 θεωρίᾳ
2267 2967 2324 3024 δὲ
2373 2967 2628 3048 σφραγῖδι
2679 2969 2800 3045 βίου
2848 2970 3224 3045 χρησάμενος.
3273 2967 3447 3042 ’Δρχή
3479 2987 3537 3020 τε
3566 2964 3668 3040 γάρ

2012 3059 2200 3138 σοφίας
2261 3054 2430 3137 φόϐος
2489 3059 2712 3135 Κυρίου,
2770 3059 2885 3114 οἷόν
2944 3080 2997 3114 τι
3055 3063 3276 3135 πρῶτον
3323 3061 3664 3131 σπάργανον·

2009 3150 2101 3204 καὶ
2159 3149 2319 3226 σοφία
2371 3149 2465 3203 τὸν
2522 3143 2691 3227 φόϐον
2750 3144 3049 3224 ὑπερϐᾶσα,
3088 3147 3179 3202 καὶ
3212 3146 3290 3209 είς
3319 3147 3416 3215 τὴν
3449 3142 3667 3219 ἀγάπην

2013 3233 2401 3309 ἀναϐιϐάσασα,
2433 3243 2568 3294 θεοῦ
2601 3237 2763 3317 φίλος
2793 3240 2943 3312 ἡμᾶς
2977 3238 3065 3293 καὶ
3095 3236 3247 3298 υἱοὺς
3288 3234 3405 3290 ἀντὶ
3460 3230 3671 3289 δούλων

2017 3327 2318 3404 ἐργάσεται.

245 3431 410 3470 mum
444 3416 741 3487 quoddam
775 3418 1234 3488 incunabuluni;
1268 3425 1325 3476 et
1355 3421 1662 3493 sapientia,
1693 3438 1830 3476 cum
1861 3420 2132 3476 timorem
2164 3419 2500 3490 excesserit,
2534 3423 2710 3491 atque
2760 3419 2834 3476 ad
2881 3418 3223 3475 charitalem
3258 3433 3365 3473 nos
3393 3414 3672 3471 subvexe-

241 3504 337 3572 rit,
373 3522 442 3561 ex
473 3507 654 3562 servis
680 3508 806 3578 jam
841 3509 1061 3564 amicos
1095 3510 1190 3566 Dei
1223 3527 1289 3566 ac
1323 3510 1476 3566 filios
1507 3511 1705 3566 efficit.

315 3594 436 3650 VII.
470 3595 565 3651 Sic
616 3613 785 3668 porro
838 3599 1123 3654 educatus
1171 3605 1229 3656 et
1277 3600 1583 3655 institutus
1613 3605 1703 3669 (ut
1748 3617 1905 3655 nunc

248 3701 480 3756 quoque
510 3701 609 3741 eos
658 3693 968 3758 Oporteret,
1007 3690 1106 3762 qui
1138 3689 1324 3761 plebis
1357 3691 1650 3747 antistites
1699 3691 1903 3760 futuri,

250 3791 654 3848 magnumque
677 3777 893 3833 Christi
926 3795 1138 3850 corpus
1169 3780 1476 3836 tractaturi
1508 3785 1669 3850 sunt,
1694 3797 1905 3838 secun-

250 3865 394 3920 dum
423 3882 704 3938 magnum
734 3867 834 3922 Dei
857 3868 1170 3924 consilium
1204 3886 1269 3924 ac
1301 3871 1752 3942 praescientiam,
1779 3887 1906 3942 quaa

251 3970 596 4024 magnarum
617 3972 810 4012 rerum
830 3959 1137 4014 materiam
1163 3959 1332 4032 longe
1351 3965 1484 4014 ante
1504 3959 1905 4032 praestruit),in

252 4061 532 4116 magnum
551 4043 708 4100 hunc
727 4048 1096 4103 sacerdotum
1111 4049 1378 4104 ordinem
1397 4054 1909 4121 cooptatur,atque

251 4131 312 4186 in
343 4148 568 4201 eorum,
598 4133 699 4205 qui
734 4135 1230 4208 appropinquanti
1264 4142 1374 4192 Deo
1406 4138 1908 4210 appropinquant,

253 4237 569 4277 numerum
619 4224 951 4295 sscribitur,
985 4242 1053 4280 ac
1101 4231 1484 4282 sacrosanctae
1533 4227 1808 4282 stationis
1855 4231 1912 4282 et

256 4312 480 4368 ordinis
525 4313 744 4368 honore
783 4314 1059 4383 afﬁcitur,
1093 4315 1440 4386 cunctisque
1486 4315 1911 4371 ecclesiastico-

258 4419 388 4456 rum
420 4401 712 4474 graduum
751 4403 1097 4458 muneribus
1139 4403 1414 4475 deinceps
1447 4405 1790 4476 perfunctus
1821 4407 1913 4474 (ut

259 4507 387 4564 quas
447 4490 641 4546 media
697 4495 836 4545 sunt
893 4492 1193 4561 resecem),
1225 4491 1617 4549 Alexandrino
1675 4493 1909 4566 populo,

259 4581 418 4652 quod
473 4580 630 4634 idem
678 4583 767 4634 est
796 4597 861 4635 ac
892 4581 940 4636 si
973 4580 1253 4637 dixissem
1304 4582 1574 4639 universo
1622 4588 1911 4639 terrarum

2088 3596 2418 3673 Ζ’.Τραφεὶς
2472 3594 2530 3652 δὲ
2586 3595 2730 3652 οὕτω
2788 3596 2879 3652 καὶ
2938 3592 3266 3668 παιδευθεὶς,
3325 3593 3403 3656 ὡς
3445 3589 3554 3648 ἔδει
3611 3610 3676 3666 γε

2015 3686 2105 3742 καὶ
2132 3690 2222 3741 νῦν
2265 3685 2392 3749 τοὺς
2442 3685 2579 3742 λαοῦ
2635 3687 3039 3761 προστήσεσθαι
3093 3682 3418 3758 μέλλοντας,
3475 3679 3565 3736 καὶ
3609 3680 3673 3735 τὸ

2020 3775 2160 3853 μέγα
2188 3779 2283 3832 τοῦ
2341 3779 2576 3852 Χριστοῦ
2627 3780 2740 3851 (50)
2800 3781 2959 3849 σῶμα
2991 3773 3483 3851 μεταχειρίζεσθαι,
3538 3770 3676 3825 κατὰ

2014 3869 2113 3936 τήν
2143 3865 2394 3942 μεγάλην
2454 3871 2549 3921 τοῦ
2594 3871 2728 3922 Θεοῦ
2779 3864 2986 3942 βουλήν
3036 3885 3097 3920 τε
3137 3862 3230 3918 καὶ
3279 3860 3610 3938 πρόγνωσιν,
3641 3860 3675 3927 ἢ

2018 3954 2300 4031 πόῤῥωθεν
2358 3951 2759 4012 καταϐάλλεται
2830 3959 2937 4010 τῶν
3007 3952 3262 4029 μεγάλων
3338 3951 3670 4027 πραγμάτων

2017 4047 2113 4108 τάς
2149 4045 2450 4117 ὑποθέσεις,
2499 4067 2577 4118 τῳ
2627 4043 2845 4121 κεγάλῳ
2898 4045 3107 4120 βήματι
3153 4041 3337 4115 τούτῳ
3382 4036 3673 4115 ἐγκαταλει-

2018 4155 2190 4211 γεται,
2245 4134 2338 4188 καὶ
2394 4138 2502 4188 τῶν
2562 4133 2891 4209 ἐγγιζόντων
2952 4134 3027 4196 εἷς
3096 4153 3177 4206 τῳ
3235 4129 3503 4207 ἐγγίζοντι
3559 4135 3674 4201 Θεῳ

2016 4222 2240 4300 γίνεται,
2275 4223 2366 4278 καὶ
2393 4226 2491 4292 τῆς
2521 4225 2668 4299 ἱερᾶς
2701 4223 2974 4293 ἀξιοῦνται
3005 4221 3242 4283 στάσεώς
3271 4241 3331 4276 τε
3359 4218 3447 4275 καὶ
3477 4219 3676 4289 τάξεως

2018 4311 2108 4367 καὶ
2168 4317 2339 4367 πᾶσαν
2395 4314 2494 4382 τὴν
2545 4316 2654 4367 τῶν
2707 4313 2929 4389 βαθμῶν
2987 4307 3318 4375 ἀκολουθίαν
3367 4305 3674 4379 διεξελθὼν,

2013 4399 2105 4455 ’ίνα
2133 4401 2200 4455 τά
2230 4400 2280 4455 ἐν
2318 4400 2466 4474 μέσῳ
2495 4401 2764 4474 συντέμω,
2793 4402 2892 4470 τὴν
2924 4403 3023 4456 τοῦ
3052 4401 3190 4475 (50")
3221 4397 3358 4454 λαοῦ
3389 4393 3674 4474 προεδρίαν

2021 4491 2352 4562 πιστεύεται,
2410 4492 2604 4547 ταυτὸν
2667 4489 2724 4546 δὲ
2773 4492 2966 4562 εἰπεῖν,
3007 4491 3111 4561 τῆς
3145 4488 3469 4563 οἰκουμένης
3500 4492 3678 4556 πᾶσης

2024 4581 2356 4641 ἐπιστασίαν.
2411 4582 2515 4639 Καὶ
2575 4581 2674 4638 οὐκ
2732 4579 2846 4659 ἔχω
2903 4580 3104 4657 λέγειν,
3181 4579 3411 4654 πότερον
3484 4577 3679 4652 ἀρετῆς

257 4669 405 4737 orbi,
450 4668 781 4742 praeﬁcitur.
817 4669 1017 4742 Neque
1068 4671 1210 4727 satis
1259 4672 1614 4729 constituere
1647 4691 1904 4746 possum,

2024 4670 2210 4740 ἆθλον,
2241 4674 2274 4742 ἢ
2301 4679 2402 4743 τῆς
2431 4669 2756 4742 Ἐκκλησίας
2786 4672 2975 4747 πηγὴν
3003 4692 3091 4727 και
3145 4670 3314 4739 ζωὴν,
3361 4669 3463 4737 τὴν
3518 4667 3681 4739 tepui-

253 4759 565 4816 virtutisne
613 4761 939 4831 praamium,
969 4778 1065 4832 an,
1090 4765 1154 4816 ut
1182 4768 1337 4818 esset
1387 4763 1655 4819 Ecclesiae
1688 4765 1816 4819 fons
1848 4779 1915 4819 ac

253 4850 392 4916 vita,
435 4850 778 4921 hujusmodi
811 4851 1160 4924 dignitatem
1207 4853 1512 4925 acceperit.
1547 4853 1708 4909 Hanc
1758 4852 1915 4908 enim

505 4954 801 5032 ’Δντωνίου
867 4959 962 5010 τοῦ
1029 4954 1174 5018 θείου
1245 4956 1430 5032 βίον...
1499 4955 1551 5032 ἐν
1629 4955 1910 5032 πλάσματι

255 5026 864 5105 διηγήσεωςηΝἱοθῐείδ
897 5045 910 5086 :
948 5026 1447 5105 Σχηματισάμενος
1495 5026 1817 5105 διηγεῖσθαι.
1846 5028 1913 5083 τὰ

252 5099 373 5154 τοῦθ
407 5099 552 5154 θείου
605 5101 922 5170 Ἀντωνίου,
982 5099 1208 5161 κανόνας
1262 5101 1462 5172 ἐξέθετο
1525 5099 1851 5173 μοναδικούς
1895 5119 1908 5156 :

263 5193 284 5221 ι
319 5177 647 5256 Pretexen‘s
672 5174 906 5229 Antonii
939 5190 1032 5256 res
1053 5179 1539 5256 gestas‘narrare,
1560 5176 1690 5256 vitae
1717 5190 1917 5256 mona-

257 5244 699 5317 sticarregulas
743 5244 1174 5317 conscripsit.»
1210 5246 1276 5300 Et
1323 5246 1652 5302 Scholiasta
1697 5246 1914 5302 codicis

257 5314 451 5390 pyprii
483 5314 681 5390 monet
702 5314 1042 5383 cavendum,
1067 5335 1139 5372 ne
1166 5317 1319 5372 ﬁctio
1341 5319 1732 5385 existimetur,
1756 5318 1912 5390 quod

258 5383 318 5440 ἐν⁷
340 5383 623 5461 πλάσματι
658 5383 988 5459 διηγήσεως,
1025 5412 1052 5438 ‹‹
1086 5390 1196 5444 sub
1243 5390 1597 5446 narrationis
1646 5383 1858 5461 Specie,
1886 5411 1914 5438 ››

259 5461 493 5533 dicatur
520 5459 880 5533 Athanasius
913 5462 1148 5516 Antonii
1180 5461 1361 5517 vitam
1407 5459 1737 5533 scripsisse,
1772 5463 1855 5517 vir
1885 5479 1917 5516 a

260 5529 570 5584 mendacio
629 5532 1091 5599 remotissimus;
1144 5534 1244 5587 sed
1322 5529 1556 5589 Antonii
1605 5535 1783 5589 vitam
1843 5533 1915 5588 ab

261 5599 593 5670 Athanasio,
609 5601 909 5670 scriptam,
943 5620 1070 5658 esse
1111 5605 1447 5660 monasticm
1479 5607 1606 5660 vita
1647 5621 1915 5660 normam

267 5688 332 5750 pr,
392 5668 782 5750 disciplinam.
825 5668 928 5750 ’Ἐν
972 5672 1289 5750 πλάσματι,
1341 5674 1449 5750 οὐχ
1504 5678 1587 5731 ’ὁτι
1643 5674 1916 5750 ἱπλάσατο

266 5741 416 5826 λέγει
475 5739 573 5804 τὴν
598 5741 769 5826 Ηκατά
795 5743 1112 5826 ⁸Ἀντωνίον
1142 5739 1151 5746 ’
1184 5739 1460 5826 ἱστορίακῖ·
1491 5818 1505 5826 _
1543 5748 1621 5822 μή
1700 5746 1918 5826 λέγοιτο

267 5809 571 5913 [ἳ.’γ¹ενριτο
598 5810 638 5884 ί]
785 5810 912 5870 ἀλλ’
958 5813 988 5869 δ
1035 5813 1178 5892 λᾶγει
1207 5809 1456 5876 τοιοῦτόν
1489 5809 1629 5878 ἔστιν
1657 5839 1670 5854 ⁸
1703 5809 1790 5882 Ἡ’
1817 5823 1915 5878 τοῦ

2026 4761 2191 4832 σύνην
2254 4756 2543 4835 λαμϐάνει.
2605 4759 2754 4818 Ἔδει
2811 4762 2914 4837 γὰρ
2975 4758 3330 4816 ἰκλείπουσαν
3370 4755 3571 4826 ταύτην
3603 4775 3682 4827 τῳ

2030 4847 2175 4924 δίψει
2208 4857 2308 4922 τῆς
2335 4849 2627 4921 ἀληθείας,
2670 4851 2851 4926 ὥσπερ
2900 4851 2991 4905 τὸν
3046 4847 3302 4922 Ἰσραὴλ,
3342 4851 3670 4913 ποτισθῆναι

2024 4955 2191 5036 ἀγίοιξ
2233 4957 2528 5036 ἈΣτξιξνίου
2583 4958 2706 5032 βίου
2763 4957 3077 5036 συγγραφὴ,
3126 4953 3424 5030 νομοθεσία
3472 4951 3541 5023 ἦν
3584 4953 3683 5005 τοῦ

2023 5026 2320 5106 μονικοῦ
2353 5030 2497 5106 βίου,
2531 5026 2640 5106 etc.

2095 5103 2205 5176 (46)
2239 5099 2366 5176 sev:
2398 5099 2572 5176 Deest
2602 5103 2661 5159 in
2693 5103 2957 5176 quinque
2993 5099 3197 5176 Regg.,
3232 5099 3424 5176 et_0r1
3452 5099 3504 5153 1.

2098 5104 2185 5174 (46
2239 5104 2366 5156 Νῦν.
2398 5104 2572 5158 Deest
2602 5104 2661 5159 in
2693 5104 2957 5229 quin%ue
2993 5104 3197 5176 Regg.,
3232 5104 3290 5155 et
3319 5104 3415 5156 Or.
3452 5104 3504 5153 1.

2098 5104 2209 5247 (47)
2267 5174 2782 5250 Έκπληρώσωμεν.
2895 5191 3008 5230 nus
3074 5177 3238 5246 Reg.,
3301 5165 3691 5245 ῑκπληρώσαν-

2023 5265 2731 5391 17158iﬂapa1ttp¢aaeau
2765 5323 2943 5390 Regg.
2976 5334 3028 5384 ο,
3060 5317 3118 5384 d,
3142 5319 3270 5372 octo
3300 5313 3488 5380 Colb.,
3509 5311 3606 5367 Or.
3629 5311 3686 5375 2,

2024 5390 2502 5464 παραπέμπεσθαι.

2097 5453 2210 5534 ('49)
2241 5453 2396 5518 ὸύδε,
2432 5463 2527 5518 Sic
2558 5477 2658 5518 sex
2690 5462 2870 5534 Regg.
2901 5464 2962 5534 et
2992 5459 3101 5534 Or._
3124 5460 3176 5516 1.
3209 5459 3276 5515 In
3306 5457 3426 5523 eds
3456 5453 3549 5534 ρύο,

2095 5521 2207 5606 (50)
2236 5537 2340 5587 Τοῦ
2387 5537 2646 5606 Χριστοῦ,
2695 5521 2856 5590 Ρθίίῖ‹
2890 5530 3105 5606 Christi
3152 5521 3435 5602 corpusﬁ

2027 5595 2206 5677 gitur,
2237 5606 2326 5660 vel
2360 5630 2387 5655 ‹‹
2418 5595 2683 5661 Ecclesiae
2716 5611 2923 5677 enatus,
2951 5626 2982 5654 ιι
3004 5605 3174 5674 cujus
3205 5595 3382 5674 caput
3412 5605 3501 5656 est
3531 5595 3689 5652 Chri-

2028 5676 2176 5748 stus,
2210 5678 2294 5733 vel
2329 5701 2355 5726 «
2389 5695 2559 5735 sacra
2589 5676 2978 5734 Eucharistia.
3009 5697 3039 5724 τι

2099 5737 2559 5825 (50⁵)Ᾰοιοψιιοε
2604 5750 2817 5825 legisse
2863 5749 3120 5824 videtur,
3149 5748 3247 5802 τοῦ
3299 5745 3398 5822 τῆς
3431 5737 3684 5819 Ἀλεξαν-

2063 5819 2225 5909 ρείας
2245 5819 2400 5881 λαοῦ.
2426 5819 2596 5890 Ἐοιτο
