4110 6418
337 407 488 473 1091

1579 412 1643 472 S.
1693 410 2065 475 GREGORII
2110 408 2508 478 THEOLOGI

3594 422 3758 486 1092

333 544 625 618 sacrilegi,
667 544 839 601 hodie
882 546 1263 613 sacerdotes;
1326 545 1471 613 heri,
1521 547 1766 616 profani,
1816 547 1975 603 hodie

2102 544 2132 600 ὅ
2161 545 2314 623 ἔργον
2348 550 2576 623 χάριτος
2626 548 2998 623 ἀνθρωπίνης,
3032 549 3092 605 οὔ
3123 559 3225 620 τῆς
3273 557 3368 607 τοῦ
3402 554 3713 628 Πνεύματος
3738 577 3754 591 ·

333 650 634 690 sacrorum
694 634 1038 701 antistites;
1107 639 1325 689 veteres
1383 635 1561 702 vitio,
1622 636 1838 707 pietate
1893 654 1991 691 ru-

333 724 435 779 des
478 727 536 779 et
578 730 882 792 recentes;
936 727 1086 795 qun-1
1139 726 1334 791 gratiae
1378 742 1443 780 ac
1478 726 1686 780 favoris
1719 725 1991 797 humani,

333 830 451 868 non
481 813 738 884 Spiritus
786 830 934 884 opus
980 822 1115 878 est;
1177 818 1270 884 qu.
1336 831 1469 868 cum
1530 820 1735 870 caetera
1794 816 1993 871 omnia

334 901 617 957 violenter
647 902 1026 973 pervaserint,
1082 903 1153 957 ad
1216 907 1540 958 extremum
1603 904 1793 976 ipsam
1844 920 1991 973 quo-

336 1008 448 1063 que
495 993 773 1063 pietatem
818 992 1126 1064 tyrannide
1185 996 1507 1063 premunt:
1567 1010 1819 1064 quorum
1875 1010 1990 1049 non

336 1097 530 1137 mores
560 1080 856 1153 dignitati,
892 1081 990 1136 sed
1037 1080 1295 1152 dignitas
1327 1082 1475 1137 391
1515 1083 1780 1137 moribus
1812 1083 1989 1137 ﬁdem

332 1174 565 1239 astruit,
594 1173 798 1229 ordine
827 1174 1148 1229 admodum
1184 1179 1575 1245 prepostero:
1609 1175 1707 1244 qui
1739 1176 1992 1246 denique

333 1262 502 1335 plura
533 1281 634 1335 pro
670 1263 815 1327 suis,
849 1280 1024 1335 quam
1063 1280 1161 1335 pro
1194 1264 1390 1335 populi
1424 1264 1778 1336 ignorantiis
1801 1266 1866 1332 ιδ,
1902 1282 1993 1320 sa-

331 1352 547 1408 criﬁcia
578 1353 829 1420 debent;
877 1370 943 1408 ac
991 1370 1230 1424 prorsus
1274 1354 1525 1408 duorum
1566 1353 1815 1409 alterum
1852 1372 1989 1425 pec-

333 1445 487 1505 cant,
510 1441 598 1497 vel
622 1442 762 1513 quia
790 1443 957 1497 venia
985 1442 1099 1514 ipsi
1120 1460 1268 1513 opus
1300 1442 1540 1510 habent,
1563 1444 1716 1498 ultra
1744 1445 1984 1499 modum

331 1530 463 1586 aliis
494 1531 887 1603 ignoscentes,
921 1537 986 1586 ut
1032 1532 1115 1586 sic
1148 1533 1355 1587 vitium
1391 1551 1506 1588 non
1541 1534 1713 1587 modo
1749 1551 1862 1587 non
1896 1550 1986 1588 re-

329 1621 641 1693 primatur,
675 1622 775 1676 sed
821 1620 999 1676 etiam
1057 1622 1355 1686 doceatur,
1415 1621 1503 1676 vel
1562 1622 1701 1693 quia
1757 1622 1985 1693 imperii

329 1709 643 1765 acerbitate
666 1716 902 1783 peccata
924 1726 1029 1765 sua
1051 1711 1367 1782 obtegunt:
1396 1728 1646 1781 quorum
1672 1717 1987 1782 utrumque

329 1800 561 1872 fugiens
622 1799 997 1867 Athanasius,
1057 1800 1176 1854 vita
1231 1800 1469 1871 quidem
1520 1799 1793 1856 sublimis
1837 1807 1984 1865 erat,

2103 634 2175 703 o't,
2227 636 2351 692 ὅταν
2422 640 2595 693 πάντα
2666 636 2977 709 διεξέλθωσι
3052 641 3387 715 βιαζόμενοι,
3443 644 3754 701 τελευταῖον

2101 732 2421 801 τυραννοῦσι
2483 727 2571 781 καὶ
2624 729 2723 796 τὴν
2776 724 3045 782 εὐσέϐειαν
3069 749 3081 760 °
3135 732 3207 783 ὧν
3238 731 3345 806 οὐχ
3376 734 3403 787 6
3432 733 3634 808 τρόπος
3662 736 3756 790 τὸν

2107 816 2332 890 βαθμὸν,
2392 818 2419 871 6
2474 818 2680 891 βαθμὸς
2730 814 2787 871 δε
2834 820 2923 871 τὸν
2973 818 3175 891 τρόπον
3226 821 3551 891 πιστεύεται,
3610 826 3756 900 παρά

2102 903 2246 959 πολὺ
2301 913 2403 975 τῆς
2449 906 2653 977 τάξεως
2707 906 3180 980 ἐναλλαττομένης
3212 928 3225 941 ·
3275 908 3331 962 o'i.
3362 909 3588 974 πλείους
3622 913 3755 988 ὑπὲρ

2102 993 2327 1065 ἑαυτῶν,
2386 997 2421 1064 ἢ
2473 999 2580 1050 τῶν
2635 999 2733 1049 τοῦ
2793 994 2929 1049 λαοῦ
2986 996 3366 1071 ἀγνοημάτων,
3424 1000 3519 1061 τὰς
3568 1002 3755 1064 θυσίας

2103 1082 2383 1161 ὀφείλουσι
2410 1104 2423 1116 °
2474 1106 2562 1139 και
2607 1084 2821 1146 πάντως
2876 1089 2984 1139 τῶν
3038 1083 3148 1140 δύω
3193 1087 3254 1141 τὸ
3298 1083 3480 1163 ἕτερον
3516 1090 3755 1165 ἁμαρτά-

2098 1194 2302 1243 νουσιν,
2351 1174 2384 1243 ἣ
2429 1178 2508 1245 τῷ
2557 1171 2759 1229 δεῖσθαι
2810 1178 3169 1249 συγγνώμης,
3230 1178 3437 1253 ἄμετρα
3487 1181 3749 1255 συγγινώ-

2100 1282 2334 1335 σκοντες,
2379 1264 2452 1324 ὡς
2502 1263 2560 1317 ἂν
2615 1266 2753 1334 μήτε
2807 1263 3166 1319 ἀνακόπτοιτο
3214 1266 3394 1335 κακία,
3450 1265 3597 1323 ἀλλά
3657 1268 3747 1323 καί

2099 1347 2431 1423 διδάποιτο,
2490 1354 2525 1421 ἢ
2561 1356 2629 1425 τῇ
2675 1352 2980 1428 τραχύτητι
3028 1360 3127 1423 τῆς
3182 1354 3383 1430 ἀρχῆς,
3434 1356 3499 1411 τὰ
3544 1356 3744 1412 Ξαυτῶν

2096 1441 2588 1516 συγκαλύπτοντες.
2620 1445 2715 1497 Ὧν
2746 1440 3027 1517 οὐδέτερον
3060 1442 3263 1505 ἐκεῖνος
3288 1465 3300 1476 ·
3329 1443 3455 1500 ἀλλ’
3485 1449 3550 1515 ἦν
3604 1448 3747 1521 ὑψη-

2099 1529 2195 1592 Λὸς
2227 1531 2319 1603 μὲν
2341 1537 2458 1593 τοῖς
2492 1526 2693 1606 ἔργοις,
2742 1534 2993 1595 ταπεινὸς
3045 1530 3102 1587 δὲ
3142 1538 3220 1605 τῷ
3250 1536 3558 1612 φρονήματι
3586 1555 3597 1568 ·
3656 1536 3746 1591 καὶ

2094 1627 2193 1695 τ’έιν
2232 1621 2324 1694 μὲν
2373 1621 2567 1695 ἀρετὴν
2613 1622 2928 1698 ἀπρόσιτος,
2977 1624 3076 1691 τὴν
3128 1622 3373 1699 ἐντυχίαν
3422 1621 3479 1679 δὶ
3508 1625 3596 1680 καὶ
3629 1624 3748 1681 λίαν

2096 1709 2438 1784 εὐπρόσιτος,
2489 1716 2685 1787 πρᾶος,
2735 1711 3027 1787 ἀόργητος,
3080 1714 3395 1786 συμπαθὴς,
3462 1711 3597 1784 ἡδὺς
3653 1715 3745 1769 τὸν

2098 1796 2283 1875 λόγον,
2332 1798 2505 1870 ἡδίων
2550 1801 2641 1855 τὸν
2688 1800 2913 1876 τρόπον,
2962 1799 3250 1877 ἀγγελικὸς
3281 1803 3343 1856 τὸ
3375 1800 3538 1877 εἶδος,
3591 1803 3745 1880 ἀγγε-

327 1905 529 1944 verum
554 1888 750 1945 animo
783 1888 1025 1944 humilis
1053 1905 1065 1943 :
1101 1893 1277 1960 atque
1305 1906 1370 1944 ea
1393 1889 1632 1961 quidem
1658 1890 1887 1956 virtute,
1926 1896 1975 1946 ut

2095 1886 2392 1961 λικώτερος
2434 1889 2534 1956 τὴν
2579 1886 2839 1960 διάνοιαν,
2891 1887 3207 1961 ἐπιτιμῆσαι
3239 1892 3501 1965 γαληνὸς,
3536 1891 3747 1947 ἅπαινά-

330 1994 501 2033 nemo
532 1979 603 2033 ad
635 1995 761 2035 eam
797 1981 1058 2049 aspirare
1090 1983 1306 2050 posset,
1356 1984 1629 2033 caeterum
1683 1996 1751 2034 ea
1798 1979 1982 2035 comi-

327 2071 465 2134 tate,
487 2073 552 2122 ut
582 2069 652 2123 ad
686 2069 813 2138 ejus
846 2083 1228 2139 congressum
1262 2066 1448 2122 facilis
1480 2068 1755 2123 omnibus
1787 2070 1981 2124 aditus

314 2161 569 2228 pateret,
589 2157 1041 2223 mansuetus,ab
1064 2156 1151 2212 ira
1174 2155 1423 2225 alienus,
1440 2158 1511 2212 ad
1541 2157 1981 2213 miserationem

328 2262 675 2317 propensus,
702 2262 971 2301 sermone
992 2246 1318 2317 jucundus,
1348 2246 1611 2300 moribus
1636 2248 1978 2315 jucundior,

327 2336 473 2390 facie
504 2334 824 2407 angelicus,
860 2334 1055 2390 animo
1088 2336 1277 2406 magis
1309 2334 1649 2405 angelicus;
1683 2336 1739 2389 in
1792 2336 1979 2391 incre-

325 2425 518 2495 pando
541 2424 826 2496 placidus,
852 2425 909 2479 in
934 2423 1226 2479 laudando
1248 2425 1552 2479 erudiendi
1582 2425 1697 2479 vim
1722 2426 1979 2495 habens;

2092 1997 2178 2030 σαι
2228 1974 2573 2039 παιδευτικός
2825 1977 2915 2032 καὶ
2967 1976 3265 2055 μηδέτερον
3319 1984 3425 2034 τῶν
3466 1978 3648 2035 καλῶν
3676 1979 3744 2056 τῇ

2093 2065 2324 2139 ἀμετρίᾳ
2355 2064 2722 2138 λυμήνασθαι,
2754 2065 2900 2122 ἀλλὰ.
2933 2069 3154 2135 ποιῆσαι
3202 2068 3292 2122 καὶ
3338 2069 3437 2137 τὴν
3488 2068 3741 2143 ὶπιτίμη-

2092 2174 2173 2207 σιν
2219 2156 2507 2227 πατρικὴν,
2568 2155 2657 2209 καὶ
2712 2157 2804 2210 τὸν
2859 2152 3075 2211 ἔπαινον
3145 2155 3373 2232 ἀρχικόν
3410 2175 3420 2188 ·
3487 2160 3625 2230 μήτε
3682 2158 3741 2212 τὸ

2092 2241 2301 2298 ἁπαλὸν
2355 2238 2603 2310 ἔκλυτον,
2658 2246 2795 2315 μήτε
2828 2245 3023 2319 στυφὸν
3057 2245 3117 2299 τὸ
3146 2244 3413 2319 αὐστηρόν
3443 2266 3453 2276 ·
3506 2246 3651 2302 ἀλλᾶ
3680 2248 3739 2303 τὸ

2095 2354 2188 2405 μεν
2254 2333 2561 2402 ἐπιείκειαν,
2604 2336 2667 2389 τὸ
2717 2332 2773 2390 δὲ
2822 2336 3103 2413 φρόνησιν,
3146 2337 3235 2391 καὶ
3284 2334 3605 2416 φιλοσοφίαν
3631 2339 3741 2411 (63)

2092 2423 2409 2501 ἀμφότεραξ
2442 2423 2704 2499 ἰλάχιστα
2738 2425 2830 2496 μὶν
2866 2425 3036 2499 λόγου
3070 2423 3158 2480 διὰ
3188 2428 3278 2480 τὸν
3320 2426 3519 2502 τρόπον
3551 2424 3739 2499 δεόμε-

327 2512 410 2568 sic
444 2518 761 2584 utrumque
808 2519 1167 2585 temperans,
1216 2518 1280 2567 ut
1327 2521 1599 2567 neutrum
1635 2514 1844 2568 horum
1882 2532 1975 2585 per

2089 2533 2182 2574 νος
2233 2514 2497 2589 ἀρκοῦντα
2540 2514 2672 2589 πρὸς
2707 2512 3080 2589 παιδαγωγίαν
3106 2534 3117 2547 ’
3153 2514 3417 2591 ἐλάχιστα
3450 2508 3506 2570 δὶ
3539 2510 3739 2591 ῥάϐδου

324 2602 874 2658 immoderationem
910 2602 1302 2669 labefactaret,
1337 2620 1535 2657 verum
1569 2608 1626 2657 et
1664 2603 1975 2674 increpatio

2092 2598 2179 2655 διὰ
2206 2603 2297 2655 τὸν
2330 2601 2494 2675 λόγον
2525 2624 2534 2633 ·
2571 2599 2649 2656 ἔτι
2681 2600 2737 2657 δὲ
2769 2602 2978 2658 ἐλάττω
3023 2607 3221 2677 τομῆς,
3252 2602 3342 2659 διὰ
3391 2606 3489 2674 τήν
3544 2599 3739 2681 ῥάϐδον

324 2696 632 2763 paternam
666 2692 1033 2757 charitatem,
1065 2697 1121 2747 et
1170 2691 1427 2747 laudatio
1462 2692 1705 2763 imperio
1739 2693 1975 2763 dignam

2094 2690 2325 2765 μετρίως
2356 2690 2724 2762 πλήττουσαν.

323 2781 669 2854 gravitatem
701 2782 1029 2849 obtineret;
1079 2798 1183 2835 nec
1229 2786 1329 2837 aut
1363 2780 1637 2836 mollities
1668 2780 1980 2847 dissoluta,

323 2874 425 2926 aut
452 2871 731 2927 severitas
776 2871 966 2942 rigida
1013 2876 1069 2924 et
1117 2871 1320 2926 tetrica
1351 2877 1533 2937 esset;
1567 2870 1709 2942 quin
1743 2871 1940 2943 potius
1970 2871 2070 2927 illa
2102 2872 2400 2928 facilitatis
2447 2878 2504 2928 et
2551 2872 2951 2945 benignitatis,
2987 2874 3108 2930 haec
3156 2875 3479 2946 prudentia:
3532 2891 3743 2931 nomen

323 2960 586 3029 haberet,
610 2966 859 3031 utraque
888 2976 1021 3015 vero
1053 2961 1351 3031 sapientiae
1383 2959 1615 3015 laudem
1650 2967 2136 3032 consequeretur;
2172 2963 2256 3017 ita
2285 2963 2536 3033 denique
2568 2979 2630 3017 se
2660 2979 3030 3033 comparans,
3059 2970 3124 3019 ut
3155 2981 3260 3020 nec
3291 2980 3580 3029 sermone,
3609 2982 3742 3035 pro-

322 3055 451 3121 pter
482 3067 673 3106 mores
703 3050 936 3105 abunde
967 3051 1035 3105 ad
1070 3050 1503 3105 institutionem
1535 3050 1919 3120 sufﬁcientes,
1953 3067 2305 3123 magnopere
2348 3069 2499 3122 opus
2536 3051 2810 3119 haberet;
2846 3069 2951 3108 nec
2982 3070 3210 3123 rursus,
3244 3059 3479 3125 propter
3507 3058 3622 3111 vim
3656 3056 3739 3111 fa-

320 3139 720 3211 cultatemque
740 3139 992 3201 dicendi,
1018 3139 1182 3211 virga
1212 3140 1530 3194 admodum
1564 3144 1791 3211 egeret;
1824 3141 2079 3195 sectione
2103 3157 2273 3211 porro
2297 3141 2480 3195 multo
2505 3142 2722 3209 minus,
2746 3142 2819 3195 ob
2843 3142 3065 3214 virgam
3090 3143 3387 3198 moderate
3411 3145 3736 3200 ferientem.

391 3227 456 3283 X.
502 3229 649 3293 Quid
695 3234 891 3283 autem
938 3228 1100 3282 vobis
1146 3227 1447 3283 hominem
1478 3228 1807 3283 describere
1839 3228 1971 3282 atti-
2004 3235 2045 3297 ρ

318 3317 464 3373 net?
497 3318 665 3372 Hunc
698 3315 914 3372 Paulus
945 3321 1312 3372 antevertens
1344 3318 1646 3389 depinxit;
1682 3317 1801 3372 sive
1834 3334 1964 3372 cum

315 3406 651 3477 pontiﬁcem
683 3405 849 3461 illum
883 3422 1185 3478 magnum,
1220 3405 1318 3477 qui
1350 3406 1526 3461 caelos
1558 3406 1883 3478 penetravit
1902 3407 1965 3474 ‘3,

312 3495 666 3567 depraedicat
711 3495 844 3564 (huc
875 3496 1031 3550 enim
1066 3513 1251 3566 usque
1285 3495 1554 3567 progredi
1587 3512 1700 3550 non
1736 3495 1966 3551 dubita-

309 3583 398 3638 bit
426 3585 629 3654 oratio,
663 3602 795 3639 cum
829 3586 1132 3656 Scriptura
1160 3602 1281 3653 eos,
1312 3586 1410 3656 qui
1444 3585 1771 3640 secundum
1803 3584 1965 3640 Chri-

311 3677 472 3728 stum
504 3676 728 3741 vivunt,
766 3692 866 3745 pro
898 3674 1141 3730 Christis
1174 3675 1513 3746 agnoscat);
1547 3675 1668 3729 sive
1701 3691 1833 3730 cum
1872 3674 1965 3730 Ti-

314 3761 570 3832 motheo,
628 3763 687 3817 in
748 3763 995 3834 epistola
1037 3781 1213 3833 quam
1260 3766 1329 3819 ad
1379 3782 1512 3819 eum
1554 3764 1776 3831 scribit,
1810 3764 1965 3837 leges

312 3851 583 3922 imponit,
630 3869 787 3918 eum,
836 3854 934 3921 qui
980 3854 1249 3908 Ecclesiae
1296 3852 1541 3907 antistes
1589 3854 1822 3909 futurus
1856 3858 1963 3921 est,

310 3956 581 3997 sermone
604 3940 831 4013 ﬁngens
863 3947 1041 4013 atque
1074 3943 1399 3998 informans
1420 3945 1483 3997 ⁵⁷.
1518 3943 1663 3998 Nam
1696 3944 1743 3999 si
1775 3942 1963 4015 legem

307 4046 459 4099 eam,
482 4029 641 4086 velut
674 4031 931 4103 regulam
966 4033 1311 4104 quamdam,
1334 4033 1406 4101 ei,
1434 4034 1529 4104 qui
1562 4033 1635 4087 ab
1667 4032 1758 4088 his
1790 4035 1965 4089 rebus

305 4118 604 4187 laudatur,
654 4122 1005 4190 admoveris,
1062 4139 1239 4193 quam
1295 4129 1453 4178 recta
1497 4139 1564 4177 ea
1610 4122 1709 4186 sit,
1741 4122 1965 4193 liquido

307 4209 645 4281 perspicies.
674 4210 846 4281 Agite
874 4210 1075 4281 igitur,
1101 4229 1167 4266 ac
1202 4228 1429 4265 mecum
1458 4210 1816 4267 laudationis
1842 4229 1966 4266 mu-

308 4314 422 4353 nus
444 4296 744 4370 suscipite.
764 4299 907 4355 Nam
933 4299 1087 4355 circa
1106 4300 1427 4355 orationem
1452 4300 1673 4367 laboro,
1690 4317 1755 4355 ac
1780 4300 1966 4357 multa

307 4387 544 4458 quidem
577 4387 1019 4458 praetermittere
1051 4390 1221 4460 cupio
1256 4407 1268 4456 ;
1322 4405 1527 4443 verum
1571 4388 1716 4444 alias
1748 4390 1819 4445 ab
1851 4389 1965 4445 alio

307 4475 593 4546 detineor,
652 4493 862 4548 neque,
924 4478 1077 4547 quod
1138 4477 1435 4549 praecellit,
1490 4479 1744 4550 reperire
1793 4496 1962 4549 queo,

305 4563 467 4619 velut
497 4564 557 4619 in
589 4581 830 4637 corpore
852 4566 1245 4639 undequaque
1266 4566 1471 4636 aequali
1492 4573 1666 4639 atque
1691 4567 1960 4641 eleganti.

309 4653 450 4711 Mihi
485 4654 668 4726 enim,
725 4660 786 4710 ut
831 4656 1091 4728 quidque
1134 4658 1407 4725 occurrit,
1442 4658 1522 4711 ita
1563 4656 1866 4728 pulchrius
1898 4674 1964 4713 ac

305 4744 680 4815 prmstantius
712 4745 960 4811 videtur,
994 4751 1052 4801 et
1099 4746 1422 4802 orationem
1456 4747 1527 4801 ad
1561 4764 1622 4802 se
1655 4748 1824 4820 rapit.
1860 4747 1963 4802 F‘a-

304 4832 417 4888 cite
445 4833 643 4904 igitur,
679 4834 1015 4906 quicunque
1059 4836 1301 4890 laudum
1348 4834 1514 4890 illius
1565 4853 1863 4907 praecones
1897 4853 1963 4891 ac

302 4925 482 4977 testes
510 4924 674 4994 estis,
710 4930 773 4978 ut
806 4926 1046 4979 virtutes
1080 4925 1239 4979 illius
1273 4924 1424 4979 inter
1465 4942 1564 4980 vos
1598 4925 1962 4995 partiamini,

302 5023 368 5065 ac
400 5011 745 5083 praeclarum
773 5016 927 5071 392
954 5020 1249 5070 certamen
1285 5013 1438 5070 inter
1466 5031 1567 5069 vos
1601 5014 1832 5079 ineatis,
1856 5014 1962 5069 viri

2156 3233 2210 3284 1'.
2242 3229 2300 3280 Τί
2333 3226 2391 3281 ἂν
2444 3228 2569 3299 ὑμῖν
2622 3227 3070 3305 ἀναζωγραφοίην
3120 3230 3211 3283 τὸν
3262 3226 3466 3306 ἄνδρα;
3519 3230 3736 3294 Παῦλος

2077 3311 2371 3389 προλαϐὼν
2425 3315 2661 3393 ἔγραψεν
2708 3320 2869 3371 τοῦτο
2926 3318 3044 3391 μὶν,
3097 3318 3147 3373 ἐν
3202 3320 3288 3381 οἷς
3335 3320 3426 3374 τὸν
3476 3317 3735 3397 ἀρχιερέα

2076 3405 2166 3460 τὸν
2220 3406 2411 3480 μέγαν,
2460 3406 2552 3460 τὸν
2609 3403 2974 3474 διεληλυθότα
3020 3406 3148 3469 τοὺς
3195 3407 3462 3482 οὗρανοὺσ
3513 3411 3736 3482 ἀνυμνεῖ

2077 3492 2369 3568 (τολμήσει
2398 3494 2497 3571 γάρ
2532 3516 2625 3567 μοι
2656 3496 2744 3549 καὶ
2780 3494 2944 3571 μέχρι
2972 3496 3186 3552 τούτων
3237 3498 3265 3553 6
3315 3496 3497 3574 λόγος,
3542 3496 3728 3569 ἐπειδὴ

2076 3583 2345 3659 Χριστοὺς
2378 3582 2491 3638 οιδε
2519 3583 2701 3639 καλεῖν
2735 3587 2769 3655 ἡ
2804 3586 2988 3663 Γραφή
3022 3588 3136 3659 (64)
3175 3584 3302 3647 τοὺς
3354 3590 3553 3655 ζῶντας
3598 3586 3733 3642 κατᾶ

2077 3674 2352 3747 Χριστόν)·
2403 3678 2563 3728 τοῦτο
2615 3673 2694 3741 δὲ,
2744 3672 2794 3728 ἐν
2844 3676 2927 3737 οἷς
2975 3676 3225 3747 Τιμοθέῳ
3258 3674 3393 3750 πρὸς
3425 3675 3585 3730 αὐτὸν
3617 3679 3731 3750 (65)

2073 3766 2291 3840 γράφων
2342 3765 2642 3835 νομοθετεῖ,
2696 3768 2878 3818 τυπῶν
2953 3768 3032 3836 τῷ
3107 3762 3263 3838 λόγῳ
3350 3765 3440 3819 τὸν
3523 3764 3735 3820 ἐπισκο-

2074 3856 2181 3921 πῆς
2213 3855 2324 3926 (66)
2369 3853 2833 3927 προστησόμενον.
2886 3853 2950 3907 Et
2997 3854 3100 3929 γὰρ
3148 3853 3223 3915 ὡς
3268 3853 3467 3909 κανόνα
3495 3852 3586 3909 τόν
3643 3854 3734 3908 νό-

2080 3964 2178 4016 μον
2238 3942 2670 4017 παραθείης,τῷ
2721 3947 2890 3997 ταῦτα
2948 3941 3346 4015 ἐπαινουμένῳ,
3405 3943 3586 4019 γνώσῃ
3645 3964 3737 3998 σα-

2076 4036 2190 4110 φῶς
2218 4034 2317 4101 τήν
2381 4030 2669 4102 εὐθύτητα.
2732 4037 2899 4108 Δεῦρο
2959 4030 3024 4101 δὴ
3078 4031 3597 4108 συμπανηγυρίσατὲ
3645 4052 3735 4105 μοι

2075 4121 2199 4196 περὶ
2252 4122 2342 4175 τὸν
2398 4118 2563 4195 λόγον
2598 4121 2876 4193 κάμνοντι,
2920 4120 3009 4174 καὶ
3040 4122 3106 4175 τὰ
3135 4122 3227 4193 μὲν
3258 4120 3435 4177 πλείω
3465 4120 3735 4196 παρατρέ-

2075 4228 2193 4285 χειν
2223 4207 2489 4278 ἐθέλοντι,
2537 4208 2740 4264 ἄλλοτε
2789 4206 2846 4263 δὲ
2896 4210 2983 4264 ὑπ’
3029 4209 3205 4265 ἄλλου
3235 4213 3615 4287 κατεχομένῳ,
3644 4208 3733 4264 καὶ

2077 4297 2176 4352 οὐκ
2215 4296 2399 4373 ἔχοντι
2447 4298 2511 4352 τὸ
2555 4301 2717 4353 νικῶν
2765 4300 2878 4371 (67)
2930 4297 3126 4374 εὐρεῖν,
3182 4298 3363 4375 ὥσπερ
3415 4298 3467 4354 ἐν
3520 4300 3732 4372 σώματι

2074 4386 2413 4462 πανταχόθεν
2445 4386 2551 4458 ἳσῳ
2578 4408 2638 4441 τε
2666 4388 2757 4441 καὶ
2788 4385 2942 4459 καλῷ
2967 4406 2978 4418 ·
3006 4388 3087 4443 ἀεὶ
3119 4388 3221 4463 γάρ
3254 4409 3348 4462 μοι
3389 4388 3452 4443 τὸ
3500 4408 3735 4465 προσπε-

2074 4476 2165 4530 σὸν
2198 4475 2425 4531 γάλλιον
2461 4474 2723 4552 φαίνεται,
2770 4475 2860 4530 καὶ
2912 4481 3072 4531 τοῦτο
3124 4478 3448 4552 συναρπάζει
3500 4478 3591 4531 τὸν
3643 4475 3735 4531 λό-

2077 4585 2193 4638 γον.
2252 4569 2419 4639 Δεῦρο
2468 4564 2563 4619 οὗν
2621 4586 2715 4638 μοι
2765 4561 3010 4629 διέλεσθε
3055 4566 3166 4637 (68)
3214 4566 3281 4619 τὰ
3310 4565 3514 4620 ἐκείνου
3570 4565 3733 4638 καλὰ,

2078 4654 2193 4709 ὅσοι
2242 4658 2349 4708 τῶν
2404 4654 2611 4709 ἐκείνου
2661 4653 2935 4709 ἐπαινέται
2978 4654 3069 4709 καὶ
3119 4656 3405 4730 μάρτυρες,
3437 4654 3524 4709 καὶ
3559 4655 3739 4731 ἀγῶνα

2073 4743 2240 4799 καλὸν
2294 4743 2631 4819 ἀγωνίσασθε
2672 4744 2811 4820 πρὸς
2860 4743 3169 4816 ἀλλήλους,
3221 4741 3411 4820 ἄνδρες
3462 4746 3601 4818 ὁμοῦ
3646 4743 3736 4797 καὶ

2073 4839 2347 4909 γυναῖκες,
2408 4833 2684 4888 νεανίσκοι
2740 4832 2829 4887 καὶ
2882 4834 3164 4906 παρθένοι,
3242 4830 3539 4909 πρεσϐῦται
3620 4834 3735 4907 (69)

2079 4924 2214 4995 μετὰ
2270 4922 2572 4999 νεωτέρων,
2634 4922 2798 4998 ἱερεῖς
2850 4923 2941 4976 καὶ
3001 4922 3157 4994 λαὸς,
3216 4924 3269 4977 οἱ
3326 4920 3733 4995 μοναδικοὶκαὶ

2077 5010 2329 5087 μιγάδες,
2381 5013 2434 5067 o't
2491 5018 2597 5081 τῆς
2640 5010 2957 5082 ἁπλότητος
3005 5013 3223 5083 καὶτῆς
3257 5008 3556 5089 ἀκριϐείας,
3616 5010 3731 5066 ὅσοι

302 5126 314 5137 ’
370 5146 416 5182 ⁴⁸
446 5146 617 5203 Hebr.
652 5165 729 5216 ix,
760 5149 815 5204 7.
891 5151 936 5186 ⁴⁶
968 5150 1143 5205 Hebr.
1177 5167 1253 5222 rv,
1290 5151 1377 5205 14.
1454 5152 1497 5184 ⁴⁷
1530 5151 1550 5205 Ι
1583 5151 1731 5207 Tim.
1765 5170 1848 5221 ιιι,
1880 5156 1916 5209 2
1950 5171 2083 5227 sqq.

314 5340 317 5347 ι
348 5279 487 5350 (62)
522 5276 830 5357 Γαληνός...
874 5279 1242 5357 παι-δευτικός.
1278 5283 1688 5357 Regg.plures
1730 5287 1963 5357 optimae

305 5348 475 5428 potae,
506 5348 1237 5428 ﬂmmeugmtaaumeg.
1270 5380 1297 5406 ‹‹
1326 5348 1553 5411 Placide
1585 5348 1962 5428 increpando,

304 5419 601 5483 laudando
634 5423 966 5481 salubriter.
996 5450 1023 5476 ››

371 5494 487 5637 E63;
515 5492 870 5570 Φιλοσοφίαν.
908 5498 1157 5571 Nicetes,
1193 5498 1412 5574 ἀρετήν,
1447 5522 1472 5549 ‹‹
1510 5498 1863 5555 virtutem.»

394 5564 462 5637 64
519 5561 713 5617 Καλεῖν
747 5567 780 5632 ἡ
816 5571 1021 5637 Γραφή.
1056 5571 1185 5628 Haec
1229 5575 1443 5627 desunt
1492 5571 1549 5626 in
1599 5572 1778 5637 Regg.
1813 5590 1863 5637 ε,

315 5561 713 5689 ἑῒ(1ιξὲἒιιι‹κλεῖν
742 5561 780 5632 ’ἡ
816 5571 1021 5644 Γραφή.
1056 5561 1185 5628 Ηωό
1229 5561 1443 5627 desunt
1492 5571 1549 5626 in
1599 5572 1778 5643 Regg.
1813 5590 1869 5640 a,
1901 5574 1959 5643 d,

303 5646 360 5693 et
389 5646 520 5692 bas.

310 5758 323 5768 .
516 5706 660 5787 Ιξρὸς
691 5705 874 5787 αὖτόχ.
907 5709 1079 5787 Deest
1102 5715 1168 5787 in
1202 5720 1342 5787 Reg.

373 5724 487 5779 (οδ)
516 5724 660 5837 υὲος
691 5724 874 5761 αυτον.
907 5724 1079 5768 Deest
1109 5724 1168 5771 in
1202 5724 1342 5787 Reg.
1376 5724 1434 5769 d.

373 5775 486 5848 (66)
542 5776 557 5798 ’
606 5784 907 5850 πισκοπῆς.
967 5781 1139 5844 Cois].
1195 5788 1264 5861 2,
1327 5784 1578 5858 aliique,
1629 5782 1961 5854 τῆςίπισκο-

2289 5361 2669 5433 merges"
2700 5362 2876 5433 νικᾷν.

2167 5428 2258 5505 68)
2291 5438 2397 5487 Μοι
2436 5428 2701 5505 διέλεσθετ
2735 5428 2927 5505 Deest
2955 5452 3048 5503 μοι
3081 5433 3141 5505 in
3179 5434 3317 5505 Beg.
3352 5432 3452 5505 ph.
3487 5431 3551 5486 In
3600 5428 3734 5485 aliis

2073 5499 2292 5587 autem,
2347 5522 2451 5577 pro
2502 5499 2763 5575 διέλεσθε,
2817 5499 3054 5577 legitur,
3103 5499 3372 5577 διέλθέτιξ
3422 5525 3448 5559 α
3496 5517 3734 5559 enarre-

2072 5580 2259 5719 ῒνιξς(ϐξ)
2289 5640 2786 5723 ΙῐρεσϐὖταιηΒοε.
2819 5645 2922 5717 hu,
2953 5649 3011 5703 et
3039 5648 3321 5718 Combef.,
3350 5638 3733 5723 πρεσϐύτεροι,

2078 5741 2099 5770 α
2135 5717 2305 5778 senes
2335 5717 2471 5777 cum
2497 5717 2859 5792 junioribus.
2887 5738 2916 5769 »
