4110 6412
352 434 506 510 1093

1272 436 1567 501 ORATIO
1611 436 1872 498 XXI.-—
1898 435 1977 495 IN
2021 434 2344 497 LAUDEM
2390 432 2841 499 ATHANASII.

3609 437 3767 503 1094

344 586 444 650 τῆς
476 577 726 652 Θεωρίας,
753 574 842 630 καὶ
874 572 992 629 ὅσοι
1022 578 1121 643 τῆς
1152 570 1415 643 πράξεως.
1446 570 1503 623 Ὁ
1554 569 1650 641 μὲν
1712 565 1998 623 ἕπαινείτω

2130 568 2288 623 Iimul
2325 573 2381 623 et
2411 569 2662 638 feminae,
2688 570 3086 626 adolescentes
3117 574 3174 625 et
3203 567 3474 643 virgines,
3511 589 3681 628 senes
3712 576 3769 628 et

343 669 407 723 τὸ
440 668 490 722 ἐν
549 665 823 737 νηστείαις
870 662 959 717 καὶ
1014 664 1368 735 προσευχαῖς,
1431 660 1543 713 οἷον
1605 655 1893 729 ἀσώματόν
1943 675 2002 710 τι

2140 674 2374 727 uvenes,
2400 659 2733 714 sacerdotes
2757 664 2814 712 et
2837 659 3112 730 populus,
3139 660 3407 715 monachi
3432 666 3489 715 et
3510 661 3569 716 in
3602 662 3769 717 soda-

345 757 433 812 καὶ
466 755 629 811 ἄυλον
660 777 671 789 ·
708 755 736 808 ὁ
769 751 826 807 δὲ
854 753 916 807 τὸ
948 750 999 806 ἐν
1035 748 1351 825 ἀγρυπνίαις
1398 768 1458 802 τε
1505 746 1593 801 καὶ
1646 741 2000 819 ψαλμῳδίαις

346 844 563 902 εὕτονόν
616 865 675 899 τε
734 845 845 917 (70)
900 840 988 895 καὶ
1039 838 1306 908 ἀήντητον
1334 856 1346 869 ·
1382 834 1555 898 ἄλλος
1585 835 1648 889 τὸ
1680 835 1730 889 έν
1765 853 2002 909 προστα-

348 935 438 1006 σίᾳ
482 937 590 988 τῶν
642 930 935 1005 δεομένων,
991 927 1163 990 ἄλλος
1207 928 1307 995 τήν
1340 926 1479 1002 πρὸς
1520 926 1582 979 τὸ
1617 924 1879 1000 ὑπερέχον
1913 921 2003 975 ἆν-

348 1022 598 1079 τιτυπίαν
658 1023 790 1096 (71),
846 1021 881 1089 ἢ
918 1018 1057 1094 πρὸς
1089 1018 1151 1072 τὸ
1182 1013 1435 1071 ταπεινόν
1470 1007 1883 1090 συγκαταϐασιν.
1938 1009 2006 1066 Αἱ

352 1113 628 1187 παρθένοι,
683 1110 772 1165 τὸν
826 1105 1229 1186 νυμφαγωγόνο
1291 1105 1346 1158 αἱ
1406 1104 1508 1158 ὑπὸ
1566 1103 1744 1177 ζυγὸν,
1774 1102 1864 1155 τὸν
1900 1121 2008 1153 σω-

356 1203 647 1279 φρονιστήν
670 1219 683 1231 ·
741 1200 793 1253 ol
848 1199 949 1266 τῆς
1006 1194 1266 1271 νρημίας,
1322 1192 1416 1248 τὸν
1453 1193 1737 1279 πτερωτήν
1771 1192 1884 1259 (72)
1908 1210 1918 1222 ·
1955 1188 2006 1279 οἱ

352 1277 453 1360 τῆς
484 1289 776 1363 ἐπιμιξίας,
803 1288 891 1341 τὸν
923 1286 1228 1359 νομοθέτην
1255 1303 1267 1316 ·
1303 1284 1354 1337 οἱ
1381 1289 1484 1351 τῆς
1530 1278 1862 1347 ἁπλότητος,
1915 1277 2007 1331 τὸν

357 1378 556 1455 ὁδηγόν
583 1398 594 1409 ·
657 1378 708 1432 οἳ
762 1382 863 1446 τῆς
915 1374 1167 1450 θεωρίας,
1216 1372 1307 1427 τὸν
1359 1368 1621 1445 θεολόγον
1649 1388 1662 1399 ·
1694 1369 1744 1422 οἳ
1776 1366 1826 1421 ἐν
1862 1366 2005 1421 εὐθυ-

360 1469 504 1543 μίαις
539 1470 671 1541 (73),
702 1466 793 1521 τὸν
827 1463 1054 1540 χαλινόν
1080 1483 1093 1497 ⁸
1142 1463 1193 1516 οἱ
1242 1460 1293 1516 έν
1346 1465 1669 1538 συμφοραῖς,
1702 1459 1799 1527 τήν
1832 1455 2006 1532 παρά-

353 1556 569 1628 κλησιν⁶
601 1556 699 1625 τὴν
737 1552 1055 1628 βακτηρίαν,
1088 1554 1124 1621 ἡ
1175 1569 1384 1606 ποΑια·
1445 1551 1543 1617 τήν
1605 1544 2005 1621 παιδαγωγίαν,

353 1649 387 1717 ἡ
417 1645 648 1714 νεότηςο
703 1647 739 1713 ἠ
788 1642 961 1713 πενία,
1018 1642 1108 1696 τὸν
1171 1641 1435 1715 ποριστήν
1493 1640 1645 1709 (74)·
1690 1638 1725 1706 ἡ
1759 1634 2005 1706 εὐπορία,

349 1734 442 1789 τὰν
475 1732 789 1805 οἰκονόμον.
824 1729 1049 1785 Δοκοῦσί
1085 1749 1177 1802 μοι
1207 1728 1295 1783 καὶ
1325 1729 1495 1803 χῆραι
1552 1725 1643 1780 τὸν
1702 1722 2010 1799 προστάτην

353 1822 722 1879 έπαινέσεσθαι
748 1840 761 1852 ·
796 1820 885 1873 καί
917 1816 1167 1893 ὀρφανοὶ,
1202 1817 1293 1870 τὸν
1322 1816 1529 1890 πατέρα
1553 1833 1565 1845 ·
1618 1812 1708 1868 καὶ
1766 1810 2008 1887 πτωχοὶ,

2115 745 2239 801 litio
2271 749 2550 817 viventes,
2577 749 2676 818 qui
2709 748 3106 818 simplicitatis
3139 749 3361 804 alumni
3395 752 3557 813 estis,
3581 755 3637 806 et
3668 750 3769 822 qui

2115 835 2426 891 exactioris
2475 835 2603 890 vita:
2664 837 2934 901 studiosi,
2979 855 3183 892 omnes
3215 839 3483 909 denique,
3518 856 3768 911 quorum

2114 924 2251 991 vita,
2283 924 2369 978 vel
2400 924 2455 978 in
2490 925 2998 996 contemplatione,
3037 926 3117 981 vel
3162 927 3219 980 in
3276 928 3449 983 rebus
3499 929 3770 1000 gerendis

2114 1018 2397 1068 versatur.
2432 1013 2535 1068 Hic
2580 1012 2757 1083 illius,
2790 1014 2947 1068 velut
2976 1029 3218 1086 corpore
3246 1018 3513 1072 vacantis
3547 1034 3612 1073 ac
3648 1034 3768 1072 ma-

2116 1102 2274 1156 terias
2304 1101 2577 1172 expertis,
2625 1103 2683 1156 in
2726 1103 2971 1172 jejuniis
3022 1108 3195 1174 atque
3227 1106 3594 1162 orationibus
3626 1107 3774 1163 assi-

2117 1191 2401 1245 duitatem
2450 1190 2725 1246 laudibus
2768 1191 2994 1259 evehat,
3042 1192 3139 1247 ille
3197 1194 3655 1264 insuperabilem
3715 1196 3775 1251 in

2115 1278 2328 1349 vigiliis
2388 1297 2453 1334 ac
2512 1280 2858 1350 psalmodiis
2917 1282 3194 1352 vigorem.
3255 1283 3417 1338 Alius
3474 1287 3774 1357 egentium

2118 1385 2319 1423 curam
2343 1374 2400 1424 et
2430 1369 2790 1441 praesidium,
2812 1370 2984 1437 alius,
3017 1377 3077 1425 ut
3109 1372 3190 1426 vel
3226 1373 3493 1443 superbis
3517 1379 3574 1429 et
3603 1374 3772 1431 elatis

2118 1459 2420 1523 restiterit,
2448 1460 2532 1513 vel
2566 1460 2636 1513 ad
2670 1458 2923 1513 humiles
2958 1477 3018 1514 se
3050 1461 3369 1527 demiserit,
3396 1468 3612 1518 narret.
3648 1463 3771 1519 Vir-

2118 1548 2284 1619 gines
2335 1548 2671 1618 pronubum
2716 1547 2996 1615 laudent;
3057 1566 3184 1619 quae
3231 1551 3587 1606 matrimonii
3625 1554 3771 1625 jugo

2119 1637 2445 1692 constricta
2478 1642 2637 1701 sunt,
2671 1637 3094 1692 moderatorem
3123 1656 3135 1705 ;
3190 1639 3286 1709 qui
3331 1640 3653 1696 solitariam
3687 1643 3770 1696 vi-

2118 1729 2239 1779 tam
2271 1729 2473 1797 agunt,
2498 1725 2873 1780 excitatorem
2905 1731 2962 1780 et
2993 1732 3311 1781 erectorcm
3340 1753 3353 1793 ;
3386 1730 3484 1800 qui
3515 1729 3573 1784 in
3606 1731 3771 1786 soda-

2120 1813 2247 1869 litio
2278 1813 2498 1880 vivunt,
2527 1813 2918 1885 legislatorem
2946 1833 2958 1881 ;
2995 1814 3317 1887 simplices,
3354 1818 3769 1890 deductorem;

349 1913 440 1966 τὸν
501 1909 891 1989 φιλόπτωχον’
961 1906 1050 1961 καὶ
1105 1904 1197 1961 τὸν
1260 1904 1557 1982 φιλόξενον,
1621 1903 1671 1956 οἳ
1714 1900 2006 1971 ξένοι·καὶ

2130 1902 2505 1975 speculationi
2565 1902 2767 1971 dediti,
2818 1903 3195 1976 theologum;
3257 1906 3600 1978 praecipites,
3660 1910 3771 1965 fre-

350 1997 602 2078 ἀδελφοὶ,
632 2000 723 2053 τὸν
758 1994 1094 2074 φιλάδελφον
1123 2015 1135 2026 ·
1171 1996 1224 2049 οἱ
1253 1998 1563 2062 νοσοῦντες,
1587 1992 1679 2045 τὸν
1708 1991 1911 2063 ἰατρὸν,

358 2077 547 2165 βούλει
600 2086 755 2142 νόσον
810 2086 900 2140 καὶ
956 2083 1230 2159 ἲατρείαν·
1293 2084 1346 2137 οἱ
1389 2080 1744 2157 ὕγιαίνοντες,
1777 2080 1865 2133 τὸν
1918 2077 2012 2154 φύ-

356 2176 497 2232 λακα
525 2183 625 2246 τῆς
660 2174 837 2251 ὑγείας
871 2176 983 2247 (75)
1013 2193 1025 2204 ·
1089 2172 1140 2226 οἱ
1198 2171 1413 2239 πάντες,
1447 2172 1535 2225 τὸν
1569 2175 1699 2224 πᾶσι
1732 2168 1904 2222 πάντα
1934 2189 2013 2242 γι-

354 2266 582 2339 νόμενον
616 2267 749 2339 (76),
775 2261 867 2316 ⁷ίνα
896 2260 1123 2335 κερδαίνῃ
1149 2262 1276 2322 τοὺς
1308 2259 1535 2329 πάντας,
1554 2261 1587 2327 ἣ
1620 2256 1899 2318 πλείονας.

2114 2081 2425 2151 juventus,
2486 2083 2863 2153 paedagogum
2901 2099 2912 2148 ;

2117 2009 2289 2061 num;
2316 1992 2661 2061 calamitosi,
2685 1992 3143 2061 consolatorem;
3170 1995 3433 2062 canities,
3458 1996 3770 2067 baculum,

2977 2092 3290 2154 paupertas
3307 2127 3320 2151 ,
3383 2085 3720 2156 largitorem
3756 2105 3772 2157 ;

2121 2171 2355 2238 divitias,
2396 2170 2883 2240 dispensatorem.
2945 2172 3093 2235 Quin
3158 2172 3299 2227 mihi
3362 2174 3655 2242 videntur,
3715 2182 3773 2231 et

2121 2259 2307 2313 viduae
2341 2264 2649 2329 patronum
2684 2259 3030 2325 laudaturaa,
3063 2265 3119 2315 et
3150 2261 3378 2332 pupilli,
3414 2270 3635 2333 patrem
3664 2289 3677 2331 ;
3712 2269 3771 2321 et

356 2372 665 2428 pauperes,
698 2369 1024 2425 pauperum
1083 2351 1451 2417 studiosum;
1504 2353 1561 2404 et
1606 2346 1917 2419 peregrini,
1960 2346 2329 2418 hospitalem,
2363 2352 2421 2401 et
2467 2349 2696 2419 fratres,
2747 2348 2992 2402 fratrum
3044 2354 3369 2418 amantem;
3405 2358 3772 2423 aegrotantes,

357 2445 675 2507 medicum,
709 2442 886 2513 idque
918 2442 1345 2511 cujuscumque
1379 2437 1565 2493 morbi
1611 2453 1675 2492 ac
1726 2436 2138 2490 medicamenti
2171 2438 2457 2505 volueris;
2491 2437 2639 2503 sani,
2677 2436 3026 2492 valetudinis
3066 2440 3399 2508 custodem;
3435 2458 3639 2497 omnes
3672 2443 3772 2498 de-

357 2532 534 2603 nique
566 2548 722 2600 eum,
756 2530 856 2601 qui
889 2529 1087 2584 omnia
1112 2528 1386 2583 omnibus
1417 2528 1606 2580 factus
1638 2529 1745 2593 est,
1780 2529 1845 2578 ut
1876 2541 2099 2596 omnes,
2133 2525 2221 2579 vel
2257 2543 2432 2596 quam
2468 2525 2753 2596 plurimos
2784 2525 3151 2582 lucrifaceret
3171 2528 3232 2581 ω.

394 2624 529 2677 ηΙΑ¹,
589 2622 770 2675 Ταῦτα
825 2617 919 2690 μὲν
969 2616 1084 2683 οὗν,
1144 2614 1275 2690 ὅπερ
1336 2615 1508 2683 εἷπον,
1544 2611 1709 2667 ἄλλοι
1741 2610 2007 2685 θαυμαζέ-

352 2709 526 2764 τωσάν
559 2728 616 2762 τε
643 2706 733 2762 καὶ
766 2704 1190 2778 ἀνυμνείτωσαν,
1224 2702 1303 2765 οίς
1344 2701 1526 2778 σχολὴ
1558 2702 1625 2756 τὰ
1686 2701 1855 2776 μικρὰ
1901 2703 2008 2754 τῶν

354 2796 560 2851 ἐκείνου
620 2794 934 2868 θαυμάζειν.
994 2796 1177 2870 Μικρά
1204 2791 1261 2848 δὶ
1293 2792 1417 2848 ὅταν
1453 2790 1612 2861 εἷ’πω,
1643 2791 1801 2845 αὐτὸν
1837 2789 2011 2861 ἑαυτῷ

357 2885 654 2960 συγκρίνων
714 2883 878 2960 λέγω,
934 2884 1025 2938 καὶ
1082 2885 1149 2938 τὰ
1206 2882 1414 2938 ἐκείνου
1442 2887 1555 2943 τοῖς
1588 2880 1794 2935 ἐκείνου
1827 2878 2015 2955 παρεξ-

362 2975 562 3042 ετάζων
618 2973 701 3045 (οὐ
758 2974 859 3048 γὰρ
920 2970 1227 3043 δεδόξασται
1287 2973 1400 3045 (77)
1460 2972 1523 3025 τὸ
1601 2968 2012 3042 δεδοξασμένον,

2189 2614 2277 2671 XI.
2313 2615 2441 2669 Haec
2472 2614 2667 2686 igitur,
2694 2619 2759 2669 ut
2789 2616 3067 2685 diximus,
3093 2617 3190 2671 alii
3223 2618 3512 2673 mirentur
3546 2624 3603 2676 et
3632 2638 3773 2692 pras-

2120 2704 2335 2770 dicent,
2384 2704 2600 2775 quibus
2660 2709 2887 2759 tantum
2946 2706 3046 2760 otii
3109 2708 3389 2778 suppetit,
3438 2714 3503 2763 ut
3530 2710 3774 2782 exiguas

2121 2784 2279 2839 illius
2301 2785 2544 2839 virtutes
2566 2784 2841 2841 laudibus
2867 2794 3314 2858 prosequantur.
3332 2788 3581 2861 Exiguae
3605 2807 3775 2861 porro

2124 2890 2257 2929 cum
2291 2874 2440 2944 dico,
2466 2874 2661 2944 ipsum
2694 2891 2891 2928 secum
2917 2891 3265 2947 comparans
3294 2877 3445 2943 dico,
3470 2878 3778 2952 ipsiusque

2123 2964 2370 3018 virtutes
2419 2980 2553 3018 cum
2598 2963 2785 3035 ipsius
2833 2964 3151 3020 virtutibus
3200 2967 3504 3023 conferens
3563 2976 3776 3041 (neque

363 3061 459 3116 κᾶν
616 3061 737 3115 λίαν
768 3059 1048 3137 λαμπρὸτ,
1078 3058 1255 3114 ἕνεκεν
1285 3063 1399 3130 (78)
1428 3066 1529 3129 τῆς
1562 3053 2017 3133 ὑπερϐαλλούσης

2130 3053 2282 3107 enim
2314 3053 2372 3107 id
2406 3052 2559 3123 quod
2593 3052 2983 3125 gloriﬁcatum
3014 3058 3121 3120 est,
3143 3055 3533 3125 gloriﬁcatum
3567 3063 3655 3112 est
3683 3057 3777 3126 η’,

368 3148 549 3221 δόξης,
619 3150 796 3223 ὥσπερ
846 3149 1213 3222 ἡκούσαμεν)·
1276 3147 1391 3203 ἐπεὶ
1435 3148 1525 3203 καὶ
1561 3146 1725 3222 ὀλίγα
1752 3152 1859 3202 τῶν
1892 3144 2019 3201 τού-

2127 3143 2304 3198 etiam
2328 3141 2377 3195 si
2399 3141 2563 3196 valde
2585 3143 2663 3196 sit
2683 3142 3082 3213 splendidum,
3107 3151 3345 3216 propter
3365 3146 3779 3203 exuberantem

367 3260 489 3309 του,
535 3238 737 3313 ἑτέροις
794 3238 1032 3314 αὐτάρκη
1093 3238 1232 3314 πρὸς
1281 3235 1657 3311 εὐδοκίμησιν.
1726 3237 1886 3326 Ἡμῖν
1964 3233 2022 3291 δὶ

2134 3230 2576 3304 gloriam,velut
2605 3230 2816 3286 litteris
2844 3233 3028 3287 sacris
3060 3234 3354 3304 proditum
3386 3236 3531 3306 est);
3564 3234 3782 3308 alioqui

374 3329 459 3402 (οὐ
490 3331 592 3405 γὰρ
627 3328 843 3383 ἀνεκτδν
877 3328 1259 3385 καταλείπουσι
1301 3331 1413 3403 (79)
1456 3328 1548 3383 τὸν
1594 3326 1781 3403 λόγον.
1833 3323 2021 3380 διακο-

370 3423 479 3471 νεῖν
534 3424 649 3478 τοῖς
707 3417 1031 3491 ἐλάττοσιν),
1092 3417 1171 3471 ἐπ’
1226 3417 1357 3471 αὐτὸ
1414 3418 1476 3470 τὸ
1514 3417 1847 3491 κυριώτατον
1910 3415 2023 3487 (80)

368 3511 475 3559 τῶν
528 3505 725 3558 ἐκείνου
774 3507 1053 3576 τρεπτέον.
1105 3510 1238 3559 Θεοῦ
1289 3502 1347 3558 δὲ
1393 3502 1569 3579 ἔργον,
1614 3504 1745 3578 ὑπὲρ
1780 3503 1846 3556 οὗ
1873 3503 1961 3557 καὶ
1993 3503 2021 3556 ὁ

371 3592 559 3665 λόγος,
611 3590 777 3644 εἰπεῖν
827 3612 876 3644 τι
925 3598 1025 3659 τῆς
1069 3590 1275 3646 ἐκείνου
1319 3590 1726 3666 μεγαληγορίας
1775 3590 1865 3644 καὶ
1918 3592 2021 3664 ψυ-

368 3687 476 3755 χῆς
511 3680 652 3749 ἄξιον
671 3722 681 3735 .

2134 3338 2321 3393 pauca
2349 3321 2525 3377 etiam
2557 3319 2717 3376 illius
2739 3325 3082 3376 ornamenta
3110 3324 3399 3393 ejusmodi
3432 3330 3590 3392 sunt,
3616 3332 3680 3380 ut
3709 3326 3783 3381 ad

2135 3410 2392 3466 nominis
2414 3410 2809 3465 celebritatem
2836 3410 2967 3464 aliis
2987 3410 3219 3466 abunde
3248 3428 3375 3467 esse
3406 3418 3642 3483 queant.
3667 3414 3781 3469 No-

2134 3501 2225 3555 bis
2283 3508 2477 3554 autem
2539 3502 2661 3569 (nec
2707 3499 2861 3553 enim
2914 3500 3216 3553 ferendum
3263 3506 3372 3565 est,
3424 3518 3551 3567 nos.
3585 3502 3785 3560 relicto

2130 3589 2327 3654 verbo,
2361 3588 2535 3642 rebus
2569 3586 2802 3640 levioris
2832 3587 3117 3640 momenti
3151 3587 3532 3660 ministrare),
3567 3591 3638 3645 ad
3699 3590 3782 3661 Id,

2130 3678 2284 3747 quod
2320 3677 2556 3729 laudum
2592 3674 2777 3745 ipsius
2800 3684 2975 3744 caput
2996 3681 3103 3744 est,
3125 3679 3511 3732 convertenda
3540 3684 3629 3734 est
3653 3696 3783 3735 ora-

362 3772 466 3828 tio.
500 3772 614 3826 Deo
646 3787 797 3835 vero,
830 3770 1000 3839 cujus
1031 3785 1208 3824 causa
1238 3768 1394 3823 hunc
1425 3784 1655 3839 quoque
1687 3783 2018 3824 sermonem
2063 3765 2457 3829 instituimus,
2490 3768 2791 3835 acceptum
2839 3764 3205 3819 referendum
3238 3766 3367 3836 erit,
3402 3768 3449 3822 si
3481 3768 3781 3841 quidpiam

364 3860 706 3927 dixerimus,
742 3859 894 3930 quod
928 3857 1084 3913 illius
1116 3856 1638 3929 gran‘diloquentite
1671 3858 1972 3928 animique
2001 3854 2202 3910 virtuti
2236 3854 2602 3925 respondeat.

438 3951 536 4005 IB'.
586 3950 683 4003 Ἦν
734 3948 823 4002 ’ὀτε
870 3944 1085 4018 ἤκμαζε
1130 3946 1197 4000 τὰ
1240 3944 1502 4021 ἡμέτερα,
1552 3946 1644 4000 καὶ
1703 3943 1886 4007 καλῶς
1941 3943 2016 3999 εἴ·

364 4057 480 4113 χεν,
529 4036 689 4105 ἡνίκα
736 4037 797 4090 τὸ
850 4037 942 4107 μὶν
994 4036 1242 4105 περιττὸν
1306 4038 1491 4107 τοῦτο,
1544 4034 1635 4089 καὶ
1698 4033 2017 4109 κατεγλωτ-

362 4127 616 4198 τισμένον
664 4132 764 4193 τῆς
816 4122 1097 4200 θεολογίας
1148 4123 1239 4178 καὶ
1283 4120 1555 4200 ἔντεχνον,
1610 4122 1735 4179 οὐδὲ
1779 4120 2016 4201 πάροδον

370 4215 514 4289 εἶχεν
545 4214 619 4275 εἷς
663 4218 759 4275 τας
812 4214 955 4277 θείας
1005 4211 1196 4285 αὐλὰς,
1233 4211 1378 4269 ἀλλὰ
1405 4214 1596 4269 ταυτὸν
1629 4215 1696 4283 ἦν
1729 4215 1934 4291 ψήφοις
1962 4233 2021 4267 τε

369 4304 603 4373 παίζειν,
634 4304 733 4372 τὴν
764 4298 885 4376 ὄψιν
918 4302 1281 4365 κλεπτοόσαις
1320 4300 1400 4376 τῷ
1443 4302 1600 4378 τάχει
1646 4310 1746 4372 τῆς
1803 4302 2021 4377 μεταθέ-

369 4412 524 4460 σεως,
601 4392 636 4461 ἢ
714 4393 1097 4468 κατορχεῖσθαι
1176 4396 1281 4447 τῶν
1358 4394 1559 4447 θεατῶν
1604 4393 1877 4456 παντοίοις
1934 4390 2024 4447 καί

367 4474 715 4553 ἀνδρογύνοις
759 4477 1072 4553 λυγίσμασι,
1124 4479 1213 4532 καὶ
1260 4481 1383 4555 περὶ
1433 4486 1567 4535 Θεοῦ
1610 4478 1783 4557 λέγειν
1815 4503 1867 4536 τι
1926 4480 2015 4535 καὶ

2198 3943 2352 3999 393
2382 3942 2498 3997 XII.
2539 3943 2666 3996 Fuit
2696 3943 2990 4013 quondam
3044 3950 3298 4017 tempus,
3348 3964 3477 4003 cum
3533 3964 3626 4004 res
3679 3967 3783 4005 no-

2126 4038 2261 4089 strae
2295 4033 2585 4097 ﬂorerent,
2611 4048 2676 4086 ac
2708 4030 2980 4102 praeclare
3012 4049 3073 4089 se
3106 4033 3409 4102 haberent,
3437 4053 3571 4092 cum
3605 4039 3785 4093 nimi-

2130 4138 2261 4179 rum
2293 4118 2591 4191 superﬂua
2623 4119 2765 4183 haec,
2795 4126 2852 4175 et
2880 4123 3187 4177 verborum
3223 4122 3419 4196 lepore
3449 4130 3625 4198 atque
3658 4132 3781 4185 arte

2131 4214 2327 4268 fucata
2354 4210 2668 4265 tractanda;
2688 4209 2990 4281 theologia;
3023 4211 3192 4278 ratio,
3217 4215 3288 4267 ad
3320 4215 3549 4271 divinas
3580 4216 3783 4273 caulas

2134 4319 2204 4357 ne
2237 4300 2461 4357 aditum
2494 4298 2733 4370 quidem
2766 4298 3053 4355 habebat:
3090 4319 3290 4358 verum
3325 4304 3480 4359 idem
3512 4310 3637 4361 erat
3667 4306 3783 4361 cal-

2134 4390 2282 4447 culis
2314 4390 2533 4458 ludere,
2568 4387 2916 4443 inversionis
2956 4390 3251 4447 celeritate
3281 4393 3580 4450 oculorum
3613 4396 3783 4451 obtu-

2126 4486 2251 4535 tum
2287 4478 2644 4545 fallentibus,
2673 4483 2775 4531 aut
2804 4479 3135 4551 omnigenis
3164 4486 3222 4535 et
3253 4481 3486 4538 lascivis
3518 4485 3783 4556 corporis

365 4566 576 4621 ἆκούειν
636 4566 945 4641 καινότερον
977 4568 1066 4621 καὶ
1116 4570 1229 4641 (81)
1261 4566 1545 4643 περίεργον
1573 4589 1585 4601 ·
1618 4556 1769 4625 τὸδὲ
1806 4568 2015 4625 ἁπλοῦν

2130 4569 2374 4624 ﬂexibus
2406 4570 2761 4638 spectatores
2792 4565 3101 4639 ludificari,
3125 4572 3280 4640 quod
3314 4572 3445 4626 novi
3477 4574 3781 4645 quidpiam

434 4668 478 4703 ⁴⁸
511 4669 529 4723 l
562 4667 691 4723 Cor.
721 4684 802 4735 1x,
831 4668 919 4723 22.
998 4668 1067 4702 ἰδ’
1097 4668 1147 4722 II
1177 4668 1306 4723 Cor.
1339 4685 1423 4735 III,
1462 4670 1547 4724 10.

432 4766 541 4908 (70)
572 4770 658 4819 Τι.
695 4771 861 4853 Dee‘st
897 4768 957 4822 in
990 4767 1250 4889 (Ῑυὶηέυο
1281 4767 1458 4838 Regg.
1494 4773 1552 4823 et
1581 4768 1676 4823 Or.
1714 4770 1765 4824 1.

453 4839 550 4907 71)
590 4837 732 4908 Πρὸς
762 4858 823 4891 το
856 4837 1118 4908 ὑπερέχον
1192 4838 1490 4894 ντιτυπίαν.
1528 4862 1555 4890 ‹‹
1588 4840 1661 4896 Ut
1693 4842 1765 4897 elt

453 4839 555 4913 71)
590 4837 823 4913 Πρὸςτὸ
856 4837 1118 4913 ὑπερέχον
1159 4837 1490 4913 ἀντιτυπίαν.
1528 4862 1555 4913 (ξ
1588 4840 1661 4896 Ut
1693 4842 1861 4897 elatis
1893 4859 2018 4898 res-

362 4909 664 4984 tituerit,»
700 4912 755 4965 id
784 4919 913 4984 (est,
944 4909 971 4961 (ὲ
1007 4909 1499 4984 P'rzecellentibus,
1533 4912 2016 4984 Imperatoribus,

368 4982 679 5047 Praefectis,
743 4982 975 5053 pietatis
1031 4999 1097 5039 ac
1156 4982 1290 5038 ﬁdei
1348 4982 1645 5051 hostibus,
1700 4985 2018 5053 Haareticis,

365 5052 655 5117 Ethnicis,
688 5060 796 5109 etc.
824 5075 851 5103 ››

438 5125 551 5197 (72)
580 5124 678 5176 Τὸν
709 5126 1011 5197 πτερωτήν.
1046 5147 1072 5173 ‹‹
1106 5124 1241 5179 Alas
1274 5126 1610 5195 addentem,
1645 5127 1886 5184 sublimi
1916 5147 2017 5185 vo-

368 5194 489 5250 latu
522 5194 890 5251 excitantem.
920 5218 947 5247 η

458 5268 548 5339 73)
581 5266 897 5339 Εὐθυμίαις.
931 5268 1073 5330 Jes.,
1105 5264 1349 5338 εὐθυμία.

460 5270 527 5321 73
581 5270 897 5339 Εὐθυμίαις.
931 5270 1073 5330 Jes.,
1105 5270 1349 5338 εὐθυμία.

460 5270 549 5415 Ἱῤ)
588 5338 687 5391 Τὸν
738 5341 1028 5415 ποριστήν.
1060 5363 1085 5387 ‹‹
1121 5340 1229 5403 Qui
1275 5338 1450 5394 victui
1500 5343 1832 5398 necessaria
1878 5346 2018 5400 sub-

367 5408 682 5465 miniStret.
708 5434 737 5461 υ

454 5482 546 5554 75)
575 5482 805 5555 Ὑγείας.
842 5488 961 5538 Duo
994 5482 1195 5553 Regg.,
1232 5479 1450 5555 ὑγιείας.

453 5555 545 5677 <Z6)
588 5553 895 5626 Γινόμενον.
951 5556 1231 5619 Quatuor.
1278 5553 1488 5626 Regg.,
1534 5553 1629 5610 Or.
1679 5559 1734 5625 2,
1786 5557 2017 5627 Comb.,

490 5644 661 5677 μενον.

395 5642 661 5681 ενομενον.

358 5643 661 5698 γινομενον.

411 5697 540 5773 _(7_7)
573 5695 644 5750 Οὐ
702 5695 802 5773 γᾷρ
864 5691 1199 5773 δεδόξασται,
1238 5700 1351 5773 etc.
1403 5694 1629 5773 Alludit
1685 5699 2017 5773 Theologus

358 5766 443 5824 ad
481 5768 601 5825 haec
649 5766 828 5841 verba
875 5774 1078 5840 Apost.
1136 5770 1187 5825 ΙΙ
1234 5770 1361 5825 Cor.
1396 5784 1482 5841 In,
1518 5770 1584 5825 10
1616 5788 1629 5827 :
1657 5793 1684 5823 «
1719 5772 1867 5830 Nam
1908 5766 2018 5829 nec

2128 4767 2521 4843 gloriﬂcatum
2555 4771 2662 4843 est,
2686 4768 2853 4843 quod
2887 4766 3095 4843 claruit
3124 4769 3181 4824 in
3210 4770 3323 4843 (hac
3356 4775 3517 4842 parte
3549 4775 3784 4843 propter

2130 4838 2507 4913 excellentem
2551 4838 2876 4909 gloriam,»
2909 4847 3018 4895 etc.
3053 4842 3129 4895 Ea
3174 4838 3465 4913 siquidem
3500 4838 3569 4897 ad
3607 4838 3781 4897 Atha-

2131 4911 2279 4966 nasii
2312 4910 3026 4984 laudesaccommodans,
3060 4910 3351 4984 signiticet
3393 4913 3552 4970 illius
3599 4915 3784 4970 virtu-

2129 4990 2237 5049 tes,
2264 4998 2412 5056 quas
2445 4983 2607 5056 prius
2635 4999 2737 5056 per
2760 4984 3089 5055 congeriem
3116 4983 3786 5056 enumeraverat,quam-

2128 5055 2214 5109 vis
2248 5055 2505 5109 maxima
2538 5054 2706 5108 laude
2729 5055 2917 5126 dignas
2950 5057 3087 5120 sint,
3112 5075 3319 5182 parvas
3350 5064 3547 5113 tamen
3580 5054 3782 5113 haberi

2130 5142 2320 5182 nosse.
2355 5128 2401 5180 si
2438 5143 2571 5181 cum
2604 5126 2696 5182 iis.
2731 5144 2878 5182 uuas
2912 5144 3044 5182 mox
3076 5146 3109 5182 a
3135 5130 3362 5182 laturus
3402 5136 3509 5182 est.
3544 5147 3779 5182 comna-

2130 5142 2320 5197 posse,
2355 5128 2401 5180 si
2438 5143 2571 5181 cum
2604 5126 2696 5191 iis,
2731 5144 2878 5198 quas
2912 5144 3044 5182 mox
3076 5126 3362 5186 allaturus
3402 5136 3509 5198 est,
3544 5147 3779 5202 compa-

2129 5203 2350 5254 rentur.

2203 5271 2309 5338 (78)
2343 5268 2582 5341 Ἕνεκεν..
2612 5266 2808 5324 Plures
2836 5270 3027 5341 codd.,
3062 5267 3278 5325 e'tvsxsv.

2202 5336 2312 5413 (79)
2347 5336 2770 5413 Κατα)εξίπ9υσε.
2820 5343 2957 5413 Reg.
3009 5336 3065 5411 δ,
3112 5343 3207 5398 ΟΡ.
3260 5343 3299 5411 1,
3348 5343 3631 5410 Combef.,
3682 5364 3782 5397 κα-

2125 5408 2439 5465 ταλιποῦσι.
2472 5410 2696 5485 Alludit
2725 5408 3061 5485 Gregorius
3094 5417 3161 5471 ad
3215 5408 3336 5471 haec
3390 5417 3535 5471 Petri
3585 5408 3782 5480 verba,

2128 5488 2255 5539 Act.
2287 5500 2366 5559 v_1,
2394 5486 2470 5559 _2:
2502 5505 2527 5532 (ι
2554 5482 2688 5559 Non
2711 5489 2799 5537 est
2829 5482 3060 5557 aequum
3092 5503 3199 5542 nos
3230 5487 3635 5559 derelinquere
3662 5504 3784 5543 ver-

2130 5559 2273 5611 bum
2306 5554 2429 5621 Dei,
2462 5559 2519 5607 et
2548 5553 3155 5614 ministrare—mensis.
3184 5581 3212 5608 ››

2222 5628 2312 5703 80)
2346 5624 2708 5703 Ιξυριωτατον.
2747 5628 2896 5703 Pa_r.,
2933 5630 3315 5703 καιριώτατον.

2200 5694 2311 5826 (fidi)
2364 5694 2688 5771 Κὰινότερον
2746 5694 3041 5758 καίζΗωιὲ
3101 5703 3316 5759 desunt
3369 5700 3428 5755 in
3486 5698 3778 5775 plerisque

2130 5786 2299 5826 οοαα.
