4110 6448
330 418 486 484 1095

1573 416 1639 477 S.
1687 411 2061 482 GHEGORII
2111 409 2507 484 THEOLOGI

3592 417 3754 497 1096

331 571 395 610 ac
424 551 640 609 curiosi
671 552 741 607 de
777 556 887 608 Deo
919 551 1004 606 vel
1045 551 1238 606 dicere
1281 549 1368 606 vel
1425 550 1626 604 audire
1661 566 1673 604 :
1735 547 1977 620 simplex

2096 567 2153 633 τε
2211 545 2300 601 καὶ
2361 547 2570 622 εὐγενὲς
2627 553 2724 603 τοῦ
2784 547 2976 624 λόγου,
3022 544 3266 606 εὐσέϐεια
3297 550 3596 626 ινομίζετο.
3634 555 3755 633 Ἀφ’

330 651 529 700 contra
561 643 974 715 ingenuusque
1007 657 1198 696 sermo
1230 645 1405 711 atque
1453 638 1736 708 doctrina,
1798 639 1984 710 pietas

329 732 796 789 existimabatur.
829 731 1044 786 Verum
1081 736 1463 801 posteaquam
1512 727 1688 796 Sexti,
1741 732 1799 782 et
1849 727 1983 800 Pyr-

329 823 566 887 rhones,
615 826 673 876 et
728 820 1163 875 contradicendi
1209 818 1450 873 libidine
1487 818 1729 872 incitata
1759 816 1982 888 lingua,

328 912 486 968 velut
507 911 706 984 gravis
728 910 968 983 quidam
1001 926 1066 964 ac
1100 908 1395 980 malignus
1419 908 1682 974 morbus,
1707 907 1766 961 in
1790 905 1983 961 Eccle-

2098 632 2159 690 οὗ
2203 633 2260 690 δὲ
2319 637 2527 707 Σέξτοι,
2579 636 2669 692 καὶ
2722 637 3012 713 Πύρῥωνες
3070 641 3204 712 (82),
3254 641 3343 695 καὶ
3391 642 3427 710 ἡ
3481 632 3752 706 ἀντίθετος

2093 723 2333 801 γλῶσσα,
2395 724 2574 800 ὥσπερ
2622 749 2674 781 τι
2725 727 2938 800 νόσημα
2991 725 3158 784 δεινὸν
3187 727 3278 783 καί
3307 729 3598 802 κακόηθες,
3629 738 3750 798 ταῖς

2097 813 2446 886 Ἐκκλησίαις
2497 818 2658 892 ἡμῶν
2710 816 3034 895 εἰσεφθάρηο
3085 819 3174 872 καὶ
3236 821 3271 888 ἡ
3336 818 3574 898 φλυαρία
3620 820 3750 877 παί-

2099 901 2275 967 δευσις
2333 902 2501 976 ἔδοξε,
2562 907 2670 976 καὶ,
2735 905 2764 961 ὅ
2811 928 2942 985 φησι
2983 907 3105 982 περὶ
3136 909 3434 979 Ἀθηναίων
3467 912 3502 978 ἡ
3553 906 3749 984 βίϐλος

333 1002 452 1057 sias
511 1006 744 1055 nostras
804 1015 1016 1070 magno
1063 1003 1264 1052 nostro
1309 996 1465 1052 malo
1505 998 1888 1066 irrepserunt,
1921 1012 1977 1052 ac

2096 995 2204 1048 τῶν
2254 995 2524 1072 Πράξεων,
2574 996 2650 1058 εἷς
2701 994 2854 1052 οὐδὲν
2897 995 3037 1052 ἄλλο
3091 996 3464 1073 εὐκαιροῦμεν,
3507 1000 3540 1068 ἢ
3576 998 3751 1076 λέγειν

334 1090 640 1162 nugacitas
683 1088 958 1143 doctrinas
1018 1092 1192 1158 atque
1249 1086 1599 1141 eruditionis
1651 1087 1977 1157 opinionem

2096 1105 2148 1138 τι
2183 1085 2268 1138 καὶ
2323 1085 2533 1140 ἀκούειν
2579 1086 2882 1160 καινότερον
2935 1089 3068 1160 (83).
3108 1088 3172 1142 Ὤ
3217 1086 3297 1148 τίς
3328 1089 3590 1161 Ἱερεμίας
3623 1086 3749 1144 ὀδυ-

334 1180 488 1242 tulit,
517 1180 788 1250 quodque
808 1180 1054 1232 Actuum
1095 1178 1238 1232 liber
1267 1177 1338 1232 de
1365 1175 1824 1231 Atheniensibus
1858 1191 1989 1230 nar-

334 1275 423 1324 rat
448 1269 513 1335 ‘9,
537 1269 608 1323 ad
642 1266 786 1322 nihil
820 1267 976 1322 aliud
1002 1282 1296 1332 vacamus,
1319 1283 1493 1336 quam
1517 1269 1581 1319 ut
1612 1263 1743 1319 novi
1767 1263 1990 1334 aliquid

2101 1178 2272 1248 ρεῖται
2303 1176 2418 1246 (84)
2461 1176 2560 1244 τὴν
2585 1175 2853 1250 ἡμετέραν
2890 1176 3151 1251 σύγχυσιν
3185 1177 3273 1230 καὶ
3307 1178 3686 1250 σκοτόμαιναν,
3718 1181 3748 1234 ὁ

2105 1261 2271 1335 μόνος
2302 1261 2460 1326 εἰδὼς
2496 1264 2697 1334 ἐξισοῢν
2732 1266 2965 1338 θρήνους
2997 1267 3185 1324 πάθεσι
3212 1267 3224 1322 Ι

331 1359 598 1414 dicamus
626 1357 713 1412 vel
747 1357 1080 1411 audiamus.
1115 1357 1158 1409 υ
1192 1355 1322 1427 quis
1372 1354 1658 1410 Jeremias
1710 1353 2118 1410 conlusionem
2178 1359 2442 1411 nostram
2491 1354 2922 1429 caliginemque
2975 1357 3347 1429 deplorabit?
3405 1358 3533 1430 Ipse
3588 1359 3753 1419 solu-

325 1447 770 1503 lamentationes
801 1445 1236 1501 calamitatibus
1264 1459 1563 1516 exzequare
1597 1443 1773 1499 novit.

391 1538 536 1593 XIII.
585 1535 730 1592 Huic
777 1533 959 1590 furori
1004 1534 1177 1589 Arius
1220 1534 1460 1604 quidem
1520 1532 1639 1602 ille,
1699 1550 1732 1588 a
1791 1532 1986 1588 furore

2168 1531 2264 1586 II".
2335 1529 2544 1601 Ταύτης
2593 1538 2694 1601 τῆς
2755 1531 2958 1604 λύσσης
3015 1530 3216 1608 ἤρξατο
3279 1533 3375 1607 μὶν
3437 1536 3672 1609 Ἄρειος,
3719 1539 3749 1595 6

321 1643 532 1682 nomen
561 1623 1061 1690 habens,initium
1097 1623 1290 1690 dedit;
1326 1622 1426 1694 qui
1459 1622 1636 1678 etiam
1665 1620 1977 1695 petulantia

2096 1625 2194 1688 τῆς
2247 1619 2441 1694 μανίας
2491 1620 2803 1694 ἐπώνυμος,
2853 1621 2909 1683 ὅς
2960 1621 3048 1676 καὶ
3094 1619 3251 1692 δίκην
3300 1621 3496 1680 ἔδωκεν
3545 1625 3747 1682 ἀκολά-

328 1723 385 1772 et
414 1716 702 1772 effrenatae
734 1714 947 1785 linguae
982 1729 1181 1784 poenas
1210 1712 1499 1784 expendit,
1535 1712 1593 1766 in
1626 1711 1896 1766 obscenis
1928 1715 1977 1767 et

2096 1729 2222 1763 στου
2272 1707 2554 1783 γλώσσης,
2612 1711 2711 1780 τήν
2757 1709 2809 1764 ἐν
2865 1706 3128 1787 βεϐήλοις
3176 1711 3366 1778 τόποις
3434 1713 3745 1788 κατάλυσιν,

328 1807 582 1878 impuris
614 1805 758 1860 locis
784 1804 1130 1869 exstinctus,
1159 1808 1333 1874 atque
1357 1802 1658 1866 orationis,
1684 1819 1796 1857 non
1830 1818 1983 1856 mor-

330 1896 409 1961 bi,
444 1894 667 1950 viribus
689 1909 1031 1966 oppressus,
1056 1909 1121 1946 ac
1150 1892 1315 1947 Judae
1343 1891 1528 1946 instar
1549 1892 1593 1926 ⁵ο
1623 1893 1694 1946 ob
1717 1891 1984 1946 eamdem

331 1959 504 2039 verbi
530 1959 917 2054 proditionem
942 1981 1267 2052 disruptus.
1294 1981 1507 2036 Verum
1533 1981 1631 2035 alii
1655 1981 1813 2036 hunc
1835 1997 1985 2034 mor-
2015 1959 2061 2023 Β

325 2074 468 2128 bum
529 2071 904 2144 excipientes,
946 2069 1269 2141 impietatis
1329 2074 1512 2124 artem
1572 2070 1978 2134 condiderunt,

321 2162 603 2218 nimirum
626 2161 721 2232 qui
741 2159 1103 2216 divinitatem
1129 2159 1388 2228 Ingenito
1407 2158 1978 2227 circumscribentes,

321 2269 438 2308 non
465 2251 637 2307 modo
665 2250 950 2322 genitum,
976 2249 1074 2304 sed
1110 2248 1284 2304 etiam
1319 2249 1750 2319 procedentem,
1772 2247 1979 2302 divinae

323 2347 550 2396 natura;
574 2340 793 2395 ﬁnibus
816 2338 1220 2409 exturbarunt,
1246 2338 1504 2393 nominis
1537 2343 1767 2393 tantum
1801 2337 1978 2392 socie-

323 2435 442 2485 tate
472 2429 821 2484 Trinitatem
863 2427 1241 2496 honorantes,
1290 2428 1407 2483 imo
1468 2444 1540 2482 ne
1586 2428 1693 2482 hoc
1740 2428 1978 2499 quidem

319 2519 436 2590 ipsi
469 2519 766 2590 integrum
799 2523 1231 2574 conservantes.
1278 2521 1353 2571 At
1398 2535 1510 2572 non
1558 2518 1761 2573 eodem
1806 2518 1978 2572 modo

326 2610 536 2664 beatus
568 2608 686 2675 ille,
719 2613 774 2662 et
804 2623 935 2661 vere
967 2606 1142 2662 homo
1183 2607 1305 2673 Dei,
1353 2624 1419 2662 ac
1466 2624 1679 2677 magna
1723 2606 1981 2662 veritatis

325 2701 488 2752 tuba.
525 2697 673 2763 Quin
721 2696 935 2767 potius,
970 2713 1103 2750 cum
1137 2695 1278 2749 illud
1317 2705 1683 2767 perspectum
1722 2696 1978 2762 haberet,

319 2792 377 2842 et
421 2787 534 2841 tria
579 2785 699 2840 haec
744 2787 803 2839 in
852 2801 1159 2840 numerum
1194 2802 1377 2839 unum
1411 2785 1776 2848 contrahere.
1811 2785 1978 2856 impii

319 2874 536 2931 erroris
563 2891 714 2942 esse,
739 2874 989 2945 novique
1020 2874 1311 2943 dogmatis
1333 2874 1594 2939 Sabellii,
1617 2875 1716 2945 qui
1751 2877 1979 2946 primus

320 2964 649 3020 divinitatis
679 2964 1202 3019 contractationem
1236 2963 1582 3037 excogitavit
1616 2979 1628 3017 :
1681 2969 1738 3020 et
1771 2981 1979 3020 rursus

320 3055 454 3119 tria,
489 3057 782 3126 quantum
816 3053 887 3108 ad
930 3058 1225 3124 naturam,
1260 3053 1606 3124 distrahere,
1641 3054 1784 3108 nihil
1820 3053 1976 3109 aliud

321 3159 666 3214 esse,quam
693 3147 1091 3214 portentosam
1118 3142 1440 3198 divinitatis
1464 3143 1779 3200 sectionem
1804 3144 1980 3199 intro-

320 3232 534 3286 ducere
563 3248 576 3297 ;
611 3230 761 3285 hanc
797 3231 1079 3286 rationem
1116 3231 1323 3300 tenuit,
1357 3236 1421 3286 ut
1453 3247 1659 3298 unum,
1688 3237 1977 3302 quantum

2097 1797 2266 1874 εὐχῆς
2299 1797 2455 1874 ἔργον
2491 1802 2623 1873 (85),
2657 1799 2718 1854 οὐ
2749 1800 2910 1855 νόσου
2941 1801 3260 1876 γενόμενος,
3292 1803 3381 1858 καὶ
3413 1805 3512 1872 τὴν
3573 1802 3747 1861 Ἰούδα

2097 1886 2246 1962 ῥῆξιν
2299 1889 2556 1956 ὑποστὰς,
2607 1889 2690 1943 ἐπ’
2737 1887 2824 1963 ἴσῃ
2872 1887 3138 1965 προδοσίᾳ
3183 1896 3278 1946 τοῦ
3321 1891 3520 1966 Λόγου.
3558 1889 3746 1950 Διαδε-

2093 1976 2312 2049 ξάμενοι
2373 1975 2429 2032 δὶ
2479 1975 2642 2032 ἄλλοι
2688 1980 2787 2048 τὴν
2837 1979 3018 2048 νόσον,
3069 1980 3270 2055 τέχνην
3317 1975 3561 2044 ἀσεϐείας
3622 1979 3748 2053 ἐδη-

2095 2065 2471 2142 μιούργησανο
2530 2066 2602 2135 οἵ,
2658 2073 2737 2139 τῷ
2816 2068 3098 2143 ἀγεννήτῳ
3143 2070 3244 2138 τήν
3308 2069 3536 2140 θεότητα
3591 2090 3744 2146 περι-

2091 2154 2412 2230 γράψαντες,
2463 2157 2526 2213 τὸ
2569 2157 2848 2234 γεννητὸν,
2902 2157 2965 2212 οὐ
3016 2158 3180 2230 μόνον
3228 2155 3305 2230 δὲ,
3357 2156 3503 2214 ἀλλὰ
3548 2159 3638 2214 καὶ
3677 2160 3740 2218 τὸ

2092 2244 2413 2322 ἐκπορευτὸν
2465 2246 2722 2320 ἐξώρισαν
2781 2253 2882 2318 τῆς
2959 2247 3238 2318 θεότητος,
3303 2247 3568 2321 ὀνόματος
3620 2270 3736 2304 κοι-

2088 2334 2255 2407 νωνίᾳ
2306 2337 2468 2409 μόνον
2518 2338 2616 2406 τήν
2669 2334 2878 2410 Τριάδα
2921 2339 3274 2410 τιμήσαντες,
3322 2338 3358 2407 ἢ
3404 2335 3545 2411 μηδὶ
3573 2342 3736 2396 τοῦτο

2089 2425 2224 2500 αὐτῇ
2255 2428 2613 2502 τηρήσαντες.
2664 2424 2823 2482 Ἀλλ’
2868 2426 2978 2503 οὐχ
3007 2429 3034 2481 ὁ
3068 2428 3333 2503 μακάριος
3366 2427 3592 2497 ἐκεῖνος,
3647 2427 3734 2490 καὶ

2089 2515 2260 2576 ὅντως
2309 2514 2590 2592 ἅνθρωπος
2638 2520 2735 2574 τοῦ
2785 2521 2941 2586 Θεοῦ,
2989 2516 3079 2573 καὶ
3134 2515 3349 2592 μεγάλη
3383 2515 3610 2592 σάλπιγξ
3640 2519 3737 2586 τῆς

2091 2604 2372 2676 ἀληθείας.
2433 2604 2593 2661 Ἀλλ’
2643 2602 2822 2673 εἰδὼς,
2874 2605 2936 2660 τὸ
2990 2606 3082 2679 μὲν
3134 2606 3210 2668 εἷς
3257 2607 3487 2679 ἀριθμὸν
3536 2604 3628 2661 ἵνα
3672 2608 3742 2662 τὰ

2086 2693 2211 2768 τρία
2269 2692 2601 2765 συστέλλειν,
2671 2693 2957 2758 ἀθεότητος
3008 2692 3086 2764 δν,
3126 2693 3215 2748 καὶ
3271 2700 3372 2763 τῆς
3433 2688 3738 2758 Σαϐελλίου

2088 2784 2438 2856 καινοτομίας
2505 2785 2640 2858 (86),
2722 2781 2779 2845 ὅς
2855 2787 3076 2856 πρῶτος
3156 2778 3410 2853 θεότητος
3468 2781 3733 2852 συστολὴν

2089 2872 2382 2944 ἐπενόησε·
2452 2872 2514 2926 τὸ
2590 2869 2649 2926 δὲ
2713 2873 2780 2926 τὰ
2852 2871 2975 2948 τρία
3043 2869 3268 2948 διαιρεῖν
3326 2872 3533 2949 φύσεσι,
3580 2893 3741 2936 κατα-

2088 2964 2264 3036 τομήν
2316 2961 2574 3032 θεότητος
2624 2957 2892 3038 ἔκφυλον·
2944 2962 3033 3016 καὶ
3081 2961 3142 3016 τὸ
3175 2961 3225 3016 ἔν
3271 2960 3456 3022 καλῶς
3487 2959 3738 3037 ἐτήρησε,

2089 3053 2305 3123 θεότητι
2353 3053 2458 3127 γάρ
2491 3071 2503 3084 ·
2555 3053 2645 3106 καὶ
2692 3051 2759 3106 τὰ
2792 3050 2919 3126 τρία
2951 3047 3184 3114 εὐσεϐῶς
3216 3049 3468 3122 ἐδίδαξεν,
3503 3047 3738 3120 ἰδιότησι

2087 3140 2188 3218 γάρ
2215 3161 2226 3173 ’
2297 3139 2421 3197 οὕτε
2458 3145 2537 3213 τῷ
2583 3141 2656 3196 ἐνὶ
2705 3141 2958 3217 συγχέας,
3011 3138 3133 3196 οὔτε
3179 3146 3293 3202 τοῖς
3336 3139 3478 3213 τρισὶ
3525 3137 3742 3209 διαστή-

2090 3252 2207 3300 σας,
2267 3228 2392 3286 ἀλλ’
2452 3231 2501 3284 ἐν
2555 3229 2705 3306 ὅροις
2760 3229 2950 3303 μείνας
2998 3232 3095 3299 τῆς
3147 3224 3439 3297 εὐσεϐείας,
3489 3234 3568 3300 τῷ
3636 3250 3740 3306 φυ-

320 3321 392 3376 ad
425 3319 813 3385 divinitatem,
843 3318 1086 3391 pulchre
1117 3325 1391 3390 servaret,
1425 3325 1480 3375 et
1519 3320 1651 3386 tria,
1685 3326 1974 3391 quantum

2096 3324 2201 3394 γεῖν
2247 3320 2346 3388 τήν
2407 3321 2640 3395 ἄμετρον
2703 3319 2789 3374 ἐπὶ
2858 3319 3052 3395 θάτερα
3106 3318 3284 3374 κλίσιν
3342 3340 3399 3374 τε
3447 3319 3537 3374 καὶ
3595 3317 3743 3372 ἀντί-

319 3411 391 3463 ad
425 3408 834 3480 proprietates,
859 3408 950 3479 pie
974 3409 1226 3474 doceret,
1253 3425 1357 3465 nec
1380 3409 1619 3481 aut'per
1650 3427 1834 3464 unum
1861 3411 1982 3467 dei-

2094 3421 2234 3472 θεσιν
2248 3452 2261 3465 .

312 3501 494 3554 tatem
525 3498 930 3567 confunderet,
964 3513 1065 3553 aut.
1095 3515 1197 3569 per
1229 3498 1339 3553 tria
1369 3499 1743 3570 distraheret,
1779 3500 1878 3555 sed
1928 3501 2084 3556 intra
2111 3500 2348 3572 pietatis
2390 3504 2576 3555 metas
2617 3501 2987 3568 consisteret,
3020 3500 3397 3556 immodicam
3429 3500 3487 3556 in
3521 3504 3742 3556 utram-

317 3604 429 3659 que
461 3592 684 3659 partem
721 3587 1160 3643 inclinationem
1193 3594 1250 3643 et
1281 3589 1710 3661 oppositioncm
1744 3589 1958 3647 vitans.

389 3676 527 3732 XIV.
566 3681 754 3747 Atque
785 3676 1000 3733 idcirco
1035 3677 1292 3750 primum
1328 3681 1384 3733 in
1418 3684 1621 3734 sancto
1651 3680 1806 3734 394
1838 3679 1981 3736 Con-

320 3765 452 3820 cilio
521 3765 722 3820 Nicaaae
783 3766 1008 3831 habito,
1072 3772 1249 3837 atque
1308 3767 1406 3823 illo
1465 3773 1858 3825 trecentorum
1923 3775 1980 3826 et

318 3854 719 3926 duodeviginti
776 3855 1232 3912 lectissimorum
1265 3858 1522 3912 virorum
1555 3876 1800 3914 numero
1833 3875 1979 3929 quos

317 3944 573 4015 Spiritus
618 3950 857 4000 sanctus
901 3945 960 4001 in
1007 3964 1188 4002 unum
1236 3954 1522 4019 coegerat,
1566 3954 1856 4019 quantum
1915 3949 1976 4003 in

306 4035 439 4106 ipso
465 4034 590 4104 fuit,
615 4035 888 4090 morbum
913 4038 1295 4106 compressit;
1328 4039 1588 4092 nondum
1615 4037 1712 4092 ille
1735 4039 1974 4109 quidem

311 4123 372 4178 in
406 4124 813 4195 episcoporum
849 4142 1160 4181 numerum
1194 4125 1460 4190 allectus,
1509 4144 1709 4182 verum
1755 4129 1975 4198 primas

311 4218 518 4268 tenens
565 4213 718 4268 inter
765 4230 864 4269 eos
925 4215 1023 4285 qui
1073 4221 1482 4270 convenerant.
1533 4216 1680 4270 Nam
1741 4217 1789 4270 is
1846 4223 1974 4272 tum

317 4319 514 4358 rerum
563 4306 754 4357 status
797 4307 942 4366 erat,
988 4309 1053 4357 ut
1109 4320 1224 4357 non
1287 4303 1485 4358 minus
1529 4304 1761 4373 virtute,
1795 4321 1971 4375 quam

315 4390 605 4462 graduum
639 4390 945 4462 dignitate,
971 4390 1212 4445 honoris
1247 4393 1586 4462 prestantia
1612 4399 1969 4450 censeretur.

316 4479 535 4534 Deinde
578 4494 710 4534 cum
759 4478 866 4534 hoc
914 4479 1136 4534 malum
1183 4480 1344 4552 pravi
1391 4479 1550 4536 illius
1583 4480 1820 4538 follibus
1846 4485 1969 4554 jam

313 4567 629 4624 excitatum
664 4573 842 4640 atque
885 4569 1319 4626 inﬂammatum
1361 4572 1973 4644 essetjmajoremque
2005 4595 2052 4658 D

310 4658 467 4714 orbis
527 4661 748 4729 partem
803 4659 1099 4715 invaderet
1156 4659 1282 4732 (hic
1336 4661 1635 4717 enimvero
1662 4661 1975 4735 Qtragcediaa

381 4756 426 4791 ιο
456 4757 575 4810 Act.
609 4772 748 4822 xvu,
780 4757 869 4811 21.
945 4757 992 4792 ⁸ο
1021 4759 1144 4812 Act.
1179 4775 1215 4827 ι,
1251 4759 1338 4815 18.

379 4853 494 4930 (82)
528 4850 712 4930 Σεξτοι
745 4851 834 4906 καὶ
875 4852 1193 4930 ΔΠύρῥωνες.
1229 4857 1439 4930 Sextus
1470 4861 1527 4911 et
1556 4857 1776 4930 Pyrrho
1808 4862 1976 4914 erant

311 4924 669 5000 philosophi,
700 4927 921 5000 cateris
955 4924 1233 4983 omnibus
1281 4924 1648 4999 philosophis
1693 4931 1969 5000 oppositi,

312 4997 434 5067 qui,
468 4998 716 5071 aliorum
752 4999 966 5069 placita
1012 4997 1456 5071 impugnantes,
1489 4997 1636 5056 nihil
1670 4997 1812 5056 certi
1844 5019 1974 5058 esse

314 5070 766 5124 contendebant.

382 5139 489 5209 (83)
521 5139 859 5214 Καινότερον.
897 5143 1072 5200 Coisl.
1109 5145 1158 5211 1,
1188 5142 1336 5198 κενὸν
1365 5142 1454 5197 καὶ
1487 5141 1786 5214 ἀνώνητον,
1818 5167 1844 5194 ‹‹
1878 5161 1974 5200 νει-

312 5227 453 5264 num
486 5211 798 5268 ebinutile.
825 5236 852 5263 »

405 5281 504 5360 84).
539 5279 857 5360 ’OBUpei'rai.
917 5287 1011 5360 Sic
1053 5286 1301 5360 _'_I‘illem.
1356 5286 1640 5351 C0mbef.,
1693 5282 1974 5360 ὀδύραιτο,

318 5371 338 5396 ι
374 5351 784 5429 ᾀέβρῐομῐιμνέιῐιὶιδ.
813 5379 838 5403 n
874 5359 1004 5429 Alii,
1044 5354 1313 5428 ὀδύρεται.

383 5424 495 5503 (85)
523 5421 713 5503 ῌρχῆς
759 5423 938 5503 ἔργον.
977 5421 1005 5480 «ἱ
1036 5421 1328 5488 Orationis
1372 5430 1620 5503 viribus.
1651 5452 1677 5478 ››
1709 5430 1970 5485 Theodo-

311 5499 494 5575 retus,
537 5494 641 5575 lib;
680 5513 716 5575 ᾗ
752 5494 800 5551 ο.
834 5494 883 5575 ί4
935 5508 1148 5575 πλουτεῖν
1183 5503 1477 5575 quomodo
1525 5501 1743 5575 A_rius,_
1773 5506 1975 5559 orante

313 5564 651 5647 ἐξεχοηᾴτοί
675 5564 1324 5647 constantinopolitano
1365 5573 1632 5645 praesule,
1669 5564 1974 5630 miserabi-

316 5633 451 5689 liter
482 5634 788 5691 interierit.

323 5773 332 5791 P
393 5706 508 5791 (86)
541 5710 920 5791 Kawch-ogatac.
942 5714 1174 5791 goisl:__t
1211 5716 1391 5784 addit,
1419 5711 1578 5772 ἴδιον.
1605 5739 1633 5767 ‹‹
1665 5716 1974 5788 Proprium

319 5780 559 5833 invectas
592 5780 867 5837 novitatis
893 5800 927 5839 a
954 5785 1220 5844 Sabellio.
1247 5808 1276 5836 »

2164 3680 2260 3734 IA'.
2323 3677 2420 3732 Καὶ
2480 3675 2569 3732 διὰ
2622 3681 2783 3733 τοῦτο
2836 3682 3052 3753 πρῶτον
3107 3678 3201 3750 μὲν
3249 3675 3300 3731 ἑν
3342 3679 3411 3750 τῇ
3459 3674 3596 3730 κατὰ
3645 3671 3744 3728 Νί-

2088 3789 2242 3824 καιαν
2301 3767 2425 3843 ἁγίᾳ
2480 3770 2594 3838 (87)
2650 3789 2817 3841 ταυτῃ
2873 3764 3104 3839 συνόδῳ,
3153 3766 3242 3821 καὶ
3300 3769 3378 3838 τῷ
3427 3765 3531 3820 τῶν
3591 3782 3743 3838 τρια·

2089 3856 2291 3912 κοσίων
2329 3856 2473 3912 ὀκτὼ
2504 3856 2592 3912 καὶ
2624 3854 2751 3912 δέκα
2781 3858 2999 3930 ἀριθμῷ
3043 3853 3252 3930 ἀνδρῶν
3300 3851 3547 3930 λογάδων
3607 3853 3740 3925 (88),

2090 3946 2182 4008 οὕς
2211 3947 2272 4001 τὸ
2304 3950 2521 4020 Πνεῦμα
2550 3947 2611 4001 τὸ
2643 3948 2796 4022 ἅγιον
2833 3946 2907 4008 εἷς
2938 3944 2992 4000 ἓν
3025 3944 3220 4022 ἤγαγεν
3257 3947 3368 4017 (89)
3409 3942 3531 3998 ὅσον
3564 3945 3629 4011 ἦν
3662 3940 3741 3997 ἐπ’

2087 4037 2254 4108 αὐτῷ,
2304 4038 2403 4104 τὴν
2457 4035 2613 4092 νόσον
2667 4033 2924 4106 ἔστησεν·
2987 4033 3140 4090 οὔπω
3185 4035 3277 4108 μὶν
3309 4034 3634 4108 τεταγμένος
3687 4031 3741 4086 ἐν

2088 4124 2427 4196 ἐπισκόποις,
2505 4126 2572 4179 τὰ
2641 4130 2833 4201 πρῶτα
2909 4122 2967 4181 δὲ
3044 4128 3152 4195 (90)
3228 4121 3556 4197 τεταγμένος
3633 4122 3739 4176 τῶν

2087 4213 2572 4283 συνεληλυθότων·
2625 4215 2713 4270 καὶ
2772 4216 2874 4289 γὰρ
2931 4215 2997 4282 ἦν
3059 4215 3256 4288 ἀρετῆς
3316 4211 3420 4287 οὐχ
3475 4214 3636 4281 ἧττον
3704 4210 3740 4278 ἢ

2089 4305 2312 4379 βαθμῶν
2385 4306 2418 4372 ἡ
2496 4303 2853 4378 προτίμησις,
2928 4305 3154 4358 Ἔπειτα
3211 4306 3308 4358 τοῦ
3365 4305 3532 4356 κακοῦ
3594 4299 3742 4376 ῥιπι-

2083 4393 2300 4455 σθὲντος
2379 4390 2488 4462 ἤδη
2559 4398 2681 4455 ταῖς
2759 4389 2948 4469 αὕραις
3024 4398 3122 4448 τοῦ
3191 4395 3460 4467 πονηροῦ,
3537 4388 3744 4445 καὶτὸ

2082 4481 2274 4538 πλεῖον
2343 4476 2818 4554 ἐπιλαμϐάνοντος
2890 4481 3137 4554 (ἐνταῦθά
3196 4503 3289 4556 μοι
3346 4479 3435 4536 καὶ
3492 4480 3559 4534 τὰ
3616 4475 3745 4553 δρά-

2088 4593 2249 4646 ματα,
2300 4572 2372 4626 ὧν
2422 4576 2567 4625 πᾶσα
2618 4575 2817 4646 μικροῦ
2866 4569 3090 4647 πλήρης
3133 4573 3208 4645 γῆ
3246 4591 3305 4626 τε
3332 4568 3423 4625 καὶ
3453 4567 3742 4639 θάλασσα),

2085 4659 2261 4724 πολὺς
2314 4661 2408 4735 μὶν
2463 4660 2588 4736 περὶ
2640 4659 2798 4724 αὐτὸν
2851 4661 2879 4717 ὁ
2920 4659 3190 4734 πόλεμος,
3223 4659 3298 4724 ὡς
3328 4662 3568 4736 γενναῖον
3608 4676 3747 4732 προ-

2299 4855 2680 4944 :'Avtq.~Dee~st
2710 4856 2768 4911 in
2811 4857 3070 4944 quinque
3102 4858 3244 4944 ﬂag:
3279 4861 3336 4913 et
3364 4856 3548 4944 (ξολ).

2153 4923 2270 5002 (88)
2302 4923 2399 5002 [icti
2439 4923 2526 5002 ’τῷ
2571 4931 2679 5002 τῷν
2738 4923 3063 5002 τριακοσίων
3118 4923 3264 4982 ὀκιῖὼ
3319 4927 3408 4982 καὶ
3456 4923 3582 5002 δέκα
3627 4923 3746 4999 ἀρι-

2086 4997 2209 5078 θμῷ
2239 4997 2445 5078 ἀνδρῶν
2486 4997 2895 5078 λογάδωνςβὶο
2931 5002 3103 5078 Coi_s_l_.
3141 5004 3190 5069 1,
3222 5003 3340 5078 duo
3372 5001 3571 5078 Cplb.,_
3590 4997 3744 5078 Par.”

2083 5071 2202 5129 Jes.
2238 5071 2367 5129 Haac
2425 5071 2602 5129 etiam
2642 5091 2676 5128 a
2715 5072 2880 5129 Billio
2941 5075 3186 5142 reddita,
3221 5073 3357 5129 licet
3415 5074 3471 5128 in
3533 5071 3744 5126 Graecis

2084 5146 2322 5221 omissa.
2359 5147 2424 5201 In
2455 5146 2571 5214 od.,
2610 5143 2700 5198 καὶ
2728 5148 2808 5215 τῷ
2837 5149 2943 5198 τῶν
2980 5142 3226 5221 λογάδων
3259 5144 3500 5220 ἀριθμῳ.
3533 5144 3745 5199 Caetera

2085 5219 2321 5273 desunt.

2156 5290 2268 5362 (89)
2299 5289 2550 5364 “Hyaycv.
2584 5287 2758 5364 Cois].
2794 5289 2819 5343 1
2855 5293 2911 5346 et
2943 5293 3095 5364 Pan,
3140 5289 3458 5363 συνήγαγεν.
3642 5355 3653 5364 _
3728 5353 3739 5364 υ

2155 5355 2267 5432 (90)
2296 5355 2615 5434 Τὰ’τὲριῖ›τα
2665 5356 2744 5423 δέ,
2795 5366 2905 5415 etc.
2958 5355 3163 5416 Billius
3211 5355 3512 5416 :éi'vérum
3568 5355 3742 5427 primi

2084 5433 2236 5489 inter
2266 5451 2385 5500 eos,
2420 5433 2519 5503 qni
2555 5433 2734 5486 simul
2767 5448 2899 5487 cum
2948 5434 3094 5504 ipsis
3127 5449 3192 5487 eo
3225 5435 3747 5504 perrexerant,_or-

2084 5505 2266 5561 dinis.
2294 5527 2323 5555 »
2359 5498 2465 5560 Per
2496 5504 2646 5559 hanc
2696 5498 3242 5576 interpretationem
3273 5503 3511 5575 conjicit
3541 5498 3746 5576 Billius

2083 5577 2495 5641 Athanasium,
2529 5593 2644 5632 non
2698 5569 2870 5633 inter.
2902 5576 3061 5648 ipsos
3110 5577 3344 5633 concilii
3379 5569 3621 5648 'Patres,
3645 5569 3747 5626 sed

2085 5650 2239 5722 inter
2286 5649 2526 5706 secundi
2563 5649 2788 5722 ordinis
2838 5645 3142 5721 theologos
3191 5651 3414 5722 primas
3462 5645 3748 5722 tenuisse.

2082 5721 2315 5778 Nicetas
2345 5738 2480 5779 vero
2531 5721 2700 5792 aliter
2748 5715 3278 5792 interpretatum-et
3325 5719 3520 5792 innuit
3567 5715 3747 5792 Atha-

2085 5795 2325 5852 nasium
2375 5794 2621 5865 sedisse,
2654 5790 2706 5850 ἄν
2760 5795 2877 5855 τοῖς
2906 5781 3405 5870 ⁸πρωτοιγι.‹ἶ›ν-ιςιτοιῖς
3457 5781 3750 5859 εὐσεϐείας,
