4110 6412
384 436 537 504 109Ἰ

1303 432 1593 498 ORATIO
1637 430 1995 497 XXl.—-IN
2044 430 2362 495 LAUDEM
2412 430 2857 493 ATHANASll.

3636 432 3795 494 1098

378 576 575 644 στάτην
628 577 725 627 τοῦ
775 568 973 646 Λόγοῧ’
1025 571 1183 645 (πρὸς
1232 571 1333 646 γὰρ
1372 572 1431 625 τὸ
1464 572 1752 624 ἀντιτεῖνον
1791 566 2025 639 μάλιστα

2155 566 2251 620 ζιιιε
2284 565 2517 623 initium
2551 568 2811 639 capiunt,
2836 585 3085 641 quarum
3122 570 3276 623 fama
3305 574 3518 623 terram
3556 582 3700 639 pene
3733 583 3798 622 ac

379 664 414 731 ἡ
447 662 761 738 παράταξις,
795 661 881 715 καὶ
914 657 1143 715 ὀίΛΛοθιν
1174 657 1315 713 ἄλλο
1358 682 1409 713 τι
1458 663 1566 713 τῶν
1614 654 1798 711 δεινῶν
1842 655 2030 731 περιρ-

383 750 501 825 ῥέον
534 754 666 823 (91)'
710 750 915 825 εὑρὲτις
946 752 1058 821 (92)
1091 750 1192 823 γὰρ
1224 753 1401 803 κακῶν
1437 751 1471 817 ἡ
1507 742 1743 811 ἀσέϐεια,
1790 745 1878 800 καὶ
1912 744 2030 799 λίαν

377 839 665 914 τολμηρὸν
698 840 772 902 εἰς
806 840 1133 915 ἐγχείρησιν·
1186 842 1300 899 πῶς
1347 836 1404 892 δὲ
1450 837 1746 911 ἀνθρώπων
1796 831 2030 907 ἔμελλόν

381 927 677 1007 φείδεσθαι,
711 929 762 982 οἱ
794 929 1048 997 θεότητος
1084 929 1159 999 μὴ
1193 929 1509 1004 φεισάμενοι
1536 932 1574 995 ;)
1617 925 1715 997 μία
1766 922 1823 978 δὲ
1874 944 2037 999 προσ-

384 1014 566 1073 ὄολῶν
600 1018 688 1071 καὶ
720 1021 832 1090 (93)
865 1014 1259 1092 χαλεπωτάτη.
1296 1016 1637 1091 Συνεισφέρω
1675 1034 1726 1067 τι
1757 1013 1844 1066 καὶ
1876 1011 2037 1073 αὐτὸς

377 1113 455 1179 τῷ
513 1106 779 1182 δράματν
848 1104 994 1161 ἀλλά
1054 1126 1148 1179 μοι
1205 1107 1536 1179 παρῃτῆσθω
1596 1106 1709 1176 (94)
1762 1102 1824 1155 τὸ
1877 1099 2034 1178 φίλον

377 1195 573 1273 ἔδαφος
624 1199 657 1265 ἡ
705 1195 937 1271 πατρίς⁰
990 1194 1051 1249 οὐ
1082 1195 1181 1270 γὰρ
1231 1201 1331 1262 τῆς
1378 1192 1725 1267 ἐνεγκοόσης,
1758 1189 1900 1245 ἀλλὰ
1928 1194 2035 1244 τῶν

375 1283 766 1358 προελομένων
801 1286 912 1356 (95)
942 1286 977 1352 ἡ
1010 1283 1267 1358 πονηρία.
1301 1284 1364 1338 Ἡ
1403 1282 1495 1354 μὶν
1528 1282 1631 1355 γὰρ
1681 1280 1801 1354 ἱερά
1840 1300 1900 1333 τε
1946 1276 2037 1332 καὶ

374 1395 533 1427 πασιν
569 1372 649 1427 ἐπ’
679 1370 920 1442 εὐσεϐείᾳ
948 1371 1250 1447 γνώριμος·
1287 1372 1338 1424 οἱ
1371 1368 1428 1425 δὲ
1457 1371 1661 1441 ἀνάξιοι
1701 1371 1799 1438 τῆς
1849 1366 2036 1421 τεκού-

377 1483 478 1533 σης
538 1461 731 1523 αὐτοὺς
791 1461 1142 1531 Ἐκκλησίας.
1203 1459 1436 1524 Φύεσθαι
1497 1457 1555 1513 δὲ
1596 1458 1683 1512 καὶ
1717 1457 1766 1511 ἐν
1802 1454 2037 1529 ἀμπιλῳ

378 1554 491 1624 (96)
528 1552 689 1624 βάτον
719 1550 1006 1621 ἠκούσατε·
1040 1550 1129 1604 καὶ
1160 1550 1386 1621 Ἰούδας,
1418 1553 1526 1603 τῶν
1564 1550 1821 1621 μαθητῶν
1869 1546 1964 1614 εἷς,
2006 1544 2036 1599 ὁ

374 1638 674 1716 προδότης.

2145 674 2305 712 mare
2337 658 2643 729 implevit),
2676 659 2900 713 varium
2936 658 3017 713 illi
3069 658 3329 731 quidem,
3363 675 3427 713 ac
3470 657 3795 729 multiplex,

2146 750 2212 799 ut
2255 751 2491 802 strenuo
2540 747 2712 802 Verbi
2763 747 3049 803 defensori
3088 748 3304 803 bellum
3347 748 3639 802 infertur:
3676 748 3798 811 (ad-

2152 852 2358 889 versus
2388 852 2523 891 eum
2581 838 2736 891 enim
2788 840 2888 908 qui
2921 838 3174 903 obsistit,
3223 854 3289 892 ac
3337 842 3539 892 contra
3569 837 3797 904 nititur,

2149 924 2533 980 infestissima
2562 943 2691 981 esse
2718 926 2871 982 acies
2898 926 3129 981 hostilis
3161 927 3327 989 solet,
3362 932 3536 998 atque
3565 926 3801 981 aliunde

2150 1013 2307 1068 aliud
2340 1017 2635 1085 quoddam
2671 1015 2995 1087 periculum
3020 1017 3248 1082 inﬂuit;
3282 1017 3465 1070 solere
3496 1016 3713 1087 quippe
3745 1020 3801 1069 et

2151 1101 2455 1173 ingeniosa
2487 1106 2556 1159 ad
2590 1106 2973 1177 excogitanda
3004 1107 3155 1160 mala
3190 1110 3278 1160 est
3308 1105 3600 1176 impietas,
3628 1110 3803 1176 atque

2150 1193 2218 1247 ad
2268 1192 2491 1264 aliquid
2539 1196 3001 1267 aggrediendum
3051 1195 3196 1249 mire
3246 1196 3437 1249 audax
3479 1193 3801 1263 :quoniam

2149 1286 2347 1337 autem
2385 1283 2554 1340 modo
2605 1284 2944 1338 hominibus
2990 1289 3317 1355 parcerent,
3367 1284 3466 1355 qui
3512 1282 3804 1337 divinitati

2150 1388 2263 1426 non
2298 1373 2729 1443 pepercerant?
2758 1373 2776 1445 )
2809 1373 2970 1428 Unus
3001 1379 3195 1429 tamen
3236 1373 3331 1427 hic
3360 1374 3612 1443 impetus
3650 1376 3802 1427 atro-

2148 1459 2425 1516 cissimus
2450 1462 2574 1517 fuit.
2605 1462 2749 1517 Nam
2775 1463 2900 1534 ipse
2924 1478 3156 1534 quoque
3178 1463 3248 1517 ad
3273 1462 3426 1517 hanc
3454 1462 3799 1533 tragmdiam

2149 1550 2414 1604 nonnihil
2449 1552 2704 1606 confero.
2742 1557 2931 1623 Atque
2976 1551 3069 1607 hie
3120 1551 3264 1606 mihi
3295 1550 3666 1606 carissimum
3703 1568 3800 1604 so-

2146 1635 2294 1703 lum,
2330 1640 2601 1710 patriam,
2634 1640 2897 1711 inquam,
2925 1657 3139 1709 meam,
3172 1641 3328 1695 omni
3364 1640 3607 1694 crimine
3640 1638 3800 1693 solu-

380 1738 507 1787 tam
542 1732 713 1786 velim
752 1747 763 1785 :
801 1730 1151 1802 improbitas
1181 1730 1361 1800 enim,
1396 1746 1508 1785 non
1562 1728 1785 1800 patriae,
1818 1727 1917 1781 sed
1967 1725 2062 1792 iis,
2098 1727 2194 1797 qui
2239 1727 2417 1782 animi
2472 1730 2811 1784 inductione
2858 1729 3047 1800 ipsam
3092 1729 3413 1801 elegerunt,
3447 1729 3805 1800 assignanda

372 1829 481 1877 est.
517 1820 619 1876 Illa
649 1820 805 1876 enim
838 1821 1050 1892 quippe
1081 1836 1268 1887 sacra,
1304 1824 1361 1874 et
1394 1819 1547 1890 apud
1583 1834 1801 1872 omnes
1835 1813 2071 1885 pietatis
2100 1812 2275 1869 laude
2306 1816 2463 1871 clara
2495 1821 2550 1872 et
2580 1817 2829 1872 illustris
2859 1822 2979 1886 est;
3018 1818 3072 1872 hi
3106 1823 3300 1873 autem
3337 1816 3592 1872 Ecclesia
3623 1823 3808 1870 matre

377 1910 629 1983 indigni.
666 1910 839 1964 Porro
870 1908 927 1962 in
961 1909 1129 1963 vinea
1158 1925 1393 1979 quoque
1423 1908 1657 1979 spinam
1710 1905 1871 1960 nasci
1903 1901 2175 1959 audiistis
2196 1905 2239 1940 δί
2278 1923 2290 1960 :
2328 1920 2391 1961 ac
2421 1906 2629 1972 Judas,
2662 1907 2762 1978 qui
2792 1908 2850 1962 in
2884 1907 3312 1979 discipulorum
3364 1922 3607 1961 numero
3656 1910 3801 1972 erat,

380 1999 644 2071 proditor
674 1999 785 2053 fuit
803 1999 869 2053 εί.

452 2092 553 2144 1Ε’.
620 2085 738 2140 Εἰσὶ
804 2086 895 2157 μὲν
956 2085 1070 2153 οὖν,
1128 2082 1179 2137 ο¹ί
1240 2083 1383 2156 μηδὲ
1436 2083 1528 2137 τὸν
1586 2083 1881 2154 ὁμώνυμον
1923 2084 2037 2154 (97)

2219 2084 2331 2139 XV.
2372 2085 2483 2139 Nec
2514 2102 2646 2140 vero
2680 2086 2913 2153 desunt,
2949 2086 3049 2157 qui
3102 2102 3173 2140 ne
3207 2102 3399 2140 meum
3433 2084 3669 2156 quidem
3704 2100 3797 2139 co-

376 2175 500 2248 ἐμοὶ
574 2182 676 2243 τῆς
753 2174 926 2235 αἰτίας
1006 2175 1255 2249 ἀφιᾶσιν
1336 2172 1394 2235 ὅς
1473 2173 1611 2225 κατὰ
1686 2168 2033 2232 παιδεύσεως

378 2262 575 2339 ἔρωτα,
614 2267 682 2336 τῇ
740 2260 1130 2337 Ἀλεξανδρέων
1183 2258 1469 2332 ἐπιδημῶν
1519 2259 1641 2314 τότε
1700 2258 1884 2327 πόλει,
1944 2258 2035 2313 καὶ

376 2353 555 2420 πάσης
614 2352 741 2426 παρ’
800 2349 965 2405 αὑτοῦ
1020 2351 1205 2425 τυχὼν
1268 2348 1579 2420 διξιώσεως,
1636 2346 1731 2403 ’ίσα
1785 2350 1873 2403 καὶ
1904 2348 2028 2403 παίο

378 2440 484 2497 δων
519 2442 545 2495 ὁ
594 2440 949 2513 τιμιώτατος,
1011 2439 1100 2493 καὶ
1158 2444 1264 2493 τῶν
1318 2441 1386 2494 τὰ
1444 2440 1673 2513 μέγιστα
1720 2436 2036 2511 πιστευομέ-

376 2556 503 2603 νων,
557 2532 632 2594 εἷς
693 2530 791 2600 ὢν,
841 2530 1215 2597 ἐπανάστασιν,
1266 2524 1339 2591 ὥς
1372 2550 1521 2606 φασι,
1586 2527 1903 2605 βουλεύεται
1954 2534 2034 2601 τῷ

375 2622 536 2693 πατρῖ
593 2622 683 2676 καὶ
744 2621 1023 2694 προστάτῃ
1080 2622 1215 2691 (98).
1267 2619 1367 2675 Καὶ
1425 2622 1491 2687 ἦν
1544 2619 1606 2672 τὸ
1688 2617 1779 2689 μὶν
1856 2618 2036 2694 δρᾶμα

374 2710 593 2781 ἐτέρων,
653 2710 687 2779 ὴ
749 2706 805 2764 δὲ
866 2709 990 2785 χεὶρ
1052 2704 1414 2781 Ἀὗεσσαλὼμ
1476 2709 1589 2775 μεν’
1639 2707 1838 2779 αὐτῶν,
1874 2709 1949 2771 ὡς
2006 2710 2032 2764 ὁ

376 2799 563 2873 λόγος.
599 2797 669 2853 Ei’
720 2820 803 2861 τις
865 2800 1016 2869 ὑμῶν
1078 2794 1191 2851 οἶδε
1235 2800 1348 2870 (99)
1380 2798 1477 2866 τήν
1510 2802 1692 2872 χεῖρα,
1724 2796 1790 2866 ἣν
1826 2799 1853 2852 ὁ
1886 2800 2034 2873 ἅγιος

374 2888 732 2959 κατεψεὺσθη,
794 2886 881 2940 καὶ
934 2887 1025 2940 τὸν
1079 2891 1249 2954 ζῶντα
1309 2886 1523 2961 νεκρὸν,
1582 2886 1671 2939 καὶ
1720 2888 1818 2954 τὴν
1852 2884 2034 2942 ἄδικον

376 2974 608 3048 ἐξορίαν,
644 2973 783 3030 οἶδεν
818 2976 847 3029 ’ὁ
896 2974 1064 3047 λέγω.
1116 2974 1268 3042 Πλὴν
1313 2981 1474 3030 τοῦτο
1530 2976 1623 3047 μὲν
1670 2975 1803 3029 ἑκὼν
1838 2975 2031 3047 ἐπιλή-

379 3084 565 3135 σομαι.
626 3063 723 3116 Καὶ
772 3064 873 3139 γὰρ
929 3062 1100 3124 οὕτως
1159 3060 1275 3138 ἔχω
1351 3064 1403 3117 ἐν
1478 3070 1596 3127 τοῖς
1672 3060 2031 3143 ἀμφιϐόλοις,

378 3153 548 3206 νεύειν
598 3160 800 3227 χρῆναι
860 3154 996 3227 πρὸς
1053 3154 1115 3207 τὸ
1174 3151 1586 3229 φιλάνθρωπον,
1638 3155 1727 3209 καὶ
1759 3156 2034 3232 ἀπογινώ-

376 3262 519 3295 σκειν
600 3241 835 3313 μᾶλλον,
904 3242 939 3311 ἢ
1016 3242 1439 3317 καταγινώσκειν
1493 3248 1597 3297 τῶν
1655 3244 1940 3303 ὑπαιτίων.
1980 3252 2034 3301 Ὁ

382 3331 475 3403 μὶν
536 3332 640 3406 γὰρ
698 3331 862 3392 κακὸς
920 3333 1152 3406 τάχιστα
1209 3334 1266 3387 ἂν
1308 3332 1605 3407 καταγνοίη
1640 3336 1857 3390 καὶτοῦ
1906 3338 2035 3412 ἀγα-

2146 2174 2485 2245 gnominem
2519 2174 2689 2247 culpa
2722 2174 3004 2241 libarent;
3057 2175 3157 2246 qui
3199 2174 3475 2229 doctrinae
3508 2190 3702 2229 amore
3734 2190 3801 2227 ac

2146 2262 2344 2317 studio
2396 2268 2522 2317 tum
2584 2264 2867 2334 temporis
2918 2263 3281 2319 Alexandriae
3312 2279 3551 2335 peregre
3599 2274 3799 2332 agens,

2144 2367 2278 2406 cum
2313 2351 2382 2406 ab
2419 2352 2545 2423 ipso
2597 2352 3047 2424 humanissime,
3082 2370 3195 2407 non
3234 2369 3400 2407 secus
3450 2369 3514 2407 ac
3548 2352 3801 2406 filiorum

2145 2439 2558 2507 charissimus,
2594 2448 2869 2512 acceptus
2900 2446 3074 2509 esset,
3108 2447 3452 2513 tantamque
3481 2442 3633 2512 apud
3662 2450 3796 2495 eum

2144 2530 2391 2600 gratiam
2428 2534 2485 2585 et
2514 2530 2923 2585 auctoritatem
2958 2530 3334 2596 obtinuisset,
3369 2534 3432 2585 ut
3464 2546 3556 2585 res
3589 2530 3637 2583 ei
3674 2546 3795 2583 ms.-

2144 2618 2285 2673 ximi
2310 2618 2585 2689 ponderis
2614 2620 3139 2686 committerentur,
3160 2618 3495 2689 consilium,
3521 2624 3577 2673 et
3608 2618 3795 2672 homi-

2146 2725 2285 2761 num
2320 2724 2512 2762 sermo
2544 2714 2652 2773 est,
2705 2708 2881 2780 capit,
2918 2711 3193 2763 adversus
3242 2713 3464 2780 patrem
3500 2712 3558 2761 et
3604 2713 3794 2778 patro-

2146 2813 2283 2851 num
2320 2796 2770 2868 insurgendi.Et
2790 2810 3129 2868 quanquam
3165 2796 3262 2851 alii
3294 2796 3586 2869 tragoediae
3620 2796 3798 2865 hujus

2144 2897 2409 2941 auctores
2431 2891 2646 2949 essent,
2666 2903 2876 2940 manus
2898 2892 3091 2940 tamen
3118 2885 3449 2952 Absalonis,
3471 2890 3533 2938 ut
3556 2885 3795 2948 dicitur,

2144 2991 2277 3029 cum
2313 2975 2430 3030 illis
2460 2979 2583 3030 erat
2613 2976 2675 3028 ⁸³.
2711 2976 2767 3028 Si
2817 2974 2947 3045 quis
2989 2980 3247 3029 vestrum
3282 2978 3394 3044 est,
3427 2974 3524 3044 qui
3559 2986 3801 3028 manum

2145 3070 2296 3125 895
2329 3069 2511 3139 illam,
2537 3085 2602 3123 ex
2635 3086 2751 3140 quo
2783 3075 2985 3123 sancto
3016 3068 3137 3124 viro
3172 3068 3387 3124 falsum
3420 3069 3639 3123 crimen
3666 3080 3789 3122 con-

2146 3159 2353 3214 ﬂatum
2379 3162 2489 3228 est,
2510 3164 2566 3212 et
2598 3164 2889 3214 mortuum
2915 3157 3080 3212 illum
3106 3158 3797 3228 viventem,etinjustum

2145 3249 2414 3306 exsilium
2471 3247 2645 3312 norit,
2679 3248 2818 3321 quid
2870 3248 3060 3303 dicam
3106 3248 3402 3319 intelligit.
3433 3247 3645 3303 Verum
3695 3248 3801 3303 hoc

2146 3339 2356 3396 lubens
2399 3338 2729 3393 obliviscar.
2779 3337 2837 3392 Si
2888 3339 3043 3393 enim
3093 3338 3381 3405 existimo,
3417 3337 3475 3392 in
3517 3338 3712 3392 dubiis
3745 3343 3801 3392 et

378 3422 491 3473 θοῦ·
555 3422 583 3475 ὁ
643 3419 844 3493 ἀγαθὸς
897 3418 954 3475 δὶ
1006 3420 1132 3476 οὐδὲ
1181 3426 1275 3476 τοῦ
1314 3428 1483 3477 κακοῦ
1516 3420 1736 3498 ῥᾳδίως.
1798 3426 1877 3482 Τὸ
1932 3428 2033 3500 γὰρ

2155 3428 2389 3484 incertis
2438 3428 2611 3482 rebus
2663 3427 2993 3481 faciendum
3048 3427 3218 3481 nobis
3254 3442 3404 3496 esse,
3438 3431 3501 3481 ut
3532 3428 3600 3480 ad
3636 3427 3798 3480 boni-

379 3507 453 3569 εἷς
519 3507 705 3561 κακίαν
771 3509 878 3583 οὐχ
936 3508 1180 3581 ἕτοιμον,
1240 3506 1366 3564 οὐδὲ
1426 3511 1500 3572 εἰς
1562 3511 1817 3566 ὑπόνοιαν
1877 3514 2032 3589 εὐχε-

380 3598 488 3672 ρὲς.
547 3598 609 3649 Ὅ
670 3593 727 3649 δὲ
786 3596 884 3649 οὐκ
953 3594 1031 3649 ἔτι
1092 3596 1278 3671 λόγος,
1310 3598 1435 3652 ἀλλ’
1467 3597 1624 3673 ἔργον
1684 3600 1848 3672 ἐστὶν,
1909 3600 2034 3657 οὐδὲ

379 3685 606 3739 ὑπόνοιά
695 3705 777 3745 τις
884 3684 1240 3753 ἀνεξέταστος,
1321 3683 1467 3739 ἀλλὰ
1540 3686 1722 3749 πίστις
1796 3706 2030 3765 κεκηρυ-

378 3775 580 3849 γμένηο

2147 3518 2429 3589 gnitatem
2483 3522 2539 3570 et
2590 3516 3016 3570 humanitatem
3063 3515 3471 3586 propensiores
3502 3516 3706 3580 simus,
3741 3522 3800 3569 et

2145 3605 2376 3661 crimini
2411 3605 2692 3659 obnoxios
2742 3602 3116 3657 absolvemus
3168 3604 3386 3674 potius,
3424 3618 3597 3675 quam
3651 3616 3797 3658 con-

2145 3696 2515 3750 damnemus.
2570 3692 2755 3747 Malus
2808 3690 2964 3745 enim
3013 3690 3315 3747 celerrime
3366 3692 3699 3762 adducitur,
3733 3699 3800 3748 ut

2142 3784 2361 3839 bonum
2395 3781 2569 3836 etiam
2604 3781 2791 3833 virum
2818 3780 3201 3848 condemnet;
3228 3785 3430 3836 contra
3456 3782 3546 3836 vir
3578 3783 3797 3853 probus

382 3882 453 3918 ne
488 3863 708 3917 malum
743 3862 979 3935 quidem
1014 3862 1179 3918 facile
1210 3865 1702 3921 condemnaverit.
1732 3868 1837 3931 Qui
1873 3870 2028 3926 enim
2063 3874 2134 3928 ad
2168 3870 2371 3927 vitium
2410 3868 2649 3923 minime
2682 3868 2956 3939 proclivis
2989 3873 3097 3933 est,
3125 3868 3173 3922 is
3208 3886 3309 3925 nec
3345 3870 3507 3926 facile
3538 3871 3609 3926 ad
3644 3871 3796 3925 male

382 3954 453 4007 de
485 3952 598 4007 alio
633 3952 1053 4024 suspicandum
1089 3957 1370 4007 movetur.
1404 3955 1565 4019 Quod
1598 3960 1792 4011 autem
1818 3959 1941 4028 jam
1976 3968 2094 4017 nan
2136 3976 2347 4029 sermo,
2381 3959 2483 4013 sed
2531 3970 2621 4011 res
2652 3961 2761 4025 est,
2799 3972 2902 4011 nec
2955 3956 3317 4028 inexplorata
3348 3959 3613 4030 quaedam
3663 3972 3795 4015 sus-

385 4042 557 4113 picio,
591 4042 688 4096 sed
725 4042 1072 4097 certissimis
1104 4043 1469 4112 argumentis
1502 4044 1634 4099 nixa
1666 4048 1991 4116 persuasio,
2022 4050 2081 4106 id
2111 4052 2283 4108 etiam
2320 4047 2588 4103 narrabo.

457 4130 543 4197 Ιζ’.
621 4128 787 4204 Τέρας
860 4150 913 4183 τι
999 4126 1402 4201 Καππαδόκων,
1467 4130 1527 4185 ἐκ
1583 4137 1688 4186 τῶν
1770 4134 2036 4211 ἐσχατιῶν

380 4222 488 4272 τῶν
545 4216 827 4290 ἡμετέρων
888 4218 1237 4292 ὁρμώμενον,
1296 4222 1541 4295 πονηρὸν
1600 4223 1661 4277 τὸ
1711 4222 1886 4299 γένος,
1946 4247 2044 4281 πο-

382 4304 676 4382 νηρότερον
726 4312 827 4375 τὴν
898 4304 1157 4379 διάνοιαν,
1219 4306 1344 4363 οὐδὲ
1408 4309 1687 4374 παντελῶς
1738 4312 2041 4392 ἐλεύθερον,

385 4393 509 4449 ἄλλ’
574 4394 882 4467 ἐπίμικτον,
956 4396 1072 4451 οἷον
1136 4398 1198 4452 τὸ
1248 4402 1355 4453 τῶν
1404 4399 1651 4472 ἡμιόνων
1701 4410 2043 4479 γινώσκομεν

456 4501 498 4536 ⁶¹
534 4499 697 4556 Prov.
731 4516 882 4569 xxvr,
916 4501 971 4557 9.
1048 4504 1093 4537 ⁶²
1120 4503 1247 4558 Luc.
1287 4521 1366 4572 v1,
1400 4506 1485 4559 16.
1565 4507 1608 4540 ⁵³
1639 4507 1687 4561 ΙΙ
1726 4508 1867 4582 Reg.
1902 4524 1992 4566 xv.
2025 4512 2083 4568 5.

385 4637 413 4664 «
445 4613 601 4693 inter
628 4614 851 4693 primos
882 4615 1125 4693 pietatis
1153 4617 1394 4693 pugiles
1432 4636 1497 4693 ac
1528 4620 1888 4693 defensores,
1926 4646 1953 4672 ι)
1986 4624 2044 4678 id

2221 4138 2363 4193 XVI.
2397 4136 2707 4208 Cappadox
2738 4136 3029 4206 quoddam
3079 4140 3428 4204 monstrum,
3465 4152 3533 4192 ex
3574 4137 3804 4193 ultimis

2151 4233 2317 4284 terrae
2350 4232 2562 4282 nostrae
2611 4226 2827 4280 finibus
2886 4225 3227 4294 oriundum,
3291 4226 3510 4281 malum
3569 4242 3804 4299 genere,

2152 4319 2350 4373 animo
2385 4316 2572 4388 pejus,
2608 4332 2678 4370 ne
2710 4313 2868 4369 omni
2910 4315 3146 4385 quidem
3199 4332 3266 4369 ex
3321 4322 3484 4388 parte
3530 4316 3806 4384 liberum,

2153 4408 2254 4463 sed
2288 4406 2533 4463 dubium
2576 4421 2640 4460 ac
2690 4401 3063 4475 permistum,
3122 4406 3455 4476 cujusmodi
3507 4406 3807 4462 mularum

2226 4624 2342 4703 (96)
2371 4618 2744 4703 Ἐπθκόεμπέλῦφ.
2772 4622 3033 4703 Sic‘Reg.
3069 4622 3167 4703 ph,
3194 4623 3289 4678 Or.
3327 4625 3350 4678 1
3387 4629 3442 4679 et
3472 4628 3602 4679 Par.
3630 4623 3806 4679 Coisl.

385 4691 496 4765 est,
526 4708 554 4735 «
590 4662 742 4740 iriter
771 4662 1001 4765 concilii
1033 4662 1269 4765 Patrias?
1290 4711 1318 4738 ››
1351 4689 1514 4762 Unde
1544 4662 2044 4763 Gregori‘iig’han;

2227 4662 2339 4695 (νυ)
2392 4662 2454 4675 μ.
2492 4662 2744 4706 trama,"
2772 4662 2865 4677 υ...
2897 4662 3033 4703 ηπ).
3070 4662 3132 4693 μ..

2159 4697 2200 4763 Ι,
2234 4692 2283 4747 ἐν
2320 4689 2626 4765 ἀμπελῳνι.
2662 4693 2837 4749 Deest
2865 4691 2915 4745 ἐν
2950 4711 3006 4747 1n
3042 4694 3132 4749 ed.

390 4758 672 4812 rationem
698 4759 908 4835 reddit,
934 4761 1087 4835 quod
1118 4761 1362 4835 scilicet,
1388 4758 1414 4810 ιὲ
1438 4779 1550 4835 non
1585 4758 1783 4819 mi'nus
1814 4766 2040 4835 virtute,

388 4846 563 4954 quam
598 4831 888 4902 graduum
934 4832 1234 4899 dignitate,
1270 4834 1508 4889 honoris
1538 4836 1875 4905 prastantia
1907 4831 2042 4894 cené

390 4918 518 4954 sere
548 4918 635 4954 ur.
672 4923 699 4950 ))

390 4918 449 4957 SB
459 4918 581 4955 [ιθιυ
592 4918 635 4956 Γ.
672 4923 699 4950 ))

390 4970 946 5097 ἐπ(ἓζὲὲωνηεριρῥέον.
1007 4975 1099 5030 Or.
1164 4976 1215 5047 4,
1289 4972 1613 5049 περιρῥέων.
1673 4983 1814 5051 Reg.
1870 4996 1923 5036 a.
1983 4983 2043 5051 d,

420 5063 659 5098 πιοοεον.

603 5114 845 5193 Ειὺρξςις.
880 5115 1052 5172 Coisl.
1091 5116 1134 5193 i_
1152 5123 1209 5173 et
1239 5114 1522 5193 Combef.,
1557 5117 1845 5193 εὑρετικόν.

463 5189 575 5263 (93)
634 5186 748 5263 Καί.
800 5190 1058 5263 Quatuor
1102 5190 1264 5263 Reg,
1316 5192 1589 5246 undecim
1619 5186 1825 5262 'Colb.,
1859 5193 1953 5249 Or.
1992 5196 2043 5263 1,-

390 5259 448 5327 ἡ.
478 5259 641 5315 Unus
674 5261 836 5331 Reg,
870 5259 959 5312 καὶ
992 5260 1045 5329 ἡ.

468 5332 576 5400 (94)
622 5326 1023 5404 ῌΗαρῇτήσθωξ
1058 5330 1147 5387 Sic
1203 5334 1355 5404 Reg.
1430 5326 1550 5400 bm,
1612 5333 1712 5404 ph,
1771 5338 2045 5392 undecim

393 5401 578 5478 Col_b.,
610 5400 952 5478 Orfl'aAlii,
986 5403 1345 5478 παρῃτείσθω,
1370 5400 1675 5478 mendose.
1708 5406 1865 5461 Enrr.

464 5476 576 5549 (95)
618 5472 1072 5549 ἸΙροελομένωνξ
1105 5472 1211 5549 '__Sic
1243 5546 1251 5549 _
1282 5475 1543 5549 quinique
1614 5477 1774 5549 Reg,
1836 5478 1931 5533 Or.
1996 5480 2045 5547 1,

391 5542 638 5620 Combef
690 5542 749 5602 ln
785 5542 899 5620 edi,
936 5542 1379 5620 προσελομένών.
1416 5542 1544 5602 Haec
1576 5542 2045 5606 Obsé'l‘vat'l'heo;

394 5617 564 5701 lngus
598 5624 834 5701 propter
852 5617 1199 5701 georgiam,
1229 5621 1327 5701 q‘ui
1363 5620 1847 5701 Cappadoxerat,
1881 5622 2050 5701 et_in-

395 5686 769 5819 fensissimtus
797 5686 1103 5749 Athanasii
1124 5686 1330 5763 hostis,
1356 5686 1458 5764 qui
1485 5686 1617 5763 ejus
1642 5692 1816 5748 etiam
1836 5686 2049 5751 sedem

396 5777 672 5819 occunaw
705 5803 720 5817 .

396 5777 720 5837 occupem.

719 5890 980 5955 ΡΑτιιοι..
1026 5891 1139 5955 Gn.
1186 5891 1436 5959 XXXV.

2227 4764 2726 4837 (97)⁴Ομώνυμον.
2779 4765 3123 4837 Gregorium
3171 4767 3487 4836 quemdam
3535 4766 3811 4837 intelligit

2152 4836 2501 4909 Theologus,
2537 4838 2662 4908 qui,
2697 4836 2866 4908 puls‘o
2895 4838 3307 4902 Athanasio,in
3341 4840 3467 4906 ejus
3502 4839 3700 4892 sedem
3734 4836 3806 4891 ab

2153 4911 2385 4965 Arianis
2446 4911 2805 4980 subrogatus
2863 4910 3091 4973 fuerat;
3148 4925 3319 4980 quem
3382 4910 3555 4964 etiam
3612 4914 3812 4980 postea

2155 4987 2519 5049 amoverunt,
2553 4988 2730 5051 atque
2762 4981 2819 5033 in
2852 4981 2979 5049 ejus
3014 4982 3207 5036 locum
3238 4982 3547 5053 Georgium
3582 4982 3810 5053 Cappad

2154 5056 2355 5109 ducem
2394 5054 2794 5107 instituerunt.

2227 5128 2339 5197 (98)
2370 5124 2667 5198 1130013217,}:
2707 5126 2842 5193 Reg.
2877 5128 2995 5198 c‘et
3024 5124 3305 5198 Combef.,
3342 5119 3594 5198 δεσπότῃ.

2228 5190 2340 5269 (90')
2388 5190 2450 5248 Et
2497 5215 2581 5255 τις
2626 5190 2817 5269 ’ὑμῶν’
2854 5190 2987 5269 οἶδε,
3046 5201 3154 5250 etc.
3214 5197 3389 5269 Juxta
3440 5190 3617 5263 Rutl'.,
3679 5198 3812 5251 Hist.

2157 5267 2258 5325 lib.
2290 5287 2345 5333 x,
2379 5285 2426 5322 ο.
2467 5269 2550 5329 17,
2601 5273 2655 5319 et
2699 5268 2883 5326 Socr..
2934 5267 3031 5319 lih.
3068 5284 3104 5333 ι,
3158 5283 3207 5320 c.
3241 5267 3331 5331 29,
3380 5269 3701 5323 Athanasio
3742 5270 3814 5323 ab

2154 5342 2384 5395 Arianis
2415 5342 2705 5408 obiectum
2767 5340 2891 5403 tuit,
2929 5346 3107 5408 quod,
3145 5340 3379 5410 magicae
3420 5340 3565 5395 artis
3612 5357 3813 5406 causa,

2156 5416 2402 5467 Arsenio
2434 5411 2665 5466 cuidam
2695 5410 2995 5465 brachium
3030 5416 3415 5467 auinutazset.
3447 5416 3656 5467 Verum
3687 5419 3810 5466 sta-

2157 5484 2264 5538 tim
2326 5485 2442 5539 hzec
2499 5483 2660 5536 fraus
2707 5482 2936 5554 detecta
2984 5491 3089 5536 est.
3140 5482 3285 5536 Nam
3336 5485 3462 5554 ipse
3510 5484 3811 5544 Arsenius.

2158 5573 2332 5626 quem
2368 5557 2512 5610 falso
2561 5554 2631 5608 ab
2663 5552 2978 5626 Athanasio
3036 5552 3407 5610 interfectum
3448 5556 3812 5623 dictitabant,

2160 5623 2223 5701 se
2273 5626 2587 5701 episcopis,
2612 5623 2731 5701 _qui
2780 5625 2995 5701 Tyrum
3046 5642 3199 5701 anno
3249 5626 3358 5683 335
3404 5626 3811 5693 convenerant,

2160 5694 2360 5756 vivufn
2389 5704 2445 5757 et
2471 5694 2844 5754 incolumem
2864 5696 3139 5755 ostendit.

3419 5898 3497 5966 35
