  <div class='ocr_page' id='page_1' title='image "/cluster/home/n/w/nwhite01/storage/ocr_20150623/35:no.1/coo.31924054869320/556.png"; bbox 0 0 4110 6426; ppageno 0'>
   <div class='ocr_carea' id='block_1_1' title="bbox 336 380 2006 462">
    <p class='ocr_par' dir='ltr' id='par_1_1' title="bbox 336 380 2006 456">
     <span class='ocr_line' id='line_1_1' title="bbox 336 380 2006 456; baseline -0.005 0"><span class='ocrx_word' id='word_1_1' title='bbox 336 388 483 456; x_wconf 72' lang='grc'>1101</span> <span class='ocrx_word' id='word_1_2' title='bbox 1254 388 1547 453; x_wconf 83' lang='lat' dir='ltr'><strong>ORATIO</strong></span> <span class='ocrx_word' id='word_1_3' title='bbox 1592 386 1747 450; x_wconf 85' lang='lat' dir='ltr'><strong>XXI.</strong></span> <span class='ocrx_word' id='word_1_4' title='bbox 1774 380 1947 447; x_wconf 89' lang='grc' dir='ltr'><strong>-ΙΝ</strong></span> <span class='ocrx_word' id='word_1_5' title='bbox 1994 389 2006 448; x_wconf 94' lang='lat' dir='ltr'><strong>l</strong></span> 
     </span>
    </p>
   </div>
   <div class='ocr_carea' id='block_1_2' title="bbox 2107 380 3747 462">
    <p class='ocr_par' dir='ltr' id='par_1_2' title="bbox 2107 384 3747 462">
     <span class='ocr_line' id='line_1_2' title="bbox 2107 384 3747 462; baseline 0.007 -11"><span class='ocrx_word' id='word_1_6' title='bbox 2107 384 2325 451; x_wconf 84' lang='lat' dir='ltr'><strong>UDEM</strong></span> <span class='ocrx_word' id='word_1_7' title='bbox 2368 387 2818 452; x_wconf 79' lang='lat' dir='ltr'><strong>ATHANASII.</strong></span> <span class='ocrx_word' id='word_1_8' title='bbox 3590 400 3747 462; x_wconf 79' lang='grc'>1102</span> 
     </span>
    </p>
   </div>
   <div class='ocr_carea' id='block_1_3' title="bbox 329 522 2006 604">
    <p class='ocr_par' dir='ltr' id='par_1_3' title="bbox 329 522 1982 604">
     <span class='ocr_line' id='line_1_3' title="bbox 329 522 1982 604; baseline -0.005 -22"><span class='ocrx_word' id='word_1_9' title='bbox 329 535 427 596; x_wconf 79' lang='grc' dir='ltr'>τῆς</span> <span class='ocrx_word' id='word_1_10' title='bbox 486 533 768 604; x_wconf 77' lang='grc' dir='ltr'>συμφορᾶς</span> <span class='ocrx_word' id='word_1_11' title='bbox 843 529 941 595; x_wconf 77' lang='grc' dir='ltr'>τήν</span> <span class='ocrx_word' id='word_1_12' title='bbox 1016 530 1244 601; x_wconf 84' lang='grc' dir='ltr'>γυναῖκα</span> <span class='ocrx_word' id='word_1_13' title='bbox 1309 522 1807 599; x_wconf 72' lang='grc' dir='ltr'><strong>παραμυθουμένην</strong></span> <span class='ocrx_word' id='word_1_14' title='bbox 1863 524 1982 583; x_wconf 82' lang='grc' dir='ltr'>τοῖς</span> 
     </span>
    </p>
   </div>
   <div class='ocr_carea' id='block_1_4' title="bbox 2107 522 3745 604">
    <p class='ocr_par' dir='ltr' id='par_1_4' title="bbox 2107 522 3745 601">
     <span class='ocr_line' id='line_1_4' title="bbox 2107 522 3745 601; baseline 0.009 -24"><span class='ocrx_word' id='word_1_15' title='bbox 2107 522 2373 577; x_wconf 67' lang='lat' dir='ltr'><strong>amnibus</strong></span> <span class='ocrx_word' id='word_1_16' title='bbox 2425 523 2764 578; x_wconf 84' lang='lat' dir='ltr'><strong>hominibus</strong></span> <span class='ocrx_word' id='word_1_17' title='bbox 2814 526 3182 582; x_wconf 78' lang='lat' dir='ltr'><strong>vehementer</strong></span> <span class='ocrx_word' id='word_1_18' title='bbox 3211 537 3593 601; x_wconf 80' lang='lat' dir='ltr'><strong>expetuntur;</strong></span> <span class='ocrx_word' id='word_1_19' title='bbox 3632 553 3745 591; x_wconf 89' lang='lat' dir='ltr'><strong>non</strong></span> 
     </span>
    </p>
   </div>
   <div class='ocr_carea' id='block_1_5' title="bbox 333 610 2006 692">
    <p class='ocr_par' dir='ltr' id='par_1_5' title="bbox 333 611 1984 692">
     <span class='ocr_line' id='line_1_5' title="bbox 333 611 1984 692; baseline -0.004 -21"><span class='ocrx_word' id='word_1_20' title='bbox 333 616 546 692; x_wconf 85' lang='grc' dir='ltr'>χείροσι</span> <span class='ocrx_word' id='word_1_21' title='bbox 596 615 899 691; x_wconf 73' lang='grc' dir='ltr'>(πληγῆναι</span> <span class='ocrx_word' id='word_1_22' title='bbox 950 618 1053 692; x_wconf 74' lang='grc' dir='ltr'>γὰρ</span> <span class='ocrx_word' id='word_1_23' title='bbox 1112 613 1460 691; x_wconf 78' lang='grc' dir='ltr'><strong>ἐφιλονείκει,</strong></span> <span class='ocrx_word' id='word_1_24' title='bbox 1520 611 1608 667; x_wconf 83' lang='grc' dir='ltr'><strong>καὶ</strong></span> <span class='ocrx_word' id='word_1_25' title='bbox 1654 613 1754 680; x_wconf 77' lang='grc' dir='ltr'>τὴν</span> <span class='ocrx_word' id='word_1_26' title='bbox 1799 611 1984 685; x_wconf 76' lang='grc' dir='ltr'>ψυχήν</span> 
     </span>
    </p>
   </div>
   <div class='ocr_carea' id='block_1_6' title="bbox 2107 610 3750 692">
    <p class='ocr_par' dir='ltr' id='par_1_6' title="bbox 2107 612 3750 691">
     <span class='ocr_line' id='line_1_6' title="bbox 2107 612 3750 691; baseline 0.01 -27"><span class='ocrx_word' id='word_1_27' title='bbox 2107 612 2238 676; x_wconf 69' lang='lat' dir='ltr'><strong>haec,</strong></span> <span class='ocrx_word' id='word_1_28' title='bbox 2275 612 2538 683; x_wconf 90' lang='lat' dir='ltr'><strong>inquam,</strong></span> <span class='ocrx_word' id='word_1_29' title='bbox 2574 614 2858 669; x_wconf 79' lang='lat' dir='ltr'><strong>duntaxat</strong></span> <span class='ocrx_word' id='word_1_30' title='bbox 2905 616 3143 685; x_wconf 87' lang='lat' dir='ltr'><strong>amittit,</strong></span> <span class='ocrx_word' id='word_1_31' title='bbox 3178 623 3232 673; x_wconf 89' lang='lat' dir='ltr'><strong>et</strong></span> <span class='ocrx_word' id='word_1_32' title='bbox 3277 620 3513 690; x_wconf 90' lang='lat' dir='ltr'><strong>quidem</strong></span> <span class='ocrx_word' id='word_1_33' title='bbox 3547 623 3650 691; x_wconf 84' lang='lat' dir='ltr'><strong>ita,</strong></span> <span class='ocrx_word' id='word_1_34' title='bbox 3684 629 3750 681; x_wconf 89' lang='lat' dir='ltr'><strong>ut</strong></span> 
     </span>
    </p>
   </div>
   <div class='ocr_carea' id='block_1_7' title="bbox 332 699 2006 781">
    <p class='ocr_par' dir='ltr' id='par_1_7' title="bbox 332 699 1983 781">
     <span class='ocr_line' id='line_1_7' title="bbox 332 699 1983 781; baseline -0.005 -21"><span class='ocrx_word' id='word_1_35' title='bbox 332 707 468 781; x_wconf 85' lang='grc' dir='ltr'>πρὸς</span> <span class='ocrx_word' id='word_1_36' title='bbox 494 710 572 776; x_wconf 81' lang='grc' dir='ltr'>τῷ</span> <span class='ocrx_word' id='word_1_37' title='bbox 610 706 865 777; x_wconf 80' lang='grc' dir='ltr'>σώματι)’</span> <span class='ocrx_word' id='word_1_38' title='bbox 901 706 1018 780; x_wconf 80' lang='grc' dir='ltr'>εἶχε</span> <span class='ocrx_word' id='word_1_39' title='bbox 1050 702 1107 758; x_wconf 69' lang='grc' dir='ltr'><strong>δὲ</strong></span> <span class='ocrx_word' id='word_1_40' title='bbox 1154 703 1242 758; x_wconf 86' lang='grc' dir='ltr'><strong>καὶ</strong></span> <span class='ocrx_word' id='word_1_41' title='bbox 1293 707 1398 757; x_wconf 85' lang='grc' dir='ltr'><strong>τῶν</strong></span> <span class='ocrx_word' id='word_1_42' title='bbox 1453 701 1628 779; x_wconf 82' lang='grc' dir='ltr'>φίλων</span> <span class='ocrx_word' id='word_1_43' title='bbox 1674 699 1801 761; x_wconf 81' lang='grc' dir='ltr'>τοὺς</span> <span class='ocrx_word' id='word_1_44' title='bbox 1850 720 1983 773; x_wconf 83' lang='grc' dir='ltr'>γνη-</span> 
     </span>
    </p>
   </div>
   <div class='ocr_carea' id='block_1_8' title="bbox 2107 699 3747 781">
    <p class='ocr_par' dir='ltr' id='par_1_8' title="bbox 2107 699 3747 772">
     <span class='ocr_line' id='line_1_8' title="bbox 2107 699 3747 772; baseline 0.01 -19"><span class='ocrx_word' id='word_1_45' title='bbox 2107 716 2201 754; x_wconf 88' lang='lat' dir='ltr'><strong>nec</strong></span> <span class='ocrx_word' id='word_1_46' title='bbox 2234 699 2488 756; x_wconf 91' lang='lat' dir='ltr'><strong>luctibus</strong></span> <span class='ocrx_word' id='word_1_47' title='bbox 2522 702 2667 772; x_wconf 85' lang='lat' dir='ltr'><strong>ipsis</strong></span> <span class='ocrx_word' id='word_1_48' title='bbox 2699 704 2769 757; x_wconf 93' lang='lat' dir='ltr'><strong>ob</strong></span> <span class='ocrx_word' id='word_1_49' title='bbox 2814 704 3100 759; x_wconf 87' lang='lat' dir='ltr'><strong>malorum</strong></span> <span class='ocrx_word' id='word_1_50' title='bbox 3134 710 3548 767; x_wconf 84' lang='lat' dir='ltr'><strong>connexionem</strong></span> <span class='ocrx_word' id='word_1_51' title='bbox 3583 714 3747 770; x_wconf 83' lang='lat' dir='ltr'><strong>locus</strong></span> 
     </span>
    </p>
   </div>
   <div class='ocr_carea' id='block_1_9' title="bbox 333 788 2006 870">
    <p class='ocr_par' dir='ltr' id='par_1_9' title="bbox 333 788 1984 869">
     <span class='ocr_line' id='line_1_9' title="bbox 333 788 1984 869; baseline -0.004 -21"><span class='ocrx_word' id='word_1_52' title='bbox 333 797 628 856; x_wconf 80' lang='grc' dir='ltr'>σιωτάτους</span> <span class='ocrx_word' id='word_1_53' title='bbox 690 793 1114 869; x_wconf 72' lang='grc' dir='ltr'>παρακλήτορας</span> <span class='ocrx_word' id='word_1_54' title='bbox 1170 796 1386 861; x_wconf 89' lang='grc' dir='ltr'>κακῶν,</span> <span class='ocrx_word' id='word_1_55' title='bbox 1446 791 1519 851; x_wconf 83' lang='grc' dir='ltr'>ὡς</span> <span class='ocrx_word' id='word_1_56' title='bbox 1577 788 1737 851; x_wconf 85' lang='grc' dir='ltr'>αὐτός</span> <span class='ocrx_word' id='word_1_57' title='bbox 1797 810 1984 865; x_wconf 82' lang='grc' dir='ltr'>φησιν,</span> 
     </span>
    </p>
   </div>
   <div class='ocr_carea' id='block_1_10' title="bbox 2107 788 3747 870">
    <p class='ocr_par' dir='ltr' id='par_1_10' title="bbox 2107 790 3747 870">
     <span class='ocr_line' id='line_1_10' title="bbox 2107 790 3747 870; baseline 0.009 -28"><span class='ocrx_word' id='word_1_58' title='bbox 2107 794 2285 854; x_wconf 77' lang='lat' dir='ltr'><strong>esset;</strong></span> <span class='ocrx_word' id='word_1_59' title='bbox 2316 790 2414 843; x_wconf 86' lang='lat' dir='ltr'><strong>sed</strong></span> <span class='ocrx_word' id='word_1_60' title='bbox 2452 796 2745 861; x_wconf 90' lang='lat' dir='ltr'><strong>postremo</strong></span> <span class='ocrx_word' id='word_1_61' title='bbox 2771 791 2825 845; x_wconf 92' lang='lat' dir='ltr'><strong>in</strong></span> <span class='ocrx_word' id='word_1_62' title='bbox 2852 792 3015 862; x_wconf 89' lang='lat' dir='ltr'><strong>ipsos</strong></span> <span class='ocrx_word' id='word_1_63' title='bbox 3047 811 3279 866; x_wconf 90' lang='lat' dir='ltr'>quoque</span> <span class='ocrx_word' id='word_1_64' title='bbox 3307 802 3747 870; x_wconf 86' lang='lat' dir='ltr'><strong>corpore,incu-</strong></span> 
     </span>
    </p>
   </div>
   <div class='ocr_carea' id='block_1_11' title="bbox 333 876 2006 959">
    <p class='ocr_par' dir='ltr' id='par_1_11' title="bbox 333 876 1985 959">
     <span class='ocr_line' id='line_1_11' title="bbox 333 876 1985 959; baseline -0.005 -20"><span class='ocrx_word' id='word_1_65' title='bbox 333 884 395 938; x_wconf 76' lang='grc' dir='ltr'><strong>οὐ</strong></span> <span class='ocrx_word' id='word_1_66' title='bbox 427 884 750 959; x_wconf 81' lang='grc' dir='ltr'>θεραπευτάς</span> <span class='ocrx_word' id='word_1_67' title='bbox 794 882 845 937; x_wconf 74' lang='grc' dir='ltr'>οἳ</span> <span class='ocrx_word' id='word_1_68' title='bbox 900 885 963 937; x_wconf 87' lang='grc' dir='ltr'><strong>τὸ</strong></span> <span class='ocrx_word' id='word_1_69' title='bbox 1025 886 1117 955; x_wconf 84' lang='grc' dir='ltr'><strong>μὲν</strong></span> <span class='ocrx_word' id='word_1_70' title='bbox 1177 883 1344 942; x_wconf 78' lang='grc' dir='ltr'>πάθος</span> <span class='ocrx_word' id='word_1_71' title='bbox 1403 880 1611 953; x_wconf 64' lang='grc' dir='ltr'>ἑώρων,</span> <span class='ocrx_word' id='word_1_72' title='bbox 1665 879 1727 932; x_wconf 89' lang='grc' dir='ltr'><strong>τὸ</strong></span> <span class='ocrx_word' id='word_1_73' title='bbox 1786 876 1842 932; x_wconf 71' lang='grc' dir='ltr'>δὲ</span> <span class='ocrx_word' id='word_1_74' title='bbox 1889 882 1985 931; x_wconf 76' lang='grc' dir='ltr'><strong>τοῦ</strong></span> 
     </span>
    </p>
   </div>
   <div class='ocr_carea' id='block_1_12' title="bbox 2107 876 3745 959">
    <p class='ocr_par' dir='ltr' id='par_1_12' title="bbox 2107 877 3745 959">
     <span class='ocr_line' id='line_1_12' title="bbox 2107 877 3745 959; baseline 0.01 -29"><span class='ocrx_word' id='word_1_75' title='bbox 2107 877 2268 931; x_wconf 85' lang='lat' dir='ltr'><strong>rabili</strong></span> <span class='ocrx_word' id='word_1_76' title='bbox 2301 894 2365 932; x_wconf 92' lang='lat' dir='ltr'><strong>ac</strong></span> <span class='ocrx_word' id='word_1_77' title='bbox 2409 878 2536 933; x_wconf 87' lang='lat' dir='ltr'><strong>visu</strong></span> <span class='ocrx_word' id='word_1_78' title='bbox 2572 880 2743 935; x_wconf 88' lang='lat' dir='ltr'><strong>etiam</strong></span> <span class='ocrx_word' id='word_1_79' title='bbox 2778 885 2926 936; x_wconf 80' lang='lat' dir='ltr'><strong>tetra</strong></span> <span class='ocrx_word' id='word_1_80' title='bbox 2978 887 3032 937; x_wconf 89' lang='lat' dir='ltr'><strong>et</strong></span> <span class='ocrx_word' id='word_1_81' title='bbox 3081 884 3348 940; x_wconf 81' lang='lat' dir='ltr'><strong>horribili</strong></span> <span class='ocrx_word' id='word_1_82' title='bbox 3402 888 3572 959; x_wconf 81' lang='lat' dir='ltr'><strong>plaga</strong></span> <span class='ocrx_word' id='word_1_83' title='bbox 3610 892 3745 947; x_wconf 69' lang='grc' dir='ltr'>απο-</span> 
     </span>
    </p>
   </div>
   <div class='ocr_carea' id='block_1_13' title="bbox 332 966 2006 1047">
    <p class='ocr_par' dir='ltr' id='par_1_13' title="bbox 332 966 1984 1047">
     <span class='ocr_line' id='line_1_13' title="bbox 332 966 1984 1047; baseline -0.005 -20"><span class='ocrx_word' id='word_1_84' title='bbox 332 975 535 1035; x_wconf 80' lang='grc' dir='ltr'>πάθους</span> <span class='ocrx_word' id='word_1_85' title='bbox 587 973 908 1047; x_wconf 73' lang='grc' dir='ltr'>ἀγνοοῦντες</span> <span class='ocrx_word' id='word_1_86' title='bbox 967 974 1299 1047; x_wconf 77' lang='grc' dir='ltr'>μυστήριον,</span> <span class='ocrx_word' id='word_1_87' title='bbox 1359 970 1419 1023; x_wconf 80' lang='grc' dir='ltr'><strong>οὐ</strong></span> <span class='ocrx_word' id='word_1_88' title='bbox 1486 968 1714 1043; x_wconf 85' lang='grc' dir='ltr'>βάσανον</span> <span class='ocrx_word' id='word_1_89' title='bbox 1764 966 1984 1042; x_wconf 59' lang='grc' dir='ltr'>ἀρετῆς,</span> 
     </span>
    </p>
   </div>
   <div class='ocr_carea' id='block_1_14' title="bbox 2107 966 3742 1047">
    <p class='ocr_par' dir='ltr' id='par_1_14' title="bbox 2107 967 3742 1047">
     <span class='ocr_line' id='line_1_14' title="bbox 2107 967 3742 1047; baseline 0.009 -27"><span class='ocrx_word' id='word_1_90' title='bbox 2107 971 2225 1021; x_wconf 68' lang='lat' dir='ltr'><strong>atus</strong></span> <span class='ocrx_word' id='word_1_91' title='bbox 2253 967 2317 1032; x_wconf 80' lang='grc'><strong>⁴⁶,</strong></span> <span class='ocrx_word' id='word_1_92' title='bbox 2357 984 2459 1038; x_wconf 93' lang='lat' dir='ltr'><strong>pro</strong></span> <span class='ocrx_word' id='word_1_93' title='bbox 2508 968 2857 1024; x_wconf 79' lang='lat' dir='ltr'><strong>calamitatis</strong></span> <span class='ocrx_word' id='word_1_94' title='bbox 2907 971 3142 1027; x_wconf 87' lang='lat' dir='ltr'><strong>cumulo</strong></span> <span class='ocrx_word' id='word_1_95' title='bbox 3182 980 3425 1031; x_wconf 82' lang='lat' dir='ltr'><strong>‘uxorem</strong></span> <span class='ocrx_word' id='word_1_96' title='bbox 3470 978 3742 1047; x_wconf 83' lang='lat' dir='ltr'><strong>habebat,</strong></span> 
     </span>
    </p>
   </div>
   <div class='ocr_carea' id='block_1_15' title="bbox 330 1050 2006 1136">
    <p class='ocr_par' dir='ltr' id='par_1_15' title="bbox 330 1050 1982 1136">
     <span class='ocr_line' id='line_1_15' title="bbox 330 1050 1982 1136; baseline -0.004 -20"><span class='ocrx_word' id='word_1_97' title='bbox 330 1061 477 1117; x_wconf 78' lang='grc' dir='ltr'>ἀλλᾶ</span> <span class='ocrx_word' id='word_1_98' title='bbox 522 1061 709 1116; x_wconf 83' lang='grc' dir='ltr'>κακίας</span> <span class='ocrx_word' id='word_1_99' title='bbox 762 1060 1067 1136; x_wconf 63' lang='grc' dir='ltr'>εἶ’σπραξιν,</span> <span class='ocrx_word' id='word_1_100' title='bbox 1115 1061 1216 1129; x_wconf 73' lang='grc' dir='ltr'>τὴν</span> <span class='ocrx_word' id='word_1_101' title='bbox 1267 1059 1487 1134; x_wconf 68' lang='grc' dir='ltr'>πληγὴν</span> <span class='ocrx_word' id='word_1_102' title='bbox 1554 1050 1935 1128; x_wconf 72' lang='grc' dir='ltr'>ὑπελάμϐανον</span> <span class='ocrx_word' id='word_1_103' title='bbox 1970 1095 1982 1110; x_wconf 92' lang='grc'><strong>.</strong></span> 
     </span>
    </p>
   </div>
   <div class='ocr_carea' id='block_1_16' title="bbox 2107 1050 3743 1136">
    <p class='ocr_par' dir='ltr' id='par_1_16' title="bbox 2107 1056 3743 1129">
     <span class='ocr_line' id='line_1_16' title="bbox 2107 1056 3743 1129; baseline 0.01 -20"><span class='ocrx_word' id='word_1_104' title='bbox 2107 1056 2395 1126; x_wconf 85' lang='lat' dir='ltr'><strong>pejoribus</strong></span> <span class='ocrx_word' id='word_1_105' title='bbox 2449 1062 2504 1111; x_wconf 89' lang='lat' dir='ltr'><strong>et</strong></span> <span class='ocrx_word' id='word_1_106' title='bbox 2560 1058 2928 1129; x_wconf 78' lang='lat' dir='ltr'><strong>gravioribus</strong></span> <span class='ocrx_word' id='word_1_107' title='bbox 2987 1077 3121 1116; x_wconf 87' lang='lat' dir='ltr'><strong>eum</strong></span> <span class='ocrx_word' id='word_1_108' title='bbox 3199 1065 3621 1123; x_wconf 86' lang='lat' dir='ltr'><strong>consolantem.</strong></span> <span class='ocrx_word' id='word_1_109' title='bbox 3684 1071 3743 1125; x_wconf 88' lang='lat' dir='ltr'><strong>ld</strong></span> 
     </span>
    </p>
   </div>
   <div class='ocr_carea' id='block_1_17' title="bbox 332 1144 2006 1229">
    <p class='ocr_par' dir='ltr' id='par_1_17' title="bbox 332 1144 1984 1222">
     <span class='ocr_line' id='line_1_17' title="bbox 332 1144 1984 1222; baseline -0.005 -17"><span class='ocrx_word' id='word_1_110' title='bbox 332 1152 426 1205; x_wconf 78' lang='grc' dir='ltr'><strong>Καὶ</strong></span> <span class='ocrx_word' id='word_1_111' title='bbox 482 1150 579 1205; x_wconf 66' lang='grc' dir='ltr'><strong>οὐκ</strong></span> <span class='ocrx_word' id='word_1_112' title='bbox 641 1147 887 1221; x_wconf 77' lang='grc' dir='ltr'>ἐνόμιζον</span> <span class='ocrx_word' id='word_1_113' title='bbox 948 1150 1111 1222; x_wconf 84' lang='grc' dir='ltr'>μόνον</span> <span class='ocrx_word' id='word_1_114' title='bbox 1150 1192 1163 1216; x_wconf 88' lang='grc'>,</span> <span class='ocrx_word' id='word_1_115' title='bbox 1216 1148 1340 1203; x_wconf 86' lang='grc' dir='ltr'>ἀλλ’</span> <span class='ocrx_word' id='word_1_116' title='bbox 1391 1144 1516 1201; x_wconf 73' lang='grc' dir='ltr'>οὐδὲ</span> <span class='ocrx_word' id='word_1_117' title='bbox 1565 1145 1871 1220; x_wconf 69' lang='grc' dir='ltr'>ᾐσχύνοντο</span> <span class='ocrx_word' id='word_1_118' title='bbox 1922 1144 1984 1198; x_wconf 84' lang='grc' dir='ltr'>τὸ</span> 
     </span>
    </p>
   </div>
   <div class='ocr_carea' id='block_1_18' title="bbox 2107 1144 3743 1229">
    <p class='ocr_par' dir='ltr' id='par_1_18' title="bbox 2107 1144 3743 1229">
     <span class='ocr_line' id='line_1_18' title="bbox 2107 1144 3743 1229; baseline 0.009 -29"><span class='ocrx_word' id='word_1_119' title='bbox 2107 1144 2252 1200; x_wconf 69' lang='lat' dir='ltr'><strong>anim</strong></span> <span class='ocrx_word' id='word_1_120' title='bbox 2285 1145 2533 1201; x_wconf 84' lang='lat' dir='ltr'><strong>obnoxie</strong></span> <span class='ocrx_word' id='word_1_121' title='bbox 2580 1149 2809 1218; x_wconf 87' lang='lat' dir='ltr'><strong>agebat,</strong></span> <span class='ocrx_word' id='word_1_122' title='bbox 2867 1154 2926 1203; x_wconf 94' lang='lat' dir='ltr'><strong>ut</strong></span> <span class='ocrx_word' id='word_1_123' title='bbox 2954 1151 3023 1205; x_wconf 90' lang='lat' dir='ltr'><strong>ad</strong></span> <span class='ocrx_word' id='word_1_124' title='bbox 3057 1154 3315 1223; x_wconf 89' lang='lat' dir='ltr'><strong>corporis</strong></span> <span class='ocrx_word' id='word_1_125' title='bbox 3353 1154 3584 1229; x_wconf 81' lang='lat' dir='ltr'><strong>plagam</strong></span> <span class='ocrx_word' id='word_1_126' title='bbox 3619 1159 3743 1214; x_wconf 90' lang='lat' dir='ltr'><strong>ani-</strong></span> 
     </span>
    </p>
   </div>
   <div class='ocr_carea' id='block_1_19' title="bbox 331 1232 2006 1311">
    <p class='ocr_par' dir='ltr' id='par_1_19' title="bbox 331 1232 1985 1311">
     <span class='ocr_line' id='line_1_19' title="bbox 331 1232 1985 1311; baseline -0.006 -16"><span class='ocrx_word' id='word_1_127' title='bbox 331 1238 502 1295; x_wconf 84' lang='grc' dir='ltr'>δεινὸν</span> <span class='ocrx_word' id='word_1_128' title='bbox 568 1238 915 1309; x_wconf 81' lang='grc' dir='ltr'>ὀνειδίζοντες</span> <span class='ocrx_word' id='word_1_129' title='bbox 970 1242 1104 1311; x_wconf 94' lang='grc'>(10),</span> <span class='ocrx_word' id='word_1_130' title='bbox 1169 1239 1334 1292; x_wconf 83' lang='grc' dir='ltr'>ὁπότε</span> <span class='ocrx_word' id='word_1_131' title='bbox 1389 1237 1477 1291; x_wconf 86' lang='grc' dir='ltr'><strong>καὶ</strong></span> <span class='ocrx_word' id='word_1_132' title='bbox 1548 1235 1593 1289; x_wconf 78' lang='grc' dir='ltr'>εἶ’</span> <span class='ocrx_word' id='word_1_133' title='bbox 1655 1232 1741 1289; x_wconf 73' lang='grc' dir='ltr'><strong>διὰ</strong></span> <span class='ocrx_word' id='word_1_134' title='bbox 1798 1232 1985 1287; x_wconf 78' lang='grc' dir='ltr'>κακίαν</span> 
     </span>
    </p>
   </div>
   <div class='ocr_carea' id='block_1_20' title="bbox 2107 1232 3743 1311">
    <p class='ocr_par' dir='ltr' id='par_1_20' title="bbox 2107 1233 3743 1303">
     <span class='ocr_line' id='line_1_20' title="bbox 2107 1233 3743 1303; baseline 0.01 -16"><span class='ocrx_word' id='word_1_135' title='bbox 2107 1250 2201 1288; x_wconf 70' lang='lat' dir='ltr'><strong>mae</strong></span> <span class='ocrx_word' id='word_1_136' title='bbox 2252 1233 2468 1291; x_wconf 86' lang='lat' dir='ltr'><strong>vulnus</strong></span> <span class='ocrx_word' id='word_1_137' title='bbox 2520 1238 2837 1292; x_wconf 83' lang='lat' dir='ltr'><strong>accederet.</strong></span> <span class='ocrx_word' id='word_1_138' title='bbox 2881 1239 3027 1303; x_wconf 89' lang='lat' dir='ltr'><strong>Quin</strong></span> <span class='ocrx_word' id='word_1_139' title='bbox 3074 1241 3509 1301; x_wconf 62' lang='lat' dir='ltr'><strong>sincerissimos</strong></span> <span class='ocrx_word' id='word_1_140' title='bbox 3565 1248 3743 1303; x_wconf 87' lang='lat' dir='ltr'><strong>etiam</strong></span> 
     </span>
    </p>
   </div>
   <div class='ocr_carea' id='block_1_21' title="bbox 331 1321 2006 1407">
    <p class='ocr_par' dir='ltr' id='par_1_21' title="bbox 331 1321 1982 1407">
     <span class='ocr_line' id='line_1_21' title="bbox 331 1321 1982 1407; baseline -0.005 -24"><span class='ocrx_word' id='word_1_141' title='bbox 331 1328 535 1405; x_wconf 77' lang='grc' dir='ltr'>ἔπασχε</span> <span class='ocrx_word' id='word_1_142' title='bbox 570 1373 583 1397; x_wconf 95' lang='grc'>,</span> <span class='ocrx_word' id='word_1_143' title='bbox 644 1330 951 1407; x_wconf 78' lang='grc' dir='ltr'><strong>σοφίζεσθαι</strong></span> <span class='ocrx_word' id='word_1_144' title='bbox 1029 1329 1091 1383; x_wconf 88' lang='grc' dir='ltr'>τὸ</span> <span class='ocrx_word' id='word_1_145' title='bbox 1168 1325 1374 1382; x_wconf 76' lang='grc' dir='ltr'>λυποῦν</span> <span class='ocrx_word' id='word_1_146' title='bbox 1454 1323 1559 1380; x_wconf 76' lang='grc' dir='ltr'>ἔδει</span> <span class='ocrx_word' id='word_1_147' title='bbox 1637 1321 1982 1399; x_wconf 74' lang='grc' dir='ltr'>παραμυθίας</span> 
     </span>
    </p>
   </div>
   <div class='ocr_carea' id='block_1_22' title="bbox 2107 1321 3743 1407">
    <p class='ocr_par' dir='ltr' id='par_1_22' title="bbox 2107 1322 3743 1403">
     <span class='ocr_line' id='line_1_22' title="bbox 2107 1322 3743 1403; baseline 0.009 -27"><span class='ocrx_word' id='word_1_148' title='bbox 2107 1322 2313 1378; x_wconf 76' lang='grc' dir='ltr'>ιωὶοοε</span> <span class='ocrx_word' id='word_1_149' title='bbox 2362 1341 2502 1379; x_wconf 91' lang='lat' dir='ltr'>suos</span> <span class='ocrx_word' id='word_1_150' title='bbox 2554 1326 2865 1392; x_wconf 90' lang='lat' dir='ltr'><strong>malorum,</strong></span> <span class='ocrx_word' id='word_1_151' title='bbox 2914 1333 2977 1382; x_wconf 92' lang='lat' dir='ltr'><strong>ut</strong></span> <span class='ocrx_word' id='word_1_152' title='bbox 3024 1328 3212 1400; x_wconf 87' lang='lat' dir='ltr'>ipsius</span> <span class='ocrx_word' id='word_1_153' title='bbox 3257 1334 3447 1389; x_wconf 84' lang='lat' dir='ltr'><strong>verbis</strong></span> <span class='ocrx_word' id='word_1_154' title='bbox 3497 1340 3628 1391; x_wconf 89' lang='lat' dir='ltr'><strong>utar</strong></span> <span class='ocrx_word' id='word_1_155' title='bbox 3679 1338 3743 1403; x_wconf 73' lang='grc'>⁸⁷,</span> 
     </span>
    </p>
   </div>
   <div class='ocr_carea' id='block_1_23' title="bbox 333 1412 3744 1495">
    <p class='ocr_par' dir='ltr' id='par_1_23' title="bbox 333 1412 3744 1495">
     <span class='ocr_line' id='line_1_23' title="bbox 333 1412 3744 1495; baseline 0.011 -51"><span class='ocrx_word' id='word_1_156' title='bbox 333 1419 594 1495; x_wconf 46' lang='grc' dir='ltr'><strong>ῥήμασιν.</strong></span> <span class='ocrx_word' id='word_1_157' title='bbox 2093 1412 2485 1469; x_wconf 83' lang='lat' dir='ltr'><strong>consolatores</strong></span> <span class='ocrx_word' id='word_1_158' title='bbox 2544 1413 2814 1484; x_wconf 88' lang='lat' dir='ltr'><strong>habebat,</strong></span> <span class='ocrx_word' id='word_1_159' title='bbox 2868 1434 2981 1472; x_wconf 93' lang='lat' dir='ltr'><strong>non</strong></span> <span class='ocrx_word' id='word_1_160' title='bbox 3033 1419 3411 1491; x_wconf 87' lang='lat' dir='ltr'><strong>depulsores;</strong></span> <span class='ocrx_word' id='word_1_161' title='bbox 3456 1424 3553 1494; x_wconf 88' lang='lat' dir='ltr'><strong>qui</strong></span> <span class='ocrx_word' id='word_1_162' title='bbox 3607 1443 3744 1483; x_wconf 86' lang='lat' dir='ltr'><strong>cum</strong></span> 
     </span>
    </p>
   </div>
   <div class='ocr_carea' id='block_1_24' title="bbox 332 1500 3747 1583">
    <p class='ocr_par' dir='ltr' id='par_1_24' title="bbox 332 1500 3747 1583">
     <span class='ocr_line' id='line_1_24' title="bbox 332 1500 3747 1583; baseline 0.001 -19"><span class='ocrx_word' id='word_1_163' title='bbox 332 1512 520 1583; x_wconf 88' lang='lat' dir='ltr'>ipsius</span> <span class='ocrx_word' id='word_1_164' title='bbox 555 1508 813 1565; x_wconf 87' lang='lat' dir='ltr'>dolorem</span> <span class='ocrx_word' id='word_1_165' title='bbox 848 1510 1261 1581; x_wconf 85' lang='lat' dir='ltr'><strong>perspicerent,</strong></span> <span class='ocrx_word' id='word_1_166' title='bbox 1296 1524 1399 1563; x_wconf 89' lang='lat' dir='ltr'><strong>nec</strong></span> <span class='ocrx_word' id='word_1_167' title='bbox 1431 1504 1649 1561; x_wconf 89' lang='lat' dir='ltr'><strong>doloris</strong></span> <span class='ocrx_word' id='word_1_168' title='bbox 1688 1520 1971 1559; x_wconf 90' lang='lat' dir='ltr'><strong>arcanum</strong></span> <span class='ocrx_word' id='word_1_169' title='bbox 2012 1500 2428 1574; x_wconf 80' lang='lat' dir='ltr'><strong>intelligerent,</strong></span> <span class='ocrx_word' id='word_1_170' title='bbox 2460 1503 2518 1558; x_wconf 91' lang='lat' dir='ltr'><strong>in</strong></span> <span class='ocrx_word' id='word_1_171' title='bbox 2552 1521 2618 1558; x_wconf 92' lang='lat' dir='ltr'><strong>ea</strong></span> <span class='ocrx_word' id='word_1_172' title='bbox 2648 1505 2918 1577; x_wconf 80' lang='lat' dir='ltr'><strong>Opinione</strong></span> <span class='ocrx_word' id='word_1_173' title='bbox 2948 1510 3351 1579; x_wconf 85' lang='lat' dir='ltr'><strong>versabantur,</strong></span> <span class='ocrx_word' id='word_1_174' title='bbox 3387 1518 3452 1568; x_wconf 89' lang='lat' dir='ltr'><strong>ut</strong></span> <span class='ocrx_word' id='word_1_175' title='bbox 3483 1530 3597 1569; x_wconf 91' lang='lat' dir='ltr'><strong>non</strong></span> <span class='ocrx_word' id='word_1_176' title='bbox 3628 1517 3747 1570; x_wconf 88' lang='lat' dir='ltr'><strong>vir-</strong></span> 
     </span>
    </p>
   </div>
   <div class='ocr_carea' id='block_1_25' title="bbox 330 1589 3749 1675">
    <p class='ocr_par' dir='ltr' id='par_1_25' title="bbox 330 1589 3749 1675">
     <span class='ocr_line' id='line_1_25' title="bbox 330 1589 3749 1675; baseline 0.001 -21"><span class='ocrx_word' id='word_1_177' title='bbox 330 1600 477 1654; x_wconf 88' lang='lat' dir='ltr'><strong>tutis</strong></span> <span class='ocrx_word' id='word_1_178' title='bbox 507 1598 895 1668; x_wconf 72' lang='lat' dir='ltr'><strong>explorandaa,</strong></span> <span class='ocrx_word' id='word_1_179' title='bbox 922 1599 1022 1652; x_wconf 89' lang='lat' dir='ltr'><strong>sed</strong></span> <span class='ocrx_word' id='word_1_180' title='bbox 1056 1596 1386 1652; x_wconf 86' lang='lat' dir='ltr'><strong>vindicandi</strong></span> <span class='ocrx_word' id='word_1_181' title='bbox 1420 1593 1657 1649; x_wconf 87' lang='lat' dir='ltr'><strong>sceleris</strong></span> <span class='ocrx_word' id='word_1_182' title='bbox 1688 1609 1885 1653; x_wconf 82' lang='lat' dir='ltr'><strong>causa,</strong></span> <span class='ocrx_word' id='word_1_183' title='bbox 1909 1590 2061 1645; x_wconf 85' lang='lat' dir='ltr'><strong>hanc</strong></span> <span class='ocrx_word' id='word_1_184' title='bbox 2091 1589 2175 1643; x_wconf 93' lang='lat' dir='ltr'><strong>illi</strong></span> <span class='ocrx_word' id='word_1_185' title='bbox 2208 1590 2438 1663; x_wconf 84' lang='lat' dir='ltr'><strong>plagam</strong></span> <span class='ocrx_word' id='word_1_186' title='bbox 2470 1591 2751 1648; x_wconf 86' lang='lat' dir='ltr'><strong>inﬂictam</strong></span> <span class='ocrx_word' id='word_1_187' title='bbox 2783 1611 2912 1649; x_wconf 90' lang='lat' dir='ltr'><strong>esse</strong></span> <span class='ocrx_word' id='word_1_188' title='bbox 2942 1596 3366 1654; x_wconf 83' lang='lat' dir='ltr'><strong>existimarent.</strong></span> <span class='ocrx_word' id='word_1_189' title='bbox 3397 1601 3542 1664; x_wconf 91' lang='lat' dir='ltr'><strong>Quid</strong></span> <span class='ocrx_word' id='word_1_190' title='bbox 3579 1603 3749 1675; x_wconf 61' lang='lat' dir='ltr'><strong>dicoﬂ</strong></span> 
     </span>
    </p>
   </div>
   <div class='ocr_carea' id='block_1_26' title="bbox 330 1680 3745 1762">
    <p class='ocr_par' dir='ltr' id='par_1_26' title="bbox 330 1680 3745 1762">
     <span class='ocr_line' id='line_1_26' title="bbox 330 1680 3745 1762; baseline 0.001 -19"><span class='ocrx_word' id='word_1_191' title='bbox 330 1687 781 1743; x_wconf 78' lang='lat' dir='ltr'><strong>existimarent?</strong></span> <span class='ocrx_word' id='word_1_192' title='bbox 816 1688 934 1741; x_wconf 87' lang='lat' dir='ltr'><strong>[mo</strong></span> <span class='ocrx_word' id='word_1_193' title='bbox 969 1703 1073 1741; x_wconf 92' lang='lat' dir='ltr'><strong>nec</strong></span> <span class='ocrx_word' id='word_1_194' title='bbox 1105 1684 1494 1741; x_wconf 88' lang='lat' dir='ltr'><strong>calamitatem</strong></span> <span class='ocrx_word' id='word_1_195' title='bbox 1527 1682 1576 1737; x_wconf 92' lang='lat' dir='ltr'><strong>ei</strong></span> <span class='ocrx_word' id='word_1_196' title='bbox 1610 1683 1957 1751; x_wconf 83' lang='lat' dir='ltr'><strong>exprobrare</strong></span> <span class='ocrx_word' id='word_1_197' title='bbox 1985 1680 2366 1747; x_wconf 86' lang='lat' dir='ltr'><strong>verebantur;</strong></span> <span class='ocrx_word' id='word_1_198' title='bbox 2399 1680 2577 1752; x_wconf 82' lang='lat' dir='ltr'><strong>idque</strong></span> <span class='ocrx_word' id='word_1_199' title='bbox 2624 1699 2688 1737; x_wconf 91' lang='lat' dir='ltr'><strong>eo</strong></span> <span class='ocrx_word' id='word_1_200' title='bbox 2734 1688 3015 1755; x_wconf 87' lang='lat' dir='ltr'><strong>tempore,</strong></span> <span class='ocrx_word' id='word_1_201' title='bbox 3049 1703 3204 1754; x_wconf 91' lang='lat' dir='ltr'><strong>cum,</strong></span> <span class='ocrx_word' id='word_1_202' title='bbox 3236 1689 3410 1745; x_wconf 88' lang='lat' dir='ltr'><strong>etiam</strong></span> <span class='ocrx_word' id='word_1_203' title='bbox 3444 1690 3493 1745; x_wconf 90' lang='lat' dir='ltr'><strong>si</strong></span> <span class='ocrx_word' id='word_1_204' title='bbox 3527 1694 3745 1762; x_wconf 88' lang='lat' dir='ltr'><strong>peccati</strong></span> 
     </span>
    </p>
   </div>
   <div class='ocr_carea' id='block_1_27' title="bbox 332 1767 3216 1849">
    <p class='ocr_par' dir='ltr' id='par_1_27' title="bbox 332 1767 3216 1849">
     <span class='ocr_line' id='line_1_27' title="bbox 332 1767 3216 1849; baseline -0 -18"><span class='ocrx_word' id='word_1_205' title='bbox 332 1794 561 1849; x_wconf 66' lang='lat' dir='ltr'><strong>poenam</strong></span> <span class='ocrx_word' id='word_1_206' title='bbox 593 1775 798 1843; x_wconf 87' lang='lat' dir='ltr'><strong>lueret,</strong></span> <span class='ocrx_word' id='word_1_207' title='bbox 831 1777 959 1845; x_wconf 89' lang='lat' dir='ltr'><strong>ejus</strong></span> <span class='ocrx_word' id='word_1_208' title='bbox 992 1780 1187 1829; x_wconf 90' lang='lat' dir='ltr'><strong>tamen</strong></span> <span class='ocrx_word' id='word_1_209' title='bbox 1218 1790 1494 1844; x_wconf 86' lang='lat' dir='ltr'><strong>angorem</strong></span> <span class='ocrx_word' id='word_1_210' title='bbox 1529 1770 1760 1825; x_wconf 88' lang='lat' dir='ltr'><strong>blandis</strong></span> <span class='ocrx_word' id='word_1_211' title='bbox 1791 1768 2162 1823; x_wconf 87' lang='lat' dir='ltr'><strong>sermonibus</strong></span> <span class='ocrx_word' id='word_1_212' title='bbox 2198 1767 2392 1823; x_wconf 87' lang='lat' dir='ltr'><strong>fallere</strong></span> <span class='ocrx_word' id='word_1_213' title='bbox 2424 1786 2487 1823; x_wconf 90' lang='lat' dir='ltr'><strong>ac</strong></span> <span class='ocrx_word' id='word_1_214' title='bbox 2523 1770 2788 1843; x_wconf 90' lang='lat' dir='ltr'><strong>mitigare</strong></span> <span class='ocrx_word' id='word_1_215' title='bbox 2820 1774 3216 1831; x_wconf 76' lang='lat' dir='ltr'><strong>conveniebat.</strong></span> 
     </span>
    </p>
   </div>
   <div class='ocr_carea' id='block_1_28' title="bbox 403 1856 2006 1936">
    <p class='ocr_par' dir='ltr' id='par_1_28' title="bbox 403 1856 1977 1934">
     <span class='ocr_line' id='line_1_28' title="bbox 403 1856 1977 1934; baseline -0.006 -16"><span class='ocrx_word' id='word_1_216' title='bbox 403 1865 509 1920; x_wconf 73' lang='grc' dir='ltr'><strong>ΗΓ.</strong></span> <span class='ocrx_word' id='word_1_217' title='bbox 570 1862 724 1916; x_wconf 75' lang='grc' dir='ltr'>Οὕτω</span> <span class='ocrx_word' id='word_1_218' title='bbox 788 1862 881 1934; x_wconf 77' lang='grc' dir='ltr'><strong>μὶν</strong></span> <span class='ocrx_word' id='word_1_219' title='bbox 943 1860 1033 1915; x_wconf 65' lang='grc' dir='ltr'><strong>οὖν</strong></span> <span class='ocrx_word' id='word_1_220' title='bbox 1096 1863 1123 1916; x_wconf 94' lang='lat'><strong>6</strong></span> <span class='ocrx_word' id='word_1_221' title='bbox 1185 1856 1329 1930; x_wconf 80' lang='grc' dir='ltr'><strong>Ἰὼϐ,</strong></span> <span class='ocrx_word' id='word_1_222' title='bbox 1389 1860 1478 1913; x_wconf 77' lang='grc' dir='ltr'><strong>καὶ</strong></span> <span class='ocrx_word' id='word_1_223' title='bbox 1533 1858 1601 1912; x_wconf 80' lang='grc' dir='ltr'>τὰ</span> <span class='ocrx_word' id='word_1_224' title='bbox 1643 1862 1833 1932; x_wconf 85' lang='grc' dir='ltr'>πρῶτα</span> <span class='ocrx_word' id='word_1_225' title='bbox 1878 1863 1977 1924; x_wconf 77' lang='grc' dir='ltr'>τῆς</span> 
     </span>
    </p>
   </div>
   <div class='ocr_carea' id='block_1_29' title="bbox 2107 1856 3745 1936">
    <p class='ocr_par' dir='ltr' id='par_1_29' title="bbox 2160 1857 3745 1936">
     <span class='ocr_line' id='line_1_29' title="bbox 2160 1857 3745 1936; baseline 0.008 -24"><span class='ocrx_word' id='word_1_226' title='bbox 2160 1857 2352 1912; x_wconf 82' lang='lat' dir='ltr'><strong>XVIII.</strong></span> <span class='ocrx_word' id='word_1_227' title='bbox 2384 1862 2502 1913; x_wconf 86' lang='lat' dir='ltr'><strong>Hoc</strong></span> <span class='ocrx_word' id='word_1_228' title='bbox 2535 1858 2661 1930; x_wconf 90' lang='lat' dir='ltr'><strong>ipso</strong></span> <span class='ocrx_word' id='word_1_229' title='bbox 2696 1861 2935 1932; x_wconf 90' lang='lat' dir='ltr'><strong>quidem</strong></span> <span class='ocrx_word' id='word_1_230' title='bbox 2962 1868 3117 1918; x_wconf 87' lang='lat' dir='ltr'><strong>statu</strong></span> <span class='ocrx_word' id='word_1_231' title='bbox 3140 1869 3264 1920; x_wconf 90' lang='lat' dir='ltr'><strong>erat</strong></span> <span class='ocrx_word' id='word_1_232' title='bbox 3287 1866 3419 1936; x_wconf 88' lang='lat' dir='ltr'><strong>Job,</strong></span> <span class='ocrx_word' id='word_1_233' title='bbox 3451 1885 3517 1924; x_wconf 91' lang='lat' dir='ltr'><strong>ac</strong></span> <span class='ocrx_word' id='word_1_234' title='bbox 3540 1868 3745 1925; x_wconf 71' lang='lat' dir='ltr'><strong>divinae</strong></span> 
     </span>
    </p>
   </div>
   <div class='ocr_carea' id='block_1_30' title="bbox 332 1946 1986 2028">
    <p class='ocr_par' dir='ltr' id='par_1_30' title="bbox 332 1946 1986 2028">
     <span class='ocr_line' id='line_1_30' title="bbox 332 1946 1986 2028; baseline -0.004 -21"><span class='ocrx_word' id='word_1_235' title='bbox 332 1952 455 2028; x_wconf 82' lang='grc' dir='ltr'>περῖ</span> <span class='ocrx_word' id='word_1_236' title='bbox 504 1952 662 2007; x_wconf 76' lang='grc' dir='ltr'>αὐτὸν</span> <span class='ocrx_word' id='word_1_237' title='bbox 713 1951 1108 2025; x_wconf 83' lang='grc' dir='ltr'>πραγματείας.</span> <span class='ocrx_word' id='word_1_238' title='bbox 1159 1950 1331 2025; x_wconf 85' lang='grc' dir='ltr'>Ἀγὼν</span> <span class='ocrx_word' id='word_1_239' title='bbox 1386 1950 1489 2023; x_wconf 70' lang='grc' dir='ltr'>γὰρ</span> <span class='ocrx_word' id='word_1_240' title='bbox 1536 1950 1602 2015; x_wconf 67' lang='grc' dir='ltr'>ἦν</span> <span class='ocrx_word' id='word_1_241' title='bbox 1649 1946 1845 2021; x_wconf 77' lang='grc' dir='ltr'>ἀρετῆς</span> <span class='ocrx_word' id='word_1_242' title='bbox 1877 1948 1986 2018; x_wconf 89' lang='grc'>(11)</span> 
     </span>
    </p>
   </div>
   <div class='ocr_carea' id='block_1_31' title="bbox 332 2035 1985 2119">
    <p class='ocr_par' dir='ltr' id='par_1_31' title="bbox 332 2035 1985 2119">
     <span class='ocr_line' id='line_1_31' title="bbox 332 2035 1985 2119; baseline -0.005 -23"><span class='ocrx_word' id='word_1_243' title='bbox 332 2043 421 2096; x_wconf 78' lang='grc' dir='ltr'><strong>καὶ</strong></span> <span class='ocrx_word' id='word_1_244' title='bbox 455 2041 669 2119; x_wconf 78' lang='grc' dir='ltr'>φθόνου·</span> <span class='ocrx_word' id='word_1_245' title='bbox 702 2045 798 2094; x_wconf 73' lang='grc' dir='ltr'>τοῦ</span> <span class='ocrx_word' id='word_1_246' title='bbox 848 2040 962 2113; x_wconf 66' lang='grc' dir='ltr'>μὲν,</span> <span class='ocrx_word' id='word_1_247' title='bbox 995 2038 1143 2101; x_wconf 74' lang='grc' dir='ltr'>ὅπως</span> <span class='ocrx_word' id='word_1_248' title='bbox 1193 2043 1290 2093; x_wconf 75' lang='grc' dir='ltr'><strong>τοῦ</strong></span> <span class='ocrx_word' id='word_1_249' title='bbox 1339 2039 1511 2092; x_wconf 72' lang='grc' dir='ltr'>καλοῦ</span> <span class='ocrx_word' id='word_1_250' title='bbox 1559 2037 1803 2109; x_wconf 72' lang='grc' dir='ltr'>κρατήσῃ</span> <span class='ocrx_word' id='word_1_251' title='bbox 1851 2035 1985 2107; x_wconf 76' lang='grc'>(12),</span> 
     </span>
    </p>
   </div>
   <div class='ocr_carea' id='block_1_32' title="bbox 333 2122 1987 2207">
    <p class='ocr_par' dir='ltr' id='par_1_32' title="bbox 333 2122 1987 2207">
     <span class='ocr_line' id='line_1_32' title="bbox 333 2122 1987 2207; baseline -0.005 -23"><span class='ocrx_word' id='word_1_252' title='bbox 333 2129 793 2207; x_wconf 53' lang='grc' dir='ltr'>φιλονεικοῦντος</span> <span class='ocrx_word' id='word_1_253' title='bbox 852 2136 953 2198; x_wconf 85' lang='grc' dir='ltr'>τῆς</span> <span class='ocrx_word' id='word_1_254' title='bbox 1014 2126 1102 2195; x_wconf 72' lang='grc' dir='ltr'><strong>δὲ,</strong></span> <span class='ocrx_word' id='word_1_255' title='bbox 1162 2127 1310 2188; x_wconf 77' lang='grc' dir='ltr'>ὅπως</span> <span class='ocrx_word' id='word_1_256' title='bbox 1354 2126 1628 2196; x_wconf 78' lang='grc' dir='ltr'>ἀήττητος</span> <span class='ocrx_word' id='word_1_257' title='bbox 1689 2122 1987 2196; x_wconf 76' lang='grc' dir='ltr'>διαμείνῃ,</span> 
     </span>
    </p>
   </div>
   <div class='ocr_carea' id='block_1_33' title="bbox 333 2210 1985 2297">
    <p class='ocr_par' dir='ltr' id='par_1_33' title="bbox 333 2210 1985 2297">
     <span class='ocr_line' id='line_1_33' title="bbox 333 2210 1985 2297; baseline -0.005 -24"><span class='ocrx_word' id='word_1_258' title='bbox 333 2220 506 2274; x_wconf 75' lang='grc' dir='ltr'>πάντα</span> <span class='ocrx_word' id='word_1_259' title='bbox 562 2218 854 2297; x_wconf 55' lang='grc' dir='ltr'>φερούσης</span> <span class='ocrx_word' id='word_1_260' title='bbox 913 2218 1002 2272; x_wconf 88' lang='grc' dir='ltr'><strong>καὶ</strong></span> <span class='ocrx_word' id='word_1_261' title='bbox 1058 2222 1155 2272; x_wconf 73' lang='grc' dir='ltr'>τοῦ</span> <span class='ocrx_word' id='word_1_262' title='bbox 1207 2217 1330 2289; x_wconf 79' lang='grc' dir='ltr'>μὶν,</span> <span class='ocrx_word' id='word_1_263' title='bbox 1392 2214 1541 2276; x_wconf 75' lang='grc' dir='ltr'>ὅπως</span> <span class='ocrx_word' id='word_1_264' title='bbox 1594 2210 1837 2286; x_wconf 80' lang='grc' dir='ltr'>εὖοδὼσῃ</span> <span class='ocrx_word' id='word_1_265' title='bbox 1882 2233 1985 2266; x_wconf 84' lang='grc' dir='ltr'>κα-</span> 
     </span>
    </p>
   </div>
   <div class='ocr_carea' id='block_1_34' title="bbox 330 2302 1987 2383">
    <p class='ocr_par' dir='ltr' id='par_1_34' title="bbox 330 2302 1987 2383">
     <span class='ocr_line' id='line_1_34' title="bbox 330 2302 1987 2383; baseline -0.005 -20"><span class='ocrx_word' id='word_1_266' title='bbox 330 2310 473 2381; x_wconf 87' lang='grc' dir='ltr'>κίαν,</span> <span class='ocrx_word' id='word_1_267' title='bbox 519 2308 945 2383; x_wconf 72' lang='grc' dir='ltr'>ἀγωνιζομένου,</span> <span class='ocrx_word' id='word_1_268' title='bbox 998 2304 1086 2361; x_wconf 70' lang='grc' dir='ltr'><strong>διὰ</strong></span> <span class='ocrx_word' id='word_1_269' title='bbox 1132 2314 1233 2376; x_wconf 81' lang='grc' dir='ltr'>τῆς</span> <span class='ocrx_word' id='word_1_270' title='bbox 1282 2310 1388 2360; x_wconf 84' lang='grc' dir='ltr'><strong>τῶν</strong></span> <span class='ocrx_word' id='word_1_271' title='bbox 1437 2302 1846 2379; x_wconf 76' lang='grc' dir='ltr'>κατορθοόντων</span> <span class='ocrx_word' id='word_1_272' title='bbox 1897 2322 1987 2356; x_wconf 90' lang='grc' dir='ltr'>κο-</span> 
     </span>
    </p>
   </div>
   <div class='ocr_carea' id='block_1_35' title="bbox 336 2391 1979 2470">
    <p class='ocr_par' dir='ltr' id='par_1_35' title="bbox 336 2391 1979 2470">
     <span class='ocr_line' id='line_1_35' title="bbox 336 2391 1979 2470; baseline -0.006 -16"><span class='ocrx_word' id='word_1_273' title='bbox 336 2398 565 2459; x_wconf 82' lang='grc' dir='ltr'>λάσεως’</span> <span class='ocrx_word' id='word_1_274' title='bbox 626 2404 726 2466; x_wconf 84' lang='grc' dir='ltr'>τῆς</span> <span class='ocrx_word' id='word_1_275' title='bbox 785 2394 862 2467; x_wconf 71' lang='grc' dir='ltr'><strong>δὲ,</strong></span> <span class='ocrx_word' id='word_1_276' title='bbox 926 2394 1075 2457; x_wconf 77' lang='grc' dir='ltr'>ὅπως</span> <span class='ocrx_word' id='word_1_277' title='bbox 1134 2396 1381 2470; x_wconf 80' lang='grc' dir='ltr'>κατάσχῃ</span> <span class='ocrx_word' id='word_1_278' title='bbox 1419 2392 1544 2454; x_wconf 78' lang='grc' dir='ltr'>τοὺς</span> <span class='ocrx_word' id='word_1_279' title='bbox 1595 2391 1851 2467; x_wconf 72' lang='grc' dir='ltr'>ἀγαθοὺς,</span> <span class='ocrx_word' id='word_1_280' title='bbox 1885 2391 1979 2445; x_wconf 82' lang='grc' dir='ltr'><strong>κάν</strong></span> 
     </span>
    </p>
   </div>
   <div class='ocr_carea' id='block_1_36' title="bbox 329 2478 1981 2563">
    <p class='ocr_par' dir='ltr' id='par_1_36' title="bbox 329 2478 1981 2563">
     <span class='ocr_line' id='line_1_36' title="bbox 329 2478 1981 2563; baseline -0.004 -20"><span class='ocrx_word' id='word_1_281' title='bbox 329 2494 448 2550; x_wconf 80' lang='grc' dir='ltr'>ταῖς</span> <span class='ocrx_word' id='word_1_282' title='bbox 501 2492 806 2563; x_wconf 73' lang='grc' dir='ltr'>συμφοραῖς</span> <span class='ocrx_word' id='word_1_283' title='bbox 854 2486 915 2539; x_wconf 87' lang='grc' dir='ltr'>τὸ</span> <span class='ocrx_word' id='word_1_284' title='bbox 964 2484 1129 2539; x_wconf 84' lang='grc' dir='ltr'>πλέον</span> <span class='ocrx_word' id='word_1_285' title='bbox 1180 2487 1292 2557; x_wconf 81' lang='grc'>(13)</span> <span class='ocrx_word' id='word_1_286' title='bbox 1335 2482 1582 2559; x_wconf 80' lang='grc' dir='ltr'>ἔχοντας.</span> <span class='ocrx_word' id='word_1_287' title='bbox 1632 2482 1692 2536; x_wconf 87' lang='grc' dir='ltr'><strong>Τί</strong></span> <span class='ocrx_word' id='word_1_288' title='bbox 1751 2478 1835 2535; x_wconf 85' lang='grc' dir='ltr'>δαὶ</span> <span class='ocrx_word' id='word_1_289' title='bbox 1870 2484 1981 2555; x_wconf 77' lang='grc'>(14)</span> 
     </span>
    </p>
   </div>
   <div class='ocr_carea' id='block_1_37' title="bbox 332 2571 1980 2652">
    <p class='ocr_par' dir='ltr' id='par_1_37' title="bbox 332 2571 1980 2652">
     <span class='ocr_line' id='line_1_37' title="bbox 332 2571 1980 2652; baseline -0.007 -20"><span class='ocrx_word' id='word_1_290' title='bbox 332 2581 360 2632; x_wconf 86' lang='grc' dir='ltr'><strong>ὁ</strong></span> <span class='ocrx_word' id='word_1_291' title='bbox 391 2578 527 2652; x_wconf 82' lang='grc' dir='ltr'>πρὸς</span> <span class='ocrx_word' id='word_1_292' title='bbox 583 2576 743 2631; x_wconf 76' lang='grc' dir='ltr'>αὐτὸν</span> <span class='ocrx_word' id='word_1_293' title='bbox 784 2573 1141 2650; x_wconf 75' lang='grc' dir='ltr'>χρηματίζων</span> <span class='ocrx_word' id='word_1_294' title='bbox 1192 2571 1281 2628; x_wconf 75' lang='grc' dir='ltr'><strong>διὰ</strong></span> <span class='ocrx_word' id='word_1_295' title='bbox 1330 2573 1599 2632; x_wconf 73' lang='grc' dir='ltr'>λαίλαπος</span> <span class='ocrx_word' id='word_1_296' title='bbox 1648 2571 1738 2625; x_wconf 86' lang='grc' dir='ltr'><strong>καὶ</strong></span> <span class='ocrx_word' id='word_1_297' title='bbox 1788 2575 1980 2647; x_wconf 77' lang='grc' dir='ltr'>νεφῶν,</span> 
     </span>
    </p>
   </div>
   <div class='ocr_carea' id='block_1_38' title="bbox 331 2660 1979 2742">
    <p class='ocr_par' dir='ltr' id='par_1_38' title="bbox 331 2660 1979 2742">
     <span class='ocr_line' id='line_1_38' title="bbox 331 2660 1979 2742; baseline -0.006 -21"><span class='ocrx_word' id='word_1_298' title='bbox 331 2669 359 2721; x_wconf 85' lang='grc' dir='ltr'>ὁ</span> <span class='ocrx_word' id='word_1_299' title='bbox 396 2665 595 2742; x_wconf 70' lang='grc' dir='ltr'>βραδὺς</span> <span class='ocrx_word' id='word_1_300' title='bbox 629 2666 702 2726; x_wconf 80' lang='grc' dir='ltr'>εἰς</span> <span class='ocrx_word' id='word_1_301' title='bbox 732 2664 981 2732; x_wconf 84' lang='grc' dir='ltr'>κόλασιν,</span> <span class='ocrx_word' id='word_1_302' title='bbox 1014 2666 1103 2717; x_wconf 84' lang='grc' dir='ltr'><strong>καὶ</strong></span> <span class='ocrx_word' id='word_1_303' title='bbox 1152 2662 1323 2737; x_wconf 73' lang='grc' dir='ltr'>ταχὺς</span> <span class='ocrx_word' id='word_1_304' title='bbox 1368 2662 1443 2723; x_wconf 80' lang='grc' dir='ltr'><strong>είς</strong></span> <span class='ocrx_word' id='word_1_305' title='bbox 1496 2660 1807 2733; x_wconf 74' lang='grc' dir='ltr'>ἀντίληψιν,</span> <span class='ocrx_word' id='word_1_306' title='bbox 1842 2660 1868 2711; x_wconf 73' lang='grc' dir='ltr'><strong>ὁ</strong></span> <span class='ocrx_word' id='word_1_307' title='bbox 1905 2660 1979 2731; x_wconf 77' lang='grc' dir='ltr'>μὴ</span> 
     </span>
    </p>
   </div>
   <div class='ocr_carea' id='block_1_39' title="bbox 331 2746 1981 2830">
    <p class='ocr_par' dir='ltr' id='par_1_39' title="bbox 331 2746 1981 2830">
     <span class='ocr_line' id='line_1_39' title="bbox 331 2746 1981 2830; baseline -0.005 -20"><span class='ocrx_word' id='word_1_308' title='bbox 331 2754 609 2818; x_wconf 84' lang='grc' dir='ltr'>παντελῶς</span> <span class='ocrx_word' id='word_1_309' title='bbox 685 2753 927 2830; x_wconf 69' lang='grc' dir='ltr'>ἐπαφιεὶς</span> <span class='ocrx_word' id='word_1_310' title='bbox 987 2747 1183 2828; x_wconf 72' lang='grc' dir='ltr'>ῥάϐδον</span> <span class='ocrx_word' id='word_1_311' title='bbox 1246 2748 1588 2826; x_wconf 80' lang='grc' dir='ltr'>ἁμαρτωλῶν</span> <span class='ocrx_word' id='word_1_312' title='bbox 1648 2748 1843 2823; x_wconf 76' lang='grc' dir='ltr'>κλήρῳ</span> <span class='ocrx_word' id='word_1_313' title='bbox 1901 2746 1981 2803; x_wconf 85' lang='grc' dir='ltr'><strong>δι-</strong></span> 
     </span>
    </p>
   </div>
   <div class='ocr_carea' id='block_1_40' title="bbox 330 2832 1979 2915">
    <p class='ocr_par' dir='ltr' id='par_1_40' title="bbox 330 2832 1979 2915">
     <span class='ocr_line' id='line_1_40' title="bbox 330 2832 1979 2915; baseline -0.004 -18"><span class='ocrx_word' id='word_1_314' title='bbox 330 2844 523 2913; x_wconf 87' lang='grc' dir='ltr'>καίων,</span> <span class='ocrx_word' id='word_1_315' title='bbox 579 2842 671 2898; x_wconf 68' lang='grc' dir='ltr'>’ίνα</span> <span class='ocrx_word' id='word_1_316' title='bbox 727 2844 804 2915; x_wconf 78' lang='grc' dir='ltr'>μὴ</span> <span class='ocrx_word' id='word_1_317' title='bbox 861 2841 1047 2896; x_wconf 86' lang='grc' dir='ltr'>κακίαν</span> <span class='ocrx_word' id='word_1_318' title='bbox 1098 2839 1298 2896; x_wconf 81' lang='grc' dir='ltr'>δίκαιοι</span> <span class='ocrx_word' id='word_1_319' title='bbox 1352 2842 1589 2913; x_wconf 78' lang='grc' dir='ltr'>μάθωσιν</span> <span class='ocrx_word' id='word_1_320' title='bbox 1626 2857 1639 2907; x_wconf 88' lang='grc'><strong>;</strong></span> <span class='ocrx_word' id='word_1_321' title='bbox 1672 2838 1794 2892; x_wconf 79' lang='grc' dir='ltr'>Ἐπὶ</span> <span class='ocrx_word' id='word_1_322' title='bbox 1833 2832 1979 2893; x_wconf 70' lang='grc' dir='ltr'>τέλει</span> 
     </span>
    </p>
   </div>
   <div class='ocr_carea' id='block_1_41' title="bbox 329 2926 1982 3006">
    <p class='ocr_par' dir='ltr' id='par_1_41' title="bbox 329 2926 1982 3006">
     <span class='ocr_line' id='line_1_41' title="bbox 329 2926 1982 3006; baseline -0.001 -23"><span class='ocrx_word' id='word_1_323' title='bbox 329 2936 437 2983; x_wconf 83' lang='grc' dir='ltr'><strong>τῶν</strong></span> <span class='ocrx_word' id='word_1_324' title='bbox 496 2929 675 2994; x_wconf 74' lang='grc' dir='ltr'>ἄθλων</span> <span class='ocrx_word' id='word_1_325' title='bbox 756 2930 1067 3006; x_wconf 82' lang='grc' dir='ltr'>ἀναγορεύει</span> <span class='ocrx_word' id='word_1_326' title='bbox 1142 2930 1233 2983; x_wconf 86' lang='grc' dir='ltr'><strong>τὸν</strong></span> <span class='ocrx_word' id='word_1_327' title='bbox 1291 2928 1535 2998; x_wconf 71' lang='grc' dir='ltr'>ἀθλητὴν</span> <span class='ocrx_word' id='word_1_328' title='bbox 1612 2926 1850 3001; x_wconf 84' lang='grc' dir='ltr'>λαμπρῷ</span> <span class='ocrx_word' id='word_1_329' title='bbox 1903 2930 1982 2998; x_wconf 82' lang='grc' dir='ltr'>τῷ</span> 
     </span>
    </p>
   </div>
   <div class='ocr_carea' id='block_1_42' title="bbox 331 3014 1978 3093">
    <p class='ocr_par' dir='ltr' id='par_1_42' title="bbox 331 3014 1978 3093">
     <span class='ocr_line' id='line_1_42' title="bbox 331 3014 1978 3093; baseline -0.002 -21"><span class='ocrx_word' id='word_1_330' title='bbox 331 3018 668 3092; x_wconf 65' lang='grc' dir='ltr'>κηρύγματι,</span> <span class='ocrx_word' id='word_1_331' title='bbox 719 3020 807 3072; x_wconf 73' lang='grc' dir='ltr'>καὶ</span> <span class='ocrx_word' id='word_1_332' title='bbox 854 3022 1055 3093; x_wconf 87' lang='grc' dir='ltr'>γυμνοῖ</span> <span class='ocrx_word' id='word_1_333' title='bbox 1102 3025 1200 3086; x_wconf 82' lang='grc' dir='ltr'>τῆς</span> <span class='ocrx_word' id='word_1_334' title='bbox 1248 3015 1473 3091; x_wconf 78' lang='grc' dir='ltr'>πληγῆς</span> <span class='ocrx_word' id='word_1_335' title='bbox 1533 3018 1596 3071; x_wconf 85' lang='grc' dir='ltr'>τὸ</span> <span class='ocrx_word' id='word_1_336' title='bbox 1645 3014 1978 3091; x_wconf 64' lang='grc' dir='ltr'>ἀπόρρητον,</span> 
     </span>
    </p>
   </div>
   <div class='ocr_carea' id='block_1_43' title="bbox 330 3104 1980 3181">
    <p class='ocr_par' dir='ltr' id='par_1_43' title="bbox 330 3104 1980 3181">
     <span class='ocr_line' id='line_1_43' title="bbox 330 3104 1980 3181; baseline -0.003 -18"><span class='ocrx_word' id='word_1_337' title='bbox 330 3106 445 3163; x_wconf 75' lang='grc' dir='ltr'>0’ίει</span> <span class='ocrx_word' id='word_1_338' title='bbox 508 3129 573 3179; x_wconf 88' lang='grc' dir='ltr'><strong>με</strong></span> <span class='ocrx_word' id='word_1_339' title='bbox 630 3105 817 3168; x_wconf 78' lang='grc' dir='ltr'>ἄλλως</span> <span class='ocrx_word' id='word_1_340' title='bbox 876 3127 960 3160; x_wconf 91' lang='grc' dir='ltr'><strong>σοι</strong></span> <span class='ocrx_word' id='word_1_341' title='bbox 1017 3110 1131 3179; x_wconf 89' lang='grc'>(15)</span> <span class='ocrx_word' id='word_1_342' title='bbox 1186 3104 1697 3181; x_wconf 85' lang='grc' dir='ltr'>κεχρηματικέναι,</span> <span class='ocrx_word' id='word_1_343' title='bbox 1757 3104 1927 3181; x_wconf 88' lang='grc' dir='ltr'>λέγων</span> <span class='ocrx_word' id='word_1_344' title='bbox 1965 3150 1980 3177; x_wconf 93' lang='grc'>,</span> 
     </span>
    </p>
   </div>
   <div class='ocr_carea' id='block_1_44' title="bbox 330 3193 1187 3273">
    <p class='ocr_par' dir='ltr' id='par_1_44' title="bbox 330 3193 1187 3273">
     <span class='ocr_line' id='line_1_44' title="bbox 330 3193 1187 3273; baseline 0.004 -26"><span class='ocrx_word' id='word_1_345' title='bbox 330 3196 364 3264; x_wconf 71' lang='grc' dir='ltr'><strong>ἢ</strong></span> <span class='ocrx_word' id='word_1_346' title='bbox 420 3194 512 3249; x_wconf 79' lang='grc' dir='ltr'>’ἱνα</span> <span class='ocrx_word' id='word_1_347' title='bbox 570 3197 843 3273; x_wconf 73' lang='grc' dir='ltr'>ἀναφανῇς</span> <span class='ocrx_word' id='word_1_348' title='bbox 904 3193 1111 3257; x_wconf 86' lang='grc' dir='ltr'>δίκαιος</span> <span class='ocrx_word' id='word_1_349' title='bbox 1174 3214 1187 3265; x_wconf 85' lang='grc'><strong>;</strong></span> 
     </span>
    </p>
   </div>
   <div class='ocr_carea' id='block_1_45' title="bbox 328 3284 1979 3362">
    <p class='ocr_par' dir='ltr' id='par_1_45' title="bbox 328 3284 1979 3362">
     <span class='ocr_line' id='line_1_45' title="bbox 328 3284 1979 3362; baseline -0.002 -23"><span class='ocrx_word' id='word_1_350' title='bbox 328 3284 389 3339; x_wconf 82' lang='grc' dir='ltr'>τὸ</span> <span class='ocrx_word' id='word_1_351' title='bbox 442 3285 755 3362; x_wconf 70' lang='grc' dir='ltr'>φάρμακον,</span> <span class='ocrx_word' id='word_1_352' title='bbox 806 3286 966 3346; x_wconf 77' lang='grc' dir='ltr'>οὗτος</span> <span class='ocrx_word' id='word_1_353' title='bbox 1016 3292 1113 3353; x_wconf 79' lang='grc' dir='ltr'>τῆς</span> <span class='ocrx_word' id='word_1_354' title='bbox 1163 3285 1399 3359; x_wconf 84' lang='grc' dir='ltr'>ἀγωνίας</span> <span class='ocrx_word' id='word_1_355' title='bbox 1452 3286 1479 3339; x_wconf 97' lang='lat'><strong>6</strong></span> <span class='ocrx_word' id='word_1_356' title='bbox 1530 3285 1809 3361; x_wconf 80' lang='grc' dir='ltr'>στέφανος,</span> <span class='ocrx_word' id='word_1_357' title='bbox 1847 3284 1979 3354; x_wconf 66' lang='grc' dir='ltr'>αὕτη</span> 
     </span>
    </p>
   </div>
   <div class='ocr_carea' id='block_1_46' title="bbox 329 3371 1982 3451">
    <p class='ocr_par' dir='ltr' id='par_1_46' title="bbox 329 3371 1982 3451">
     <span class='ocr_line' id='line_1_46' title="bbox 329 3371 1982 3451; baseline 0.001 -24"><span class='ocrx_word' id='word_1_358' title='bbox 329 3376 428 3442; x_wconf 72' lang='grc' dir='ltr'>τῆς</span> <span class='ocrx_word' id='word_1_359' title='bbox 465 3374 748 3446; x_wconf 69' lang='grc' dir='ltr'>ὑπομονῆς</span> <span class='ocrx_word' id='word_1_360' title='bbox 781 3376 815 3442; x_wconf 84' lang='grc' dir='ltr'>ἡ</span> <span class='ocrx_word' id='word_1_361' title='bbox 854 3371 1149 3437; x_wconf 86' lang='grc' dir='ltr'>ἀντίδοσις.</span> <span class='ocrx_word' id='word_1_362' title='bbox 1182 3376 1256 3428; x_wconf 74' lang='grc' dir='ltr'><strong>Τὰ</strong></span> <span class='ocrx_word' id='word_1_363' title='bbox 1282 3376 1385 3451; x_wconf 80' lang='grc' dir='ltr'>γὰρ</span> <span class='ocrx_word' id='word_1_364' title='bbox 1419 3374 1538 3447; x_wconf 69' lang='grc' dir='ltr'><strong>ἑξῆς</strong></span> <span class='ocrx_word' id='word_1_365' title='bbox 1573 3372 1702 3435; x_wconf 58' lang='grc' dir='ltr'>ἴσως</span> <span class='ocrx_word' id='word_1_366' title='bbox 1752 3375 1839 3427; x_wconf 84' lang='grc' dir='ltr'><strong>καὶ</strong></span> <span class='ocrx_word' id='word_1_367' title='bbox 1874 3376 1982 3443; x_wconf 87' lang='grc'>(16)</span> 
     </span>
    </p>
   </div>
   <div class='ocr_carea' id='block_1_47' title="bbox 338 3460 1984 3538">
    <p class='ocr_par' dir='ltr' id='par_1_47' title="bbox 338 3460 1984 3538">
     <span class='ocr_line' id='line_1_47' title="bbox 338 3460 1984 3538; baseline -0.001 -23"><span class='ocrx_word' id='word_1_368' title='bbox 338 3465 526 3538; x_wconf 76' lang='grc' dir='ltr'>μικρὰ,</span> <span class='ocrx_word' id='word_1_369' title='bbox 586 3462 683 3517; x_wconf 65' lang='grc' dir='ltr'>κᾶν</span> <span class='ocrx_word' id='word_1_370' title='bbox 745 3461 958 3537; x_wconf 82' lang='grc' dir='ltr'>μεγάλα</span> <span class='ocrx_word' id='word_1_371' title='bbox 1016 3464 1121 3517; x_wconf 83' lang='grc' dir='ltr'>τισὶ</span> <span class='ocrx_word' id='word_1_372' title='bbox 1182 3462 1340 3536; x_wconf 78' lang='grc' dir='ltr'>δοκῇ,</span> <span class='ocrx_word' id='word_1_373' title='bbox 1394 3464 1484 3517; x_wconf 70' lang='grc' dir='ltr'><strong>καὶ</strong></span> <span class='ocrx_word' id='word_1_374' title='bbox 1546 3468 1755 3535; x_wconf 84' lang='grc' dir='ltr'>μικρῶν</span> <span class='ocrx_word' id='word_1_375' title='bbox 1809 3460 1984 3517; x_wconf 76' lang='grc' dir='ltr'>ἕνεκεν</span> 
     </span>
    </p>
   </div>
   <div class='ocr_carea' id='block_1_48' title="bbox 332 3549 1980 3627">
    <p class='ocr_par' dir='ltr' id='par_1_48' title="bbox 332 3549 1980 3627">
     <span class='ocr_line' id='line_1_48' title="bbox 332 3549 1980 3627; baseline -0.001 -22"><span class='ocrx_word' id='word_1_376' title='bbox 332 3552 786 3623; x_wconf 78' lang='grc' dir='ltr'>οἷκονομηθέντα,</span> <span class='ocrx_word' id='word_1_377' title='bbox 839 3551 927 3604; x_wconf 84' lang='grc' dir='ltr'><strong>καὶ</strong></span> <span class='ocrx_word' id='word_1_378' title='bbox 982 3551 1026 3604; x_wconf 76' lang='grc' dir='ltr'><strong>εί</strong></span> <span class='ocrx_word' id='word_1_379' title='bbox 1078 3549 1349 3622; x_wconf 83' lang='grc' dir='ltr'>διπλασίῳ</span> <span class='ocrx_word' id='word_1_380' title='bbox 1397 3553 1510 3623; x_wconf 89' lang='grc'>(17)</span> <span class='ocrx_word' id='word_1_381' title='bbox 1556 3556 1663 3604; x_wconf 84' lang='grc' dir='ltr'><strong>τῶν</strong></span> <span class='ocrx_word' id='word_1_382' title='bbox 1698 3550 1980 3627; x_wconf 79' lang='grc' dir='ltr'>ἀφῃρημέ-</span> 
     </span>
    </p>
   </div>
   <div class='ocr_carea' id='block_1_49' title="bbox 330 3634 874 3711">
    <p class='ocr_par' dir='ltr' id='par_1_49' title="bbox 330 3634 874 3711">
     <span class='ocr_line' id='line_1_49' title="bbox 330 3634 874 3711; baseline 0.002 -19"><span class='ocrx_word' id='word_1_383' title='bbox 330 3663 435 3694; x_wconf 87' lang='grc' dir='ltr'><strong>νων</strong></span> <span class='ocrx_word' id='word_1_384' title='bbox 466 3634 874 3711; x_wconf 78' lang='grc' dir='ltr'>ἀντιλαμϐάνει.</span> 
     </span>
    </p>
   </div>
   <div class='ocr_carea' id='block_1_50' title="bbox 406 3902 1980 3978">
    <p class='ocr_par' dir='ltr' id='par_1_50' title="bbox 406 3902 1980 3978">
     <span class='ocr_line' id='line_1_50' title="bbox 406 3902 1980 3978; baseline -0.004 -14"><span class='ocrx_word' id='word_1_385' title='bbox 406 3915 481 3963; x_wconf 87' lang='grc' dir='ltr'><strong>ΙΘ’</strong></span> <span class='ocrx_word' id='word_1_386' title='bbox 515 3951 528 3964; x_wconf 94' lang='grc'><strong>.</strong></span> <span class='ocrx_word' id='word_1_387' title='bbox 588 3906 791 3961; x_wconf 73' lang='grc' dir='ltr'>Οὐκοῦν</span> <span class='ocrx_word' id='word_1_388' title='bbox 865 3902 991 3959; x_wconf 67' lang='grc' dir='ltr'>οὐδὲ</span> <span class='ocrx_word' id='word_1_389' title='bbox 1068 3905 1290 3959; x_wconf 74' lang='grc' dir='ltr'>ἐνταῦθα</span> <span class='ocrx_word' id='word_1_390' title='bbox 1347 3904 1650 3978; x_wconf 71' lang='grc' dir='ltr'>θαυμαστὸν</span> <span class='ocrx_word' id='word_1_391' title='bbox 1689 3950 1701 3971; x_wconf 94' lang='grc'>,</span> <span class='ocrx_word' id='word_1_392' title='bbox 1763 3903 1806 3959; x_wconf 84' lang='grc' dir='ltr'><strong>εί</strong></span> <span class='ocrx_word' id='word_1_393' title='bbox 1867 3906 1980 3978; x_wconf 87' lang='grc'>(18)</span> 
     </span>
    </p>
   </div>
   <div class='ocr_carea' id='block_1_51' title="bbox 335 3992 1984 4070">
    <p class='ocr_par' dir='ltr' id='par_1_51' title="bbox 335 3992 1984 4070">
     <span class='ocr_line' id='line_1_51' title="bbox 335 3992 1984 4070; baseline -0.002 -18"><span class='ocrx_word' id='word_1_394' title='bbox 335 3997 654 4061; x_wconf 84' lang='grc' dir='ltr'>Ἀθανασίου</span> <span class='ocrx_word' id='word_1_395' title='bbox 703 3995 867 4051; x_wconf 82' lang='grc' dir='ltr'>πλέον</span> <span class='ocrx_word' id='word_1_396' title='bbox 920 3992 1044 4070; x_wconf 82' lang='grc' dir='ltr'>ἔσχε</span> <span class='ocrx_word' id='word_1_397' title='bbox 1094 3996 1385 4070; x_wconf 83' lang='grc' dir='ltr'>Γεώργιος’</span> <span class='ocrx_word' id='word_1_398' title='bbox 1422 3993 1547 4049; x_wconf 79' lang='grc' dir='ltr'>ἀλλ’</span> <span class='ocrx_word' id='word_1_399' title='bbox 1578 3993 1748 4048; x_wconf 79' lang='grc' dir='ltr'>ἐκεῖνό</span> <span class='ocrx_word' id='word_1_400' title='bbox 1778 4015 1840 4069; x_wconf 82' lang='grc' dir='ltr'><strong>γε</strong></span> <span class='ocrx_word' id='word_1_401' title='bbox 1871 3996 1984 4067; x_wconf 83' lang='grc'>(19)</span> 
     </span>
    </p>
   </div>
   <div class='ocr_carea' id='block_1_52' title="bbox 337 4082 1983 4160">
    <p class='ocr_par' dir='ltr' id='par_1_52' title="bbox 337 4082 1983 4160">
     <span class='ocr_line' id='line_1_52' title="bbox 337 4082 1983 4160; baseline -0.002 -19"><span class='ocrx_word' id='word_1_402' title='bbox 337 4088 779 4159; x_wconf 84' lang='grc' dir='ltr'>θαυμασιώτερον</span> <span class='ocrx_word' id='word_1_403' title='bbox 814 4132 828 4157; x_wconf 84' lang='grc'>,</span> <span class='ocrx_word' id='word_1_404' title='bbox 888 4085 933 4139; x_wconf 87' lang='grc' dir='ltr'>εἷ</span> <span class='ocrx_word' id='word_1_405' title='bbox 991 4086 1066 4156; x_wconf 78' lang='grc' dir='ltr'>μὴ</span> <span class='ocrx_word' id='word_1_406' title='bbox 1126 4083 1379 4160; x_wconf 78' lang='grc' dir='ltr'>έπυρώθη</span> <span class='ocrx_word' id='word_1_407' title='bbox 1438 4090 1555 4145; x_wconf 81' lang='grc' dir='ltr'>ταῖς</span> <span class='ocrx_word' id='word_1_408' title='bbox 1616 4082 1895 4159; x_wconf 72' lang='grc' dir='ltr'>ἐπηρείαις</span> <span class='ocrx_word' id='word_1_409' title='bbox 1956 4085 1983 4138; x_wconf 93' lang='lat'><strong>6</strong></span> 
     </span>
    </p>
   </div>
   <div class='ocr_carea' id='block_1_53' title="bbox 338 4171 1985 4247">
    <p class='ocr_par' dir='ltr' id='par_1_53' title="bbox 338 4171 1985 4247">
     <span class='ocr_line' id='line_1_53' title="bbox 338 4171 1985 4247; baseline -0.001 -17"><span class='ocrx_word' id='word_1_410' title='bbox 338 4173 565 4237; x_wconf 76' lang='grc' dir='ltr'>δίκαιος.</span> <span class='ocrx_word' id='word_1_411' title='bbox 616 4172 755 4232; x_wconf 68' lang='grc' dir='ltr'><strong>Οὐδὲ</strong></span> <span class='ocrx_word' id='word_1_412' title='bbox 813 4178 974 4229; x_wconf 77' lang='grc' dir='ltr'>τοῦτο</span> <span class='ocrx_word' id='word_1_413' title='bbox 1022 4173 1326 4247; x_wconf 85' lang='grc' dir='ltr'>θαυμαστὸν</span> <span class='ocrx_word' id='word_1_414' title='bbox 1388 4174 1542 4241; x_wconf 80' lang='grc' dir='ltr'>ἄγαν,</span> <span class='ocrx_word' id='word_1_415' title='bbox 1602 4171 1728 4228; x_wconf 84' lang='grc' dir='ltr'>ἀλλ’</span> <span class='ocrx_word' id='word_1_416' title='bbox 1780 4172 1827 4227; x_wconf 76' lang='grc' dir='ltr'><strong>εἷ’</strong></span> <span class='ocrx_word' id='word_1_417' title='bbox 1870 4176 1985 4246; x_wconf 88' lang='grc'>(20)</span> 
     </span>
    </p>
   </div>
   <div class='ocr_carea' id='block_1_54' title="bbox 338 4260 1984 4339">
    <p class='ocr_par' dir='ltr' id='par_1_54' title="bbox 338 4260 1984 4339">
     <span class='ocr_line' id='line_1_54' title="bbox 338 4260 1984 4339; baseline -0.003 -20"><span class='ocrx_word' id='word_1_418' title='bbox 338 4264 425 4319; x_wconf 68' lang='grc' dir='ltr'><strong>ἐπὶ</strong></span> <span class='ocrx_word' id='word_1_419' title='bbox 470 4263 636 4319; x_wconf 87' lang='grc' dir='ltr'>πλέον</span> <span class='ocrx_word' id='word_1_420' title='bbox 697 4264 751 4317; x_wconf 69' lang='grc' dir='ltr'><strong>αἱ</strong></span> <span class='ocrx_word' id='word_1_421' title='bbox 800 4260 999 4339; x_wconf 81' lang='grc' dir='ltr'>φλόγες</span> <span class='ocrx_word' id='word_1_422' title='bbox 1048 4260 1303 4338; x_wconf 75' lang='grc' dir='ltr'>ἤρκεσαν.</span> <span class='ocrx_word' id='word_1_423' title='bbox 1357 4263 1623 4317; x_wconf 78' lang='grc' dir='ltr'>Ἐντεῦθεν</span> <span class='ocrx_word' id='word_1_424' title='bbox 1685 4262 1712 4316; x_wconf 92' lang='lat'><strong>6</strong></span> <span class='ocrx_word' id='word_1_425' title='bbox 1775 4262 1867 4335; x_wconf 73' lang='grc' dir='ltr'>μὶν</span> <span class='ocrx_word' id='word_1_426' title='bbox 1920 4264 1984 4330; x_wconf 72' lang='grc' dir='ltr'>ἦν</span> 
     </span>
    </p>
   </div>
   <div class='ocr_carea' id='block_1_55' title="bbox 338 4349 1989 4431">
    <p class='ocr_par' dir='ltr' id='par_1_55' title="bbox 338 4349 1989 4431">
     <span class='ocr_line' id='line_1_55' title="bbox 338 4349 1989 4431; baseline -0.002 -23"><span class='ocrx_word' id='word_1_427' title='bbox 338 4353 397 4408; x_wconf 81' lang='grc' dir='ltr'>ἰκ</span> <span class='ocrx_word' id='word_1_428' title='bbox 421 4350 627 4423; x_wconf 86' lang='grc' dir='ltr'>ποδῶν,</span> <span class='ocrx_word' id='word_1_429' title='bbox 659 4352 747 4407; x_wconf 87' lang='grc' dir='ltr'><strong>καὶ</strong></span> <span class='ocrx_word' id='word_1_430' title='bbox 787 4354 887 4421; x_wconf 79' lang='grc' dir='ltr'>τήν</span> <span class='ocrx_word' id='word_1_431' title='bbox 938 4350 1223 4431; x_wconf 80' lang='grc' dir='ltr'>φυγαδείαν</span> <span class='ocrx_word' id='word_1_432' title='bbox 1277 4355 1389 4423; x_wconf 82' lang='grc'>(21)</span> <span class='ocrx_word' id='word_1_433' title='bbox 1433 4352 1508 4414; x_wconf 86' lang='grc' dir='ltr'>ὡς</span> <span class='ocrx_word' id='word_1_434' title='bbox 1560 4350 1828 4406; x_wconf 81' lang='grc' dir='ltr'>κάλλιστα</span> <span class='ocrx_word' id='word_1_435' title='bbox 1873 4349 1989 4406; x_wconf 85' lang='grc' dir='ltr'>δια-</span> 
     </span>
    </p>
   </div>
   <div class='ocr_carea' id='block_1_56' title="bbox 2099 1948 3746 2023">
    <p class='ocr_par' dir='ltr' id='par_1_56' title="bbox 2099 1948 3746 2023">
     <span class='ocr_line' id='line_1_56' title="bbox 2099 1948 3746 2023; baseline 0.008 -21"><span class='ocrx_word' id='word_1_436' title='bbox 2099 1949 2254 2003; x_wconf 91' lang='lat' dir='ltr'><strong>circa</strong></span> <span class='ocrx_word' id='word_1_437' title='bbox 2301 1964 2435 2002; x_wconf 90' lang='lat' dir='ltr'><strong>eum</strong></span> <span class='ocrx_word' id='word_1_438' title='bbox 2484 1948 2730 2004; x_wconf 90' lang='lat' dir='ltr'><strong>actionis</strong></span> <span class='ocrx_word' id='word_1_439' title='bbox 2780 1951 3067 2023; x_wconf 89' lang='lat' dir='ltr'><strong>principia</strong></span> <span class='ocrx_word' id='word_1_440' title='bbox 3116 1952 3224 2009; x_wconf 91' lang='lat' dir='ltr'><strong>hoc</strong></span> <span class='ocrx_word' id='word_1_441' title='bbox 3257 1956 3429 2011; x_wconf 86' lang='lat' dir='ltr'><strong>modo</strong></span> <span class='ocrx_word' id='word_1_442' title='bbox 3475 1974 3537 2013; x_wconf 91' lang='lat' dir='ltr'><strong>se</strong></span> <span class='ocrx_word' id='word_1_443' title='bbox 3572 1958 3746 2016; x_wconf 86' lang='lat' dir='ltr'><strong>babe-</strong></span> 
     </span>
    </p>
   </div>
   <div class='ocr_carea' id='block_1_57' title="bbox 2098 2037 3741 2114">
    <p class='ocr_par' dir='ltr' id='par_1_57' title="bbox 2098 2037 3741 2114">
     <span class='ocr_line' id='line_1_57' title="bbox 2098 2037 3741 2114; baseline 0.007 -22"><span class='ocrx_word' id='word_1_444' title='bbox 2098 2038 2259 2092; x_wconf 91' lang='lat' dir='ltr'><strong>bant.</strong></span> <span class='ocrx_word' id='word_1_445' title='bbox 2314 2037 2481 2093; x_wconf 90' lang='lat' dir='ltr'><strong>Virus</strong></span> <span class='ocrx_word' id='word_1_446' title='bbox 2532 2038 2689 2093; x_wconf 90' lang='lat' dir='ltr'><strong>enim</strong></span> <span class='ocrx_word' id='word_1_447' title='bbox 2740 2056 2871 2094; x_wconf 90' lang='lat' dir='ltr'><strong>cum</strong></span> <span class='ocrx_word' id='word_1_448' title='bbox 2908 2040 3103 2097; x_wconf 85' lang='lat' dir='ltr'><strong>invido</strong></span> <span class='ocrx_word' id='word_1_449' title='bbox 3148 2044 3356 2114; x_wconf 89' lang='lat' dir='ltr'><strong>spiritu</strong></span> <span class='ocrx_word' id='word_1_450' title='bbox 3388 2046 3741 2104; x_wconf 85' lang='lat' dir='ltr'><strong>decertabat.</strong></span> 
     </span>
    </p>
   </div>
   <div class='ocr_carea' id='block_1_58' title="bbox 2098 2127 3744 2207">
    <p class='ocr_par' dir='ltr' id='par_1_58' title="bbox 2098 2127 3744 2207">
     <span class='ocr_line' id='line_1_58' title="bbox 2098 2127 3744 2207; baseline 0.008 -28"><span class='ocrx_word' id='word_1_451' title='bbox 2098 2127 2223 2193; x_wconf 75' lang='lat' dir='ltr'><strong>Hic,</strong></span> <span class='ocrx_word' id='word_1_452' title='bbox 2256 2131 2319 2181; x_wconf 89' lang='lat' dir='ltr'><strong>ut</strong></span> <span class='ocrx_word' id='word_1_453' title='bbox 2345 2128 2617 2182; x_wconf 89' lang='lat' dir='ltr'><strong>virtutem</strong></span> <span class='ocrx_word' id='word_1_454' title='bbox 2650 2136 2974 2200; x_wconf 88' lang='lat' dir='ltr'><strong>superaret,</strong></span> <span class='ocrx_word' id='word_1_455' title='bbox 3005 2133 3163 2187; x_wconf 91' lang='lat' dir='ltr'><strong>omni</strong></span> <span class='ocrx_word' id='word_1_456' title='bbox 3197 2150 3302 2204; x_wconf 92' lang='lat' dir='ltr'><strong>ope</strong></span> <span class='ocrx_word' id='word_1_457' title='bbox 3327 2137 3744 2207; x_wconf 88' lang='lat' dir='ltr'><strong>contendebat;</strong></span> 
     </span>
    </p>
   </div>
   <div class='ocr_carea' id='block_1_59' title="bbox 2096 2216 3742 2295">
    <p class='ocr_par' dir='ltr' id='par_1_59' title="bbox 2096 2216 3742 2295">
     <span class='ocr_line' id='line_1_59' title="bbox 2096 2216 3742 2295; baseline 0.009 -26"><span class='ocrx_word' id='word_1_458' title='bbox 2096 2216 2215 2281; x_wconf 85' lang='lat' dir='ltr'><strong>illa,</strong></span> <span class='ocrx_word' id='word_1_459' title='bbox 2277 2221 2341 2271; x_wconf 94' lang='lat' dir='ltr'><strong>ut</strong></span> <span class='ocrx_word' id='word_1_460' title='bbox 2404 2217 2617 2271; x_wconf 91' lang='lat' dir='ltr'><strong>invicta</strong></span> <span class='ocrx_word' id='word_1_461' title='bbox 2673 2225 3083 2289; x_wconf 86' lang='lat' dir='ltr'><strong>permaneret,</strong></span> <span class='ocrx_word' id='word_1_462' title='bbox 3143 2223 3341 2277; x_wconf 88' lang='lat' dir='ltr'><strong>omnia</strong></span> <span class='ocrx_word' id='word_1_463' title='bbox 3398 2225 3742 2295; x_wconf 79' lang='lat' dir='ltr'><strong>perferebat.</strong></span> 
     </span>
    </p>
   </div>
   <div class='ocr_carea' id='block_1_60' title="bbox 2096 2306 3744 2377">
    <p class='ocr_par' dir='ltr' id='par_1_60' title="bbox 2096 2306 3744 2377">
     <span class='ocr_line' id='line_1_60' title="bbox 2096 2306 3744 2377; baseline 0.007 -18"><span class='ocrx_word' id='word_1_464' title='bbox 2096 2310 2285 2377; x_wconf 87' lang='lat' dir='ltr'><strong>Atque</strong></span> <span class='ocrx_word' id='word_1_465' title='bbox 2306 2306 2417 2374; x_wconf 86' lang='lat' dir='ltr'><strong>hic,</strong></span> <span class='ocrx_word' id='word_1_466' title='bbox 2444 2310 2509 2360; x_wconf 92' lang='lat' dir='ltr'><strong>ut</strong></span> <span class='ocrx_word' id='word_1_467' title='bbox 2533 2324 2632 2377; x_wconf 88' lang='lat' dir='ltr'><strong>per</strong></span> <span class='ocrx_word' id='word_1_468' title='bbox 2653 2307 2950 2377; x_wconf 79' lang='lat' dir='ltr'><strong>justorum</strong></span> <span class='ocrx_word' id='word_1_469' title='bbox 2987 2311 3311 2366; x_wconf 86' lang='lat' dir='ltr'><strong>cruciatum</strong></span> <span class='ocrx_word' id='word_1_470' title='bbox 3344 2314 3481 2369; x_wconf 91' lang='lat' dir='ltr'><strong>vitio</strong></span> <span class='ocrx_word' id='word_1_471' title='bbox 3514 2315 3744 2370; x_wconf 78' lang='lat' dir='ltr'><strong>facilem</strong></span> 
     </span>
    </p>
   </div>
   <div class='ocr_carea' id='block_1_61' title="bbox 2095 2394 3746 2472">
    <p class='ocr_par' dir='ltr' id='par_1_61' title="bbox 2095 2394 3746 2472">
     <span class='ocr_line' id='line_1_61' title="bbox 2095 2394 3746 2472; baseline 0.007 -25"><span class='ocrx_word' id='word_1_472' title='bbox 2095 2394 2248 2448; x_wconf 89' lang='lat' dir='ltr'><strong>viam</strong></span> <span class='ocrx_word' id='word_1_473' title='bbox 2301 2400 2571 2465; x_wconf 76' lang='lat' dir='ltr'><strong>strueret,</strong></span> <span class='ocrx_word' id='word_1_474' title='bbox 2624 2395 2968 2464; x_wconf 88' lang='lat' dir='ltr'><strong>laborabat;</strong></span> <span class='ocrx_word' id='word_1_475' title='bbox 3012 2399 3132 2454; x_wconf 73' lang='lat' dir='ltr'><strong>hEBC</strong></span> <span class='ocrx_word' id='word_1_476' title='bbox 3183 2406 3405 2472; x_wconf 89' lang='lat' dir='ltr'><strong>contra,</strong></span> <span class='ocrx_word' id='word_1_477' title='bbox 3450 2407 3513 2458; x_wconf 87' lang='lat' dir='ltr'><strong>ut</strong></span> <span class='ocrx_word' id='word_1_478' title='bbox 3560 2404 3746 2459; x_wconf 85' lang='lat' dir='ltr'><strong>bonos</strong></span> 
     </span>
    </p>
   </div>
   <div class='ocr_carea' id='block_1_62' title="bbox 2094 2484 3746 2561">
    <p class='ocr_par' dir='ltr' id='par_1_62' title="bbox 2094 2484 3746 2561">
     <span class='ocr_line' id='line_1_62' title="bbox 2094 2484 3746 2561; baseline 0.007 -24"><span class='ocrx_word' id='word_1_479' title='bbox 2094 2484 2391 2549; x_wconf 89' lang='lat' dir='ltr'><strong>retineret,</strong></span> <span class='ocrx_word' id='word_1_480' title='bbox 2422 2484 2597 2539; x_wconf 91' lang='lat' dir='ltr'><strong>etiam</strong></span> <span class='ocrx_word' id='word_1_481' title='bbox 2631 2485 2688 2539; x_wconf 92' lang='lat' dir='ltr'><strong>in</strong></span> <span class='ocrx_word' id='word_1_482' title='bbox 2738 2485 3174 2545; x_wconf 87' lang='lat' dir='ltr'><strong>calamitatibus</strong></span> <span class='ocrx_word' id='word_1_483' title='bbox 3207 2492 3561 2561; x_wconf 88' lang='lat' dir='ltr'><strong>superiores.</strong></span> <span class='ocrx_word' id='word_1_484' title='bbox 3597 2492 3746 2558; x_wconf 88' lang='lat' dir='ltr'><strong>Quid</strong></span> 
     </span>
    </p>
   </div>
   <div class='ocr_carea' id='block_1_63' title="bbox 2096 2573 3745 2648">
    <p class='ocr_par' dir='ltr' id='par_1_63' title="bbox 2096 2573 3745 2648">
     <span class='ocr_line' id='line_1_63' title="bbox 2096 2573 3745 2648; baseline 0.007 -23"><span class='ocrx_word' id='word_1_485' title='bbox 2096 2590 2223 2628; x_wconf 81' lang='lat' dir='ltr'><strong>vero</strong></span> <span class='ocrx_word' id='word_1_486' title='bbox 2257 2573 2327 2643; x_wconf 90' lang='lat' dir='ltr'><strong>is,</strong></span> <span class='ocrx_word' id='word_1_487' title='bbox 2380 2574 2479 2645; x_wconf 92' lang='lat' dir='ltr'><strong>qui</strong></span> <span class='ocrx_word' id='word_1_488' title='bbox 2531 2574 2684 2631; x_wconf 75' lang='lat'><strong>890</strong></span> <span class='ocrx_word' id='word_1_489' title='bbox 2733 2576 2802 2629; x_wconf 88' lang='lat' dir='ltr'><strong>ad</strong></span> <span class='ocrx_word' id='word_1_490' title='bbox 2836 2592 2969 2631; x_wconf 90' lang='lat' dir='ltr'><strong>eum</strong></span> <span class='ocrx_word' id='word_1_491' title='bbox 3002 2594 3105 2648; x_wconf 89' lang='lat' dir='ltr'><strong>per</strong></span> <span class='ocrx_word' id='word_1_492' title='bbox 3147 2580 3439 2635; x_wconf 87' lang='lat' dir='ltr'><strong>turbinem</strong></span> <span class='ocrx_word' id='word_1_493' title='bbox 3471 2586 3527 2635; x_wconf 91' lang='lat' dir='ltr'><strong>et</strong></span> <span class='ocrx_word' id='word_1_494' title='bbox 3560 2582 3745 2636; x_wconf 87' lang='lat' dir='ltr'><strong>nubes</strong></span> 
     </span>
    </p>
   </div>
   <div class='ocr_carea' id='block_1_64' title="bbox 2093 2661 3744 2739">
    <p class='ocr_par' dir='ltr' id='par_1_64' title="bbox 2093 2661 3744 2739">
     <span class='ocr_line' id='line_1_64' title="bbox 2093 2661 3744 2739; baseline 0.005 -22"><span class='ocrx_word' id='word_1_495' title='bbox 2093 2661 2328 2718; x_wconf 88' lang='lat' dir='ltr'><strong>oracula</strong></span> <span class='ocrx_word' id='word_1_496' title='bbox 2359 2662 2585 2733; x_wconf 88' lang='lat' dir='ltr'><strong>edebat,</strong></span> <span class='ocrx_word' id='word_1_497' title='bbox 2619 2664 2719 2734; x_wconf 91' lang='lat' dir='ltr'><strong>qui</strong></span> <span class='ocrx_word' id='word_1_498' title='bbox 2753 2664 2821 2718; x_wconf 89' lang='lat' dir='ltr'><strong>ad</strong></span> <span class='ocrx_word' id='word_1_499' title='bbox 2858 2665 3220 2721; x_wconf 60' lang='lat' dir='ltr'><strong>inferendam</strong></span> <span class='ocrx_word' id='word_1_500' title='bbox 3272 2686 3503 2739; x_wconf 79' lang='lat' dir='ltr'><strong>pcenam</strong></span> <span class='ocrx_word' id='word_1_501' title='bbox 3538 2670 3744 2725; x_wconf 88' lang='lat' dir='ltr'><strong>tardus</strong></span> 
     </span>
    </p>
   </div>
   <div class='ocr_carea' id='block_1_65' title="bbox 2093 2752 3746 2830">
    <p class='ocr_par' dir='ltr' id='par_1_65' title="bbox 2093 2752 3746 2830">
     <span class='ocr_line' id='line_1_65' title="bbox 2093 2752 3746 2830; baseline 0.005 -24"><span class='ocrx_word' id='word_1_502' title='bbox 2093 2758 2203 2817; x_wconf 89' lang='lat' dir='ltr'><strong>est,</strong></span> <span class='ocrx_word' id='word_1_503' title='bbox 2228 2756 2285 2806; x_wconf 91' lang='lat' dir='ltr'><strong>et</strong></span> <span class='ocrx_word' id='word_1_504' title='bbox 2316 2752 2385 2805; x_wconf 89' lang='lat' dir='ltr'><strong>ad</strong></span> <span class='ocrx_word' id='word_1_505' title='bbox 2424 2768 2587 2823; x_wconf 90' lang='lat' dir='ltr'><strong>opem</strong></span> <span class='ocrx_word' id='word_1_506' title='bbox 2629 2753 2923 2808; x_wconf 85' lang='lat' dir='ltr'><strong>ferendam</strong></span> <span class='ocrx_word' id='word_1_507' title='bbox 2962 2755 3131 2820; x_wconf 88' lang='lat' dir='ltr'><strong>celer,</strong></span> <span class='ocrx_word' id='word_1_508' title='bbox 3166 2757 3264 2827; x_wconf 91' lang='lat' dir='ltr'><strong>qui</strong></span> <span class='ocrx_word' id='word_1_509' title='bbox 3296 2757 3515 2829; x_wconf 89' lang='lat' dir='ltr'><strong>virgam</strong></span> <span class='ocrx_word' id='word_1_510' title='bbox 3543 2776 3746 2830; x_wconf 86' lang='lat' dir='ltr'><strong>pecca-</strong></span> 
     </span>
    </p>
   </div>
   <div class='ocr_carea' id='block_1_66' title="bbox 2094 2840 3742 2917">
    <p class='ocr_par' dir='ltr' id='par_1_66' title="bbox 2094 2840 3742 2917">
     <span class='ocr_line' id='line_1_66' title="bbox 2094 2840 3742 2917; baseline 0.004 -22"><span class='ocrx_word' id='word_1_511' title='bbox 2094 2846 2287 2895; x_wconf 86' lang='lat' dir='ltr'><strong>torum</strong></span> <span class='ocrx_word' id='word_1_512' title='bbox 2324 2840 2379 2894; x_wconf 94' lang='lat' dir='ltr'><strong>in</strong></span> <span class='ocrx_word' id='word_1_513' title='bbox 2416 2846 2627 2895; x_wconf 88' lang='lat' dir='ltr'><strong>sortem</strong></span> <span class='ocrx_word' id='word_1_514' title='bbox 2653 2842 2954 2912; x_wconf 82' lang='lat' dir='ltr'><strong>justorum</strong></span> <span class='ocrx_word' id='word_1_515' title='bbox 2987 2844 3029 2878; x_wconf 77' lang='grc'><strong>⁶⁸</strong></span> <span class='ocrx_word' id='word_1_516' title='bbox 3058 2861 3169 2898; x_wconf 91' lang='lat' dir='ltr'><strong>non</strong></span> <span class='ocrx_word' id='word_1_517' title='bbox 3197 2846 3742 2917; x_wconf 88' lang='lat' dir='ltr'><strong>omninoimmittit,</strong></span> 
     </span>
    </p>
   </div>
   <div class='ocr_carea' id='block_1_67' title="bbox 2094 2929 3745 3001">
    <p class='ocr_par' dir='ltr' id='par_1_67' title="bbox 2094 2929 3745 3001">
     <span class='ocr_line' id='line_1_67' title="bbox 2094 2929 3745 3001; baseline 0.004 -17"><span class='ocrx_word' id='word_1_518' title='bbox 2094 2929 2328 3001; x_wconf 89' lang='lat' dir='ltr'><strong>nejusti</strong></span> <span class='ocrx_word' id='word_1_519' title='bbox 2352 2929 2785 3000; x_wconf 91' lang='lat' dir='ltr'><strong>improbitatem</strong></span> <span class='ocrx_word' id='word_1_520' title='bbox 2811 2932 3154 2987; x_wconf 82' lang='lat' dir='ltr'><strong>addiscant?</strong></span> <span class='ocrx_word' id='word_1_521' title='bbox 3176 2935 3237 2988; x_wconf 90' lang='lat' dir='ltr'><strong>In</strong></span> <span class='ocrx_word' id='word_1_522' title='bbox 3271 2934 3382 3001; x_wconf 80' lang='lat' dir='ltr'><strong>ﬁne</strong></span> <span class='ocrx_word' id='word_1_523' title='bbox 3405 2937 3745 2992; x_wconf 89' lang='lat' dir='ltr'><strong>certaminis</strong></span> 
     </span>
    </p>
   </div>
   <div class='ocr_carea' id='block_1_68' title="bbox 2096 3018 3746 3095">
    <p class='ocr_par' dir='ltr' id='par_1_68' title="bbox 2096 3018 3746 3095">
     <span class='ocr_line' id='line_1_68' title="bbox 2096 3018 3746 3095; baseline 0.005 -23"><span class='ocrx_word' id='word_1_524' title='bbox 2096 3018 2305 3073; x_wconf 90' lang='lat' dir='ltr'><strong>illustri</strong></span> <span class='ocrx_word' id='word_1_525' title='bbox 2341 3018 2626 3089; x_wconf 69' lang='lat' dir='ltr'><strong>praeconio</strong></span> <span class='ocrx_word' id='word_1_526' title='bbox 2654 3018 2930 3075; x_wconf 84' lang='lat' dir='ltr'><strong>athletam</strong></span> <span class='ocrx_word' id='word_1_527' title='bbox 2966 3038 3137 3077; x_wconf 85' lang='lat' dir='ltr'><strong>suum</strong></span> <span class='ocrx_word' id='word_1_528' title='bbox 3175 3022 3446 3079; x_wconf 87' lang='lat' dir='ltr'><strong>victorem</strong></span> <span class='ocrx_word' id='word_1_529' title='bbox 3486 3042 3746 3095; x_wconf 90' lang='lat' dir='ltr'><strong>pronun-</strong></span> 
     </span>
    </p>
   </div>
   <div class='ocr_carea' id='block_1_69' title="bbox 2094 3106 3750 3183">
    <p class='ocr_par' dir='ltr' id='par_1_69' title="bbox 2094 3106 3750 3183">
     <span class='ocr_line' id='line_1_69' title="bbox 2094 3106 3750 3183; baseline 0.005 -22"><span class='ocrx_word' id='word_1_530' title='bbox 2094 3108 2217 3177; x_wconf 88' lang='lat' dir='ltr'><strong>tiat,</strong></span> <span class='ocrx_word' id='word_1_531' title='bbox 2270 3112 2445 3177; x_wconf 85' lang='lat' dir='ltr'><strong>atque</strong></span> <span class='ocrx_word' id='word_1_532' title='bbox 2495 3106 2829 3163; x_wconf 82' lang='lat' dir='ltr'><strong>afﬂictionis</strong></span> <span class='ocrx_word' id='word_1_533' title='bbox 2879 3127 3159 3166; x_wconf 88' lang='lat' dir='ltr'><strong>arcanum</strong></span> <span class='ocrx_word' id='word_1_534' title='bbox 3220 3113 3406 3183; x_wconf 88' lang='lat' dir='ltr'><strong>aperit</strong></span> <span class='ocrx_word' id='word_1_535' title='bbox 3455 3130 3468 3168; x_wconf 92' lang='lat'>:</span> <span class='ocrx_word' id='word_1_536' title='bbox 3517 3115 3657 3170; x_wconf 88' lang='lat' dir='ltr'><strong>Num</strong></span> <span class='ocrx_word' id='word_1_537' title='bbox 3686 3120 3750 3169; x_wconf 84' lang='lat' dir='ltr'><strong>tu</strong></span> 
     </span>
    </p>
   </div>
   <div class='ocr_carea' id='block_1_70' title="bbox 1246 3195 2006 3299">
    <p class='ocr_par' dir='ltr' id='par_1_70' title="bbox 1246 3195 1978 3270">
     <span class='ocr_line' id='line_1_70' title="bbox 1246 3195 1978 3270; baseline 0.001 -23"><span class='ocrx_word' id='word_1_538' title='bbox 1246 3200 1413 3249; x_wconf 75' lang='grc' dir='ltr'>Τοῦτο</span> <span class='ocrx_word' id='word_1_539' title='bbox 1480 3199 1586 3249; x_wconf 87' lang='grc' dir='ltr'><strong>τῶν</strong></span> <span class='ocrx_word' id='word_1_540' title='bbox 1655 3195 1978 3270; x_wconf 77' lang='grc' dir='ltr'>τραυμάτων</span> 
     </span>
    </p>
   </div>
   <div class='ocr_carea' id='block_1_71' title="bbox 2107 3195 3748 3299">
    <p class='ocr_par' dir='ltr' id='par_1_71' title="bbox 2107 3196 3748 3267">
     <span class='ocr_line' id='line_1_71' title="bbox 2107 3196 3748 3267; baseline 0.005 -16"><span class='ocrx_word' id='word_1_541' title='bbox 2107 3212 2301 3264; x_wconf 74' lang='lat' dir='ltr'><strong>censes,</strong></span> <span class='ocrx_word' id='word_1_542' title='bbox 2332 3196 2542 3267; x_wconf 89' lang='lat' dir='ltr'><strong>inquit,</strong></span> <span class='ocrx_word' id='word_1_543' title='bbox 2567 3214 2651 3252; x_wconf 84' lang='lat' dir='ltr'><strong>me</strong></span> <span class='ocrx_word' id='word_1_544' title='bbox 2696 3198 2871 3252; x_wconf 79' lang='lat' dir='ltr'><strong>aliam</strong></span> <span class='ocrx_word' id='word_1_545' title='bbox 2892 3199 2955 3253; x_wconf 85' lang='lat' dir='ltr'><strong>ob</strong></span> <span class='ocrx_word' id='word_1_546' title='bbox 2986 3217 3206 3255; x_wconf 80' lang='lat' dir='ltr'><strong>causam</strong></span> <span class='ocrx_word' id='word_1_547' title='bbox 3236 3201 3352 3258; x_wconf 72' lang='lat' dir='ltr'><strong>haec</strong></span> <span class='ocrx_word' id='word_1_548' title='bbox 3383 3204 3441 3257; x_wconf 80' lang='lat' dir='ltr'><strong>in</strong></span> <span class='ocrx_word' id='word_1_549' title='bbox 3484 3208 3534 3258; x_wconf 83' lang='lat' dir='ltr'><strong>te</strong></span> <span class='ocrx_word' id='word_1_550' title='bbox 3564 3204 3748 3259; x_wconf 81' lang='lat' dir='ltr'><strong>decre-</strong></span> 
     </span>
    </p>
   </div>
   <div class='ocr_carea' id='block_1_72' title="bbox 2101 3287 3748 3357">
    <p class='ocr_par' dir='ltr' id='par_1_72' title="bbox 2101 3287 3748 3357">
     <span class='ocr_line' id='line_1_72' title="bbox 2101 3287 3748 3357; baseline 0.004 -16"><span class='ocrx_word' id='word_1_551' title='bbox 2101 3288 2258 3353; x_wconf 81' lang='lat' dir='ltr'><strong>visse,</strong></span> <span class='ocrx_word' id='word_1_552' title='bbox 2294 3302 2457 3357; x_wconf 84' lang='lat' dir='ltr'><strong>quam</strong></span> <span class='ocrx_word' id='word_1_553' title='bbox 2503 3289 2561 3339; x_wconf 80' lang='lat' dir='ltr'><strong>ut</strong></span> <span class='ocrx_word' id='word_1_554' title='bbox 2583 3287 2810 3357; x_wconf 77' lang='lat' dir='ltr'><strong>justitia</strong></span> <span class='ocrx_word' id='word_1_555' title='bbox 2843 3292 2935 3343; x_wconf 78' lang='lat' dir='ltr'><strong>tua</strong></span> <span class='ocrx_word' id='word_1_556' title='bbox 2965 3290 3234 3346; x_wconf 74' lang='lat' dir='ltr'><strong>elucescat</strong></span> <span class='ocrx_word' id='word_1_557' title='bbox 3264 3290 3354 3345; x_wconf 74' lang='lat'><strong>‘9?</strong></span> <span class='ocrx_word' id='word_1_558' title='bbox 3385 3292 3513 3346; x_wconf 72' lang='lat' dir='ltr'><strong>Haec</strong></span> <span class='ocrx_word' id='word_1_559' title='bbox 3546 3292 3748 3348; x_wconf 88' lang='lat' dir='ltr'><strong>vulne-</strong></span> 
     </span>
    </p>
   </div>
   <div class='ocr_carea' id='block_1_73' title="bbox 2095 3374 3749 3451">
    <p class='ocr_par' dir='ltr' id='par_1_73' title="bbox 2095 3374 3749 3451">
     <span class='ocr_line' id='line_1_73' title="bbox 2095 3374 3749 3451; baseline 0.002 -20"><span class='ocrx_word' id='word_1_560' title='bbox 2095 3394 2223 3431; x_wconf 89' lang='lat' dir='ltr'><strong>rum</strong></span> <span class='ocrx_word' id='word_1_561' title='bbox 2261 3375 2570 3441; x_wconf 88' lang='lat' dir='ltr'><strong>medicina,</strong></span> <span class='ocrx_word' id='word_1_562' title='bbox 2603 3374 2723 3430; x_wconf 70' lang='lat' dir='ltr'><strong>haec</strong></span> <span class='ocrx_word' id='word_1_563' title='bbox 2754 3379 3092 3433; x_wconf 86' lang='lat' dir='ltr'><strong>certaminis</strong></span> <span class='ocrx_word' id='word_1_564' title='bbox 3115 3396 3346 3450; x_wconf 87' lang='lat' dir='ltr'><strong>corona,</strong></span> <span class='ocrx_word' id='word_1_565' title='bbox 3382 3380 3489 3435; x_wconf 89' lang='lat' dir='ltr'><strong>hoc</strong></span> <span class='ocrx_word' id='word_1_566' title='bbox 3526 3382 3749 3451; x_wconf 85' lang='lat' dir='ltr'><strong>patien-</strong></span> 
     </span>
    </p>
   </div>
   <div class='ocr_carea' id='block_1_74' title="bbox 2095 3463 3747 3540">
    <p class='ocr_par' dir='ltr' id='par_1_74' title="bbox 2095 3463 3747 3540">
     <span class='ocr_line' id='line_1_74' title="bbox 2095 3463 3747 3540; baseline 0.002 -20"><span class='ocrx_word' id='word_1_567' title='bbox 2095 3466 2186 3520; x_wconf 72' lang='lat' dir='ltr'><strong>tiaa</strong></span> <span class='ocrx_word' id='word_1_568' title='bbox 2218 3465 2544 3535; x_wconf 67' lang='lat' dir='ltr'><strong>prmmium.</strong></span> <span class='ocrx_word' id='word_1_569' title='bbox 2580 3463 2724 3518; x_wconf 89' lang='lat' dir='ltr'><strong>Nam</strong></span> <span class='ocrx_word' id='word_1_570' title='bbox 2760 3481 2882 3535; x_wconf 68' lang='lat' dir='ltr'><strong>qua:</strong></span> <span class='ocrx_word' id='word_1_571' title='bbox 2915 3467 3122 3521; x_wconf 91' lang='lat' dir='ltr'><strong>deinde</strong></span> <span class='ocrx_word' id='word_1_572' title='bbox 3154 3474 3352 3522; x_wconf 85' lang='lat' dir='ltr'><strong>secuta</strong></span> <span class='ocrx_word' id='word_1_573' title='bbox 3383 3473 3540 3533; x_wconf 90' lang='lat' dir='ltr'><strong>sunt,</strong></span> <span class='ocrx_word' id='word_1_574' title='bbox 3569 3487 3747 3540; x_wconf 87' lang='lat' dir='ltr'><strong>parva</strong></span> 
     </span>
    </p>
   </div>
   <div class='ocr_carea' id='block_1_75' title="bbox 2095 3553 3745 3627">
    <p class='ocr_par' dir='ltr' id='par_1_75' title="bbox 2095 3553 3745 3627">
     <span class='ocr_line' id='line_1_75' title="bbox 2095 3553 3745 3627; baseline 0.003 -19"><span class='ocrx_word' id='word_1_575' title='bbox 2095 3556 2362 3619; x_wconf 86' lang='lat' dir='ltr'><strong>fortasse,</strong></span> <span class='ocrx_word' id='word_1_576' title='bbox 2398 3554 2667 3623; x_wconf 88' lang='lat' dir='ltr'><strong>quamvis</strong></span> <span class='ocrx_word' id='word_1_577' title='bbox 2709 3553 3004 3610; x_wconf 85' lang='lat' dir='ltr'><strong>nonnullis</strong></span> <span class='ocrx_word' id='word_1_578' title='bbox 3055 3572 3268 3627; x_wconf 89' lang='lat' dir='ltr'><strong>magna</strong></span> <span class='ocrx_word' id='word_1_579' title='bbox 3314 3557 3646 3625; x_wconf 80' lang='lat' dir='ltr'><strong>videantur,</strong></span> <span class='ocrx_word' id='word_1_580' title='bbox 3688 3565 3745 3613; x_wconf 88' lang='lat' dir='ltr'><strong>et</strong></span> 
     </span>
    </p>
   </div>
   <div class='ocr_carea' id='block_1_76' title="bbox 2092 3639 3739 3713">
    <p class='ocr_par' dir='ltr' id='par_1_76' title="bbox 2092 3639 3739 3713">
     <span class='ocr_line' id='line_1_76' title="bbox 2092 3639 3739 3713; baseline 0.004 -18"><span class='ocrx_word' id='word_1_581' title='bbox 2092 3657 2404 3713; x_wconf 89' lang='lat' dir='ltr'><strong>parvorum</strong></span> <span class='ocrx_word' id='word_1_582' title='bbox 2440 3639 2747 3694; x_wconf 89' lang='lat' dir='ltr'><strong>hominum</strong></span> <span class='ocrx_word' id='word_1_583' title='bbox 2771 3657 2949 3696; x_wconf 89' lang='lat' dir='ltr'><strong>causa</strong></span> <span class='ocrx_word' id='word_1_584' title='bbox 2969 3643 3286 3698; x_wconf 85' lang='lat' dir='ltr'><strong>constituta</strong></span> <span class='ocrx_word' id='word_1_585' title='bbox 3324 3646 3558 3700; x_wconf 89' lang='lat' dir='ltr'><strong>tametsi</strong></span> <span class='ocrx_word' id='word_1_586' title='bbox 3592 3646 3739 3701; x_wconf 90' lang='lat' dir='ltr'><strong>alio-</strong></span> 
     </span>
    </p>
   </div>
   <div class='ocr_carea' id='block_1_77' title="bbox 2093 3728 3737 3804">
    <p class='ocr_par' dir='ltr' id='par_1_77' title="bbox 2093 3728 3737 3804">
     <span class='ocr_line' id='line_1_77' title="bbox 2093 3728 3737 3804; baseline 0.004 -21"><span class='ocrx_word' id='word_1_587' title='bbox 2093 3730 2190 3802; x_wconf 89' lang='lat' dir='ltr'>qui</span> <span class='ocrx_word' id='word_1_588' title='bbox 2220 3728 2396 3801; x_wconf 89' lang='lat' dir='ltr'><strong>duplo</strong></span> <span class='ocrx_word' id='word_1_589' title='bbox 2428 3728 2671 3797; x_wconf 86' lang='lat' dir='ltr'><strong>majora,</strong></span> <span class='ocrx_word' id='word_1_590' title='bbox 2693 3745 2866 3799; x_wconf 86' lang='lat' dir='ltr'><strong>quam</strong></span> <span class='ocrx_word' id='word_1_591' title='bbox 2890 3746 3015 3801; x_wconf 67' lang='lat' dir='ltr'><strong>qua:</strong></span> <span class='ocrx_word' id='word_1_592' title='bbox 3046 3731 3161 3802; x_wconf 87' lang='lat' dir='ltr'>ipsi</span> <span class='ocrx_word' id='word_1_593' title='bbox 3191 3734 3463 3804; x_wconf 85' lang='lat' dir='ltr'><strong>adempta</strong></span> <span class='ocrx_word' id='word_1_594' title='bbox 3485 3734 3737 3801; x_wconf 80' lang='lat' dir='ltr'><strong>fuerant,</strong></span> 
     </span>
    </p>
   </div>
   <div class='ocr_carea' id='block_1_78' title="bbox 2092 3819 2393 3888">
    <p class='ocr_par' dir='ltr' id='par_1_78' title="bbox 2092 3819 2393 3888">
     <span class='ocr_line' id='line_1_78' title="bbox 2092 3819 2393 3888; baseline -0.003 -17"><span class='ocrx_word' id='word_1_595' title='bbox 2092 3819 2393 3888; x_wconf 90' lang='lat' dir='ltr'><strong>receperit.</strong></span> 
     </span>
    </p>
   </div>
   <div class='ocr_carea' id='block_1_79' title="bbox 2164 3905 3740 3980">
    <p class='ocr_par' dir='ltr' id='par_1_79' title="bbox 2164 3905 3740 3980">
     <span class='ocr_line' id='line_1_79' title="bbox 2164 3905 3740 3980; baseline 0.004 -20"><span class='ocrx_word' id='word_1_596' title='bbox 2164 3907 2307 3961; x_wconf 83' lang='lat' dir='ltr'><strong>XIX.</strong></span> <span class='ocrx_word' id='word_1_597' title='bbox 2344 3905 2588 3961; x_wconf 92' lang='lat' dir='ltr'><strong>Proinde</strong></span> <span class='ocrx_word' id='word_1_598' title='bbox 2623 3923 2691 3961; x_wconf 91' lang='lat' dir='ltr'><strong>ne</strong></span> <span class='ocrx_word' id='word_1_599' title='bbox 2742 3907 2833 3963; x_wconf 90' lang='lat' dir='ltr'><strong>hic</strong></span> <span class='ocrx_word' id='word_1_600' title='bbox 2883 3908 3117 3980; x_wconf 89' lang='lat' dir='ltr'><strong>quidem</strong></span> <span class='ocrx_word' id='word_1_601' title='bbox 3172 3912 3389 3967; x_wconf 90' lang='lat' dir='ltr'><strong>mirum</strong></span> <span class='ocrx_word' id='word_1_602' title='bbox 3422 3911 3601 3967; x_wconf 86' lang='lat' dir='ltr'><strong>videri</strong></span> <span class='ocrx_word' id='word_1_603' title='bbox 3634 3913 3740 3967; x_wconf 92' lang='lat' dir='ltr'><strong>de-</strong></span> 
     </span>
    </p>
   </div>
   <div class='ocr_carea' id='block_1_80' title="bbox 2093 3993 3745 4068">
    <p class='ocr_par' dir='ltr' id='par_1_80' title="bbox 2093 3993 3745 4068">
     <span class='ocr_line' id='line_1_80' title="bbox 2093 3993 3745 4068; baseline 0.002 -17"><span class='ocrx_word' id='word_1_604' title='bbox 2093 3998 2210 4061; x_wconf 91' lang='lat' dir='ltr'><strong>bet,</strong></span> <span class='ocrx_word' id='word_1_605' title='bbox 2242 3995 2291 4051; x_wconf 89' lang='lat' dir='ltr'><strong>si</strong></span> <span class='ocrx_word' id='word_1_606' title='bbox 2323 3993 2604 4066; x_wconf 89' lang='lat' dir='ltr'><strong>Georgius</strong></span> <span class='ocrx_word' id='word_1_607' title='bbox 2640 3994 2887 4061; x_wconf 90' lang='lat' dir='ltr'><strong>meliori,</strong></span> <span class='ocrx_word' id='word_1_608' title='bbox 2921 4014 3097 4068; x_wconf 85' lang='lat' dir='ltr'><strong>quam</strong></span> <span class='ocrx_word' id='word_1_609' title='bbox 3151 3999 3511 4056; x_wconf 77' lang='lat' dir='ltr'><strong>Athanasius</strong></span> <span class='ocrx_word' id='word_1_610' title='bbox 3542 4001 3745 4056; x_wconf 89' lang='lat' dir='ltr'><strong>condi-</strong></span> 
     </span>
    </p>
   </div>
   <div class='ocr_carea' id='block_1_81' title="bbox 2095 4083 3746 4157">
    <p class='ocr_par' dir='ltr' id='par_1_81' title="bbox 2095 4083 3746 4157">
     <span class='ocr_line' id='line_1_81' title="bbox 2095 4083 3746 4157; baseline 0.003 -16"><span class='ocrx_word' id='word_1_611' title='bbox 2095 4086 2250 4141; x_wconf 90' lang='lat' dir='ltr'><strong>tione</strong></span> <span class='ocrx_word' id='word_1_612' title='bbox 2284 4083 2457 4139; x_wconf 87' lang='lat' dir='ltr'><strong>fuerit</strong></span> <span class='ocrx_word' id='word_1_613' title='bbox 2490 4100 2504 4137; x_wconf 90' lang='lat'><strong>:</strong></span> <span class='ocrx_word' id='word_1_614' title='bbox 2537 4084 2636 4139; x_wconf 88' lang='lat' dir='ltr'><strong>sed</strong></span> <span class='ocrx_word' id='word_1_615' title='bbox 2672 4084 2812 4138; x_wconf 92' lang='lat' dir='ltr'><strong>illud</strong></span> <span class='ocrx_word' id='word_1_616' title='bbox 2842 4086 3170 4143; x_wconf 90' lang='lat' dir='ltr'><strong>mirabilius</strong></span> <span class='ocrx_word' id='word_1_617' title='bbox 3205 4090 3386 4144; x_wconf 87' lang='lat' dir='ltr'><strong>videri</strong></span> <span class='ocrx_word' id='word_1_618' title='bbox 3421 4090 3746 4157; x_wconf 82' lang='lat' dir='ltr'><strong>debuisset,</strong></span> 
     </span>
    </p>
   </div>
   <div class='ocr_carea' id='block_1_82' title="bbox 2097 4173 3751 4249">
    <p class='ocr_par' dir='ltr' id='par_1_82' title="bbox 2097 4173 3751 4249">
     <span class='ocr_line' id='line_1_82' title="bbox 2097 4173 3751 4249; baseline 0.002 -18"><span class='ocrx_word' id='word_1_619' title='bbox 2097 4176 2143 4231; x_wconf 91' lang='lat' dir='ltr'><strong>si</strong></span> <span class='ocrx_word' id='word_1_620' title='bbox 2181 4174 2530 4245; x_wconf 85' lang='lat' dir='ltr'><strong>injuriarum</strong></span> <span class='ocrx_word' id='word_1_621' title='bbox 2564 4177 2619 4227; x_wconf 90' lang='lat' dir='ltr'><strong>et</strong></span> <span class='ocrx_word' id='word_1_622' title='bbox 2668 4173 3096 4229; x_wconf 84' lang='lat' dir='ltr'><strong>calumniarum</strong></span> <span class='ocrx_word' id='word_1_623' title='bbox 3152 4177 3388 4249; x_wconf 91' lang='lat' dir='ltr'><strong>ignibus</strong></span> <span class='ocrx_word' id='word_1_624' title='bbox 3441 4178 3751 4249; x_wconf 87' lang='lat' dir='ltr'><strong>virjustus</strong></span> 
     </span>
    </p>
   </div>
   <div class='ocr_carea' id='block_1_83' title="bbox 2100 4262 3754 4338">
    <p class='ocr_par' dir='ltr' id='par_1_83' title="bbox 2100 4262 3754 4338">
     <span class='ocr_line' id='line_1_83' title="bbox 2100 4262 3754 4338; baseline 0.002 -20"><span class='ocrx_word' id='word_1_625' title='bbox 2100 4264 2342 4319; x_wconf 89' lang='lat' dir='ltr'><strong>minime</strong></span> <span class='ocrx_word' id='word_1_626' title='bbox 2366 4262 2701 4333; x_wconf 82' lang='lat' dir='ltr'><strong>exploratus</strong></span> <span class='ocrx_word' id='word_1_627' title='bbox 2725 4263 2984 4319; x_wconf 88' lang='lat' dir='ltr'><strong>fuissset.</strong></span> <span class='ocrx_word' id='word_1_628' title='bbox 3011 4264 3132 4320; x_wconf 90' lang='lat' dir='ltr'>Imo</span> <span class='ocrx_word' id='word_1_629' title='bbox 3159 4284 3227 4321; x_wconf 91' lang='lat' dir='ltr'><strong>ne</strong></span> <span class='ocrx_word' id='word_1_630' title='bbox 3252 4268 3356 4321; x_wconf 90' lang='lat' dir='ltr'><strong>hoc</strong></span> <span class='ocrx_word' id='word_1_631' title='bbox 3379 4268 3613 4338; x_wconf 90' lang='lat' dir='ltr'><strong>quidem</strong></span> <span class='ocrx_word' id='word_1_632' title='bbox 3637 4268 3754 4322; x_wconf 81' lang='lat' dir='ltr'><strong>val-</strong></span> 
     </span>
    </p>
   </div>
   <div class='ocr_carea' id='block_1_84' title="bbox 2101 4352 3754 4426">
    <p class='ocr_par' dir='ltr' id='par_1_84' title="bbox 2101 4352 3754 4426">
     <span class='ocr_line' id='line_1_84' title="bbox 2101 4352 3754 4426; baseline 0.002 -17"><span class='ocrx_word' id='word_1_633' title='bbox 2101 4356 2170 4409; x_wconf 84' lang='lat' dir='ltr'><strong>de</strong></span> <span class='ocrx_word' id='word_1_634' title='bbox 2204 4353 2581 4419; x_wconf 90' lang='lat' dir='ltr'><strong>mirandum;</strong></span> <span class='ocrx_word' id='word_1_635' title='bbox 2636 4369 2838 4407; x_wconf 90' lang='lat' dir='ltr'><strong>verum</strong></span> <span class='ocrx_word' id='word_1_636' title='bbox 2882 4352 3019 4409; x_wconf 85' lang='lat' dir='ltr'><strong>illud</strong></span> <span class='ocrx_word' id='word_1_637' title='bbox 3075 4357 3272 4426; x_wconf 86' lang='lat' dir='ltr'><strong>potius</strong></span> <span class='ocrx_word' id='word_1_638' title='bbox 3304 4357 3754 4412; x_wconf 86' lang='lat' dir='ltr'><strong>admirationem</strong></span> 
     </span>
    </p>
   </div>
   <div class='ocr_carea' id='block_1_85' title="bbox 334 4440 2006 4519">
    <p class='ocr_par' dir='ltr' id='par_1_85' title="bbox 334 4440 1993 4517">
     <span class='ocr_line' id='line_1_85' title="bbox 334 4440 1993 4517; baseline -0.001 -20"><span class='ocrx_word' id='word_1_639' title='bbox 334 4442 559 4498; x_wconf 86' lang='grc' dir='ltr'>τίθεται.</span> <span class='ocrx_word' id='word_1_640' title='bbox 591 4448 717 4503; x_wconf 86' lang='grc' dir='ltr'>Τοῖς</span> <span class='ocrx_word' id='word_1_641' title='bbox 771 4443 874 4517; x_wconf 82' lang='grc' dir='ltr'>γὰρ</span> <span class='ocrx_word' id='word_1_642' title='bbox 927 4442 1098 4516; x_wconf 76' lang='grc' dir='ltr'>ἱεροῖς</span> <span class='ocrx_word' id='word_1_643' title='bbox 1146 4443 1235 4496; x_wconf 80' lang='grc' dir='ltr'><strong>καὶ</strong></span> <span class='ocrx_word' id='word_1_644' title='bbox 1290 4442 1457 4503; x_wconf 86' lang='grc' dir='ltr'>θείοις</span> <span class='ocrx_word' id='word_1_645' title='bbox 1508 4446 1614 4496; x_wconf 86' lang='grc' dir='ltr'><strong>τῶν</strong></span> <span class='ocrx_word' id='word_1_646' title='bbox 1664 4442 1779 4495; x_wconf 88' lang='grc' dir='ltr'>κατ’</span> <span class='ocrx_word' id='word_1_647' title='bbox 1827 4440 1993 4517; x_wconf 51' lang='grc' dir='ltr'>Αἴγυ-</span> 
     </span>
    </p>
   </div>
   <div class='ocr_carea' id='block_1_86' title="bbox 2107 4440 3758 4519">
    <p class='ocr_par' dir='ltr' id='par_1_86' title="bbox 2107 4440 3758 4519">
     <span class='ocr_line' id='line_1_86' title="bbox 2107 4440 3758 4519; baseline 0.002 -22"><span class='ocrx_word' id='word_1_648' title='bbox 2107 4443 2426 4508; x_wconf 89' lang='lat' dir='ltr'><strong>habuisset,</strong></span> <span class='ocrx_word' id='word_1_649' title='bbox 2479 4441 2528 4496; x_wconf 90' lang='lat' dir='ltr'>si</span> <span class='ocrx_word' id='word_1_650' title='bbox 2575 4440 2752 4513; x_wconf 84' lang='lat' dir='ltr'><strong>longa</strong></span> <span class='ocrx_word' id='word_1_651' title='bbox 2800 4442 2892 4499; x_wconf 92' lang='lat' dir='ltr'><strong>his</strong></span> <span class='ocrx_word' id='word_1_652' title='bbox 2944 4443 3203 4502; x_wconf 86' lang='lat' dir='ltr'><strong>ﬂammis</strong></span> <span class='ocrx_word' id='word_1_653' title='bbox 3253 4464 3417 4502; x_wconf 91' lang='lat' dir='ltr'><strong>mora</strong></span> <span class='ocrx_word' id='word_1_654' title='bbox 3473 4446 3758 4519; x_wconf 86' lang='lat' dir='ltr'><strong>producta</strong></span> 
     </span>
    </p>
   </div>
   <div class='ocr_carea' id='block_1_87' title="bbox 336 4527 1987 4609">
    <p class='ocr_par' dir='ltr' id='par_1_87' title="bbox 336 4527 1987 4609">
     <span class='ocr_line' id='line_1_87' title="bbox 336 4527 1987 4609; baseline -0.001 -23"><span class='ocrx_word' id='word_1_655' title='bbox 336 4553 468 4586; x_wconf 90' lang='grc' dir='ltr'>πτον</span> <span class='ocrx_word' id='word_1_656' title='bbox 531 4534 644 4605; x_wconf 81' lang='grc'>(22)</span> <span class='ocrx_word' id='word_1_657' title='bbox 702 4530 1144 4609; x_wconf 77' lang='grc' dir='ltr'>φροντιστηρίοις</span> <span class='ocrx_word' id='word_1_658' title='bbox 1228 4528 1403 4607; x_wconf 80' lang='grc' dir='ltr'>φέρων</span> <span class='ocrx_word' id='word_1_659' title='bbox 1475 4530 1661 4584; x_wconf 66' lang='grc' dir='ltr'>ἑαυτὸν</span> <span class='ocrx_word' id='word_1_660' title='bbox 1719 4527 1937 4584; x_wconf 85' lang='grc' dir='ltr'>δίδωσιν</span> <span class='ocrx_word' id='word_1_661' title='bbox 1975 4550 1987 4563; x_wconf 89' lang='grc'>·</span> 
     </span>
    </p>
   </div>
   <div class='ocr_carea' id='block_1_88' title="bbox 2103 4529 3755 4606">
    <p class='ocr_par' dir='ltr' id='par_1_88' title="bbox 2103 4529 3755 4606">
     <span class='ocr_line' id='line_1_88' title="bbox 2103 4529 3755 4606; baseline 0.003 -21"><span class='ocrx_word' id='word_1_662' title='bbox 2103 4532 2330 4587; x_wconf 84' lang='lat' dir='ltr'><strong>fuisset.</strong></span> <span class='ocrx_word' id='word_1_663' title='bbox 2364 4531 2511 4586; x_wconf 89' lang='lat' dir='ltr'><strong>Hinc</strong></span> <span class='ocrx_word' id='word_1_664' title='bbox 2556 4529 2653 4585; x_wconf 90' lang='lat' dir='ltr'><strong>ille</strong></span> <span class='ocrx_word' id='word_1_665' title='bbox 2685 4531 2879 4586; x_wconf 92' lang='lat' dir='ltr'><strong>solum</strong></span> <span class='ocrx_word' id='word_1_666' title='bbox 2913 4534 3103 4599; x_wconf 90' lang='lat' dir='ltr'><strong>vertit,</strong></span> <span class='ocrx_word' id='word_1_667' title='bbox 3135 4552 3202 4590; x_wconf 90' lang='lat' dir='ltr'><strong>ac</strong></span> <span class='ocrx_word' id='word_1_668' title='bbox 3242 4538 3313 4591; x_wconf 91' lang='lat' dir='ltr'><strong>de</strong></span> <span class='ocrx_word' id='word_1_669' title='bbox 3342 4536 3544 4591; x_wconf 83' lang='lat' dir='ltr'><strong>exsilio</strong></span> <span class='ocrx_word' id='word_1_670' title='bbox 3575 4552 3755 4606; x_wconf 89' lang='lat' dir='ltr'><strong>quam</strong></span> 
     </span>
    </p>
   </div>
   <div class='ocr_carea' id='block_1_89' title="bbox 338 4605 2006 4695">
    <p class='ocr_par' dir='ltr' id='par_1_89' title="bbox 338 4605 1993 4695">
     <span class='ocr_line' id='line_1_89' title="bbox 338 4605 1993 4695; baseline -0.001 -20"><span class='ocrx_word' id='word_1_671' title='bbox 338 4620 394 4675; x_wconf 80' lang='grc' dir='ltr'>οἳ</span> <span class='ocrx_word' id='word_1_672' title='bbox 450 4620 661 4693; x_wconf 84' lang='grc' dir='ltr'>κόσμου</span> <span class='ocrx_word' id='word_1_673' title='bbox 715 4605 1075 4695; x_wconf 22' lang='grc' dir='ltr'>νχωρίζοντες</span> <span class='ocrx_word' id='word_1_674' title='bbox 1155 4605 1399 4685; x_wconf 68' lang='grc' dir='ltr'>ἑαυτοὺς,</span> <span class='ocrx_word' id='word_1_675' title='bbox 1459 4618 1549 4671; x_wconf 88' lang='grc' dir='ltr'><strong>καὶ</strong></span> <span class='ocrx_word' id='word_1_676' title='bbox 1617 4619 1716 4686; x_wconf 80' lang='grc' dir='ltr'>τὴν</span> <span class='ocrx_word' id='word_1_677' title='bbox 1786 4617 1993 4693; x_wconf 81' lang='grc' dir='ltr'>ἔρημον</span> 
     </span>
    </p>
   </div>
   <div class='ocr_carea' id='block_1_90' title="bbox 2107 4605 3758 4695">
    <p class='ocr_par' dir='ltr' id='par_1_90' title="bbox 2107 4605 3758 4691">
     <span class='ocr_line' id='line_1_90' title="bbox 2107 4605 3758 4691; baseline 0.002 -17"><span class='ocrx_word' id='word_1_678' title='bbox 2107 4619 2545 4691; x_wconf 65' lang='lat' dir='ltr'><strong>praeclarissime</strong></span> <span class='ocrx_word' id='word_1_679' title='bbox 2587 4619 2816 4673; x_wconf 88' lang='lat' dir='ltr'><strong>statuit.</strong></span> <span class='ocrx_word' id='word_1_680' title='bbox 2858 4624 3004 4675; x_wconf 85' lang='lat' dir='ltr'><strong>Nam</strong></span> <span class='ocrx_word' id='word_1_681' title='bbox 3041 4624 3109 4676; x_wconf 87' lang='lat' dir='ltr'><strong>ad</strong></span> <span class='ocrx_word' id='word_1_682' title='bbox 3141 4641 3308 4678; x_wconf 87' lang='lat' dir='ltr'><strong>sacra</strong></span> <span class='ocrx_word' id='word_1_683' title='bbox 3338 4624 3438 4679; x_wconf 89' lang='lat' dir='ltr'><strong>illa</strong></span> <span class='ocrx_word' id='word_1_684' title='bbox 3469 4629 3525 4679; x_wconf 91' lang='lat' dir='ltr'><strong>et</strong></span> <span class='ocrx_word' id='word_1_685' title='bbox 3558 4605 3758 4679; x_wconf 82' lang='lat' dir='ltr'><strong>divina</strong></span> 
     </span>
    </p>
   </div>
   <div class='ocr_carea' id='block_1_91' title="bbox 337 4703 1991 4782">
    <p class='ocr_par' dir='ltr' id='par_1_91' title="bbox 337 4703 1991 4782">
     <span class='ocr_line' id='line_1_91' title="bbox 337 4703 1991 4782; baseline -0.002 -18"><span class='ocrx_word' id='word_1_686' title='bbox 337 4709 726 4782; x_wconf 84' lang='grc' dir='ltr'>ἀσπαζόμενοι,</span> <span class='ocrx_word' id='word_1_687' title='bbox 786 4713 913 4777; x_wconf 82' lang='grc' dir='ltr'>ζῶσι</span> <span class='ocrx_word' id='word_1_688' title='bbox 962 4710 1109 4778; x_wconf 82' lang='grc' dir='ltr'>Θεῷ,</span> <span class='ocrx_word' id='word_1_689' title='bbox 1156 4706 1368 4761; x_wconf 86' lang='grc' dir='ltr'>πάντων</span> <span class='ocrx_word' id='word_1_690' title='bbox 1423 4703 1635 4779; x_wconf 80' lang='grc' dir='ltr'>μᾶλλον</span> <span class='ocrx_word' id='word_1_691' title='bbox 1683 4710 1791 4760; x_wconf 85' lang='grc' dir='ltr'><strong>τῶν</strong></span> <span class='ocrx_word' id='word_1_692' title='bbox 1839 4727 1991 4782; x_wconf 85' lang='grc' dir='ltr'>στρε-</span> 
     </span>
    </p>
   </div>
   <div class='ocr_carea' id='block_1_92' title="bbox 1094 4802 2638 4873">
    <p class='ocr_par' dir='ltr' id='par_1_92' title="bbox 1094 4802 2638 4873">
     <span class='ocr_line' id='line_1_92' title="bbox 1094 4802 2638 4873; baseline -0.005 -11"><span class='ocrx_word' id='word_1_693' title='bbox 1094 4806 1137 4840; x_wconf 80' lang='grc'>⁸⁷</span> <span class='ocrx_word' id='word_1_694' title='bbox 1167 4806 1299 4862; x_wconf 85' lang='lat' dir='ltr'><strong>Job.</strong></span> <span class='ocrx_word' id='word_1_695' title='bbox 1332 4822 1449 4873; x_wconf 75' lang='lat' dir='ltr'><strong>xw,</strong></span> <span class='ocrx_word' id='word_1_696' title='bbox 1478 4806 1533 4859; x_wconf 83' lang='lat'><strong>2.</strong></span> <span class='ocrx_word' id='word_1_697' title='bbox 1610 4805 1653 4839; x_wconf 79' lang='grc'><strong>⁸⁸</strong></span> <span class='ocrx_word' id='word_1_698' title='bbox 1688 4804 1838 4860; x_wconf 88' lang='lat' dir='ltr'><strong>Psal.</strong></span> <span class='ocrx_word' id='word_1_699' title='bbox 1872 4823 2060 4872; x_wconf 71' lang='lat' dir='ltr'><strong>exxxv,</strong></span> <span class='ocrx_word' id='word_1_700' title='bbox 2092 4806 2148 4859; x_wconf 90' lang='lat'><strong>3.</strong></span> <span class='ocrx_word' id='word_1_701' title='bbox 2224 4804 2269 4838; x_wconf 73' lang='grc' dir='ltr'><strong>⁵ο</strong></span> <span class='ocrx_word' id='word_1_702' title='bbox 2297 4802 2429 4857; x_wconf 88' lang='lat' dir='ltr'><strong>Job.</strong></span> <span class='ocrx_word' id='word_1_703' title='bbox 2463 4817 2553 4867; x_wconf 81' lang='lat' dir='ltr'><strong>XL,</strong></span> <span class='ocrx_word' id='word_1_704' title='bbox 2586 4802 2638 4855; x_wconf 89' lang='lat'><strong>3.</strong></span> 
     </span>
    </p>
   </div>
   <div class='ocr_carea' id='block_1_93' title="bbox 411 4808 1016 4879">
    <p class='ocr_par' dir='ltr' id='par_1_93' title="bbox 411 4808 1016 4879">
     <span class='ocr_line' id='line_1_93' title="bbox 411 4808 1016 4879; baseline -0.01 -14"><span class='ocrx_word' id='word_1_705' title='bbox 411 4809 454 4844; x_wconf 80' lang='grc'>⁸⁸</span> <span class='ocrx_word' id='word_1_706' title='bbox 483 4808 612 4865; x_wconf 89' lang='lat' dir='ltr'><strong>Job.</strong></span> <span class='ocrx_word' id='word_1_707' title='bbox 648 4826 713 4874; x_wconf 79' lang='grc' dir='ltr'><strong>ιι,</strong></span> <span class='ocrx_word' id='word_1_708' title='bbox 742 4812 775 4862; x_wconf 85' lang='lat'><strong>7</strong></span> <span class='ocrx_word' id='word_1_709' title='bbox 806 4812 863 4863; x_wconf 87' lang='lat' dir='ltr'><strong>et</strong></span> <span class='ocrx_word' id='word_1_710' title='bbox 893 4824 1016 4879; x_wconf 90' lang='lat' dir='ltr'><strong>seq.</strong></span> 
     </span>
    </p>
   </div>
   <div class='ocr_carea' id='block_1_94' title="bbox 412 4892 1997 4969">
    <p class='ocr_par' dir='ltr' id='par_1_94' title="bbox 412 4892 1997 4969">
     <span class='ocr_line' id='line_1_94' title="bbox 412 4892 1997 4969; baseline -0.001 -18"><span class='ocrx_word' id='word_1_711' title='bbox 412 4899 525 4969; x_wconf 91' lang='grc'>(10)</span> <span class='ocrx_word' id='word_1_712' title='bbox 555 4896 625 4949; x_wconf 89' lang='grc' dir='ltr'><strong>Τὸ</strong></span> <span class='ocrx_word' id='word_1_713' title='bbox 673 4893 844 4950; x_wconf 79' lang='grc' dir='ltr'>δεινὸν</span> <span class='ocrx_word' id='word_1_714' title='bbox 895 4892 1267 4969; x_wconf 41' lang='grc' dir='ltr'>ὀνειδίζοντες,</span> <span class='ocrx_word' id='word_1_715' title='bbox 1312 4918 1341 4969; x_wconf 64' lang='grc' dir='ltr'><strong>ς(</strong></span> <span class='ocrx_word' id='word_1_716' title='bbox 1386 4894 1774 4966; x_wconf 84' lang='lat' dir='ltr'><strong>Impietatem,</strong></span> <span class='ocrx_word' id='word_1_717' title='bbox 1804 4918 1830 4943; x_wconf 86' lang='grc'>››</span> <span class='ocrx_word' id='word_1_718' title='bbox 1882 4912 1997 4969; x_wconf 72' lang='lat' dir='ltr'><strong>non</strong></span> 
     </span>
    </p>
   </div>
   <div class='ocr_carea' id='block_1_95' title="bbox 346 4966 1999 5038">
    <p class='ocr_par' dir='ltr' id='par_1_95' title="bbox 346 4966 1999 5038">
     <span class='ocr_line' id='line_1_95' title="bbox 346 4966 1999 5038; baseline -0.002 -14"><span class='ocrx_word' id='word_1_719' title='bbox 346 4994 372 5020; x_wconf 85' lang='grc'><strong>‹‹</strong></span> <span class='ocrx_word' id='word_1_720' title='bbox 406 4966 795 5024; x_wconf 76' lang='lat' dir='ltr'><strong>ealamitatem</strong></span> <span class='ocrx_word' id='word_1_721' title='bbox 831 4991 859 5017; x_wconf 74' lang='grc' dir='ltr'><strong>ι»</strong></span> <span class='ocrx_word' id='word_1_722' title='bbox 908 4969 1054 5024; x_wconf 90' lang='lat' dir='ltr'><strong>Jobo</strong></span> <span class='ocrx_word' id='word_1_723' title='bbox 1097 4966 1453 5038; x_wconf 82' lang='lat' dir='ltr'><strong>objiciebant</strong></span> <span class='ocrx_word' id='word_1_724' title='bbox 1484 4983 1628 5021; x_wconf 84' lang='lat' dir='ltr'><strong>uxor</strong></span> <span class='ocrx_word' id='word_1_725' title='bbox 1675 4971 1733 5038; x_wconf 90' lang='lat' dir='ltr'><strong>et</strong></span> <span class='ocrx_word' id='word_1_726' title='bbox 1782 4966 1999 5035; x_wconf 81' lang='lat' dir='ltr'><strong>amici;</strong></span> 
     </span>
    </p>
   </div>
   <div class='ocr_carea' id='block_1_96' title="bbox 346 5037 2003 5123">
    <p class='ocr_par' dir='ltr' id='par_1_96' title="bbox 346 5037 2003 5123">
     <span class='ocr_line' id='line_1_96' title="bbox 346 5037 2003 5123; baseline -0.001 -28"><span class='ocrx_word' id='word_1_727' title='bbox 346 5047 519 5123; x_wconf 70' lang='lat' dir='ltr'><strong>atque</strong></span> <span class='ocrx_word' id='word_1_728' title='bbox 551 5041 1002 5123; x_wconf 77' lang='lat' dir='ltr'><strong>contendebant,</strong></span> <span class='ocrx_word' id='word_1_729' title='bbox 1027 5037 1183 5123; x_wconf 27' lang='lat' dir='ltr'><strong>.eum’</strong></span> <span class='ocrx_word' id='word_1_730' title='bbox 1206 5039 1298 5123; x_wconf 75' lang='lat' dir='ltr'><strong>bis</strong></span> <span class='ocrx_word' id='word_1_731' title='bbox 1332 5037 1504 5121; x_wconf 81' lang='lat' dir='ltr'><strong>malis</strong></span> <span class='ocrx_word' id='word_1_732' title='bbox 1536 5055 1601 5093; x_wconf 91' lang='lat' dir='ltr'><strong>ac</strong></span> <span class='ocrx_word' id='word_1_733' title='bbox 1634 5037 1892 5094; x_wconf 89' lang='lat' dir='ltr'><strong>miseriis</strong></span> <span class='ocrx_word' id='word_1_734' title='bbox 1926 5039 2003 5094; x_wconf 84' lang='lat' dir='ltr'><strong>af-</strong></span> 
     </span>
    </p>
   </div>
   <div class='ocr_carea' id='block_1_97' title="bbox 345 5110 1568 5183">
    <p class='ocr_par' dir='ltr' id='par_1_97' title="bbox 345 5110 1568 5183">
     <span class='ocr_line' id='line_1_97' title="bbox 345 5110 1568 5183; baseline -0.005 -15"><span class='ocrx_word' id='word_1_735' title='bbox 345 5110 462 5173; x_wconf 84' lang='lat' dir='ltr'><strong>ﬁci.</strong></span> <span class='ocrx_word' id='word_1_736' title='bbox 497 5114 651 5183; x_wconf 92' lang='lat' dir='ltr'><strong>quod</strong></span> <span class='ocrx_word' id='word_1_737' title='bbox 678 5117 835 5183; x_wconf 87' lang='lat' dir='ltr'><strong>esset</strong></span> <span class='ocrx_word' id='word_1_738' title='bbox 866 5112 1117 5182; x_wconf 84' lang='lat' dir='ltr'><strong>alicujus</strong></span> <span class='ocrx_word' id='word_1_739' title='bbox 1149 5110 1568 5183; x_wconf 25' lang='lat' dir='ltr'><strong>scelerisireus.</strong></span> 
     </span>
    </p>
   </div>
   <div class='ocr_carea' id='block_1_98' title="bbox 421 5179 2005 5256">
    <p class='ocr_par' dir='ltr' id='par_1_98' title="bbox 421 5179 2005 5256">
     <span class='ocr_line' id='line_1_98' title="bbox 421 5179 2005 5256; baseline -0.003 -18"><span class='ocrx_word' id='word_1_740' title='bbox 421 5179 537 5256; x_wconf 66' lang='lat' dir='ltr'><strong>(itl</strong></span> <span class='ocrx_word' id='word_1_741' title='bbox 570 5184 667 5237; x_wconf 87' lang='grc' dir='ltr'>Ἦν</span> <span class='ocrx_word' id='word_1_742' title='bbox 700 5182 919 5256; x_wconf 85' lang='grc' dir='ltr'>ἀρετῆς.</span> <span class='ocrx_word' id='word_1_743' title='bbox 972 5179 1064 5239; x_wconf 82' lang='lat' dir='ltr'><strong>Sic</strong></span> <span class='ocrx_word' id='word_1_744' title='bbox 1107 5188 1357 5253; x_wconf 83' lang='lat' dir='ltr'><strong>quatuor</strong></span> <span class='ocrx_word' id='word_1_745' title='bbox 1389 5182 1568 5253; x_wconf 81' lang='lat' dir='ltr'><strong>Regg.</strong></span> <span class='ocrx_word' id='word_1_746' title='bbox 1624 5182 1687 5235; x_wconf 91' lang='lat' dir='ltr'><strong>In</strong></span> <span class='ocrx_word' id='word_1_747' title='bbox 1738 5181 1851 5248; x_wconf 88' lang='lat' dir='ltr'><strong>ed.,</strong></span> <span class='ocrx_word' id='word_1_748' title='bbox 1886 5179 2005 5255; x_wconf 87' lang='grc' dir='ltr'>ἀρε-</span> 
     </span>
    </p>
   </div>
   <div class='ocr_carea' id='block_1_99' title="bbox 346 5255 566 5323">
    <p class='ocr_par' dir='ltr' id='par_1_99' title="bbox 346 5255 566 5323">
     <span class='ocr_line' id='line_1_99' title="bbox 346 5255 566 5323; baseline 0 -14"><span class='ocrx_word' id='word_1_749' title='bbox 346 5256 444 5323; x_wconf 73' lang='grc' dir='ltr'>τῆς</span> <span class='ocrx_word' id='word_1_750' title='bbox 476 5255 566 5322; x_wconf 74' lang='grc' dir='ltr'><strong>ἦν.</strong></span> 
     </span>
    </p>
   </div>
   <div class='ocr_carea' id='block_1_100' title="bbox 420 5327 1033 5399">
    <p class='ocr_par' dir='ltr' id='par_1_100' title="bbox 420 5327 1033 5399">
     <span class='ocr_line' id='line_1_100' title="bbox 420 5327 1033 5399; baseline 0.005 -3"><span class='ocrx_word' id='word_1_751' title='bbox 420 5330 532 5396; x_wconf 76' lang='grc'>(12)</span> <span class='ocrx_word' id='word_1_752' title='bbox 566 5330 838 5399; x_wconf 65' lang='grc' dir='ltr'>Κρατησῃ-</span> <span class='ocrx_word' id='word_1_753' title='bbox 875 5327 1033 5399; x_wconf 76' lang='lat' dir='ltr'><strong>Reae</strong></span> 
     </span>
    </p>
   </div>
   <div class='ocr_carea' id='block_1_101' title="bbox 446 5398 1053 5468">
    <p class='ocr_par' dir='ltr' id='par_1_101' title="bbox 446 5398 1053 5468">
     <span class='ocr_line' id='line_1_101' title="bbox 446 5398 1053 5468; baseline 0 -14"><span class='ocrx_word' id='word_1_754' title='bbox 446 5401 533 5468; x_wconf 82' lang='grc'>13)</span> <span class='ocrx_word' id='word_1_755' title='bbox 567 5398 760 5452; x_wconf 85' lang='grc' dir='ltr'>Πλέον.</span> <span class='ocrx_word' id='word_1_756' title='bbox 794 5398 1053 5464; x_wconf 79' lang='lat' dir='ltr'><strong>Quatuer</strong></span> 
     </span>
    </p>
   </div>
   <div class='ocr_carea' id='block_1_102' title="bbox 421 5400 1187 5543">
    <p class='ocr_par' dir='ltr' id='par_1_102' title="bbox 421 5400 1187 5543">
     <span class='ocr_line' id='line_1_102' title="bbox 446 5400 1187 5468; baseline -0.004 -14"><span class='ocrx_word' id='word_1_757' title='bbox 446 5401 533 5468; x_wconf 82' lang='grc'>13)</span> <span class='ocrx_word' id='word_1_758' title='bbox 567 5400 760 5452; x_wconf 84' lang='grc' dir='ltr'>Πλέον.</span> <span class='ocrx_word' id='word_1_759' title='bbox 794 5402 1053 5464; x_wconf 86' lang='lat' dir='ltr'><strong>Quatuor</strong></span> <span class='ocrx_word' id='word_1_760' title='bbox 1083 5400 1187 5468; x_wconf 71' lang='lat' dir='ltr'><strong>Reg</strong></span> 
     </span>
     <span class='ocr_line' id='line_1_103' title="bbox 421 5400 1187 5543; baseline -0.003 -17"><span class='ocrx_word' id='word_1_761' title='bbox 421 5400 535 5537; x_wconf 72' lang='grc'>(14)</span> <span class='ocrx_word' id='word_1_762' title='bbox 567 5469 683 5543; x_wconf 56' lang='lat' dir='ltr'><strong>Agri.</strong></span> <span class='ocrx_word' id='word_1_763' title='bbox 721 5472 1073 5543; x_wconf 76' lang='lat' dir='ltr'><strong>Duo__R_egg.,</strong></span> <span class='ocrx_word' id='word_1_764' title='bbox 1110 5465 1187 5524; x_wconf 82' lang='grc' dir='ltr'><strong>δέ.</strong></span> 
     </span>
    </p>
   </div>
   <div class='ocr_carea' id='block_1_103' title="bbox 1040 5322 1895 5396">
    <p class='ocr_par' dir='ltr' id='par_1_103' title="bbox 1040 5322 1895 5396">
     <span class='ocr_line' id='line_1_104' title="bbox 1040 5322 1895 5396; baseline -0.004 -16"><span class='ocrx_word' id='word_1_765' title='bbox 1040 5368 1051 5380; x_wconf 95' lang='grc'><strong>.</strong></span> <span class='ocrx_word' id='word_1_766' title='bbox 1088 5324 1189 5396; x_wconf 93' lang='lat' dir='ltr'><strong>ph,</strong></span> <span class='ocrx_word' id='word_1_767' title='bbox 1221 5330 1278 5379; x_wconf 92' lang='lat' dir='ltr'><strong>et</strong></span> <span class='ocrx_word' id='word_1_768' title='bbox 1307 5323 1587 5396; x_wconf 82' lang='lat' dir='ltr'><strong>Gombef.,</strong></span> <span class='ocrx_word' id='word_1_769' title='bbox 1619 5322 1895 5396; x_wconf 72' lang='grc' dir='ltr'>κρατήσει.</span> 
     </span>
    </p>
   </div>
   <div class='ocr_carea' id='block_1_104' title="bbox 1132 5391 1531 5468">
    <p class='ocr_par' dir='ltr' id='par_1_104' title="bbox 1132 5391 1531 5468">
     <span class='ocr_line' id='line_1_105' title="bbox 1132 5391 1531 5468; baseline -0.008 -17"><span class='ocrx_word' id='word_1_770' title='bbox 1132 5391 1259 5468; x_wconf 73' lang='lat' dir='ltr'><strong>egg.</strong></span> <span class='ocrx_word' id='word_1_771' title='bbox 1271 5440 1285 5466; x_wconf 91' lang='lat'><strong>,</strong></span> <span class='ocrx_word' id='word_1_772' title='bbox 1318 5391 1508 5448; x_wconf 83' lang='grc' dir='ltr'>πλεῖον</span> <span class='ocrx_word' id='word_1_773' title='bbox 1520 5436 1531 5448; x_wconf 93' lang='grc'><em>.</em></span> 
     </span>
    </p>
   </div>
   <div class='ocr_carea' id='block_1_105' title="bbox 421 5535 2008 5613">
    <p class='ocr_par' dir='ltr' id='par_1_105' title="bbox 421 5535 2008 5613">
     <span class='ocr_line' id='line_1_106' title="bbox 421 5535 2008 5613; baseline -0.002 -18"><span class='ocrx_word' id='word_1_774' title='bbox 421 5535 535 5613; x_wconf 88' lang='grc'>(15)</span> <span class='ocrx_word' id='word_1_775' title='bbox 564 5537 677 5595; x_wconf 79' lang='grc' dir='ltr'>Οἷέι</span> <span class='ocrx_word' id='word_1_776' title='bbox 709 5560 779 5613; x_wconf 85' lang='grc' dir='ltr'><strong>με</strong></span> <span class='ocrx_word' id='word_1_777' title='bbox 827 5535 1026 5603; x_wconf 69' lang='grc' dir='ltr'>ἄλλῶξ</span> <span class='ocrx_word' id='word_1_778' title='bbox 1061 5560 1167 5608; x_wconf 88' lang='grc' dir='ltr'>σοι,</span> <span class='ocrx_word' id='word_1_779' title='bbox 1218 5544 1330 5613; x_wconf 74' lang='lat' dir='ltr'><strong>etc.</strong></span> <span class='ocrx_word' id='word_1_780' title='bbox 1383 5535 1575 5592; x_wconf 82' lang='lat' dir='ltr'><strong>Nobil.</strong></span> <span class='ocrx_word' id='word_1_781' title='bbox 1624 5558 1651 5585; x_wconf 87' lang='grc'><strong>‹‹</strong></span> <span class='ocrx_word' id='word_1_782' title='bbox 1686 5536 1884 5613; x_wconf 69' lang='lat' dir='ltr'><strong>Putas,</strong></span> <span class='ocrx_word' id='word_1_783' title='bbox 1918 5536 2008 5593; x_wconf 81' lang='lat' dir='ltr'><strong>in-</strong></span> 
     </span>
    </p>
   </div>
   <div class='ocr_carea' id='block_1_106' title="bbox 707 5562 2011 5686">
    <p class='ocr_par' dir='ltr' id='par_1_106' title="bbox 707 5562 2011 5686">
     <span class='ocr_line' id='line_1_107' title="bbox 755 5562 2008 5608; baseline -0.001 -15"><span class='ocrx_word' id='word_1_784' title='bbox 755 5562 779 5593; x_wconf 81' lang='grc' dir='ltr'><strong>ε</strong></span> <span class='ocrx_word' id='word_1_785' title='bbox 827 5562 1015 5603; x_wconf 75' lang='grc' dir='ltr'>αΛΛως</span> <span class='ocrx_word' id='word_1_786' title='bbox 1061 5562 1167 5608; x_wconf 86' lang='grc' dir='ltr'>σοι,</span> <span class='ocrx_word' id='word_1_787' title='bbox 1218 5562 1330 5595; x_wconf 67' lang='lat' dir='ltr'><strong>etc.</strong></span> <span class='ocrx_word' id='word_1_788' title='bbox 1384 5562 1575 5592; x_wconf 75' lang='lat' dir='ltr'><strong>noun.</strong></span> <span class='ocrx_word' id='word_1_789' title='bbox 1624 5562 1651 5585; x_wconf 75' lang='grc' dir='ltr'>ι(</span> <span class='ocrx_word' id='word_1_790' title='bbox 1686 5562 2008 5605; x_wconf 60' lang='lat' dir='ltr'><strong>ruat-1,”:-</strong></span> 
     </span>
     <span class='ocr_line' id='line_1_108' title="bbox 707 5562 2011 5686; baseline -0.001 -19"><span class='ocrx_word' id='word_1_791' title='bbox 707 5562 840 5668; x_wconf 72' lang='lat' dir='ltr'><strong>liter</strong></span> <span class='ocrx_word' id='word_1_792' title='bbox 886 5615 991 5669; x_wconf 92' lang='lat' dir='ltr'><strong>tibi</strong></span> <span class='ocrx_word' id='word_1_793' title='bbox 1049 5611 1447 5686; x_wconf 91' lang='lat' dir='ltr'><strong>respondisse,</strong></span> <span class='ocrx_word' id='word_1_794' title='bbox 1481 5624 1659 5679; x_wconf 88' lang='lat' dir='ltr'>quam</span> <span class='ocrx_word' id='word_1_795' title='bbox 1713 5614 1775 5662; x_wconf 91' lang='lat' dir='ltr'><strong>ut</strong></span> <span class='ocrx_word' id='word_1_796' title='bbox 1814 5610 2011 5678; x_wconf 82' lang='lat' dir='ltr'><strong>iustus</strong></span> 
     </span>
    </p>
   </div>
   <div class='ocr_carea' id='block_1_107' title="bbox 352 5616 699 5684">
    <p class='ocr_par' dir='ltr' id='par_1_107' title="bbox 352 5616 699 5684">
     <span class='ocr_line' id='line_1_109' title="bbox 352 5616 699 5684; baseline -0.003 -16"><span class='ocrx_word' id='word_1_797' title='bbox 352 5616 502 5684; x_wconf 89' lang='lat' dir='ltr'><strong>quit,</strong></span> <span class='ocrx_word' id='word_1_798' title='bbox 534 5630 626 5669; x_wconf 92' lang='lat' dir='ltr'><strong>me</strong></span> <span class='ocrx_word' id='word_1_799' title='bbox 671 5634 699 5668; x_wconf 87' lang='lat' dir='ltr'><strong>a</strong></span> 
     </span>
    </p>
   </div>
   <div class='ocr_carea' id='block_1_108' title="bbox 354 5702 721 5758">
    <p class='ocr_par' dir='ltr' id='par_1_108' title="bbox 354 5702 721 5758">
     <span class='ocr_line' id='line_1_110' title="bbox 354 5702 721 5758; baseline -0.022 -16"><span class='ocrx_word' id='word_1_800' title='bbox 354 5702 674 5758; x_wconf 46' lang='lat' dir='ltr'><strong>appaream</strong></span> <span class='ocrx_word' id='word_1_801' title='bbox 694 5707 721 5735; x_wconf 81' lang='grc'>››</span> 
     </span>
    </p>
   </div>
   <div class='ocr_carea' id='block_1_109' title="bbox 453 5749 1725 5835">
    <p class='ocr_par' dir='ltr' id='par_1_109' title="bbox 453 5749 1725 5835">
     <span class='ocr_line' id='line_1_111' title="bbox 453 5749 1725 5835; baseline -0.007 -20"><span class='ocrx_word' id='word_1_802' title='bbox 453 5758 540 5835; x_wconf 82' lang='grc'>16)</span> <span class='ocrx_word' id='word_1_803' title='bbox 571 5753 697 5815; x_wconf 82' lang='grc' dir='ltr'>Καί.</span> <span class='ocrx_word' id='word_1_804' title='bbox 728 5755 903 5815; x_wconf 85' lang='lat' dir='ltr'><strong>Deest</strong></span> <span class='ocrx_word' id='word_1_805' title='bbox 930 5755 989 5812; x_wconf 89' lang='lat' dir='ltr'><strong>in</strong></span> <span class='ocrx_word' id='word_1_806' title='bbox 1021 5756 1213 5814; x_wconf 89' lang='lat' dir='ltr'><strong>tribus</strong></span> <span class='ocrx_word' id='word_1_807' title='bbox 1248 5756 1424 5827; x_wconf 81' lang='lat' dir='ltr'><strong>Regg.</strong></span> <span class='ocrx_word' id='word_1_808' title='bbox 1456 5754 1513 5810; x_wconf 88' lang='lat' dir='ltr'><strong>et</strong></span> <span class='ocrx_word' id='word_1_809' title='bbox 1542 5749 1640 5809; x_wconf 90' lang='lat' dir='ltr'><strong>Or.</strong></span> <span class='ocrx_word' id='word_1_810' title='bbox 1675 5752 1725 5807; x_wconf 94' lang='grc'>1.</span> 
     </span>
    </p>
   </div>
   <div class='ocr_carea' id='block_1_110' title="bbox 2099 4705 3759 4781">
    <p class='ocr_par' dir='ltr' id='par_1_110' title="bbox 2099 4705 3759 4781">
     <span class='ocr_line' id='line_1_112' title="bbox 2099 4705 3759 4781; baseline 0.002 -21"><span class='ocrx_word' id='word_1_811' title='bbox 2099 4706 2327 4779; x_wconf 68' lang='lat' dir='ltr'><strong>[Egypti</strong></span> <span class='ocrx_word' id='word_1_812' title='bbox 2362 4705 2715 4760; x_wconf 88' lang='lat' dir='ltr'><strong>monasteria</strong></span> <span class='ocrx_word' id='word_1_813' title='bbox 2748 4723 2809 4760; x_wconf 91' lang='lat' dir='ltr'><strong>se</strong></span> <span class='ocrx_word' id='word_1_814' title='bbox 2841 4708 3100 4775; x_wconf 87' lang='lat' dir='ltr'><strong>confert;</strong></span> <span class='ocrx_word' id='word_1_815' title='bbox 3146 4709 3204 4764; x_wconf 92' lang='lat' dir='ltr'><strong>in</strong></span> <span class='ocrx_word' id='word_1_816' title='bbox 3240 4711 3457 4781; x_wconf 92' lang='lat' dir='ltr'><strong>quibus</strong></span> <span class='ocrx_word' id='word_1_817' title='bbox 3488 4711 3759 4765; x_wconf 88' lang='lat' dir='ltr'><strong>homines</strong></span> 
     </span>
    </p>
   </div>
   <div class='ocr_carea' id='block_1_111' title="bbox 2185 4885 3232 4964">
    <p class='ocr_par' dir='ltr' id='par_1_111' title="bbox 2185 4885 3232 4964">
     <span class='ocr_line' id='line_1_113' title="bbox 2185 4885 3232 4964; baseline 0 -17"><span class='ocrx_word' id='word_1_818' title='bbox 2185 4893 2294 4964; x_wconf 85' lang='grc'>(17)</span> <span class='ocrx_word' id='word_1_819' title='bbox 2328 4885 2625 4964; x_wconf 66' lang='grc' dir='ltr'>Διπλασίῳ.</span> <span class='ocrx_word' id='word_1_820' title='bbox 2659 4891 2831 4946; x_wconf 90' lang='lat' dir='ltr'><strong>Coisl.</strong></span> <span class='ocrx_word' id='word_1_821' title='bbox 2864 4895 2919 4959; x_wconf 87' lang='grc'>2,</span> <span class='ocrx_word' id='word_1_822' title='bbox 2953 4888 3232 4949; x_wconf 81' lang='grc' dir='ltr'>διπλάσια.</span> 
     </span>
    </p>
   </div>
   <div class='ocr_carea' id='block_1_112' title="bbox 2180 4916 3232 5036">
    <p class='ocr_par' dir='ltr' id='par_1_112' title="bbox 2180 4916 3232 5036">
     <span class='ocr_line' id='line_1_114' title="bbox 2208 4916 3232 4964; baseline 0.004 -19"><span class='ocrx_word' id='word_1_823' title='bbox 2208 4916 2294 4964; x_wconf 73' lang='lat' dir='ltr'><strong>ll)</strong></span> <span class='ocrx_word' id='word_1_824' title='bbox 2328 4916 2625 4961; x_wconf 68' lang='grc' dir='ltr'>ΔιπΛσισιῳ.</span> <span class='ocrx_word' id='word_1_825' title='bbox 2659 4916 2831 4946; x_wconf 61' lang='grc' dir='ltr'>υυιδι.</span> <span class='ocrx_word' id='word_1_826' title='bbox 2865 4916 2919 4959; x_wconf 57' lang='grc' dir='ltr'><strong>ἦ,</strong></span> <span class='ocrx_word' id='word_1_827' title='bbox 2953 4916 3232 4949; x_wconf 72' lang='grc' dir='ltr'>οιπΛασια.</span> 
     </span>
     <span class='ocr_line' id='line_1_115' title="bbox 2180 4916 3232 5036; baseline 0.004 -18"><span class='ocrx_word' id='word_1_828' title='bbox 2180 4916 2409 5036; x_wconf 71' lang='grc' dir='ltr'>(18)Εἷ.</span> <span class='ocrx_word' id='word_1_829' title='bbox 2456 4961 2557 5036; x_wconf 81' lang='lat' dir='ltr'><strong>Sic</strong></span> <span class='ocrx_word' id='word_1_830' title='bbox 2606 4970 2723 5018; x_wconf 91' lang='lat' dir='ltr'><strong>tres</strong></span> <span class='ocrx_word' id='word_1_831' title='bbox 2775 4964 2977 5036; x_wconf 77' lang='lat' dir='ltr'><strong>Regg,,</strong></span> <span class='ocrx_word' id='word_1_832' title='bbox 3028 4968 3121 5021; x_wconf 90' lang='lat' dir='ltr'><strong>0r.</strong></span> <span class='ocrx_word' id='word_1_833' title='bbox 3182 4969 3232 5035; x_wconf 91' lang='grc'><strong>1,</strong></span> 
     </span>
    </p>
   </div>
   <div class='ocr_carea' id='block_1_113' title="bbox 2112 5034 2496 5091">
    <p class='ocr_par' dir='ltr' id='par_1_113' title="bbox 2112 5034 2496 5091">
     <span class='ocr_line' id='line_1_116' title="bbox 2112 5034 2496 5091; baseline -0.016 1"><span class='ocrx_word' id='word_1_834' title='bbox 2112 5036 2284 5091; x_wconf 89' lang='lat' dir='ltr'><strong>Deest</strong></span> <span class='ocrx_word' id='word_1_835' title='bbox 2313 5034 2371 5089; x_wconf 91' lang='lat' dir='ltr'>in</span> <span class='ocrx_word' id='word_1_836' title='bbox 2405 5034 2496 5087; x_wconf 88' lang='lat' dir='ltr'><strong>ed.</strong></span> 
     </span>
    </p>
   </div>
   <div class='ocr_carea' id='block_1_114' title="bbox 2186 5106 3252 5177">
    <p class='ocr_par' dir='ltr' id='par_1_114' title="bbox 2186 5106 3252 5177">
     <span class='ocr_line' id='line_1_117' title="bbox 2186 5106 3252 5177; baseline 0.003 -16"><span class='ocrx_word' id='word_1_837' title='bbox 2186 5109 2298 5177; x_wconf 76' lang='lat'><strong>(19)</strong></span> <span class='ocrx_word' id='word_1_838' title='bbox 2330 5111 2411 5177; x_wconf 79' lang='grc' dir='ltr'><strong>Γε.</strong></span> <span class='ocrx_word' id='word_1_839' title='bbox 2448 5106 2541 5177; x_wconf 88' lang='lat' dir='ltr'><strong>Sic</strong></span> <span class='ocrx_word' id='word_1_840' title='bbox 2574 5106 2747 5176; x_wconf 83' lang='lat' dir='ltr'><strong>Regg.</strong></span> <span class='ocrx_word' id='word_1_841' title='bbox 2784 5123 2835 5160; x_wconf 92' lang='lat' dir='ltr'><strong>a.</strong></span> <span class='ocrx_word' id='word_1_842' title='bbox 2876 5109 3039 5163; x_wconf 84' lang='lat' dir='ltr'><strong>Deest</strong></span> <span class='ocrx_word' id='word_1_843' title='bbox 3070 5108 3128 5163; x_wconf 92' lang='lat' dir='ltr'><strong>in</strong></span> <span class='ocrx_word' id='word_1_844' title='bbox 3161 5110 3252 5164; x_wconf 89' lang='lat' dir='ltr'><strong>ed.</strong></span> 
     </span>
    </p>
   </div>
   <div class='ocr_carea' id='block_1_115' title="bbox 2186 5175 3770 5250">
    <p class='ocr_par' dir='ltr' id='par_1_115' title="bbox 2186 5175 3770 5250">
     <span class='ocr_line' id='line_1_118' title="bbox 2186 5175 3770 5250; baseline 0.001 -17"><span class='ocrx_word' id='word_1_845' title='bbox 2186 5175 2299 5250; x_wconf 87' lang='grc'>(20)</span> <span class='ocrx_word' id='word_1_846' title='bbox 2333 5175 2413 5230; x_wconf 76' lang='grc' dir='ltr'><strong>Εἰ.</strong></span> <span class='ocrx_word' id='word_1_847' title='bbox 2447 5176 2540 5231; x_wconf 88' lang='lat' dir='ltr'><strong>Sic</strong></span> <span class='ocrx_word' id='word_1_848' title='bbox 2574 5176 2749 5250; x_wconf 81' lang='lat' dir='ltr'><strong>Regg.</strong></span> <span class='ocrx_word' id='word_1_849' title='bbox 2786 5196 2839 5243; x_wconf 91' lang='lat' dir='ltr'><strong>a,</strong></span> <span class='ocrx_word' id='word_1_850' title='bbox 2874 5196 2923 5243; x_wconf 93' lang='lat' dir='ltr'><strong>c,</strong></span> <span class='ocrx_word' id='word_1_851' title='bbox 2957 5182 3013 5248; x_wconf 92' lang='lat' dir='ltr'><strong>d,</strong></span> <span class='ocrx_word' id='word_1_852' title='bbox 3048 5180 3222 5237; x_wconf 90' lang='lat' dir='ltr'><strong>Coisl.</strong></span> <span class='ocrx_word' id='word_1_853' title='bbox 3256 5184 3308 5249; x_wconf 88' lang='grc'><strong>1,</strong></span> <span class='ocrx_word' id='word_1_854' title='bbox 3343 5181 3437 5237; x_wconf 94' lang='lat' dir='ltr'><strong>Or.</strong></span> <span class='ocrx_word' id='word_1_855' title='bbox 3474 5184 3525 5247; x_wconf 91' lang='grc'><strong>1,</strong></span> <span class='ocrx_word' id='word_1_856' title='bbox 3560 5180 3687 5235; x_wconf 89' lang='lat' dir='ltr'><strong>Par.</strong></span> <span class='ocrx_word' id='word_1_857' title='bbox 3713 5183 3770 5235; x_wconf 87' lang='lat' dir='ltr'><strong>et</strong></span> 
     </span>
    </p>
   </div>
   <div class='ocr_carea' id='block_1_116' title="bbox 2116 5249 2793 5307">
    <p class='ocr_par' dir='ltr' id='par_1_116' title="bbox 2116 5249 2793 5307">
     <span class='ocr_line' id='line_1_119' title="bbox 2116 5249 2793 5307; baseline -0.006 0"><span class='ocrx_word' id='word_1_858' title='bbox 2116 5250 2373 5307; x_wconf 84' lang='lat' dir='ltr'><strong>Combef.</strong></span> <span class='ocrx_word' id='word_1_859' title='bbox 2415 5250 2581 5303; x_wconf 81' lang='lat' dir='ltr'><strong>Deest</strong></span> <span class='ocrx_word' id='word_1_860' title='bbox 2617 5249 2671 5301; x_wconf 90' lang='lat' dir='ltr'><strong>in</strong></span> <span class='ocrx_word' id='word_1_861' title='bbox 2702 5251 2793 5303; x_wconf 84' lang='lat' dir='ltr'><strong>ed.</strong></span> 
     </span>
    </p>
   </div>
   <div class='ocr_carea' id='block_1_117' title="bbox 2188 5315 3767 5397">
    <p class='ocr_par' dir='ltr' id='par_1_117' title="bbox 2188 5315 3767 5397">
     <span class='ocr_line' id='line_1_120' title="bbox 2188 5315 3767 5397; baseline 0.001 -22"><span class='ocrx_word' id='word_1_862' title='bbox 2188 5315 2653 5397; x_wconf 59' lang='lat' dir='ltr'><strong>(2l)&lt;l&gt;u*{c16_e_iav.</strong></span> <span class='ocrx_word' id='word_1_863' title='bbox 2710 5321 2803 5375; x_wconf 90' lang='lat' dir='ltr'><strong>Sic</strong></span> <span class='ocrx_word' id='word_1_864' title='bbox 2844 5326 3097 5390; x_wconf 91' lang='lat' dir='ltr'><strong>quatuor</strong></span> <span class='ocrx_word' id='word_1_865' title='bbox 3148 5324 3349 5397; x_wconf 83' lang='lat' dir='ltr'><strong>Regg.,</strong></span> <span class='ocrx_word' id='word_1_866' title='bbox 3407 5323 3605 5392; x_wconf 84' lang='lat' dir='ltr'><strong>Basil.,</strong></span> <span class='ocrx_word' id='word_1_867' title='bbox 3657 5328 3767 5378; x_wconf 90' lang='lat' dir='ltr'><strong>etc.</strong></span> 
     </span>
    </p>
   </div>
   <div class='ocr_carea' id='block_1_118' title="bbox 2119 5389 2636 5465">
    <p class='ocr_par' dir='ltr' id='par_1_118' title="bbox 2119 5389 2636 5465">
     <span class='ocr_line' id='line_1_121' title="bbox 2119 5389 2636 5465; baseline -0.014 -16"><span class='ocrx_word' id='word_1_868' title='bbox 2119 5394 2181 5449; x_wconf 92' lang='lat' dir='ltr'><strong>In</strong></span> <span class='ocrx_word' id='word_1_869' title='bbox 2200 5389 2323 5458; x_wconf 4' lang='lat' dir='ltr'><strong>Sed.”</strong></span> <span class='ocrx_word' id='word_1_870' title='bbox 2360 5389 2636 5465; x_wconf 56' lang='grc' dir='ltr'>φυγαδίαν,</span> 
     </span>
    </p>
   </div>
   <div class='ocr_carea' id='block_1_119' title="bbox 2190 5446 3773 5536">
    <p class='ocr_par' dir='ltr' id='par_1_119' title="bbox 2190 5446 3773 5536">
     <span class='ocr_line' id='line_1_122' title="bbox 2190 5446 3773 5536; baseline 0.013 -25"><span class='ocrx_word' id='word_1_871' title='bbox 2531 5460 2647 5536; x_wconf 82' lang='grc' dir='ltr'>κατ’</span> <span class='ocrx_word' id='word_1_872' title='bbox 2702 5458 2999 5536; x_wconf 46' lang='grc' dir='ltr'>Αῗίγυπτον.</span> <span class='ocrx_word' id='word_1_873' title='bbox 3063 5467 3237 5522; x_wconf 79' lang='lat' dir='ltr'><strong>Addit</strong></span> <span class='ocrx_word' id='word_1_874' title='bbox 3290 5468 3542 5533; x_wconf 81' lang='lat' dir='ltr'><strong>Nicetes,</strong></span> <span class='ocrx_word' id='word_1_875' title='bbox 3604 5466 3773 5531; x_wconf 82' lang='grc' dir='ltr'>ἀσκη··</span> 
     </span>
    </p>
   </div>
   <div class='ocr_carea' id='block_1_120' title="bbox 2116 5534 3769 5608">
    <p class='ocr_par' dir='ltr' id='par_1_120' title="bbox 2116 5534 3769 5608">
     <span class='ocr_line' id='line_1_123' title="bbox 2116 5534 3769 5608; baseline 0.002 -20"><span class='ocrx_word' id='word_1_876' title='bbox 2116 5534 2245 5591; x_wconf 82' lang='grc' dir='ltr'>τῶν.</span> <span class='ocrx_word' id='word_1_877' title='bbox 2290 5555 2311 5583; x_wconf 73' lang='grc' dir='ltr'><strong><em>α</em></strong></span> <span class='ocrx_word' id='word_1_878' title='bbox 2340 5534 2685 5608; x_wconf 51' lang='lat' dir='ltr'><strong>Exercenda</strong></span> <span class='ocrx_word' id='word_1_879' title='bbox 2722 5535 2953 5608; x_wconf 81' lang='lat' dir='ltr'><strong>pietatis</strong></span> <span class='ocrx_word' id='word_1_880' title='bbox 2982 5538 3309 5608; x_wconf 83' lang='lat' dir='ltr'><strong>gymnasia.</strong></span> <span class='ocrx_word' id='word_1_881' title='bbox 3344 5560 3370 5588; x_wconf 77' lang='grc' dir='ltr'>ι</span> <span class='ocrx_word' id='word_1_882' title='bbox 3425 5540 3545 5593; x_wconf 84' lang='lat' dir='ltr'><strong>Non</strong></span> <span class='ocrx_word' id='word_1_883' title='bbox 3581 5537 3769 5601; x_wconf 79' lang='lat' dir='ltr'><strong>male;</strong></span> 
     </span>
    </p>
   </div>
   <div class='ocr_carea' id='block_1_121' title="bbox 2121 5606 3771 5677">
    <p class='ocr_par' dir='ltr' id='par_1_121' title="bbox 2121 5606 3771 5677">
     <span class='ocr_line' id='line_1_124' title="bbox 2121 5606 3771 5677; baseline -0.002 -13"><span class='ocrx_word' id='word_1_884' title='bbox 2121 5608 2437 5677; x_wconf 86' lang='lat' dir='ltr'><strong>Gregorius</strong></span> <span class='ocrx_word' id='word_1_885' title='bbox 2469 5606 2761 5677; x_wconf 91' lang='lat' dir='ltr'><strong>siquidem</strong></span> <span class='ocrx_word' id='word_1_886' title='bbox 2793 5606 2903 5663; x_wconf 83' lang='lat' dir='ltr'><strong>hac</strong></span> <span class='ocrx_word' id='word_1_887' title='bbox 2934 5606 3070 5666; x_wconf 68' lang='lat' dir='ltr'><strong>vade</strong></span> <span class='ocrx_word' id='word_1_888' title='bbox 3101 5632 3129 5663; x_wconf 81' lang='grc' dir='ltr'>ι(</span> <span class='ocrx_word' id='word_1_889' title='bbox 3162 5610 3456 5671; x_wconf 80' lang='lat' dir='ltr'><strong>solitarius</strong></span> <span class='ocrx_word' id='word_1_890' title='bbox 3480 5618 3538 5668; x_wconf 82' lang='lat' dir='ltr'><strong>et</strong></span> <span class='ocrx_word' id='word_1_891' title='bbox 3565 5610 3771 5667; x_wconf 41' lang='lat' dir='ltr'><strong>eremi‘</strong></span> 
     </span>
    </p>
   </div>
   <div class='ocr_carea' id='block_1_122' title="bbox 2119 5626 2527 5754">
    <p class='ocr_par' dir='ltr' id='par_1_122' title="bbox 2119 5626 2527 5754">
     <span class='ocr_line' id='line_1_125' title="bbox 2121 5626 2527 5734; baseline -0.01 -70"><span class='ocrx_word' id='word_1_892' title='bbox 2121 5626 2437 5734; x_wconf 54' lang='lat' dir='ltr'><strong>uregiorius</strong></span> <span class='ocrx_word' id='word_1_893' title='bbox 2469 5626 2527 5662; x_wconf 68' lang='grc' dir='ltr'><strong>81η</strong></span> 
     </span>
     <span class='ocr_line' id='line_1_126' title="bbox 2119 5680 2527 5754; baseline -0.005 -19"><span class='ocrx_word' id='word_1_894' title='bbox 2119 5685 2212 5737; x_wconf 90' lang='lat' dir='ltr'><strong>tas</strong></span> <span class='ocrx_word' id='word_1_895' title='bbox 2282 5680 2362 5735; x_wconf 89' lang='lat' dir='ltr'><strong>esi</strong></span> <span class='ocrx_word' id='word_1_896' title='bbox 2370 5684 2527 5754; x_wconf 88' lang='lat' dir='ltr'><strong>gnat.</strong></span> 
     </span>
    </p>
   </div>
   <div class='ocr_carea' id='block_1_123' title="bbox 3282 4970 3761 5038">
    <p class='ocr_par' dir='ltr' id='par_1_123' title="bbox 3282 4970 3761 5038">
     <span class='ocr_line' id='line_1_127' title="bbox 3282 4970 3761 5038; baseline 0 -17"><span class='ocrx_word' id='word_1_897' title='bbox 3282 4972 3411 5022; x_wconf 85' lang='lat' dir='ltr'><strong>Par.</strong></span> <span class='ocrx_word' id='word_1_898' title='bbox 3461 4970 3605 5038; x_wconf 83' lang='lat' dir='ltr'><strong>Jes.,</strong></span> <span class='ocrx_word' id='word_1_899' title='bbox 3651 4970 3761 5022; x_wconf 89' lang='lat' dir='ltr'><strong>ete.</strong></span> 
     </span>
    </p>
   </div>
  </div>
