4110 6416
385 387 540 447 1103

1627 378 1691 437 S.
1740 374 2115 438 GREGORII
2160 376 2558 439 THEOLOGI

3650 378 3810 443 1104

382 540 415 577 a
446 521 665 577 mundo
697 535 759 576 se
810 517 1231 583 distrahentes,
1268 532 1333 570 ac
1383 513 1762 569 solitudinem
1812 509 2035 581 ample-

2158 508 2398 585 ρομὲνων
2432 509 2482 563 ἐν
2519 512 2751 583 σώματι⁸
2789 514 2839 567 oi
2894 513 2987 587 μὶν
3038 513 3130 568 τὸν
3190 515 3362 583 πάντη
3422 513 3712 587 μοναδικόν
3755 536 3815 570 τι

383 616 627 674 ctentes,
688 610 807 665 Deo
861 608 1087 674 vivunt,
1121 605 1309 677 magis
1361 620 1535 674 quam
1588 601 1775 657 caeteri
1809 615 2034 667 omnes,

384 700 484 773 qui
515 699 575 756 in
607 715 850 771 corpore
878 701 1205 752 versantur.
1242 692 1351 748 Alii
1386 693 1622 764 quidem
1654 690 1833 745 vitam
1869 705 2038 760 pror-

383 808 486 848 sus
516 788 866 851 solitariam,
899 790 955 842 et
984 786 1055 840 ab
1092 784 1395 839 hominum
1443 781 1719 837 societate
1752 782 2036 834 remotam

383 883 589 953 agunt,
622 878 713 934 sui
743 877 1007 947 ipsorum
1040 878 1268 929 tantum
1302 876 1358 926 et
1384 870 1483 926 Dei
1514 868 1804 941 colloquio
1838 868 2035 923 fruen-

382 973 491 1041 tes,
526 973 702 1040 atque
732 966 883 1022 hanc
912 966 1198 1019 duntaxat
1224 966 1390 1017 terrae
1423 965 1645 1031 partem
1678 974 1781 1029 pro
1815 956 2037 1010 mundo

380 1059 685 1124 habentes,
707 1071 883 1128 quam
915 1054 974 1109 in
1006 1050 1325 1109 solitudine
1350 1048 1645 1121 cognitam
1679 1042 2033 1101 habent.Alii

382 1153 578 1204 autem
606 1144 913 1202 charitatis
944 1142 1130 1215 legem
1156 1157 1257 1213 per
1278 1136 1751 1195 communionem
1775 1138 1831 1189 et
1856 1132 2037 1189 socie-

384 1241 562 1294 tatem
586 1235 864 1299 colentes,
892 1230 1137 1288 solitarii
1160 1229 1334 1286 simul
1368 1232 1427 1283 et
1457 1226 1756 1282 coenobitae
1780 1228 1938 1290 sunt,
1970 1238 2035 1277 ac

384 1327 601 1384 mortui
632 1324 872 1397 quidem
905 1321 1125 1377 caeteris
1154 1318 1518 1382 hominibus,
1542 1321 1600 1371 et
1631 1312 1879 1387 negotiis
1910 1328 2034 1367 om-

384 1418 580 1485 nibus,
613 1430 744 1487 quae
773 1412 833 1467 in
866 1411 1058 1467 medio
1088 1410 1422 1475 volvuntur,
1456 1407 1807 1473 versantque
1858 1400 2037 1456 simul

378 1510 438 1563 et
492 1508 823 1573 versantur,
864 1517 929 1557 ac
960 1500 1131 1556 nobis
1182 1515 1284 1570 per
1322 1495 1658 1567 repentinas
1688 1498 1745 1548 et
1801 1491 2036 1547 crebras

377 1595 737 1653 mutationes
783 1593 1175 1663 imposturam
1217 1586 1463 1651 faciunt,
1497 1584 1609 1640 sibi
1661 1582 1808 1654 ipsis
1841 1584 2036 1636 autem

376 1685 628 1742 invicem
662 1681 871 1738 mundi
922 1680 1045 1735 loco
1103 1681 1263 1745 sunt,
1299 1692 1364 1731 ac
1397 1690 1501 1747 per
1539 1671 2036 1743 comparationem

380 1773 795 1843 mutuo‘ﬁinter
845 1786 907 1825 se
937 1769 1211 1823 virtutem
1264 1766 1484 1820 acuunt
1523 1767 1579 1818 et
1635 1758 2035 1816 exstimulant.

2150 598 2239 651 xui
2273 596 2499 670 ἄμικτον
2536 597 2882 664 διαθλοῢντες
2938 603 3076 676 βίον,
3128 602 3340 665 ἑαυτοῖς
3404 603 3593 677 μόνοις
3643 624 3811 680 προσ-

2151 683 2449 750 λαλοῦντες
2498 695 2586 743 xui
2634 695 2713 762 τῷ
2765 696 2900 763 Θεῷ,
2948 692 3037 746 xui
3086 690 3247 747 τοῦτο
3303 692 3461 766 μόνον
3495 693 3700 766 κόσμον
3735 693 3814 748 εἷ’-

2152 772 2325 847 δότες,
2378 777 2501 831 ὅσον
2558 778 2609 833 έν
2661 785 2727 854 τῇ
2777 781 2982 855 ἐρημίᾳ
3034 782 3405 858 γνωρίζουσιν·
3447 784 3498 837 oi
3548 780 3604 837 δὲ
3643 784 3814 855 νόμον

2152 866 2370 939 ἀγάπης
2426 872 2495 940 τῇ
2555 870 2815 942 κοινωνίᾳ
2871 873 2989 943 (23)
3051 871 3383 946 στέργοντες,
3441 872 3704 945 έρημικοί
3752 894 3815 927 τι

2153 954 2293 1026 ὁμοῦ
2337 956 2426 1009 καὶ
2489 956 2733 1033 μιγάδες,
2792 965 2909 1015 τοῖς
2969 962 3063 1033 μὲν
3125 959 3318 1023 ἄλλοις
3368 961 3687 1031 τεθνηκότες
3719 961 3810 1015 ἆν-

2154 1045 2395 1115 θρώποις
2454 1048 2542 1100 καὶ
2600 1050 2958 1123 πράγμασιν,
3020 1049 3118 1104 ὅσα
3178 1049 3229 1103 ἐν
3295 1051 3443 1123 μέσῳ
3500 1050 3810 1128 περιφέρε-

2151 1153 2236 1186 ται
2293 1136 2429 1207 (24),
2481 1133 2814 1213 στροϐοὖντά
2862 1160 2921 1193 τε
2970 1140 3058 1194 καὶ
3110 1135 3508 1215 στροϐοόμενα,
3552 1140 3641 1195 καὶ
3687 1140 3811 1195 παί-

2152 1225 2307 1290 ζοντα
2337 1226 2484 1296 ἡμᾶς
2534 1232 2652 1289 ταῖς
2700 1223 3097 1305 ἀγχιστρόφοις
3133 1224 3485 1301 μεταϐολαῖς,
3532 1227 3809 1299 ἀλλήλοις

2150 1308 2206 1365 δὲ
2254 1312 2461 1387 κόσμος
2513 1310 2685 1388 ὄντες,
2745 1318 2835 1372 καὶ
2882 1317 2952 1391 τῇ
2996 1319 3285 1394 παραθέσει
3335 1318 3431 1386 τὴν
3466 1317 3660 1391 ἀρετήν
3710 1321 3811 1389 θή-

2149 1422 2355 1477 γοντες.
2406 1403 2635 1466 Τούτοις
2686 1405 2962 1477 ὁμιλήσας
3013 1408 3041 1461 ὁ
3094 1408 3259 1483 μέγας
3314 1407 3629 1470 Ἀθανάσιος
3674 1408 3811 1480 (25),

2153 1489 2331 1563 ὥσπερ
2382 1496 2488 1546 τῶν
2542 1492 2729 1548 ἄλλων
2778 1494 3027 1549 ἁπάντων
3084 1498 3308 1569 μεσίτης
3341 1495 3429 1549 καὶ
3476 1492 3814 1564 διαλλακτὴς

2151 1581 2265 1647 ἦν,
2324 1580 2415 1634 τὸν
2478 1582 2977 1657 εἶρηνοποιήσαντα
3033 1583 3114 1657 τῷ
3184 1583 3373 1657 αἵματι
3428 1585 3492 1638 τὰ
3550 1582 3817 1640 διεστῶτα

2157 1668 2520 1743 μιμούμενος·
2570 1671 2713 1726 οὕτω
2762 1673 2851 1726 καὶ
2907 1674 2999 1727 τὸν
3057 1673 3323 1749 έρημικὸν
3384 1676 3496 1747 (26)
3560 1673 3673 1749 βίον
3731 1678 3811 1747 τῷ

2151 1759 2458 1830 κοινωνικῴ
2505 1759 2887 1816 καταλλάττει’
2944 1759 3173 1835 δεικνὺς,
3222 1762 3304 1817 ὅτι
3354 1758 3465 1817 ἔστι
3507 1761 3596 1816 καὶ
3642 1763 3810 1836 ὸερω-

384 1865 530 1921 Cum
560 1862 656 1918 bis
688 1858 1176 1915 consuetudinem
1222 1855 1446 1909 habens
1490 1868 1743 1923 magnus
1776 1848 2037 1903 Athana-

2158 1845 2287 1950 τύνη,
2312 1851 2424 1921 (27)
2476 1849 2801 1928 φιλόσοφος,
2851 1850 2940 1905 καὶ
2988 1849 3285 1929 φιλοσοφία
3334 1848 3565 1923 δεομένη
3612 1872 3810 1924 μυστα-

386 1953 533 2020 sius,
568 1956 633 2007 ut
660 1948 925 2005 omnium
960 1946 1211 2001 aliarum
1242 1959 1438 1999 rerum
1489 1944 1789 2011 sequester
1817 1942 1874 1992 et
1902 1953 2041 1991 con-

2151 1936 2373 2012 γωγίας.

383 2041 612 2097 ciliator
640 2042 784 2108 erat,
818 2036 977 2091 illius
1009 2034 1231 2089 scilicet
1262 2030 1593 2102 exemplum
1626 2044 1900 2100 sequens,
1933 2025 2086 2081 398
2120 2027 2219 2095 qui
2269 2045 2369 2099 per
2403 2032 2751 2101 sanguinem
2780 2050 2953 2087 suum
2987 2051 3073 2098 ea,
3109 2050 3238 2105 quae
3271 2034 3421 2088 inter
3452 2051 3512 2089 se
3546 2034 3803 2088 disside-

381 2130 544 2197 bant,
578 2126 926 2201 paciﬁcavit,
958 2126 1041 2179 ita
1072 2123 1395 2179 solitariam
1429 2136 1654 2191 quoque
1681 2122 1857 2171 vitam
1891 2132 2023 2169 cum
2078 2117 2412 2173 coenobiaca
2439 2118 2496 2173 in
2531 2122 2780 2191 gratiam
2816 2123 3074 2187 reducit;
3109 2122 3251 2176 illud
3302 2122 3583 2177 nimirum
3617 2128 3811 2177 osten-

380 2220 550 2285 dens,
581 2222 639 2273 et
668 2214 1060 2273 sacerdotium
1093 2210 1473 2284 pbi1050pbiae
1509 2210 1752 2263 minime
1794 2222 1996 2276 expers
2029 2220 2179 2273 esse,
2213 2211 2270 2261 et
2302 2208 2735 2280 philosophiam
2769 2212 2917 2266 sacri
2951 2210 3232 2267 antistitis
3263 2212 3633 2267 institutione
3664 2228 3811 2283 opus

385 2309 622 2364 habere.

455 2397 572 2452 XX.
634 2396 729 2452 Sic
783 2394 941 2450 enim
1001 2394 1121 2447 bazc
1165 2393 1304 2457 duo,
1338 2391 1443 2445 hoc
1496 2394 1605 2459 est,
1660 2384 2043 2456 tranquillam

392 2487 685 2543 actionem
719 2488 775 2541 et
823 2488 1127 2540 actuosam
1158 2479 1661 2551 "tranquillitatem
1686 2475 2045 2533 consociavit

396 2579 454 2632 et
504 2573 817 2648 copulavit,
881 2578 944 2627 ut
1011 2587 1362 2644 persuasum
1420 2567 1697 2624 omnibus
1756 2567 2043 2631 redderet,

384 2664 690 2721 monaticas
722 2662 850 2718 vitae
883 2660 1308 2734 professionem
1361 2674 1593 2713 morum
1627 2654 1819 2727 potius
1853 2653 2041 2725 gravi.-

380 2758 501 2811 tate
550 2758 608 2810 et
654 2752 1006 2817 constantia,
1041 2766 1215 2819 quam
1262 2747 1523 2819 corporis
1573 2744 1901 2800 secessione
1946 2760 2042 2798 ex-

381 2844 557 2916 primi
586 2848 760 2915 atque
792 2838 1085 2913 insigniri.
1122 2839 1185 2893 In
1232 2854 1410 2909 quam
1459 2837 1634 2891 etiam
1692 2833 2042 2889 sententiam

385 2949 639 3006 magnus
671 2931 767 2987 ille
795 2930 976 2987 David
1004 2928 1182 2984 simul
1206 2932 1263 2982 et
1292 2929 1468 2982 rebus
1501 2924 1746 2997 agendis
1778 2939 2042 2977 summo-

387 3038 524 3095 pere
554 3021 788 3077 deditus
836 3023 980 3085 erat,
1027 3022 1084 3074 et
1132 3033 1413 3088 perquam
1472 3014 1810 3079 solitarius;
1847 3014 1893 3067 si
1948 3010 2039 3066 cui

388 3117 589 3167 tamen
634 3110 783 3165 illud
831 3126 843 3164 :
895 3107 1272 3175 Singulariter
1309 3122 1433 3160 sum
1480 3120 1600 3173 ego,
1646 3103 1815 3157 donec
1863 3111 2040 3156 tram-

387 3217 511 3256 eam
540 3200 606 3268 ⁸ο,
640 3200 712 3254 ad
745 3198 925 3267 hujus
965 3195 1105 3250 dicti
1152 3193 1690 3266 comprobationem
1731 3193 2040 3247 conlirma-

392 3288 730 3360 tionemque
752 3286 983 3359 pondus
1001 3300 1282 3355 magnum
1305 3283 1519 3336 habere
1541 3282 2042 3347 videatur.Quam-

394 3379 620 3446 obrem,
654 3377 753 3448 qui
785 3375 930 3431 alios
968 3375 1184 3428 virtute
1222 3372 1546 3441 anteibant,
1578 3370 1755 3425 iidem
1789 3371 1860 3424 ab
1891 3370 2050 3424 illius

397 3471 593 3523 mente
619 3465 870 3537 longiori
903 3463 1208 3519 intervallo
1241 3464 1503 3528 aberant,
1539 3476 1715 3531 quam
1750 3476 1865 3530 quo
1917 3458 2049 3514 reli-

394 3573 541 3629 quos
575 3555 1033 3620 antecedebant;
1069 3556 1243 3624 atque
1285 3551 1356 3606 ad
1406 3549 1716 3605 sacerdotii
1750 3550 2050 3621 perfectio-

394 3662 530 3702 nem
577 3660 763 3717 pauoa
811 3644 1197 3709 conferentes,
1236 3639 1418 3695 multo
1470 3638 1641 3711 plura
1685 3640 1756 3693 ad
1790 3638 2049 3710 philoso-

392 3734 547 3807 phiae
576 3732 892 3788 utilitatem
925 3729 1304 3802 recipiebant,
1336 3732 1690 3799 tantumque
1733 3728 1784 3784 ei
1829 3728 2051 3783 tribue-

400 3824 566 3889 bant,
600 3827 664 3877 ut
693 3820 981 3893 quidquid
1017 3817 1123 3890 ipsi
1160 3817 1496 3890 placuisset,
1540 3834 1642 3889 pro
1691 3816 1815 3889 lege
1870 3817 2051 3872 habe-

402 3916 551 3982 rent,
605 3927 670 3967 ac
716 3927 923 3965 rursus
972 3910 1214 3964 vetitum
1268 3906 1379 3962 sibi
1428 3912 1603 3978 atque
1648 3906 2050 3973 interdictum,

402 4000 691 4073 quidquid
717 3999 815 4055 ille
843 3998 1137 4054 sententia
1168 4013 1275 4051 sua
1304 3996 1719 4067 improbasset,
1752 3996 2051 4053 existima-

400 4094 549 4160 rent,
584 4090 862 4162 illiusque
893 4088 1125 4142 decreta
1155 4102 1259 4157 pro
1310 4085 1581 4140 Mosaicis
1614 4085 1831 4139 tabulis
1882 4087 2053 4141 duce-

396 4186 549 4247 rent,
608 4196 674 4233 ac
732 4177 963 4249 majori,
1024 4192 1201 4247 quam
1263 4191 1391 4245 quae
1423 4175 1651 4230 sanctis
1684 4174 1822 4229 viris
1856 4176 2051 4231 deberi

394 4270 682 4339 videatur,
703 4268 893 4340 ipsius
913 4264 1285 4321 veneratione
1316 4264 1710 4318 afficerentur.
1734 4264 1881 4318 Nam
1914 4281 2050 4320 cum

395 4356 638 4430 quidam
670 4373 736 4412 eo
767 4373 829 4411 se
855 4353 1260 4416 contulissent,
1286 4355 1350 4405 ut
1379 4351 1541 4422 pium
1566 4352 1779 4417 virum,
1812 4352 2052 4424 perinde

395 4462 461 4502 ac
491 4446 675 4501 feram
705 4444 1048 4516 quamdam,
1083 4440 1460 4511 vestigarent,
1496 4456 1599 4494 nec
1640 4457 1773 4496 eum
1827 4444 2050 4514 passim

394 4533 705 4606 quaesitum
739 4532 1087 4600 invenirent,
1122 4545 1192 4584 ne
1223 4528 1606 4600 alloquendos
1655 4530 1895 4600 quidem
1927 4549 2048 4604 eos,

2230 2386 2301 2441 K'.
2361 2385 2514 2439 Οὕτω
2589 2387 2689 2462 γὰρ
2774 2388 3056 2465 ἀμφότερα
3114 2387 3529 2462 συνηρμόσατο,
3588 2385 3675 2440 καὶ
3736 2383 3811 2447 εἷς

2154 2471 2208 2526 ἓν
2266 2470 2434 2549 ἤγαγε
2637 2522 2649 2545 ,
2710 2476 2801 2529 καὶ
2859 2477 3049 2553 πρᾶξιν
3100 2476 3371 2552 ἡσύχιον,
3424 2475 3515 2531 καὶ
3575 2474 3810 2550 ἡσυχίαν

2153 2558 2463 2637 ἔμπρακτον
2520 2567 2672 2637 (29),
2735 2564 2875 2620 ὥστε
2950 2572 3130 2621 πεῖσαι
3186 2566 3248 2620 τὸ
3325 2566 3571 2639 μονάζειν
3629 2564 3679 2619 έν
3739 2566 3811 2637 τῇ

2155 2650 2430 2723 εὐσταθείᾳ
2480 2658 2577 2707 τοῦ
2635 2653 2839 2730 τρόπου
2900 2653 3148 2728 μᾶλλον,
3199 2656 3235 2723 ἢ
3284 2656 3356 2727 τῇ
3401 2658 3498 2710 τοῦ
3554 2654 3810 2726 σώματος

2153 2741 2502 2817 ἀναχωρήσει
2551 2744 3045 2819 χαρακτηρίζεσθαι
3082 2788 3094 2800 .
3150 2746 3272 2799 Καθ’
3334 2745 3363 2798 ’ὁ
3415 2743 3503 2798 καὶ
3560 2737 3727 2797 Δαϐὶδ
3783 2742 3812 2796 ὁ

2157 2832 2327 2906 μέγας
2386 2835 2497 2906 (30)
2545 2832 2988 2907 πρακτικώτατός
3043 2855 3101 2889 τε
3156 2835 3223 2903 ἦν
3267 2834 3294 2888 ὁ
3342 2833 3501 2894 αὐτὸς
3556 2832 3645 2887 καὶ
3708 2851 3815 2903 μο-

2153 2925 2410 2983 νώτατος·
2473 2919 2526 2976 εἷ’
2574 2944 2655 2995 τῳ
2710 2923 2795 2992 τὸ,
2856 2923 3177 2996 Καταμόνας
3236 2922 3348 2995 εἰμὶ
3401 2921 3532 2997 ἐγὼ,
3585 2917 3686 2983 ἕως
3750 2920 3809 2974 ἂν

2152 3009 2430 3086 παρέλθω,
2493 3012 2631 3086 μέγα
2686 3015 2823 3085 πρὸς
2874 3010 3145 3081 ἀπόδειξιν
3178 3016 3275 3067 τοῦ
3326 3010 3493 3087 λόγου
3540 3010 3628 3065 xui
3670 3008 3816 3082 ἀξιό-

2152 3122 2367 3157 πιστον.
2429 3104 2526 3155 Διὰ
2580 3106 2763 3174 τοῦτο,
2822 3106 2929 3155 τῶν
2992 3100 3180 3156 ἄλλων
3241 3100 3404 3177 ἀρετῇ
3464 3103 3811 3174 κρατοῦντες,

2160 3192 2257 3257 τῆς
2292 3189 2498 3243 ἐκείνου
2558 3186 2797 3252 διανοίας
2855 3191 3022 3246 πλέον
3083 3193 3350 3261 ἡττῶντο,
3403 3189 3438 3258 ἥ
3497 3188 3620 3243 ὅσον
3659 3187 3815 3261 ἐκράη

2161 3299 2286 3332 τουν
2333 3282 2439 3332 τῶν
2485 3276 2692 3331 ἄλλων·
2742 3278 2831 3333 καὶ
2885 3278 3050 3353 ὀλίγα
3082 3280 3218 3355 πρὸς
3267 3276 3567 3354 ἱερωσύνης
3594 3276 3813 3332 τελείω·

2161 3389 2241 3421 σιν
2304 3368 2758 3445 συνεισφέροντες,
2808 3368 2985 3423 πλείω
3043 3370 3179 3443 πρὸς
3248 3366 3575 3447 φιλοσοφίας
3632 3366 3816 3421 συντέ-

2162 3454 2309 3512 λειαν
2367 3454 2807 3529 ἀπελάμϐανον
2864 3458 2952 3512 καὶ
3000 3462 3161 3512 τοῦτο
3208 3458 3274 3527 ἦν
3328 3457 3496 3529 νόμος
3529 3455 3730 3521 αὐτοῖς,
3784 3454 3817 3509 ὅ

2158 3568 2209 3601 τι
2269 3545 2454 3618 ἐκείνῳ
2509 3543 2705 3601 ἐδόκει·
2765 3546 2853 3600 καὶ
2907 3550 3068 3601 τοῦτο
3118 3547 3414 3619 ἀπώμοτον
3462 3548 3576 3616 (34)
3625 3542 3813 3614 πάλιν,

2161 3636 2189 3689 ’ὀ
2240 3637 2314 3709 μὴ
2363 3632 2578 3704 ἐδόκει,
2627 3636 2714 3690 xui
2760 3635 2965 3699 πλάκες
3010 3637 3285 3698 Μωϋςέως
3334 3634 3518 3696 αὐτοῖς
3569 3634 3636 3687 τὰ
3680 3632 3813 3687 ἐκεί-

2160 3745 2251 3778 νου
2280 3722 2549 3799 δόγματα,
2594 3725 2683 3779 καὶ
2734 3724 2924 3780 πλεῖον
2974 3726 3036 3779 τὸ
3086 3720 3266 3794 σέϐας,
3323 3726 3356 3792 ἦ
3410 3722 3555 3799 παρᾶ
3605 3722 3812 3797 ἀνθρώ-

2161 3836 2277 3869 πων
2309 3818 2424 3875 τοῖς
2457 3813 2633 3889 ἁγίοις
2680 3812 2974 3891 ὀφείλεται.
3023 3811 3085 3867 O'l
3129 3835 3191 3888 γε
3228 3813 3317 3867 καὶ
3366 3812 3526 3882 ἡνίκα
3572 3810 3816 3884 παρῆσάν

2160 3926 2323 3969 τινες,
2379 3901 2558 3978 ὥσπερ
2618 3904 2756 3977 θῆρα
2816 3906 2969 3976 (32),
3024 3903 3115 3957 τὸν
3178 3903 3331 3977 ἅγιον
3390 3899 3763 3975 ἀνιχνεόοντες
3797 3943 3811 3969 ,

2163 3991 2349 4062 ἐπειδὴ
2382 3989 2660 4067 πανταχοῦ
2708 3995 2897 4046 τοῦτον
2952 3993 3344 4061 ἀναζητοῦντες
3390 3991 3498 4065 οὐχ
3545 3989 3811 4065 εὕρισκον,

2163 4083 2329 4159 λόγου
2364 4083 2457 4156 μὲν
2510 4080 2729 4143 οὐδενὸς
2776 4081 2904 4144 τοὺς
2954 4081 3295 4159 πεμρθέντας
3343 4080 3599 4151 ἠξίωσαν·
3643 4074 3811 4151 προῦ-

2161 4195 2333 4229 τεινον
2383 4170 2439 4226 δὲ
2482 4177 2598 4233 τοῖς
2668 4169 2839 4248 ξίφεσι
2885 4172 3013 4232 τοὺς
3063 4170 3321 4246 αὐχένας,
3375 4171 3449 4231 ὡς
3502 4169 3633 4242 ὑπὲρ
3682 4169 3810 4240 Χρι-

2163 4268 2289 4317 στοῦ
2343 4258 2765 4330 κινδυνεύοντες,
2823 4261 2912 4314 xui
2970 4261 3032 4314 τὸ
3090 4266 3281 4324 παθεῖν
3338 4281 3392 4314 τι
3452 4263 3565 4313 τῶν
3623 4257 3814 4323 ἀνηκέ-

2163 4374 2300 4407 στων
2356 4351 2487 4424 ὑπὲρ
2538 4347 2743 4403 ἐκείνου
2798 4348 3091 4424 μεγίσστην
3143 4354 3335 4424 μοῖραν
3371 4347 3447 4410 εἰς
3487 4345 3809 4424 φιλοσοφίαν

2159 4440 2509 4515 νομίζοντες,
2573 4437 2661 4492 καὶ
2719 4436 2864 4493 πολὺ
2914 4442 3020 4492 τῶν
3078 4442 3298 4514 μακρῶν
3357 4441 3613 4507 νηστειῶν
3652 4481 3666 4506 ,
3722 4433 3811 4488 xui

2161 4532 2475 4608 χαμευνιῶν
2504 4573 2517 4597 ,
2562 4527 2651 4581 xui
2700 4532 2801 4596 τῆς
2857 4524 3037 4597 ἄλλης
3085 4525 3465 4596 κακοπαθείας,
3507 4527 3567 4594 ἣν
3617 4524 3813 4578 ἐκεῖνοι

392 4623 491 4696 qui
524 4622 692 4679 missi
725 4622 975 4690 fuerant,
1010 4621 1305 4675 duxerunt
1334 4636 1346 4675 :
1388 4634 1590 4673 verum
1622 4620 1874 4677 cervices
1925 4624 2041 4696 gla-

2158 4623 2429 4699 τρυφῶσιν
2462 4617 2564 4688 ἀεὶ,
2598 4615 2917 4689 ἐνθεώτερόν
2948 4636 3007 4671 τε
3032 4615 3121 4671 καὶ
3164 4614 3525 4690 ὑψηλότερον.

388 4716 501 4771 diis
559 4714 932 4787 objiciebant,
964 4711 1121 4768 velut
1180 4726 1281 4782 pro
1331 4708 1558 4765 Christo
1618 4712 2039 4783 periclitantes,
2072 4722 2246 4787 atque
2303 4712 2386 4767 ita
2443 4710 2641 4766 animo
2699 4710 3045 4780 comparati,
3084 4713 3149 4764 ut
3193 4709 3243 4763 si
3284 4706 3651 4764 acerbissimi
3703 4704 3809 4761 ali-

385 4805 525 4877 quid
559 4822 661 4878 pro
693 4821 759 4861 eo
790 4804 1135 4875 perferrent,
1172 4798 1370 4870 magni
1419 4798 1477 4852 id
1511 4799 1579 4853 ad
1616 4801 2051 4876 phiIOSOphiam
2104 4800 2388 4861 momenti
2440 4816 2569 4855 esse
2610 4798 2964 4869 judicarent,
3000 4797 3416 4868 diuturnisque
3457 4793 3722 4868 jejuniis,
3758 4797 3815 4849 et

384 4895 771 4966 chameuniis,
804 4893 1143 4963 ceterisque
1191 4887 1448 4959 corporis
1496 4888 1999 4963 afﬂictationibus,
2033 4912 2181 4967 quas
2232 4909 2335 4965 pro
2386 4888 2685 4962 perpetuis
2733 4887 2962 4943 deliciis
2994 4888 3231 4958 habent,
3266 4885 3448 4942 multo
3497 4882 3811 4941 sublimius

383 5000 450 5040 ao
480 4984 758 5041 divinius.

452 5075 497 5111 ⁶⁰
529 5073 681 5130 Psal.
715 5090 839 5140 CXL,
874 5075 963 5128 10.

592 5165 669 5235 Τῇ
700 5159 977 5235 κοινωνίᾳ.
1014 5161 1168 5235 Pan,
1196 5156 1296 5225 τήν
1329 5155 1639 5235 κοινωνίαν.

451 5165 563 5304 (23)
592 5165 669 5235 Τῇ
700 5165 977 5231 κοινωνίᾳ.
1014 5165 1168 5223 Pan,
1196 5165 1296 5225 τήν
1329 5165 1639 5212 κοινωνίαν.

472 5234 543 5287 24
596 5232 946 5310 ΙΙεριφέρεται
982 5277 993 5288 .
1070 5232 1133 5287 In
1212 5230 1533 5295 nonnullis,
1608 5233 2034 5309 περιφθείρεται,

379 5322 409 5351 ‹‹
442 5312 923 5376 corrumpuntur.
954 5327 982 5356 »

383 5375 562 5499 (18223)
592 5372 937 5437 'Aeuvaimoq.
989 5376 1079 5431 Sic
1129 5372 1300 5428 Coisl.
1353 5373 1401 5438 1,
1453 5376 1510 5427 et
1558 5377 1688 5430 Par.
1741 5377 1804 5431 In
1860 5379 2035 5435 editis

425 5460 570 5500 eest.

447 5515 560 5587 (26)
592 5515 913 5592 Ἐρημικόν.
947 5515 1468 5592 8ἰοᾉρ1υιιεε-Βθε..
1503 5516 1811 5592 duodecim
1846 5521 2029 5592 Colb.,

375 5582 847 5656 Par.,'Coinbef.,
895 5594 1005 5644 etc.
1058 5582 1117 5643 in
1176 5587 1373 5654 editis,
1420 5582 1715 5658 ἐίρηνικόν,
1767 5615 1793 5641 (ι
1830 5582 2034 5663 ρειοὶῐίί

380 5671 532 5711 eam.
569 5677 591 5708 ι

448 5726 565 5802 (27)
592 5722 898 5804 Ἱερωσύνη.
930 5729 1136 5791 Βὶιιὶιιε
1168 5746 1184 5804 ς
1217 5750 1245 5781 ‹‹
1279 5727 1706 5803 episcopatum.
1733 5755 1763 5785 »

2216 5160 2329 5234 (28)
2360 5158 2583 5234 ξΗγαγε.
2618 5158 2680 5211 In
2713 5159 3035 5234 nonnullis,
3071 5158 3361 5234 συνήγαγε.

2218 5224 2329 5303 (29)
2361 5224 2737 5303 Ἐμτέρακτον,
2775 5233 2834 5285 ln
2868 5224 3245 5303 quibusdam.
3281 5224 3600 5303 ἐῦᾉπρακτον.

2362 5293 2528 5385 inuidit?
2560 5293 2822 5385 aut,“
2855 5293 3275 5385 _Si_g__quinque
3332 5293 3497 5385 “Reg”
3530 5295 3704 5385 coisl.
3753 5293 3807 5359 1,

2146 5383 2201 5431 et
2225 5367 2325 5431 ‘Or'.
2363 5375 2412 5427 1.
2455 5367 2681 5428 υοθει’ὸ
2714 5367 2771 5429 in
2804 5375 2895 5430 ed.
2932 5367 3061 5431 Bill‘.
3099 5393 3111 5431 :
3148 5367 3386 5428 «'David
3420 5367 3597 5426 simul
3629 5372 3688 5422 et
3718 5381 3809 5420 re-

2145 5465 2276 5573 rulm
2326 5446 2720 5570 gerecndarum
2770 5446 3049 5504 facultate
3080 5447 3413 5519 praestabat,
3450 5447 3506 5497 et
3555 5438 3811 5495 maxime

2146 5538 2209 5573 so
2240 5538 2307 5573 us
2342 5534 2439 5571 era
2474 5560 2484 5570 .
2524 5539 2551 5565 ››

2146 5534 2307 5576 SOIUS
2342 5534 2551 5571 erat.;>

2216 5590 2328 5663 (31)
2361 5588 2707 5663 Ἀπώμοτον.
2742 5589 2917 5645 Coisl.
2944 5591 3005 5663 1,
3035 5588 3410 5660 ἀνομώτατον.

2216 5661 2328 5734 (32)
2358 5665 2509 5735 Θῆρα
2538 5661 2743 5733 Chrys.
2772 5668 2830 5717 et
2857 5661 3032 5719 Coisl.
3069 5664 3118 5734 1,
3151 5667 3338 5738 θῆρες.
