4110 6422
308 430 466 492 1105

1213 428 1506 492 ORATIO
1551 427 1714 490 ΧΧῙ.
1744 459 1823 473 -
1852 426 1931 486 ΙΝ
1975 421 2302 486 LAUDEM
2348 419 2804 482 ATHANASII.

3574 413 3732 478 1106

379 562 504 619 ΚΑ’.
539 562 597 616 ’0
631 563 728 634 μὲν
782 559 873 618 οὖν
926 560 978 618 ὲν
1027 559 1245 623 τούτοις
1296 564 1385 630 ἦν,
1442 560 1530 615 καὶ
1568 559 1752 613 τὸτοῦ
1785 555 1959 612 Σολο-

2148 555 2289 610 ΧΧΙ.
2323 556 2512 624 Atque
2544 552 2637 608 hic
2687 554 2747 608 in
2794 552 2887 608 his
2935 551 3148 608 studiis
3193 551 3557 618 versabatur,
3587 549 3735 605 illud

312 653 525 722 μῶντος
578 649 787 724 ἐπῄνει,
839 651 1024 726 καιρὸν
1075 651 1207 704 εἶναι
1257 649 1414 703 παντὶ
1464 648 1739 722 πράγματι
1800 645 1964 724 φιλο-

309 741 669 817 σοφήσαντος.
750 741 848 794 Καὶ
923 738 1012 794 διὰ
1085 743 1246 794 τοῦτο
1309 738 1676 812 ἀπεκρύπτετο
1747 736 1962 808 μικρὸν,

308 825 432 882 ὅσον
483 829 574 882 τὸν
629 833 725 883 τοῦ
783 827 1039 902 πολέμου
1086 829 1272 902 καιρὸν
1327 824 1626 904 διαφεύγων
1687 827 1822 898 (33),
1875 823 1966 877 τίνα

307 918 674 995 συναναφανῇ
707 923 785 991 τῷ
833 926 935 987 τῆς
978 917 1200 992 εἰρήνης
1245 915 1472 985 ἥκοντι·
1537 915 1669 989 ὅπερ
1728 914 1818 967 οὗν
1874 913 1964 967 καὶ

304 1004 512 1082 γίνεται
577 1008 767 1081 μικρὸν
819 1006 1062 1084 ὕστερον.
1115 1009 1171 1060 Ὀ
1205 1004 1282 1077 δὲ,
1315 1006 1450 1060 κατὰ
1478 1003 1694 1073 πολλὴν
1726 1001 1835 1072 ἤδη
1867 1001 1963 1057 τοῦ

302 1094 649 1158 κωλύσοντος
684 1095 937 1171 ἐρημίαν,
970 1095 1290 1171 κατατρέχει
1341 1098 1436 1168 μὶν
1485 1091 1784 1167 Αἴγυπτον,
1835 1091 1962 1161 ληΐ-

306 1187 448 1252 ζεται
529 1180 586 1237 δὲ
664 1183 857 1256 Συρίαν
936 1188 1014 1254 τῷ
1095 1185 1279 1257 κράτει
1355 1189 1456 1251 τῆς
1530 1176 1770 1241 ἀσεϐείας
1827 1183 1958 1252 (34)·

303 1267 729 1344 ἐπιλαμϐάνεται
792 1270 848 1326 δὲ
904 1273 992 1327 καὶ
1051 1275 1158 1346 (35)
1218 1274 1316 1340 τῆς
1375 1272 1514 1343 ἑῴας
1559 1270 1682 1324 ὅσον
1716 1268 1959 1339 ἐδύνατο,

300 1361 362 1415 τὸ
434 1361 746 1438 ἀρρωστοῦν
821 1362 904 1417 ἀεὶ
972 1357 1435 1437 προσλαμϐάνων,
1496 1359 1676 1433 ὥσπερ
1733 1361 1783 1414 οἱ
1842 1359 1960 1433 χεί-

306 1449 505 1527 μαῤῥοι
545 1452 611 1505 τὰ
669 1451 982 1526 συρῥὲοντα,
1038 1452 1127 1506 καὶ
1183 1455 1301 1512 τοῖς
1346 1448 1789 1526 κουφοτέροις,ἢ
1851 1446 1960 1502 δει-

302 1540 553 1615 λοτὲροις
615 1539 998 1618 ἐπιφυόμενος.
1060 1540 1366 1595 Οἷκειοῢται
1426 1537 1482 1592 δὶ
1538 1539 1635 1606 τὴν
1689 1537 1960 1612 βασιλεως

305 1627 610 1699 ἀπλότητα’
647 1629 790 1684 οὕτω
845 1631 945 1706 γὰρ
997 1630 1102 1705 ἐγὼ
1152 1631 1266 1702 (36)
1313 1631 1461 1683 κακῶ
1493 1629 1593 1695 τὴν
1625 1626 1956 1704 κουφότητα,

301 1718 626 1792 αἰδούμενος
684 1720 782 1786 τήν
837 1715 1144 1774 εὐλάϐειαν.
1189 1717 1287 1773 Καὶ
1319 1719 1423 1793 γὰρ
1453 1719 1542 1786 ἦν,
1572 1715 1617 1771 εἰ
1651 1713 1732 1770 δεῖ
1787 1715 1958 1784 τάλη-

301 1808 410 1876 θὲς,
468 1808 655 1877 εἰπεῖν,
708 1807 872 1876 ζῆλον
925 1809 1019 1881 μὲν
1053 1804 1224 1882 ἔχων,
1248 1805 1374 1861 ἀλλ’
1407 1805 1468 1859 οὐ
1499 1807 1615 1859 κατ’
1646 1805 1955 1880 ἐπίγνωσιν.

301 1897 604 1966 Ἐξωνεῖται
651 1894 708 1950 δὲ
755 1901 863 1951 τῶν
907 1895 956 1949 ἐν
988 1894 1133 1951 τέλει
1180 1895 1308 1958 τοὺς
1341 1893 1714 1972 φιλοχρύσους
1745 1893 1956 1966 μᾶλλον
1988 1938 2036 2002 Β

307 1985 332 2002 ..
616 1985 626 2002 ι
855 1992 868 2002 ,
911 1985 922 2002 ,
1054 1983 1064 2002 ο
1202 1986 1215 2002 ς
1323 1985 1351 2002 ν
1487 1983 1498 2002 ,
1550 1988 1577 1997 -
1676 1983 1690 2000 κ
1765 1987 1791 1997 η

299 1985 333 2055 ἢ
394 1985 790 2063 φιΛοχρίστους
848 1983 1101 2056 (εὐπορία
1156 1986 1256 2061 γὰρ
1318 1985 1385 2054 ἦν
1442 1983 1590 2055 αὐτῷ
1633 1983 1701 2038 τὰ
1726 1987 1833 2036 τῶν
1863 2003 1955 2037 πε-

294 2075 493 2146 νήτων,
563 2079 744 2136 κακῶς
821 2073 1226 2146 δαπανώμενα),
1305 2073 1396 2126 καὶ
1451 2071 1665 2126 τούτων
1723 2069 1960 2144 μάλιστα

295 2162 423 2224 τοὺς
502 2160 860 2238 γυναικώδεις
937 2166 1047 2236 (37)
1114 2183 1173 2217 τε
1227 2162 1317 2216 καὶ
1377 2161 1428 2215 ἐν
1491 2158 1744 2237 ἀνδράσιν
1806 2161 1959 2215 ἀνάν-

299 2251 479 2330 δρους,
539 2253 628 2308 καὶ
690 2246 1040 2330 ἀμφιϐόλους
1100 2252 1195 2324 μὲν
1241 2249 1306 2306 τὸ
1347 2253 1520 2327 γένος,
1552 2247 1870 2324 προδήλους
1903 2248 1962 2305 δὲ

297 2342 398 2410 τὴν
459 2336 726 2396 ἀσέϐειαν·
791 2342 871 2404 οἷς
933 2341 1032 2395 οὐκ
1089 2338 1192 2395 οἶδ’
1251 2339 1402 2402 ὅπως
1456 2340 1546 2395 καὶ
1595 2339 1711 2395 ὅθεν
1745 2340 1796 2393 οἱ
1829 2341 1958 2393 Ῥω-

305 2430 478 2505 μαίων
540 2429 802 2506 βασιλεῖς,
856 2431 923 2484 τὰ
978 2434 1085 2484 τῶν
1147 2432 1261 2504 (38)
1310 2435 1576 2506 γυναικῶν
1635 2429 1958 2502 πιστευομὲ-

299 2541 438 2590 νοις,
469 2521 536 2574 τὰ
593 2523 698 2573 τῶν
756 2516 962 2594 ἀνδρῶν
1020 2518 1408 2594 ἐγχειρίζουσι.
1471 2519 1567 2573 Καὶ
1597 2523 1765 2572 ταῦτα
1810 2515 1961 2593 ἴσχυ-

301 2629 386 2663 σεν
421 2609 448 2663 ὁ
505 2613 602 2662 τοῦ
647 2613 893 2684 πονηροῦ
948 2609 1214 2682 θεράπων,
1269 2611 1296 2662 ὁ
1350 2613 1457 2663 τῶν
1520 2607 1766 2677 ζιζανίων
1830 2629 1961 2663 σπο-

302 2696 448 2772 ρεὺς,
483 2700 510 2753 ὁ
556 2702 653 2752 τοῦ
706 2698 1084 2773 Ἀντιχρίστου
1133 2695 1474 2774 πρόδρομος’
1509 2699 1802 2773 χρώμενος
1865 2699 1957 2770 μὲν

301 2786 400 2840 ’ὀσα
431 2785 653 2862 γλώσσῃ
702 2792 808 2841 τῶν
866 2787 990 2841 τότε
1042 2786 1247 2862 λογίων
1299 2787 1350 2842 ἐν
1396 2786 1713 2848 ἐπισκόποις
1746 2790 1851 2859 (39)
1884 2792 1962 2858 τῷ

299 2875 506 2945 πρώτῷ
565 2873 641 2946 (εἷ’
678 2874 757 2947 τῷ
807 2878 920 2948 (40)
972 2875 1161 2950 λόγιον
1195 2875 1354 2953 φίλον
1387 2874 1572 2930 καλεῖν
1603 2878 1693 2930 τὸν
1739 2876 1843 2953 οὐχ
1875 2873 1962 2930 οὕ-

306 2982 415 3022 τως
447 2958 613 3032 ἀσεϐῆ
678 2962 1066 3038 δογματιστήν,
1098 2964 1222 3019 ὅσον
1257 2964 1453 3040 ἐχθρὸν
1481 2967 1571 3020 καὶ
1605 2965 1916 3042 φιλόνεικον
1944 2986 1956 2999 ’

299 3049 362 3104 τὸ
400 3053 503 3125 γὰρ
553 3046 727 3125 ὄνομα
774 3052 909 3106 ἑκὼν
947 3048 1350 3128 ὑπερϐήσομαι)
1378 3076 1388 3087 ι
1425 3053 1586 3117 αὐτὸς
1620 3053 1677 3110 δὶ
1705 3055 1818 3110 ἀντὶ
1848 3077 1963 3132 χει-

301 3139 394 3214 ρὸς
441 3138 513 3192 ὥν
564 3145 644 3212 τῷ
697 3143 1022 3213 συστήματι,
1052 3141 1142 3196 καὶ
1173 3142 1497 3219 παρασύρων
1531 3149 1610 3216 τῷ
1642 3151 1832 3220 χρυσῴ
1860 3147 1958 3213 τήν

302 3226 586 3301 ἀλήθειαν,
638 3228 696 3284 ὅν
749 3228 818 3285 δι’
864 3227 1134 3285 εὐσεϐεὶαν
1164 3232 1555 3308 συναγόμενον,
1588 3229 1812 3311 ὄργανον
1842 3235 1962 3290 ἀσε-

301 3312 452 3380 ϐείας
486 3320 538 3373 οὶ
567 3320 803 3396 πονηροὶ
836 3319 1185 3392 πεποίηνται.

373 3585 489 3641 ΚΒ’.
540 3582 749 3653 Ταύτης
803 3582 1152 3658 ἀποτέλεσμα
1193 3593 1294 3655 τῆς
1344 3585 1680 3657 δυναστείας,
1730 3591 1764 3659 ἡ
1821 3589 1960 3663 πρό-

295 3693 451 3748 τερον
536 3674 630 3746 μὶν
696 3674 794 3741 τήν
851 3679 953 3741 τῆς
1011 3674 1166 3748 ἀγίας
1220 3676 1309 3730 καὶ
1365 3675 1806 3750 καλλίπαρθένου
1864 3679 1960 3733 6t-

297 3762 436 3825 κλας
494 3765 606 3837 (41)
657 3761 998 3830 Σελεύκειαν,
1050 3765 1184 3836 μετά
1241 3761 1298 3819 δὲ
1351 3769 1513 3820 τοῦτο
1571 3768 1672 3835 τήν
1718 3765 1959 3842 μεγαλό-

299 3850 464 3906 πολιν
509 3851 705 3918 ταύτην
756 3847 1136 3907 καταλαϐοῦσα
1185 3852 1406 3916 σύνοδος
1448 3858 1581 3928 (42),
1636 3856 1697 3919 ἂς
1729 3855 1812 3910 ἐπὶ
1844 3863 1960 3919 τοῖς

295 3937 620 4002 καλλίστοις
675 3939 812 4002 τὲως
867 3943 1296 4016 γνωριζομὲνας,
1359 3942 1446 3998 ἐπὶ
1496 3949 1611 4006 τοῖς
1654 3945 1959 4021 αἰσχίστοις

301 4027 606 4101 ὀνομαστὰς
658 4028 973 4098 πεποίηκεν
1029 4029 1136 4085 εἶτε
1192 4033 1283 4086 τὸν
1335 4030 1590 4103 Χαλάνης
1634 4033 1864 4109 πύργον,
1899 4033 1958 4097 ὅς

298 4117 484 4180 καλῶς
539 4118 632 4180 τὰς
689 4116 940 4193 γλώσσας
1000 4117 1243 4195 ἐμέρισεν
1296 4121 1394 4194 (ὡς
1446 4120 1657 4200 ὤφελόν
1687 4144 1750 4198 γε
1779 4123 1959 4179 κάκεί-

297 4208 429 4269 ναςῐ
491 4205 578 4261 ἐπὶ
634 4212 785 4279 κακῷ
852 4207 956 4283 γὰρ
1005 4210 1040 4277 ἡ
1092 4211 1420 4286 συμφωνία),
1473 4211 1579 4266 εἴτε
1629 4213 1692 4266 τὸ
1751 4215 1962 4292 Καῖἀφα

300 4294 596 4372 συνέδριον,
654 4297 700 4369 ᾦ
774 4299 1008 4372 Χριστὸς
1078 4300 1476 4377 κατακρίνεται,
1545 4301 1650 4356 εἶτε
1707 4324 1762 4357 τι
1819 4302 1960 4359 ἄλλο

295 4390 534 4456 τοιοῦτο,
594 4386 693 4453 τὴν
745 4384 970 4442 σύνοδον
1034 4388 1242 4460 ἐκείνην
1303 4390 1651 4464 ὀνομαστέον,
1698 4393 1732 4460 ἢ
1790 4394 1964 4448 πάντα

298 4474 554 4550 ἀνέτρεψε
612 4474 700 4530 καὶ
760 4475 1033 4550 συνέχεεν.
1094 4479 1163 4532 Τὸ
1221 4480 1314 4551 μὲν
1376 4476 1591 4542 εὐσεϐὲς
1635 4479 1814 4558 δόγμα
1870 4482 1959 4536 καὶ

2077 643 2409 701 Salomonis
2444 642 2858 714 comprobans,
2891 657 3007 712 quo
3040 657 3214 697 suum
3245 641 3450 713 cuique
3473 638 3556 695 rei
3587 645 3736 694 tem-

2077 752 2187 806 pus
2221 750 2349 789 esse
2397 733 2596 787 docuit
2625 733 2692 786 δι.
2728 737 2807 786 Ac
2839 731 3083 802 proinde
3128 729 3552 801 aliquantisper
3597 728 3738 785 belli

2076 829 2310 894 tempus
2344 821 2574 891 fugiens
2609 820 2898 887 latitabat,
2930 825 2994 874 ut
3025 836 3158 874 cum
3191 821 3538 875 adventante
3576 818 3738 890 pacis

2075 917 2337 983 tempore
2385 909 2716 979 colluceret,
2750 909 3250 980 quemadmodum
3301 912 3357 962 et
3404 907 3578 979 paulo
3609 909 3741 978 post

2075 1000 2339 1072 contigit.
2373 1002 2444 1054 At
2475 998 2782 1069 Georgius,
2814 997 3049 1053 nemine
3075 999 3194 1066 jam
3229 997 3419 1068 ipsius
3449 996 3737 1068 impetum

2077 1089 2456 1162 propellente,
2486 1089 2793 1159 zEgyptum
2851 1087 3288 1142 incursionibus
3321 1090 3526 1156 vastat,
3559 1089 3738 1157 atque

2073 1178 2392 1250 impietatis
2425 1177 2628 1232 robore
2652 1176 2878 1248 Syriam
2912 1175 3245 1248 populatur.
3280 1175 3533 1231 Orientis
3555 1174 3735 1230 etiam

2074 1273 2357 1340 quantum
2395 1267 2546 1322 899
2582 1270 2771 1337 potest
2799 1265 3021 1336 arripit,
3043 1265 3323 1320 remissos
3343 1269 3398 1320 et
3419 1263 3734 1336 languidos

2073 1357 2354 1430 quotidie,
2392 1355 2892 1427 quemadmodum
2943 1357 3227 1410 torrentes
3259 1369 3327 1410 ea
3375 1370 3500 1424 quae
3552 1353 3733 1410 simul

2069 1447 2405 1510 volvuntur,
2453 1460 2784 1510 assumens,
2818 1461 2883 1498 ac
2941 1443 3185 1499 leviores
3242 1447 3345 1498 aut
3401 1442 3732 1514 ignaviores

2070 1537 2362 1592 adoriens.
2416 1534 2565 1601 Quin
2627 1533 2802 1588 etiam
2863 1533 3230 1603 imperatoris
3289 1531 3731 1603 simplicitatem

2069 1626 2181 1681 sibi
2212 1624 2524 1692 conciliat;
2551 1623 2633 1678 sio
2666 1623 2822 1677 enim
2854 1638 2960 1693 ego
2990 1621 3283 1677 levitatem
3327 1620 3573 1694 appello,
3609 1623 3730 1694 pie-

2067 1719 2249 1770 tatem
2278 1730 2583 1769 venerans.
2619 1712 2767 1768 Nam
2798 1711 2848 1766 si
2878 1728 3005 1767 vere
3054 1710 3368 1766 dicendum
3402 1715 3512 1776 est,
3540 1711 3731 1767 zelum

2068 1804 2343 1870 habebat,
2375 1818 2578 1858 verum
2614 1818 2726 1856 non
2779 1801 3105 1856 secundum
3146 1799 3455 1855 scientiam
3485 1800 3550 1854 ⁶².
3579 1801 3731 1856 Tum

2072 1911 2141 1948 ex
2171 1892 2512 1963 proceribus
2541 1907 2639 1946 eos
2689 1889 2804 1945 sibi
2835 1889 3084 1962 pecunia
3111 1893 3434 1960 comparat,
3467 1889 3568 1960 qui
3600 1890 3730 1944 auri

2070 1997 2328 2037 amorem
2379 1979 2594 2034 Christi
2644 1978 2829 2034 amori
2884 1977 3269 2049 praaferebant
3328 1977 3459 2050 (ipsi
3507 1977 3727 2033 etenim

2069 2087 2208 2142 Opes
2238 2075 2296 2125 et
2326 2069 2527 2142 copire,
2559 2069 2711 2124 bona
2740 2084 3064 2140 pauperum
3099 2073 3285 2133 erant,
3310 2067 3370 2122 in
3401 2067 3725 2139 ﬂagitiosus

2072 2178 2216 2216 usus
2239 2160 2581 2230 insumpta),
2603 2163 2778 2229 atque
2800 2174 2868 2213 ex
2888 2156 2980 2212 his
3001 2156 3378 2229 potissimum
3403 2155 3724 2213 muliebres

2071 2249 2359 2314 homines,
2391 2253 2448 2303 et
2476 2247 2624 2303 inter
2656 2247 2809 2301 viros
2841 2245 3082 2303 minime
3112 2245 3287 2312 viros,
3321 2262 3461 2302 sexu
3488 2245 3727 2316 quidem

2071 2339 2304 2405 dubios,
2338 2338 2636 2408 impietate
2691 2341 2887 2391 autem
2948 2339 3182 2406 apertos
3237 2338 3294 2391 et
3349 2334 3728 2407 perspicuos;

2073 2430 2288 2501 quibus
2320 2446 2453 2484 cum
2501 2429 2850 2484 feminarum
2909 2444 3050 2482 cura
3097 2425 3522 2493 committatur,
3571 2425 3730 2482 haud

2072 2519 2190 2576 scio
2223 2519 2324 2590 qui
2356 2520 2476 2588 ﬁat,
2513 2523 2575 2572 ut
2605 2517 2986 2589 imperatores
3017 2518 3263 2573 Romani
3310 2518 3547 2573 eosdem
3577 2516 3732 2572 viro-

2073 2625 2201 2664 rum
2225 2607 2434 2664 ofﬁciis
2467 2607 2932 2677 muneribusque
2974 2605 3312 2676 praeﬁciant.
3347 2607 3604 2661 Tantum
3635 2623 3732 2661 va-

2074 2698 2184 2753 luit
2211 2697 2308 2752 ille
2357 2696 2572 2750 diaboli
2604 2697 2970 2764 administer,
3004 2694 3100 2750 ille
3146 2694 3500 2750 zizaniorum
3546 2699 3731 2764 sator,

2073 2786 2167 2841 ille
2197 2785 2546 2841 Antichristi
2596 2801 2957 2856 praecursor:
2992 2784 3074 2838 ita
3103 2783 3402 2855 negotium
3445 2785 3730 2854 partiens,

2075 2880 2138 2930 ut
2169 2875 2440 2947 episcopo
2490 2876 2768 2946 quodam,
2819 2891 2886 2929 ea
2919 2878 3265 2945 tempestate
3312 2873 3730 2943 disertissimo,

2072 2965 2284 3036 linguae
2315 2965 2436 3020 vice
2486 2969 2742 3019 uteretur
2770 2963 2844 3031 (si
2877 2964 2969 3018 cui
3018 2969 3212 3018 tamen
3264 2963 3550 3018 disertum
3591 2978 3730 3018 eum

2073 3053 2368 3126 appellare
2399 3052 2704 3124 libeat,qui
2737 3069 2853 3107 non
2884 3059 3003 3106 tam
3038 3051 3257 3123 impius
3289 3051 3572 3107 sectarius
3596 3051 3730 3121 fuit,

2074 3161 2250 3215 quam
2274 3143 2548 3198 inimicus
2580 3149 2638 3197 et
2658 3140 3048 3197 contentionis
3078 3140 3274 3195 studio
3304 3140 3561 3212 ﬂagrans
3592 3155 3606 3194 :
3634 3156 3734 3196 no-

2076 3252 2208 3290 men
2241 3233 2397 3289 enim
2429 3231 2696 3287 consulto
2727 3230 3055 3302 praeteribo)
3082 3247 3096 3297 ;
3129 3229 3254 3301 ipse
3284 3235 3736 3298 autem,manus

1993 3312 2036 3379 C
2076 3324 2281 3391 instar,
2316 3321 2536 3378 cohorti
2588 3338 2705 3376 suae
2738 3324 2912 3390 esset,
2947 3336 3012 3375 ac
3064 3319 3370 3374 veritatem
3421 3335 3565 3374 auro
3596 3335 3737 3374 con-

2070 3412 2329 3480 velleret,
2365 3411 2520 3483 quod
2556 3411 2792 3481 quidem
2827 3408 2899 3464 ob
2931 3407 3060 3479 pios
3092 3424 3238 3462 usus
3269 3406 3600 3474 collectum,
3632 3406 3738 3462 im-

2073 3502 2306 3573 pietatis
2337 3501 2794 3555 instrumentum
2829 3496 2990 3568 pravi
3021 3495 3290 3551 homines
3320 3495 3658 3551 effecerunt.

2145 3589 2312 3644 XXII.
2347 3590 2536 3658 Hujus
2568 3586 2843 3656 potentiae
2889 3600 3038 3655 Opus
3071 3583 3383 3639 concilium
3417 3582 3561 3638 illud
3601 3583 3734 3654 fuit,

2070 3679 2223 3750 quod
2274 3674 2546 3732 Seleuciae
2579 3674 2860 3744 primum,
2898 3672 2995 3726 ubi
3046 3673 3247 3727 fanum
3299 3676 3389 3727 est
3435 3677 3644 3728 sanctas
3675 3677 3734 3730 et

2070 3767 2315 3839 egregias
2347 3763 2557 3834 virgini
2608 3760 2858 3826 Theclae,
2891 3753 3100 3816 deinde
3132 3761 3190 3815 in
3222 3760 3330 3817 hac
3362 3760 3734 3832 amplissima

2069 3855 2304 3912 civitate
2333 3856 2601 3909 coactum
2625 3857 2892 3921 est,quas
2915 3851 3090 3905 urbes
3116 3849 3529 3922 pulcherrimis
3553 3855 3731 3908 antea

2070 3943 2408 4000 nominibus
2426 3943 2636 4008 claras,
2668 3939 3151 4011 turpissimarum
3175 3955 3370 3994 rerum
3395 3939 3550 3995 notis
3571 3938 3727 3996 cele-

2070 4037 2203 4090 bres
2233 4032 2607 4100 illustresque
2642 4029 2927 4095 reddidit;
2962 4030 3082 4085 sive
3112 4027 3383 4084 Chalanze
3415 4028 3622 4084 turrim
3658 4029 3725 4099 ⁸⁸,

2069 4141 2193 4196 quae
2228 4123 2462 4193 linguas
2494 4118 2736 4191 pulchre
2785 4117 3027 4185 divisit;
3057 4117 3282 4172 utinam
3307 4115 3438 4173 illas
3469 4133 3727 4190 quoque,

2071 4214 2131 4268 in
2173 4211 2394 4267 malum
2446 4225 2653 4280 nempe
2703 4207 3017 4263 concordes
3045 4206 3056 4261 ι
3088 4207 3208 4262 sive
3256 4205 3481 4278 Caiphae
3530 4205 3724 4262 conci-

2071 4302 2238 4368 lium,
2272 4317 2385 4372 quo
2437 4298 2703 4355 Christus
2747 4297 3173 4352 condemnatur
3200 4297 3264 4364 δ”,
3297 4297 3418 4352 sive
3461 4313 3726 4367 quocun-

2072 4409 2183 4463 que
2213 4391 2449 4446 tandem
2482 4388 2596 4444 alio
2628 4387 2864 4443 nomine
2879 4392 3201 4443 conventus
3233 4386 3324 4442 hic
3342 4384 3730 4458 appellandus

2071 4489 2181 4554 est,
2216 4483 2317 4554 qui
2368 4481 2569 4537 omnia
2599 4481 2806 4536 evertit
2851 4495 2917 4535 ac
2945 4479 3326 4550 perturbavit.
3361 4479 3523 4554 Piam
3571 4479 3730 4536 enim

369 4584 413 4619 ⁸1
453 4582 619 4638 Eccli.
653 4598 738 4649 III,
774 4583 824 4638 1.
903 4582 949 4617 ⁶²
981 4582 1146 4638 Βοω.
1180 4601 1237 4654 x,
1270 4588 1324 4640 2.
1401 4586 1445 4621 ⁸³
1476 4587 1616 4642 Gen.
1650 4602 1731 4655 χι,
1765 4590 1817 4643 4.
1895 4590 1942 4624 ⁶⁴
1972 4625 1976 4641 ς

2077 4608 2141 4645 .n.
2175 4605 2252 4654 x1,
2283 4590 2348 4641 47
2382 4591 2440 4642 et
2469 4603 2633 4657 seqq.

343 4689 485 4814 ἑ(33)
543 4685 874 4765 Διαφεύγων.
943 4689 1088 4744 Tres
1168 4695 1348 4763 Regg.

371 4779 502 4814 οων.

405 4780 502 4816 ουν.

301 4779 847 4916 Κράτειῆτῆς
898 4823 1164 4916 ἀσεϐείας.
1197 4833 1290 4889 Sic
1322 4834 1592 4916 designat
1623 4834 1960 4916 Gregorius,

302 4907 359 4960 et
381 4902 1040 4979 'nefariumgeorgium,
1074 4909 1130 4961 et
1159 4921 1277 4975 eos,
1312 4906 1411 4978 qui
1442 4902 1556 4979 ipsi
1589 4902 1770 4979 atque
1796 4902 1961 4962 Aria;

299 4993 386 5032 nm
418 4976 702 5048 impietati
735 4975 1026 5048 favebant.

369 5048 485 5122 (35)
507 5046 632 5122 ίΚαί.
667 5049 840 5122 Deest
886 5047 946 5101 in
989 5051 1261 5122 quatuor
1292 5047 1473 5121 Regg.
1507 5053 1564 5104 et
1592 5049 1686 5105 Or.
1723 5051 1774 5104 1.
1807 5053 1954 5122 Mox,

301 5115 404 5192 pro
438 5115 679 5192 ἐδύνατο,
715 5120 786 5192 in
807 5115 1129 5192 nonnullis,
1163 5115 1419 5192 ἡδύνατᾶ.

372 5193 480 5273 (36)
514 5190 672 5273 Olim)
729 5190 832 5264 γὰρ
893 5189 1019 5273 ἐγώ,
1066 5196 1180 5273 etc.
1230 5191 1360 5273 Bil‘l:
1398 5209 1468 5247 ει(
1521 5193 1769 5273 Pietate”
1799 5193 1956 5273 enim

303 5263 492 5336 ipsius
522 5261 841 5329 dimoveor,
871 5261 941 5318 ne
970 5261 1265 5318 levitatem
1296 5263 1509 5320 dicam.
1540 5287 1566 5314 ››
1596 5263 1960 5322 Existimavit

303 5335 616 5408 Gregorius
659 5334 1066 5408 Constantium
1119 5335 1527 5405 imperatorem
1579 5336 1958 5408 simplicitate

302 5407 497 5481 potius
553 5413 726 5481 atque
768 5407 1138 5481 ignorantia,
1173 5424 1350 5478 quam
1384 5408 1594 5462 infesto
1656 5407 1957 5481 religionis

302 5479 457 5544 odio,
491 5480 723 5534 Arianis
759 5478 991 5533 favisse.

375 5552 487 5632 (37_)
519 5547 657 5632 “four;
697 5545 1071 5632 γυναικώδεις.
1108 5549 1201 5632 Sic
1222 5550 1505 5632 quinque
1537 5550 1866 5632 Iteggqgr.
1904 5553 1955 5620 1,

301 5618 561 5679 Combef.
595 5618 766 5693 Deest
810 5618 937 5679 τούς
983 5621 1042 5693 in
1093 5621 1186 5677 ed.
1219 5618 1322 5676 Hic
1355 5618 1729 5693 Gregorius}
1759 5618 1956 5678 Euan

305 5693 445 5749 chos
494 5717 522 5744 »
573 5692 867 5764 intelligit,
921 5696 983 5764 et
1030 5692 1183 5747 inter
1236 5710 1334 5749 eos
1391 5692 1643 5749 maxime
1698 5712 1720 5742 α
1774 5696 1958 5751 Euse-

303 5764 491 5837 bium,
516 5787 546 5818 »
577 5763 1022 5840 quem’magnis
1053 5766 1401 5824 muneribus
1450 5765 1522 5824 ad
1571 5781 1709 5823 suas
1760 5772 1958 5840 partes

1437 4697 1495 4747 et
1578 4691 1777 4762 Savil.,
1847 4690 1964 4747 δια·
1994 4699 2043 4762 Ι)
2074 4697 2410 4750 traduxerat
2440 4691 2745 4761 Georgius.

2145 4767 2257 4836 (38)
2288 4767 2433 4836 wa._
2457 4764 2631 4836 Deest
2659 4762 2716 4815 in
2746 4761 3080 4836 sernABeggq
3114 4762 3217 4836 O_r_._
3245 4762 3296 4828 1,
3327 4765 3385 4816 et
3406 4761 3671 4836 gombef.

2149 4832 2258 4906 (39)
2290 4836 2373 4890 Ἐν
2417 4832 2756 4906 ἐπισκόποις.
2788 4832 2920 4906 Alii,
2970 4832 3107 4906 cum
3154 4833 3373 4906 Niceta,
3405 4832 3727 4906 Eusebium

2073 4903 2479 4978 Nicomediae,
2509 4905 2606 4961 alii
2657 4905 2976 4978 Eusebium
3027 4903 3316 4978 Pamphili
3360 4904 3725 4978 episcopum,

2067 4979 2268 5036 Ariani
2328 4976 2582 5051 agminis
2639 4977 3047 5051 coryphaeum,
3100 4976 3456 5049 intelligunt.
3513 4977 3724 5033 Annon

2068 5053 2314 5108 Aeacius
2340 5049 2546 5122 posset
2574 5049 2868 5122 intelligi?

2139 5126 2249 5212 (ῥο)
2277 5118 2474 5194 Εἱ¹“τῳ.
2500 5125 2562 5179 In
2594 5120 2916 5188 nonnullis,
2941 5138 3049 5172 ειτε
3075 5139 3156 5191 τῳ
3185 5119 3316 5176 sine
3345 5124 3586 5177 accentu
3620 5139 3724 5192 pro

2064 5214 2190 5251 τινι.

2137 5268 2247 5340 (41)
2281 5261 2505 5340 Θεκλας.
2539 5265 2601 5340 lg
2635 5263 2922 5340 pluribus,
2948 5259 3180 5340 βὲκλμηςἼ

2163 5282 2247 5340 41)
2281 5282 2505 5325 aen/.14.
2539 5282 2601 5319 1n
2675 5282 2922 5331 iurlnus,
2948 5282 3180 5331 υεκιιης.

2162 5341 2248 5410 42)
2285 5334 2539 5410 Σύνοᾼδος.
2566 5282 2785 5410 Schol;
2809 5332 3009 5410 τὴν
3035 5336 3142 5387 τῶν
3176 5333 3724 5410 ἒκατὸνῄπεντήκοντα

2070 5402 2243 5537 ἁγίων
2295 5402 2570 5483 ῐῐατὲρων
2620 5404 2787 5477 λέγει,
2830 5402 2994 5488 ⁹όιλλιῖι
3055 5402 3553 5488 ,προγενεστέρανηι
3594 5407 3720 5463 Non

2070 5483 2106 5536 il
2136 5501 2228 5537 am
2275 5483 2416 5536 dicit
2461 5486 2692 5536 centum
2745 5483 3178 5537 quinquaginta
3223 5481 3572 5536 Sanctorum
3609 5483 3720 5535 Pa-

2067 5481 2228 5537 illam
2275 5483 2416 5536 dicit
2444 5481 2692 5536 centum
2745 5481 3178 5548 quinquaginta
3223 5481 3572 5536 Sanctorum
3609 5483 3721 5535 Pa-

2066 5561 2222 5610 trum
2256 5553 2565 5627 synodum,
2587 5551 2691 5627 sed
2723 5566 2875 5614 eam,
2900 5567 3024 5621 qua:
3058 5551 3221 5620 prius
3243 5550 3442 5627 habita
3470 5553 3717 5627 luerat,»

2068 5621 2307 5682 scilicet
2324 5642 2475 5681 anno
2506 5624 2630 5686 360,
2664 5638 2779 5695 quo
2811 5627 3071 5693 tempore
3102 5624 3361 5695 synodus
3385 5621 3715 5677 Ariminen-

2069 5699 2151 5756 sis
2180 5699 2238 5754 in
2271 5698 2582 5754 Occidente
2611 5693 2955 5750 habebatur.
