4110 6440
365 455 524 516 1109

363 561 396 618 λ

364 687 599 758 Χριστοῦ
645 704 703 738 τε
757 687 868 756 (54)
916 683 1006 738 καὶ
1065 683 1199 756 μετᾶ
1245 683 1499 756 Χριστὸν,
1549 683 1640 737 καὶ
1686 681 1870 742 αὐτοῖς
1902 686 2015 742 τοῖς

368 770 627 847 μεγάλοις
681 777 779 826 τοῦ
836 777 970 827 Θεοῦ
1028 772 1151 846 περὶ
1209 775 1366 844 ἡμῶν
1427 772 1635 825 πάθεσι.
1701 771 1849 838 Πλὴν
1911 771 2014 844 γὰρ

363 857 571 934 ὁλίγων
620 858 772 936 ἄγαν,
822 862 911 915 καὶ
957 860 1163 916 τούτων
1219 861 1332 915 ὅσοι
1367 858 1454 914 διὰ
1503 860 1841 933 σμικρότητα
1882 879 2016 934 παρ-

366 948 713 1024 ερῥίφησαν,
790 951 824 1018 ἣ
900 948 988 1004 διὰ
1062 950 1256 1026 ἀρετὴν
1335 944 1684 1018 ἀντέϐησαν,
1743 947 1837 1010 οὓς
1909 945 2015 1002 έδει

360 1036 580 1113 σπέρμα
632 1038 721 1094 καὶ
782 1039 928 1114 ῥίζαν
1006 1038 1401 1116 ὑπολειφθῆναι
1471 1042 1550 1109 τῷ
1608 1035 1827 1113 Ἰσραὴλ
1861 1081 1874 1105 ,
1926 1035 2018 1092 ’ίνα

361 1126 601 1200 ἀναθάλῃ
658 1126 823 1182 πάλιν
855 1175 870 1199 ,
925 1129 1013 1183 καὶ
1061 1123 1338 1201 ἀναϐιώσῃ
1386 1132 1503 1189 ταῖς
1564 1125 1866 1202 ἐπιρροίαις
1919 1130 2016 1180 τοῦ

359 1215 694 1288 Ηνεύματος,
752 1217 943 1279 πάντες
1001 1223 1099 1272 τοῦ
1154 1222 1346 1292 καιροῦ
1421 1216 1688 1292 γενόνασι,
1757 1220 2013 1270 τοσοῦτον

354 1303 625 1375 ἀλλήλων
662 1304 1042 1381 διενεγκόντες,
1093 1306 1216 1361 ὅσον
1268 1305 1396 1366 τούς
1430 1306 1524 1378 μὲν
1573 1303 1860 1381 πρότερον,
1887 1304 2013 1367 τοὺς

356 1391 415 1448 δὶ
470 1394 688 1471 ὕστερον
746 1401 909 1451 τοῦτο
959 1399 1188 1450 παθεῖν·
1238 1397 1325 1449 καὶ
1382 1393 1509 1455 τοὺς
1577 1394 1671 1466 μὲν
1730 1414 1958 1467 προαγω
1991 1425 2013 1436 -

355 1485 536 1546 νιστὰς
588 1485 676 1539 καὶ
734 1485 1036 1561 προστάτας
1089 1484 1334 1560 γενέσθαι
1392 1491 1495 1553 τῆς
1554 1478 1828 1553 ἀσεϐείας,
1890 1483 2014 1544 τοὺς

361 1571 418 1628 δὲ
472 1576 736 1650 ταχθῆναι
796 1575 864 1630 τὰ
925 1572 1186 1649 δεύτερα,
1241 1576 1275 1644 ἢ
1332 1567 1487 1651 φόϐῳ
1545 1573 2009 1643 κατασεισθὲντας,

359 1663 395 1732 ἧ
446 1663 609 1738 χρείᾳ
660 1659 1063 1732 δουλωθέντας,
1114 1664 1149 1733 ἥ
1200 1661 1461 1734 κολακείᾳ
1507 1658 1887 1722 δελεασθέντας
1922 1704 1936 1727 ,
1981 1663 2014 1728 ἢ

359 1750 554 1826 ἀγνοίᾳ
599 1751 927 1822 κλαπέντας,
966 1753 1028 1807 τὸ
1081 1753 1463 1826 μετριώτατον·
1498 1748 1545 1804 εἲ
1590 1772 1670 1822 τῳ
1717 1749 1808 1804 καὶ
1850 1754 2010 1804 τοῦτο

358 1839 618 1916 αὔταρκες
678 1841 756 1903 είς
812 1839 1116 1916 ἀπολογίαν
1167 1845 1272 1894 τῶν
1352 1838 1487 1895 λαοῦ
1547 1837 1868 1913 προεστάναι
1917 1859 2010 1893 πε-

1279 452 1570 516 ORATIO
1615 453 1778 515 XXI.
1817 485 1896 497 --
1924 451 2003 512 IN
2047 451 2377 515 LAUDEM
2422 454 2876 520 ATHANASII.

402 589 482 646 οῖς
532 582 726 662 ἱδρῶσι
770 584 860 641 καὶ
915 585 1166 665 σφαγίοις
1214 583 1676 660 συνειλεγμένην,
1730 589 1851 645 τοῖς
1900 583 2007 659 πρὸ

2132 584 2238 640 mis
2261 589 2382 642 tam
2405 591 2540 642 ante
2580 587 2884 646 Christum
2906 609 3085 664 quam
3108 599 3240 665 post
3259 595 3559 655 Christum
3591 601 3782 667 cacis,

3633 467 3793 529 1110

2125 677 2272 730 401
2320 693 2384 731 ac
2441 677 2688 748 denique
2748 681 2980 752 magnis
3039 683 3227 754 ipsius
3275 685 3376 740 Dei
3435 705 3537 758 pro
3597 689 3788 746 salute

2125 770 2328 820 nostra
2381 767 2740 824 cruciatibus
2794 770 3119 842 collectam,
3155 776 3366 844 probro
3399 793 3464 832 ac
3505 777 3788 837 dedecore

2125 854 2444 910 affecerunt
2472 857 2534 911 ⁸⁸.
2565 856 2708 912 Nam
2743 859 2791 914 si
2825 878 3149 932 perpaucos
3193 864 3508 936 exceperis,
3540 867 3663 938 qui,
3695 868 3786 925 vel

2126 943 2198 998 ob
2224 945 2480 1000 nominis
2502 947 2916 1004 obscuritatem
2939 953 3302 1024 contemptui
3321 953 3504 1009 habiti
3532 956 3784 1023 fuerunt,

2125 1033 2213 1089 vel
2247 1034 2319 1088 ob
2343 1035 2616 1090 virtutem
2667 1038 3028 1104 restiterunt,
3064 1058 3211 1112 quos
3234 1042 3435 1098 lsraeli
3461 1044 3705 1100 seminis
3733 1052 3790 1102 et

2127 1122 2337 1176 radicis
2392 1123 2518 1178 loco
2568 1125 2820 1197 relinqui
2851 1128 2896 1162 59
2927 1130 3247 1200 oportebat,
3287 1136 3346 1186 ut
3390 1148 3493 1203 per
3536 1133 3790 1205 Spiritus

2126 1211 2476 1267 inﬂuxiones
2531 1230 2766 1268 rursum
2822 1216 3210 1272 effloresceret
3258 1223 3436 1291 atque
3485 1223 3556 1277 ad
3609 1223 3786 1280 vitam

2127 1307 2514 1367 revocaretur,
2566 1319 2770 1358 omnes
2823 1307 3070 1378 tempori
3117 1308 3377 1364 obsecuti
3427 1317 3570 1366 sunt
3611 1328 3623 1366 :
3675 1311 3786 1368 hoc

2124 1394 2353 1444 tantum
2387 1392 2538 1446 inter
2567 1410 2664 1448 eos
2698 1393 3056 1450 discriminis
3089 1396 3214 1465 fuit,
3251 1399 3405 1469 quod
3453 1399 3553 1455 alii
3585 1401 3781 1470 citius,

2123 1479 2223 1534 alii
2257 1480 2443 1535 serius
2476 1480 2533 1534 in
2584 1497 2711 1536 eam
2747 1483 3012 1538 fraudem
3065 1485 3435 1556 inciderunt;
3465 1493 3642 1560 atque
3685 1489 3783 1545 alii

2123 1567 2360 1638 quidem
2393 1568 2706 1638 impietatis
2757 1572 2935 1626 duces
2965 1573 3378 1646 antistitesque
3408 1592 3471 1632 se
3513 1580 3776 1649 prmbue-

2123 1661 2280 1722 runt,
2314 1655 2411 1712 alii
2458 1662 2650 1713 autem
2698 1660 2755 1714 in
2815 1663 3072 1717 secundo
3129 1664 3332 1720 ordine
3385 1664 3559 1721 locati
3618 1672 3785 1734 sunt,

2123 1763 2334 1816 nempe
2352 1745 2436 1802 vel
2474 1747 2680 1802 timore
2699 1749 2952 1820 perculsi
2971 1751 3056 1806 vel
3077 1759 3304 1823 quzestu
3341 1759 3518 1826 atque
3536 1755 3787 1812 utilitate

2123 1836 2373 1906 subacti,
2406 1835 2492 1891 vel
2553 1835 2854 1894 blanditiis
2904 1838 3168 1908 inescati,
3200 1841 3289 1897 vel
3337 1842 3588 1914 denique
3625 1845 3787 1917 igno-

354 1931 751 2002 πιστευμένων.
802 1932 1006 2005 ’Ὠσπερ
1052 1930 1152 2006 γὰρ
1205 1929 1314 2005 οὐχ
1361 1930 1416 1982 αἱ
1467 1927 1621 1982 αὐταὶ
1671 1925 1906 1982 λεόντων
1956 1949 2013 1981 τε

2132 1925 2314 1979 rantia
2344 1925 2724 1981 circumventi
2757 1943 2822 1981 ac
2853 1928 3304 2002 circumscripti,
3337 1933 3494 2003 quod
3517 1933 3783 1989 omnium

353 2017 581 2075 καὶτῶν
637 2016 822 2074 ἄλλων
874 2020 1024 2088 ζώων
1078 2019 1266 2095 ὁρμαὶ,
1316 2015 1443 2072 οὐδὶ
1489 2014 1693 2091 ἀνδρῶν
1823 2037 2012 2091 γυναι-

353 2112 488 2175 κῶν,
521 2109 556 2176 ἣ
586 2103 965 2184 πρεσϐυτέρων
997 2110 1030 2176 ὴ
1059 2109 1361 2180 νεωτέρων,
1411 2105 1542 2161 ἀλλ’
1585 2101 1695 2160 ἔστι
1746 2105 1835 2160 καὶ
1884 2105 2015 2175 ἡλι-

355 2201 490 2252 κιῶν
537 2198 628 2253 καὶ
672 2201 840 2275 γενῶν
887 2198 950 2251 οὐ
1003 2198 1196 2272 μικρὸν
1243 2197 1305 2251 τὸ
1356 2193 1636 2273 διάφοροψ
1690 2194 1862 2256 οὕτως
1893 2193 2018 2250 οὐδέ

361 2285 649 2362 ἀρχόντων
711 2288 746 2355 ἢ
812 2285 1140 2362 ἀρχομένων
1174 2331 1185 2342 .
1240 2290 1366 2348 Τοῖς
1427 2284 1522 2357 μὶν
1571 2286 1670 2360 γάρ
1730 2289 1825 2338 τοῦ
1884 2285 2019 2340 λαοῦ

364 2376 508 2451 τάχα
557 2374 616 2430 ἂν
667 2377 756 2429 καὶ
817 2377 1284 2450 συγγινώσκοιμεν
1343 2379 1505 2429 τοῦτο
1553 2375 1877 2450 πάσχουσιν,
1926 2374 2018 2435 οὓς

369 2466 529 2533 σώζει
572 2462 844 2526 πολλάκις
901 2466 962 2519 τὸ
1011 2460 1386 2518 ἀϐασάνιστονσ
1439 2461 1751 2535 διδασκάλῳ
1800 2460 1857 2518 δὲ
1905 2467 2019 2526 πῶς

369 2558 532 2610 τοῦτο
566 2552 837 2626 δώσομεν,
887 2554 944 2615 ὃς
991 2553 1080 2607 καὶ
1128 2555 1223 2615 τὰς
1267 2557 1374 2608 τῶν
1418 2551 1605 2608 ἄλλων
1653 2553 1877 2628 ἀγνοίας
1927 2553 2019 2607 ἐπ-

375 2645 620 2718 ανορθοῖ,
682 2641 847 2718 ἄνπερ
983 2644 1058 2715 μή
1119 2639 1476 2717 ψευδώνυμος
1538 2644 1694 2715 (55);
1739 2646 1860 2704 Ιιῶς
1920 2644 2022 2718 γὰρ

377 2733 476 2788 οὐκ
532 2733 731 2787 ἄτοπον
769 2777 782 2802 ,
842 2731 1124 2805 Ῥωμαίων
1189 2733 1281 2805 μὲν
1335 2730 1506 2804 νόμον
1567 2728 1758 2803 μηδενὶ
1818 2730 2022 2806 ἀγνοεῖν

369 2821 588 2892 ἐξεῖναι,
642 2819 772 2895 μηδ’
821 2821 880 2876 ἂν
933 2819 1142 2900 σφόδρα
1186 2821 1223 2896 ᾖ
1273 2842 1354 2883 τις
1408 2820 1688 2897 ἀγροικίας
1739 2821 1826 2874 καὶ
1880 2821 2024 2893 ἀμα-

368 2909 641 2982 θέστατος,
724 2908 864 2984 μηδὲ
946 2910 1076 2964 εἶναι
1151 2909 1321 2983 νόμον
1379 2910 1471 2964 τὸν
1550 2909 1853 2984 βοηθοῦντα
1908 2915 2024 2974 τοῖς

366 3000 763 3072 πραττομένοις
822 2997 891 3052 δι’
952 3000 1168 3074 ἄγνοιαν
1220 3001 1353 3072 (56)·
1413 2998 1543 3061 τοὺς
1576 2996 1634 3053 δὲ
1687 3005 1789 3067 τῆς
1848 3021 2024 3070 σωτη-

369 3087 486 3160 ρίας
545 3087 754 3160 ἀγνοεῖν
820 3089 1213 3163 μυσταγωγοὺς
1279 3089 1377 3149 τὰς
1432 3095 1534 3157 τῆς
1595 3089 1870 3163 σωτηρίας
1930 3090 2026 3163 ἀρ-

371 3178 499 3250 χὰς,
533 3175 629 3230 κᾶν
666 3174 844 3230 τᾶλλα
889 3177 1205 3251 τυγχάνωσι
1254 3181 1362 3230 τῶν
1420 3175 1800 3252 ἁπλονστέρων
1852 3172 2024 3248 ὄντες,

368 3264 458 3319 καὶ
512 3266 586 3336 μὴ
644 3266 825 3338 βαθεῖς
875 3266 975 3332 τὴν
1013 3262 1252 3319 διάνοιαν
1285 3284 1299 3333 ;
1336 3266 1491 3334 Πλὴν
1538 3264 1675 3320 ἔστω
1724 3268 2021 3342 συγγνώμη

2124 2012 2492 2068 levissimum
2513 2019 2602 2069 est
2631 2033 2643 2082 ;
2675 2015 2720 2070 si
2752 2016 2846 2070 cui
2879 2021 3073 2073 tamen
3106 2019 3164 2074 id
3195 2035 3428 2091 quoque
3451 2021 3522 2076 ad
3554 2038 3779 2091 eorum,

2126 2102 2343 2174 quibus
2364 2103 2563 2176 pOpuli
2587 2119 2729 2159 cura
2751 2107 3070 2162 commissa
3096 2112 3204 2174 est,
3225 2109 3632 2180 purgationem
3656 2111 3780 2166 suf-

2127 2192 2298 2247 ficere
2344 2192 2621 2247 videatur.
2658 2194 2802 2248 Nam
2838 2196 3331 2265 quemadmodum
3351 2197 3586 2254 leonum
3612 2204 3779 2255 caete-

2129 2299 2447 2353 rorumque
2479 2282 2872 2339 animantium
2895 2301 3012 2340 non
3034 2285 3210 2341 iidem
3234 2291 3378 2342 sunt
3406 2292 3602 2344 motus
3621 2293 3791 2359 atque

2129 2369 2410 2442 impetus,
2445 2388 2547 2426 nec
2580 2372 2837 2426 virorum
2872 2377 2929 2428 et
2973 2374 3314 2443 mulierum,
3347 2392 3452 2432 nec
3483 2393 3691 2433 senum
3724 2393 3790 2432 ac

2123 2462 2432 2532 juvenum,
2466 2477 2666 2515 verum
2701 2467 2756 2516 et
2803 2467 3038 2516 aetatum
3084 2467 3141 2518 et
3186 2479 3434 2518 sexuum
3485 2463 3640 2520 haud
3673 2466 3792 2520 exi-

2134 2567 2316 2623 guum
2351 2550 2666 2605 discrimen
2701 2556 2826 2619 est;
2862 2552 2944 2605 sic
2977 2568 3083 2607 nec
3123 2554 3533 2624 praefectorum
3563 2559 3620 2608 et
3651 2554 3792 2609 sub-

2136 2639 2574 2696 dilorum.Nam
2607 2656 2636 2694 e
2667 2640 2843 2711 vulgo
2875 2640 3238 2707 hominibus,
3273 2643 3374 2714 qui
3405 2658 3508 2714 per
3537 2659 3792 2699 errorem

2136 2730 2195 2784 id
2228 2729 2591 2796 admiserint,
2617 2729 3040 2802 ignoscendum
3074 2730 3318 2786 fortasse
3351 2732 3543 2801 fuerit,
3576 2731 3794 2804 quibus

2137 2818 2281 2872 illud
2315 2818 2658 2890 plerumque
2691 2818 2868 2874 saluti
2899 2820 3168 2891 est,quod
3201 2820 3467 2876 animum
3501 2838 3534 2875 a
3564 2819 3796 2876 curiosa

2135 2907 2530 2979 exploratione
2580 2907 2835 2963 alienum
2869 2909 3129 2971 habent;
3163 2914 3222 2965 at
3251 2908 3471 2966 doctori
3517 2926 3632 2982 quo
3663 2914 3792 2966 tan-

2136 2998 2267 3052 dem
2304 2998 2476 3052 modo
2514 2997 2670 3052 idem
2723 2998 3131 3067 concedamus,
3165 2999 3265 3070 qui
3315 2998 3565 3055 aliorum
3615 2999 3791 3055 etiam

2135 3087 2399 3142 inscitiae
2429 3086 2843 3153 emendat,nisi
2875 3087 2930 3142 id
2963 3087 3107 3143 falso
3134 3088 3247 3144 sibi
3279 3104 3492 3144 nomen
3516 3088 3794 3160 arroget?

2136 3177 2282 3233 Nam
2332 3193 2467 3232 cum
2501 3177 2897 3232 Romanorum
2947 3176 3134 3248 legem
3185 3177 3426 3247 nemini,
3471 3178 3797 3248 quamlibet

2138 3266 2359 3322 rustico
2392 3272 2448 3322 et
2480 3267 2733 3335 indocto,
2769 3268 3037 3338 ignorare
3066 3266 3260 3333 liceat,
3292 3283 3399 3322 nec
3430 3265 3523 3322 lex
3569 3265 3670 3322 illa
3697 3284 3794 3323 ex-

366 3359 482 3414 τοῖς
541 3351 610 3407 δι’
673 3352 893 3428 ἄγνοιαν
935 3353 1469 3425 κατακολουθήσασι.
1514 3354 1573 3409 Τί
1632 3353 1678 3408 δ’
1730 3355 1789 3410 ἃν
1849 3355 2023 3419 εἷ’ποις

2138 3362 2272 3424 stet,
2305 3373 2430 3428 qua:
2481 3356 2833 3412 criminibus
2871 3373 2975 3428 per
3019 3356 3412 3428 ignorantiam
3459 3357 3795 3412 commissis

369 3444 631 3518 περὶτῶν
666 3440 876 3510 ἄλλων,
909 3442 1028 3498 ὅσοι
1067 3444 1156 3499 καὶ
1208 3443 1487 3520 ἀγχινοίας
1539 3445 2026 3517 μεταποιούμενοι,

372 3529 441 3586 δι’
474 3532 534 3593 ἃς
568 3531 715 3585 εἶπον
749 3531 947 3600 αἰτίας,
996 3537 1104 3586 τῶν
1144 3532 1486 3607 κρατούντων
1537 3534 1850 3601 ἡττήθησαν
1891 3537 2026 3607 (57),

369 3621 459 3677 καὶ
489 3622 587 3688 τὴν
645 3627 743 3689 τῆς
806 3616 1076 3681 εὐσεϐείας
1123 3621 1328 3689 σκηνὴν
1389 3619 1477 3673 ἐπὶ
1535 3619 1680 3674 πολὺ
1724 3621 2024 3693 παίξαντες,

371 3709 446 3772 ὡς
505 3708 670 3786 ἐφάνη
748 3728 800 3762 τι
856 3711 962 3763 τῶν
1041 3707 1380 3782 ἐλεγχόντων
1418 3751 1432 3776 ,
1490 3708 1580 3762 καὶ
1647 3709 1960 3784 κατηνέχθη
1997 3742 2020 3751 -

372 3819 466 3853 σαν
500 3817 514 3866 ;

2140 3461 2309 3517 Opem
2343 3445 2506 3511 ferat,
2543 3461 2735 3500 nonne
2787 3445 3113 3501 absurdum
3145 3449 3234 3500 est
3280 3443 3489 3501 salutis
3531 3444 3795 3500 doctores

2137 3539 2194 3590 et
2225 3535 2517 3589 antistites
2549 3533 2757 3589 salutis
2791 3533 3074 3604 principia
3105 3533 3350 3598 nescire,
3381 3533 3611 3588 etiamsi
3648 3532 3791 3588 alio-

2135 3621 2236 3691 qui
2264 3621 2649 3693 simpliciores
2698 3622 2838 3686 sint,
2873 3621 3271 3691 hebetiorique
3301 3621 3544 3677 anima?
3575 3620 3793 3678 Verum

2135 3709 2228 3764 his
2279 3726 2419 3765 sane
2465 3711 2822 3780 ignoscatur,
2875 3708 2976 3779 qui
3023 3709 3221 3782 impiis
3265 3710 3641 3781 dogmatibus
3689 3727 3792 3781 per

2132 3799 2560 3870 ignorationem
2612 3814 2921 3853 assensum
2970 3799 3362 3869 praebuerunt.
3399 3799 3547 3862 Quid
3593 3804 3791 3854 autem

370 3890 441 3945 de
481 3887 611 3945 aliis
642 3887 878 3956 dixeris,
910 3886 1011 3958 qui
1061 3887 1238 3942 etiam
1297 3887 1519 3960 ingenii
1571 3887 1806 3944 laudem
1857 3889 1969 3944 sibi
2018 3887 2400 3954 vindicantes,
2433 3888 2505 3942 ob
2564 3904 2662 3942 eas
2717 3891 2934 3956 tamen,
2969 3904 3116 3958 quas
3175 3888 3790 3955 commemoravimus,

369 3995 602 4046 causas,
634 3977 1090 4050 imperatoribus
1123 3994 1335 4034 manus
1364 3978 1673 4046 dederunt,
1706 3983 1764 4033 et
1793 3995 1927 4034 cum
1981 3979 2214 4049 pietatis
2261 3993 2573 4049 personam
2605 3977 2884 4031 diuturno
2933 3983 3195 4048 tempore
3244 3980 3528 4049 tanquam
3562 3993 3665 4049 per
3693 3976 3790 4032 lu-

369 4068 513 4123 dum
544 4066 891 4139 gessissent,
927 4065 1107 4122 simul
1140 4083 1206 4123 ac
1239 4067 1439 4140 aliqua
1469 4069 1806 4140 supervenit
1834 4067 2102 4137 tentatio,
2136 4084 2254 4139 qua
2293 4065 2555 4122 convinci
2597 4072 2771 4138 atque
2802 4065 3038 4138 coargui
3070 4070 3328 4138 possent,
3361 4065 3629 4138 protinus
3659 4082 3791 4121 cor-
3851 4110 3854 4114 η

364 4160 612 4212 ruerunt
636 4159 660 4212 ἲ

437 4245 558 4300 ΚΕ’.
612 4246 729 4298 ’Έτι
792 4244 888 4316 μὶν
959 4242 1098 4313 ἅπαξ
1173 4242 1265 4298 τὸν
1331 4243 1555 4317 οὐρανὸν
1614 4243 1706 4299 καὶ
1757 4247 1855 4315 τὴν
1916 4247 2018 4319 γῆν

367 4334 736 4404 σεισθήσεσθαι
788 4336 922 4407 (58),
971 4340 1070 4402 τῆς
1124 4339 1344 4412 Γραφῆς
1395 4334 1576 4388 ἀκούω
1630 4333 1920 4411 λεγούσης,
1951 4335 2024 4397 ὡς

367 4419 434 4490 δὴ
465 4425 627 4476 τοῦτο
657 4421 940 4475 παθόντων
983 4421 1072 4475 καὶ
1120 4421 1408 4497 πρότερον
1464 4422 1610 4478 οὕτω
1652 4421 2023 4497 δηλουμένης,

368 4511 546 4584 οἶμαι,
601 4516 700 4578 τῆς
761 4509 1053 4586 ἐπιφανοῦς
1109 4514 1217 4563 τῶν
1271 4513 1610 4584 πραγμάτων
1655 4513 2023 4585 καινοτομίας.

2202 4245 2369 4302 XXV.
2415 4245 2603 4301 Semel
2653 4245 2890 4316 quidem
2943 4245 3135 4301 adhuc
3182 4245 3446 4300 futurum
3494 4243 3792 4316 Scriptura

2132 4336 2570 4410 pronuntiat,ut
2595 4335 2802 4391 coelum
2823 4340 2878 4390 et
2897 4339 3050 4391 terra
3069 4339 3412 4390 moveantur
3430 4336 3494 4402 7°,
3512 4339 3789 4405 tanquam

2132 4427 2191 4483 id
2219 4444 2451 4498 quoque
2479 4425 2624 4498 ipsis
2649 4426 2960 4497 anteajam
2985 4425 3321 4497 contigerit;
3341 4425 3558 4496 quibus
3576 4424 3790 4488 verbis,

2137 4533 2267 4571 mea
2298 4515 2535 4587 quidem
2568 4515 2882 4583 sententia,
2913 4514 3162 4571 illustris
3192 4531 3384 4570 rerum
3433 4514 3677 4569 mutatio
3709 4512 3792 4568 si—

367 4601 469 4656 Καὶ
513 4599 606 4654 τὸν
655 4596 962 4653 τελευταῖον
1025 4599 1246 4671 σεισμὸν
1298 4597 1503 4672 Παύλῳ
1561 4602 1870 4656 πιστευτέον
1933 4600 2023 4656 λέ-

2133 4604 2465 4675 gniﬁcatur.
2500 4604 2653 4659 402
2706 4607 2892 4674 Atque
2922 4604 3101 4659 etiam
3134 4602 3310 4658 Paulo
3336 4604 3482 4659 ﬁdes
3523 4603 3794 4659 habenda

368 4710 543 4765 γοντι,
598 4690 674 4761 μὴ
735 4684 904 4742 ἄλλον
953 4687 1084 4741 εἴναι
1132 4688 1166 4755 ἢ
1210 4688 1308 4754 τὴν
1365 4684 1614 4761 δευτέραν
1644 4693 1742 4742 τοῦ
1787 4694 2021 4763 Χριστοῦ

368 4779 689 4853 παρουσίαν,
742 4776 832 4832 καὶ
889 4777 985 4844 τὴν
1043 4773 1203 4831 τοῦδε
1253 4773 1351 4830 τοῖ’)
1409 4777 1603 4838 παντὸς
1660 4777 2017 4850 μεταποίησιν

368 4870 459 4924 καὶ
520 4869 797 4942 μετάθεσιν
858 4864 932 4927 εἰς
987 4866 1050 4920 τὸ
1111 4865 1364 4936 ἀκίνητον
1423 4867 1512 4920 καὶ
1565 4865 1881 4924 ἀσάλευτον.
1913 4868 2015 4924 Τὸν

370 4956 428 5014 δὲ
473 4963 565 5013 νῦν
611 4961 802 5013 τοῦτον
850 4955 1070 5028 σεισμὸν
1119 4952 1337 5018 οὐδενὸς
1396 4953 1605 5010 ἐλάττω
1656 4959 1763 5010 τῶν
1820 4976 2016 5032 προγε-

437 5093 481 5130 ⁶⁸
510 5093 626 5148 Jer.
658 5109 758 5162 xu,
795 5092 880 5146 10.
958 5092 1003 5128 ⁸⁸
1031 5092 1146 5148 Isa.
1179 5108 1221 5159 ι,
1249 5091 1305 5145 9.
1382 5091 1426 5126 7°
1453 5092 1596 5163 Agg.
1633 5108 1696 5162 ιι,
1726 5093 1778 5147 7.

431 5236 552 5321 (ὗέ)
585 5233 967 5318 ΠρὸηΧριστοῦ
995 5252 1075 5289 τε.
1108 5234 1251 5289 Tres
1283 5233 1464 5305 Regg.
1494 5237 1551 5289 et
1577 5234 1806 5304 Comb.,
1831 5232 1939 5308 πρό
1967 5252 2026 5289 τε

363 5312 462 5362 τοῦ
493 5312 746 5381 Χριστοῦ.

436 5381 548 5452 (55)
581 5382 786 5452 (Amp
815 5375 852 5450 ᾖ
885 5378 960 5452 μὴ
1005 5371 1569 5452 taedium--1568
1618 5371 2021 5452 Rege-Jan?

371 5444 452 5524 μὴ’
489 5444 842 5523 ψευδώνυμος
883 5444 1622 5521 ᾖςοὸωὺθΐηήψευδόμενος
1654 5444 1773 5517 ﬁs:
1802 5448 1912 5503 nisi
1945 5444 2022 5503 sit

369 5525 693 5580 mendax.»

440 5596 551 5666 (56)
587 5593 675 5666 Διή
721 5586 960 5666 ἄγνοιαν.
1013 5593 1129 5666 Sic_
1163 5590 1424 5666 quinque
1483 5591 1685 5663 Regg.,
1746 5591 2020 5646 undecim

371 5659 621 5722 Colbict
649 5665 744 5720 Or.
767 5659 822 5718 ⁷1.
863 5664 925 5736 In
958 5665 1073 5732 ed.,
1107 5659 1447 5736 St’dyvo‘iac.

443 5739 697 5810 (57)ATGw
731 5733 1094 5810 κρατούντων.
1116 5759 1140 5785 α
1174 5733 1650 5810 [imperatoribus
1675 5757 1702 5784 ›)
1727 5734 1819 5789 Sic
1843 5734 2020 5810 maxi-

377 5805 471 5867 me
500 5805 677 5865 tritus
722 5805 814 5865 est
858 5808 1039 5879 hujus
1085 5805 1459 5866 vocis—usus.
1492 5805 1697 5864 Billius
1730 5825 1796 5863 :«
1829 5809 2020 5863 Haere-

2133 4695 2242 4756 est,
2277 4698 2642 4762 postremum
2675 4695 2838 4745 terra:
2864 4696 3087 4746 motum
3131 4690 3276 4746 nihil
3300 4690 3458 4746 aliud
3481 4690 3603 4746 fore
3631 4689 3789 4746 afﬁr-

2132 4779 2338 4848 manti,
2373 4795 2551 4849 quam
2581 4781 2906 4834 secundum
2935 4778 3148 4833 Christi
3179 4780 3517 4844 adventum,
3552 4779 3788 4834 mundi-

2130 4885 2243 4940 que
2273 4868 2452 4938 hujus
2475 4866 2967 4936 immutationem,
2988 4871 3161 4937 atque
3185 4866 3243 4920 in
3266 4865 3654 4938 tranquillum
3673 4871 3788 4923 sta-

2129 4961 2339 5022 tum,et
2368 4957 2441 5012 ab
2473 4954 2634 5012 omni
2667 4961 2830 5012 motu
2861 4962 2918 5012 et
2938 4955 3255 5028 agitatione
3287 4954 3562 5027 liberum,
3591 4959 3783 5013 trans-

2133 5234 2269 5291 ticis
2299 5250 2495 5290 rerum
2528 5233 2907 5306 patientibus.
2934 5257 2962 5284 »

2179 5307 2318 5377 ’(58)
2362 5303 2762 5376 Σεισθῆσεσθαι.
2813 5307 3004 5363 Semel
3053 5308 3109 5362 et
3148 5305 3370 5377 iterum
3414 5303 3620 5364 Billius
3653 5328 3683 5358 ι(
3712 5307 3786 5364 de

2132 5375 2309 5451 terra
2340 5383 2497 5433 motu
2535 5375 2561 5428 ἱ)
2592 5378 2889 5451 intelligit,
2907 5383 3098 5451 atque
3142 5375 3563 5451 interpretatur
3590 5378 3783 5451 Aggaai

2131 5449 2349 5519 locum,
2383 5451 2478 5520 qui
2515 5458 2706 5505 tamen
2757 5449 3168 5518 intelligendus
3200 5449 3431 5505 videtur
3458 5473 3488 5498 «
3521 5453 3591 5504 de
3621 5449 3782 5506 coin-

2133 5522 2394 5577 motione
2429 5527 2486 5577 et
2532 5523 2916 5577 concussione
2964 5537 3252 5592 magna.»
3285 5522 3346 5576 ld
3396 5538 3653 5593 namque
3698 5522 3783 5576 sic

2132 5595 2386 5648 reddunt
2442 5610 2644 5648 omnes
2708 5594 3022 5665 Scriptura;
3081 5593 3450 5665 interpretes.
3504 5593 3784 5661 Loquitur

2133 5665 2449 5736 Gregorius
2481 5667 2550 5720 de
2581 5664 3092 5720 turbulentissime.
3130 5664 3231 5720 illa
3259 5668 3626 5736 tempestate,
3653 5679 3778 5736 quae

2129 5733 2396 5809 contigit,
2426 5755 2558 5792 cum
2609 5737 2988 5792 Constantius
3035 5740 3092 5791 et
3135 5736 3354 5809 Ariani,
3387 5733 3514 5807 ejus
3565 5733 3777 5791 auxilio

2129 5808 2404 5878 freti,’tot
2432 5809 2491 5865 in
2522 5809 2780 5866 Ecclesia
2813 5814 3040 5882 strages
3070 5808 3398 5866 ediderunt.
