4110 6442
342 376 493 437 1113

1261 372 1553 434 ORATIO
1595 370 1751 432 XXI.
1785 402 1864 417 —
1890 372 1972 431 IN
2014 370 2335 432 LAUDEM
2383 370 2834 432 ATHANASII.

3605 368 3757 449 un

338 508 477 565 Ἵστε
506 508 605 577 τὴν
638 504 887 579 κάμηλον
923 510 1036 577 (7U)
1079 504 1309 575 ἐκείνην,
1365 506 1454 559 καὶ
1512 505 1601 558 τὸν
1658 504 1803 573 ξενον
1860 503 1991 576 φόρ-

2116 510 2253 573 tem,
2287 504 2407 559 zelo
2438 520 2647 575 nempe
2674 504 3040 560 iracundiam
3090 508 3351 561 acuente.
3384 503 3546 569 Quod
3580 503 3755 559 etiam

336 617 449 667 τον,
479 596 569 650 καὶ
601 598 659 650 τὸ
681 595 862 650 καινὸν
887 595 1041 669 ὕψος,
1075 595 1163 649 καὶ
1195 596 1292 662 τὴν
1326 594 1547 669 πρώτην
1580 590 1857 667 περίοδον,
1910 592 1990 646 οἶ-

342 705 436 756 μαι
483 682 558 756 δὲ,
612 684 699 738 καὶ
737 684 931 757 μόνην,
988 685 1055 737 τὰ
1109 682 1271 758 μέχρι
1324 682 1412 737 καὶ
1443 686 1532 736 νῦν
1567 686 1681 743 τοῖς
1716 677 1992 757 ὑϐρισταῖς

338 772 725 845 ἀπειλούμενα.

2104 595 2301 665 ipsum
2334 592 2742 649 Alexandrinis
2773 595 3004 661 accidit,
3060 595 3178 665 qui.
3230 600 3294 649 ut
3324 594 3381 649 in
3414 611 3534 663 eos,
3569 610 3602 648 a
3633 591 3757 663 qui-

2105 683 2212 738 bus
2243 683 2658 737 contumeliam
2693 689 3062 755 acceperunt,
3114 683 3480 738 acerbissimi
3511 698 3638 737 esse
3661 699 3753 736 so-

2102 771 2246 837 lent,
2268 772 2667 841 importunam
2700 772 2958 827 hominis
2982 773 3287 828 audaciam
3321 771 3757 843 indignissimis

338 864 556 919 animis
590 868 860 931 terentes,
892 868 1017 919 tum
1053 880 1198 918 novo
1229 863 1509 918 dedecore
1552 866 1797 916 mortem
1850 861 2169 915 notandam
2200 867 2375 931 atque
2422 860 2823 915 infamandam
2874 862 3187 917 duxerunt.
3222 861 3408 917 Notus
3456 866 3547 916 est
3593 859 3760 914 vobis

337 952 601 1008 camelus
632 953 749 1021 ille,
784 960 955 1024 atque
1006 953 1238 1008 insueta
1282 952 1531 1021 sarcina,
1568 955 1623 1006 et
1655 967 1800 1005 nova
1830 949 2097 1019 altitudo,
2133 948 2437 1020 primaque
2468 949 2587 1016 illa,
2621 966 2710 1020 ac,
2742 948 2857 1005 nisi
2908 967 3000 1005 me
3047 950 3243 1021 opinio
3294 949 3460 1017 fallit,
3496 946 3621 1005 sola
3650 949 3762 1003 cir-

338 1043 692 1111 cumductio,
725 1060 852 1113 qua:
886 1043 1210 1097 etiamnum
1244 1040 1685 1096 contumeliosis
1717 1040 2060 1095 hominibus
2093 1038 2400 1093 minaciter
2428 1038 2828 1094 denuntiatur.

414 1136 524 1183 KZ’.
590 1130 737 1183 Ἐπεὶ
798 1128 855 1185 δὲ
915 1132 941 1184 6
994 1130 1176 1206 τυφὼν
1234 1131 1347 1201 (71)
1398 1136 1496 1197 τῆς
1551 1125 1781 1199 ἀδικίας,
1815 1128 1842 1180 6
1898 1133 1998 1195 τῆς

342 1213 616 1279 εὐσεϐείας
650 1218 904 1292 φθορεὺς,
937 1220 964 1272 ὁ
994 1222 1090 1271 τοῦ
1123 1222 1369 1290 πονηροῦ
1402 1214 1741 1291 πρόδρομος,
1792 1215 1993 1284 ταύτην

339 1306 712 1381 εἰσπράττεται
771 1309 868 1375 τὴν
929 1306 1109 1378 δίκην,
1163 1306 1285 1379 ἐμοὶ
1342 1307 1435 1379 μὲν
1471 1305 1570 1360 οὐκ
1596 1305 1878 1374 ἐπαινετὴν
1912 1304 1996 1377 (οὗ

335 1396 439 1471 γάρ
473 1396 504 1450 ἃ
540 1402 728 1459 παθεῖν
778 1396 975 1451 ἐκεῖνον
1027 1396 1217 1471 ἐχρῆν,
1266 1394 1392 1450 ἀλλ’
1434 1395 1465 1449 ἃ
1496 1398 1608 1467 (72)
1638 1399 1813 1448 ποιεῖν
1845 1396 1995 1466 ἡμᾶς

336 1482 444 1539 ἔδει
495 1488 760 1558 σκοπεῖν),
822 1484 1193 1559 εἰσπράττεται
1243 1483 1289 1539 δ’
1338 1485 1452 1553 οὗν,
1501 1484 1674 1559 ὀργῆς
1703 1481 1995 1556 πανδήμου

336 1574 425 1628 καὶ
487 1582 653 1651 φορᾶς
722 1574 878 1650 ἔργον
940 1579 1050 1648 (73)
1108 1574 1432 1650 γενόμενος·
1487 1572 1720 1628 ἐπάνεισι
1784 1573 1877 1645 μὲν
1938 1571 1997 1626 ἐκ

333 1663 434 1731 τῆς
465 1661 641 1733 καλῆς
675 1662 941 1736 ἐκδημίας
976 1665 1003 1717 6
1045 1662 1288 1733 ἀθλητὴς
1322 1663 1485 1737 (οὕτω
1536 1664 1639 1738 γὰρ
1689 1662 1794 1736 ἐγὼ
1818 1724 1819 1727 η
1842 1660 1996 1715 καλῶ

332 1753 432 1820 τήν
496 1752 699 1807 ἐκείνου
762 1751 850 1807 διὰ
907 1754 1005 1821 τὴν
1066 1750 1269 1828 Τριάδα
1316 1760 1405 1806 καί
1465 1752 1598 1819 μετὰ
1643 1758 1742 1819 τῆς
1770 1748 1997 1826 Τριάδος

336 1842 551 1918 φυγὴν).
612 1842 759 1896 οὕτω
818 1841 874 1896 δὲ
932 1843 1186 1915 ἀσμένοις
1241 1842 1565 1918 προσπίπτει
1622 1843 1733 1913 (74)
1763 1845 1878 1901 τοῖς
1938 1840 1989 1894 ἐν

340 1935 407 2005 τῇ
438 1932 621 1997 πόλει,
652 1932 741 1987 καὶ
802 1938 999 2007 μικροῦ
1044 1938 1113 2006 τῇ
1166 1934 1427 2008 Αἰγύπτῳ
1472 1932 1635 2005 πάσῃ,
1676 1932 1763 1985 καὶ
1796 1952 1996 1985 παντα-

343 2022 504 2097 χόθεν
557 2021 631 2083 εἷς
678 2022 842 2076 ταυτὸ
891 2020 1288 2098 συνδραμοόσῃ,
1344 2027 1436 2076 καῖ
1505 2022 1594 2075 ἀπ’
1645 2020 1812 2097 ἄκρου
1869 2042 2001 2075 παν-

2179 1126 2819 1197 XXVII.iPosteaquam
2869 1132 3063 1182 autem
3097 1127 3195 1182 ille
3227 1126 3534 1198 injustitize
3564 1127 3760 1197 turbo,

2106 1215 2209 1271 illa
2242 1216 2472 1287 pietatis
2515 1217 2675 1271 labes
2733 1220 2789 1271 et
2848 1217 3196 1288 corruptela.
3258 1217 3353 1271 ille
3384 1217 3543 1288 pravi
3601 1216 3761 1271 illius

2054 1296 2073 1305 κ
2109 1305 2802 1378 praecursor,hujusmodi
2828 1305 3117 1377 supplicio
3151 1307 3471 1361 mulctatus
3504 1311 3610 1371 est,
3634 1322 3761 1361 meo

2107 1398 2343 1468 quidem
2367 1398 2615 1469 judicio,
2660 1398 2815 1453 haud
2860 1402 3012 1453 recte
3070 1398 3199 1470 (nec
3228 1398 3384 1453 enim
3436 1397 3574 1467 quid
3626 1412 3760 1452 eum

2108 1490 2356 1560 pati,sed
2391 1489 2531 1560 quid
2566 1506 2671 1544 nos
2696 1489 2881 1545 facere
2912 1490 3567 1561 decebat,spectandum
3604 1488 3759 1557 fuit),

2106 1579 2205 1634 sed
2243 1578 2558 1634 mulctatus
2589 1584 2677 1633 est
2706 1579 3232 1650 tamen,totiusque
3263 1577 3463 1650 populi
3494 1579 3759 1648 inpetum

2112 1673 2285 1737 atque
2318 1667 2685 1723 iracundiam
2718 1668 2935 1735 subiit;
2968 1673 3095 1722 tum
3130 1667 3369 1739 quidem
3418 1667 3631 1722 nobilis
3660 1666 3758 1722 ille

2105 1757 2323 1812 athleta
2354 1774 2419 1812 ex
2454 1756 2731 1829 praeclara
2761 1756 3225 1828 peregrinatione
3245 1756 3353 1828 (sic
3385 1756 3540 1810 enim
3575 1756 3761 1828 ipsius

2113 1845 2309 1915 fugam
2343 1862 2445 1916 pro
2478 1844 2763 1899 Trinitate
2793 1850 2851 1899 et
2901 1861 3036 1899 cum
3089 1844 3374 1900 Trinitate
3424 1849 3760 1914 susceptam

2108 1933 2360 2005 appello)
2394 1934 2451 1987 in
2480 1936 2687 1988 urbem
2721 1934 2891 2000 redit,
2934 1938 3112 2004 atque
3152 1935 3235 1989 ita
3265 1933 3428 1988 laatos
3455 1938 3512 1987 et
3542 1932 3763 1988 alacres

2113 2038 2269 2077 cives
2300 2022 2564 2089 oﬂendit,
2596 2023 2714 2076 imo
2763 2023 2939 2077 etiam
2997 2022 3328 2077 universam
3383 2038 3559 2093 prope
3589 2025 3761 2094 [Egy-

343 2112 435 2172 τὸς
484 2114 617 2183 (75),
664 2110 735 2164 ⁹ίν’
784 2112 836 2165 οἱ
886 2113 980 2184 μὶν
1031 2114 1218 2188 φωνῆς
1263 2110 1582 2174 Ἀθανασίου
1637 2110 1828 2182 μόνης,
1863 2111 1914 2164 οἱ
1947 2107 2005 2164 δὲ

2116 2116 2279 2183 ptum
2322 2112 2735 2183 undequaque,
2784 2116 2839 2165 et
2889 2111 2960 2165 ab
3010 2111 3288 2166 extremis
3327 2111 3508 2166 totius
3533 2110 3761 2182 Egypti

342 2205 440 2255 τοῦ
489 2198 663 2261 εἷ’δους
706 2199 1116 2278 ἐμφορηθῶσιν,
1167 2201 1218 2254 οἱ
1275 2197 1351 2271 δὲ,
1386 2198 1416 2253 ὅ
1445 2199 1568 2274 περὶ
1599 2204 1704 2253 τῶν
1768 2199 1999 2269 ἀποστό-

345 2287 456 2343 λων
506 2289 839 2362 ήκούσαμεν,
894 2294 961 2362 τῇ
1012 2294 1135 2359 σκιᾷ
1184 2287 1313 2363 γοῦν
1369 2290 1666 2362 ἀγιασθῶσι
1721 2288 1877 2361 μόνῃ,
1908 2286 1998 2341 καὶ

342 2382 419 2449 τῷ
447 2379 585 2449 κενῷ
618 2381 729 2450 (76)
763 2377 917 2449 τύπῳ
946 2383 1044 2432 τοῦ
1076 2380 1351 2449 σώματος·
1414 2376 1549 2431 ὥστε
1580 2374 1807 2431 πολλῶν
1854 2375 1998 2431 πολ-

345 2463 500 2528 λάκις
547 2466 635 2521 καὶ
696 2466 934 2527 πολλοῖς
982 2463 1090 2535 ἤδη
1137 2467 1509 2542 γεγενημένων
1559 2464 1618 2520 ἐκ
1661 2470 1756 2520 τοῦ
1803 2466 1996 2528 παντὸς

346 2556 550 2629 χρόνου
581 2560 758 2627 τιμῶν
807 2576 866 2610 τε
912 2554 1002 2610 καί
1034 2555 1407 2625 ὑπαντήσεων,
1440 2556 1540 2609 οὐκ
1570 2552 1796 2630 ἅσχουσι
1833 2555 1995 2627 μόνον

342 2642 634 2716 δημοσίοις
691 2645 780 2698 καὶ
834 2645 1086 2719 ἱερεῦσιν9
1138 2642 1284 2700 ἀλλὰ
1330 2643 1420 2698 καί
1468 2649 1575 2698 τῶν
1626 2643 1840 2698 οἰκείων
1880 2649 1998 2706 τοῖς

343 2732 805 2810 ἐπιφανεστάτοις,
886 2732 1026 2805 μηδὲ
1093 2733 1217 2807 μίαν
1292 2732 1495 2802 ταύτης
1563 2732 1997 2805 μνημονεύεσθαι

344 2820 907 2897 πολυανθρωποτέραν
981 2821 1071 2876 καὶ
1142 2820 1548 2897 λαμπροτέραν.
1600 2825 1693 2876 ’Ἑν
1760 2819 1816 2876 δὲ
1866 2822 1995 2877 εἶναι

346 2908 513 2981 ταύτῃ
589 2911 751 2981 μόνον
823 2906 1194 2983 παραϐάλλειν
1269 2910 1426 2965 αὐτὸν
1499 2912 1834 2983 Ἀθανάσιον,
1906 2911 1996 2964 καὶ

342 2998 441 3065 τήν
501 2997 647 3068 αὐτῴ
695 2998 959 3073 προτέραν
1005 3002 1117 3071 (77)
1152 3002 1485 3054 συντεθεῖσαν
1519 3000 1605 3055 ἐπὶ
1635 3004 1702 3074 τῇ
1761 2999 1997 3075 προτέρᾳ

341 3086 543 3154 ταύτης
601 3084 797 3159 εἰσόδῳ
851 3089 1043 3159 τιμὴν,
1101 3088 1261 3157 ἡνίκα
1310 3087 1369 3143 ἐκ
1414 3092 1511 3157 τῆς
1561 3090 1726 3158 αὐτῆς
1775 3088 1864 3143 καὶ
1908 3088 1995 3144 ἰπὶ

340 3179 455 3235 τοῖς
488 3174 670 3237 αὐτοῖς
704 3175 920 3249 ἐπανῄει
955 3183 1155 3254 φυγῆς·

2109 2200 2348 2270 finibus,
2384 2201 2440 2253 in
2470 2216 2654 2254 unum
2704 2205 3171 2269 concurrentem,
3204 2202 3269 2254 ut
3299 2198 3393 2253 alii
3426 2199 3551 2253 sola
3578 2198 3757 2254 Atha-

2110 2288 2261 2344 nasii
2292 2304 2447 2354 voce,
2482 2288 2578 2343 alii
2614 2289 2801 2342 forma
2829 2293 2885 2342 et
2915 2293 3155 2359 aspectu
3192 2292 3618 2352 saturarentur,
3638 2286 3758 2357 alii,

2108 2380 2260 2450 quod
2278 2380 2348 2433 de
2364 2378 2647 2450 apostolis
2669 2378 3115 2450 praedicatur,“
3130 2378 3338 2431 umbra
3350 2377 3557 2432 saltem
3581 2378 3756 2448 ipsa"2

2108 2474 2164 2524 et
2191 2486 2338 2523 vana
2369 2467 2627 2539 corporis
2660 2468 2847 2539 ﬁgura
2898 2467 3265 2522 sanctitatem
3325 2466 3756 2535 contraherent,

2109 2564 2335 2623 ut,cum
2371 2556 2573 2612 multis
2605 2557 2719 2626 iam
2746 2572 3224 2627 saepenumeroex
3256 2555 3416 2610 omni
3450 2554 3759 2609 hominum

2110 2645 2394 2701 memoria
2424 2645 2673 2701 honores
2698 2645 2879 2700 habiti
2912 2645 3051 2713 sint,
3086 2642 3291 2699 multis
3322 2644 3495 2698 etiam
3529 2642 3758 2697 obviam

2111 2736 2406 2807 proditum
2429 2734 2707 2805 sit,idque
2724 2752 2835 2789 non
2861 2733 3148 2806 praefectis
3169 2738 3395 2786 tantum
3433 2731 3684 2799 publicis
3704 2736 3761 2786 et

2107 2824 2529 2897 episcopis,sed
2557 2823 2937 2878 familiarium
2965 2838 3197 2893 quoque
3230 2821 3613 2892 amplissimis
3628 2821 3759 2891 qui-

2108 2917 2335 2983 busque
2365 2919 2420 2967 et
2450 2911 2817 2979 clarissimis,
2853 2910 3055 2967 nullus
3093 2917 3286 2965 tamen
3335 2926 3614 2965 occursus
3646 2910 3757 2964 fre-

2107 3003 2346 3074 quentia
2376 3007 2433 3057 et
2463 3002 2773 3072 splendore
2811 3002 2997 3071 major
3028 3016 3288 3071 unquam
3318 2999 3499 3054 fuisse
3533 3016 3758 3054 memo-

2111 3091 2459 3146 retur.Unus
2488 3093 2773 3145 duntaxat
2807 3089 2990 3144 honor
3020 3088 3156 3143 huic
3186 3088 3513 3155 comparari
3547 3092 3759 3159 potest;

2109 3182 2205 3237 ille
2238 3180 2481 3247 scilicet,
2515 3197 2629 3250 quo
2661 3178 3021 3234 Athanasius
3054 3179 3179 3250 ipse
3210 3179 3280 3233 ad
3316 3178 3567 3249 priorem
3599 3176 3765 3232 urbis

341 3263 675 3336 ingressum
717 3277 958 3323 ornatus
1018 3269 1174 3324 404
1233 3270 1442 3338 fuerat,
1473 3287 1607 3325 cum
1658 3287 1727 3326 ex
1773 3272 1979 3328 eadem
2029 3272 2185 3344 fuga,
2220 3271 2550 3340 iisdemque
2582 3270 2652 3324 de
2682 3270 2876 3324 causis
2938 3269 3097 3338 inita,
3130 3266 3541 3322 Alexandriam
3601 3283 3765 3339 repe-

340 3357 504 3408 teret.

414 3443 538 3499 KH'.
573 3443 800 3518 Φίρεται
851 3445 939 3499 καὶ
995 3446 1241 3508 τοιοῦτός
1288 3468 1369 3509 τις
1430 3446 1512 3501 ἐπ’
1557 3447 1730 3513 ἐκείνη
1757 3446 1828 3521 τῇ
1858 3449 1996 3523 τιμῇ

2181 3451 2429 3506 XXVIII.
2464 3449 2613 3516 Quin
2645 3453 2701 3504 et
2731 3449 2801 3502 de
2832 3446 3053 3502 honore
3092 3445 3194 3500 illo
3226 3445 3565 3515 hujusmodi
3599 3444 3761 3517 quis-

349 3527 516 3602 λόγος
540 3550 552 3561 ⁸
618 3530 853 3605 λεγέσθω
895 3532 1017 3605 γὰρ,
1071 3532 1116 3587 εἰ
1163 3534 1250 3587 καὶ
1284 3534 1684 3609 περιττότερος,
1722 3537 1834 3589 οἷον
1870 3535 1996 3607 ἥδυ-

349 3619 461 3691 σμά
488 3641 540 3673 τι
569 3624 647 3691 τῷ
679 3619 853 3693 λόγῳ,
886 3640 973 3693 και
1007 3622 1165 3682 ἄνθος
1206 3620 1437 3675 είσόδιον
1488 3626 1620 3696 (78).
1674 3623 1993 3694 Ἐίσήλαυνὲ

339 3729 422 3770 τις
477 3713 583 3762 τῶν
631 3706 983 3783 δισυπάρχων
1032 3712 1143 3781 (79)
1190 3716 1303 3781 μετ’
1362 3709 1571 3780 ἐκείνην
1611 3713 1710 3779 τὴν
1762 3711 1993 3784 εἶ’σοδον,

337 3798 632 3870 Ἦμὲτερος
667 3798 821 3859 οὗτος
876 3799 963 3866 ἦν’
1001 3795 1365 3867 Καππαδόκης
1412 3799 1536 3873 γὰρ,
1578 3801 1665 3855 καὶ
1695 3805 1803 3854 τῶν
1833 3803 1994 3859 πάνυ.

341 3887 441 3942 Τὸν
497 3886 799 3961 Φιλάγριον
861 3885 1061 3941 ἐκεῖνον
1112 3885 1217 3941 οἶδ’
1258 3887 1342 3941 ὅτι
1391 3890 1586 3951 πάντες
1615 3888 1855 3946 ἀκούετε.
1890 3891 1992 3947 Καὶ

340 3977 403 4030 τὸ
460 3975 707 4051 φίλτρον,
767 3976 885 4030 οἷον
940 3975 1040 4030 οὐκ
1096 3974 1261 4044 ἄλλο,
1315 3977 1404 4031 καὶ
1453 3979 1575 4051 περὶ
1609 3975 1800 4046 ἄλλον,
1834 3980 1990 4049 καὶὴ

338 4066 475 4137 τιμή
527 4065 662 4119 κατὰ
719 4064 779 4119 τὸ
829 4062 1075 4140 φίλτρον,
1125 4063 1218 4120 ’ίνα
1276 4071 1455 4141 μικρῷ
1484 4066 1635 4143 λόγῳ
1664 4071 1994 4142 παραστήσω

338 4154 399 4208 τὸ
455 4160 557 4207 πᾶν
605 4155 905 4228 γνώρισμα’
959 4152 1005 4226 ᾧ
1054 4157 1166 4228 (80)
1213 4155 1302 4209 καὶ
1352 4159 1386 4224 ἠ
1428 4157 1598 4232 ἀρχὴ,
1630 4153 1887 4233 πρεσϐείᾴ
1940 4180 1997 4214 τε

336 4244 435 4309 τῆς
482 4241 720 4308 πόλεως,
772 4243 861 4297 καὶ
905 4246 1075 4318 ψήφῳ
1124 4249 1222 4298 τοῦ
1269 4244 1561 4321 βασιλέως,
1613 4244 1761 4311 αὖθις
1818 4248 1995 4324 ἐγχει-

337 4337 597 4403 ρισθεῖσα.
634 4331 856 4388 Τούτων
893 4330 982 4387 οὖν
1014 4354 1134 4389 τινα
1162 4338 1258 4389 τοῦ
1309 4332 1492 4409 δήμου
1539 4338 1675 4410 (81),
1727 4335 1773 4410 ᾧ
1830 4344 1999 4415 φανῆ-

407 4423 451 4457 τ²
482 4425 607 4478 Act.
638 4440 692 4493 ν,
730 4424 813 4479 15.

433 4512 523 4589 70)
556 4511 694 4589 Ἶστε
722 4510 821 4576 τὴν
853 4508 1135 4589 κάμηλον,
1180 4517 1293 4589 etc.
1334 4515 1625 4589 intelligit
1679 4517 1997 4589 Gregorius

341 4604 373 4655 ιι
402 4582 739 4655 Georgium,
772 4604 800 4655 γ)
836 4599 1009 4653 quem
1040 4583 1436 4651 Alexandrini,
1455 4582 1687 4642 mortuo
1710 4582 1992 4645 Constan-

2111 3540 2266 3611 piam
2301 3556 2493 3595 sermo
2541 3538 2953 3593 circumfertur
2984 3552 2997 3589 :
3032 3535 3222 3589 dicam
3272 3535 3449 3604 enim,
3483 3551 3759 3604 superva-

2108 3644 2325 3682 caneus
2358 3628 2491 3680 licet
2522 3625 2705 3679 videri
2736 3624 2939 3694 possit,
2973 3639 3037 3677 ac
3088 3621 3246 3677 velut
3291 3622 3757 3688 condimentum,

2108 3714 2603 3784 adventitiumque
2658 3713 2859 3767 ﬂorem
2919 3712 3166 3766 orationi
3227 3712 3564 3781 adiungam.
3629 3712 3763 3765 Post

2107 3804 2265 3858 illius
2299 3805 2613 3859 adventum
2649 3802 2891 3873 quidam
2925 3800 2982 3853 in
3014 3801 3219 3855 urbem
3254 3800 3588 3869 vehebatur,
3622 3799 3759 3853 alte-

2106 3909 2229 3947 ram
2274 3894 2398 3963 jam
2452 3892 2858 3961 praefecturam
2908 3906 3163 3961 gerens:
3201 3894 3396 3944 noster
3454 3889 3548 3944 hic
3607 3894 3756 3954 erat,

2106 3981 2321 4053 quippe
2348 3981 2681 4052 Cappadox,
2721 3981 2813 4033 vir
2855 3978 3153 4050 imprimis
3201 3978 3431 4045 clarus;
3468 3994 3571 4033 nec
3612 3978 3758 4033 mihi

2105 4070 2350 4126 dubium
2385 4068 2644 4138 est,quiu
2674 4066 3039 4139 Philagrium
3071 4066 3241 4122 illum
3284 4084 3317 4122 a
3344 4082 3435 4122 me
3464 4065 3755 4122 nominari

2105 4159 2479 4215 sentiatis.Ea
2511 4174 2681 4228 porro
2713 4157 2931 4211 civium
2963 4173 3101 4227 erga
3123 4154 3224 4211 illa
3254 4156 3470 4211 amoris
3492 4155 3751 4221 ﬂamma,

2109 4255 2173 4304 ut
2206 4266 2310 4304 nec
2346 4247 2466 4302 ulla
2497 4247 2609 4302 alia
2642 4263 2877 4319 par,nec
2907 4262 3045 4317 erga
3077 4245 3279 4315 alium,
3314 4244 3500 4299 honor
3537 4249 3756 4313 autem,

2108 4344 2171 4394 ut
2200 4355 2322 4393 rem
2353 4343 2532 4393 totam
2554 4336 2755 4409 paucis
2788 4335 2976 4392 verbis
3009 4334 3610 4407 complectar,amoris
3633 4350 3756 4388 ma-

2108 4522 2369 4572 necatus.
2409 4538 2435 4565 ››

2178 4588 2290 4658 (84)
2350 4586 2635 4657 ’Λσμένοις
2694 4582 3041 4658 προσπίπτει.
3101 4586 3163 4658 Si
3231 4585 3507 4658 quinque
3552 4584 3756 4656 Regg.,

336 4654 438 4719 tio,
472 4650 885 4728 crudelissima
908 4650 1537 4728 morte_aﬂ'ecerunt,ac
1567 4658 1779 4712 deinde
1811 4677 1992 4714 mem-

2116 4650 2401 4723 Pa‘ru'etc.
2440 4650 2499 4711 in
2534 4659 2648 4724 ed.,
2683 4650 2930 4728 ἀσμένως
2961 4650 3311 4728 προσπίπτει.
3344 4650 3438 4711 0i.
3492 4657 3543 4722 1,
3587 4650 3757 4727 πρόσ-

341 4727 553 4781 bratim
584 4727 905 4802 dissectum
939 4726 1164 4802 camelo
1214 4726 1646 4797 imposuerunt,
1680 4735 1859 4801 atque
1890 4746 1993 4802 per

336 4803 521 4854 totam
555 4798 761 4853 urbem
794 4798 1332 4853 circumduxerunt.

410 4870 439 4946 (_
472 4870 522 4941 1)
579 4871 637 4926 Ὀ
695 4870 901 4946 τυρῶν.
964 4869 1162 4924 Schol.
1198 4886 1210 4923 :
1245 4869 1311 4946 '07
1361 4866 1530 4946 μέγα(
1598 4869 1791 4946 ἄνεμος
1838 4869 1987 4946 λέγει

336 4939 632 5017 ςεώργιον·
660 4964 697 5017 _«
726 4939 984 5017 validus
1000 4947 1210 4996 ventus
1240 4960 1260 5017 :_
1284 4939 1596 5014 Georgium
1619 4939 1983 5017 designati)»

342 5010 583 5087 Μοπίου
613 5014 781 5087 γὰρ...
817 5011 941 5087 ἀλλ’
964 5010 997 5065 ἃ
1024 5017 1199 5067 ποιεῖν
1236 5014 1404 5087 ἡμᾶς,
1438 5010 1575 5087 ἐπεί).Δ
1618 5010 1862 5071 Videtur
1888 5015 1983 5071 hic

333 5085 647 5157 Gregorius
678 5086 1003 5151 admittere,
1039 5086 1351 5155 Georgium
1386 5104 1417 5141 ιι
1447 5085 1796 5143 Christianis
1817 5104 1987 5143 neca-

334 5162 461 5212 tum
498 5158 697 5213 fuisse.
732 5162 1025 5225 Attamen,
1054 5159 1224 5230 juxta
1265 5158 1510 5221 Socrat.,
1556 5158 1592 5211 l.
1628 5176 1713 5230 Iu,
1764 5177 1814 5215 c.
1846 5161 1898 5225 3,
1934 5164 1991 5215 et

333 5230 586 5299 Sozom.,
621 5231 660 5283 Ι.
693 5247 747 5294 ν,
782 5247 834 5285 c.
865 5232 919 5284 7.
952 5202 1311 5297 Ju’l'i’anusﬁn
1347 5204 1611 5301 Epistad
1645 5202 1988 5287 Alexandri-

334 5318 464 5368 nos,
501 5302 557 5357 id
608 5302 926 5373 contigisse
956 5306 1227 5367 testatur,
1250 5323 1277 5351 ‹‹
1311 5302 1383 5356 ob
1415 5302 1668 5373 spoliata
1697 5303 1988 5359 idolorum

334 5372 572 5426 templa.
610 5394 631 5422 ι
668 5378 775 5426 etc.

330 5377 572 5441 templa,
610 5394 631 5422 ι
656 5378 775 5441 etc.

421 5390 784 5512 ξίέἷδοᾏῖῧῐῗί.
818 5443 1145 5514 Legebatur
1170 5444 1227 5497 in
1247 5444 1459 5514 editis,
1496 5442 1660 5514 ἀλλά.
1699 5445 1856 5500 Enrr.

427 5510 518 5585 73⁷)
572 5516 771 5590 Ὀργῆς
824 5510 1260 5590 πανδήμου-καὶ
1323 5520 1518 5590 φορᾶς.
1551 5513 1725 5589 ἔργον.
1792 5540 1812 5566 ε

335 5585 464 5642 rore
494 5585 905 5657 totiu's‘populi
938 5592 1108 5656 atque
1141 5585 1365 5658 impetu
1398 5585 1633 5643 occisus
1653 5593 1761 5643 est.
1797 5610 1824 5637 »
1858 5588 1987 5644 Haec

334 5664 424 5733 est
453 5659 613 5733 enim
643 5655 731 5733 vis
753 5655 951 5733 hujus
971 5655 1153 5733 vocis,
1188 5655 1363 5733 ἔργον.
1388 5659 1624 5733 ΑΤτὶῐυω
1657 5659 1815 5715 enim
1838 5665 1945 5733 est
1968 5678 1985 5717 :

335 5726 493 5804 ἔργον
527 5728 719 5802 λιμοῦ,
753 5726 977 5801 λοιμοῦ,
1018 5726 1289 5805 πόλεμὸιὶ.
1315 5755 1343 5783 ‹‹
1377 5731 1551 5800 fame,
1603 5736 1785 5811 peste,
1836 5730 1987 5790 bello

1877 5518 1987 5572 Fu-

2100 4729 2313 4782 πίπτοι.

2173 4802 2285 4870 (75)
2316 4797 2417 4852 Καὶ
2450 4798 2540 4850 ἀπ’
2571 4794 2738 4870 ἄκρου
2768 4795 2988 4857 παντός.
3023 4796 3233 4852 Billius
3271 4814 3283 4853 :
3318 4801 3494 4867 atque
3525 4795 3597 4849 ab
3629 4796 3751 4850 edi-

2100 4872 2177 4927 tis
2208 4871 2486 4927 omnibus
2516 4869 2681 4925 locis.
2719 4892 2740 4919 ι

2178 4943 2288 5015 (76)
2318 4944 2483 5015 Κενῷ,
2517 4942 2613 4997 Sic
2645 4941 2785 5013 Reg.
2819 4957 2869 4995 a.
2907 4941 2968 4994 In
3000 4940 3115 5009 ed.,
3148 4942 3336 5015 καινῷ,
3372 4954 3599 5015 «_nova.
3636 4960 3664 5015 η

2172 5008 2283 5084 (77)
2317 5008 2600 5086 Ηροτὲραν.
2661 5008 2779 5068 υυνο
2826 5016 3027 5086 Begg._
3058 5008 3343 5086 πρότερον,
3396 5012 3634 5086 Primus
3658 5009 3755 5086 ille

2102 5082 2407 5142 Athanasii
2439 5082 2501 5140 in
2531 5084 2742 5141 Urbem
2776 5082 3186 5139 Alexandriam
3221 5082 3587 5141 adventus.is
3612 5083 3744 5152 fuit,

2099 5176 2232 5213 cum
2264 5161 2551 5215 exstincto
2568 5175 2779 5227 magno
2798 5156 3239 5226 Constantino,a
3263 5172 3378 5227 quo
3398 5156 3456 5209 in
3477 5153 3751 5209 exsilium

2101 5176 2232 5213 cum
2264 5175 2779 5282 exsunctomacgino

2101 5232 2321 5286 missus
2356 5231 2563 5294 fuerat,
2598 5247 2657 5284 re
2706 5231 2793 5285 iit.

2170 5303 2283 5375 (78)
2313 5302 2511 5361 ’Ἄνθος
2541 5297 2797 5355 εἱσόδιον.
2834 5303 2953 5355 Mos
2983 5302 3130 5365 erat,
3184 5302 3249 5354 ut
3296 5297 3356 5353 in
3407 5296 3753 5367 hujusmodi

2097 5374 2271 5430 testis
2296 5375 2466 5430 ﬂores
2497 5376 2859 5446 spargerent.

2168 5446 2295 5519 (79),
2318 5436 2699 5519 Δισυπάρχωῗι.
2734 5445 2830 5501 Or.
2866 5442 2962 5510 ΟΡ,
2998 5442 3048 5507 1,
3102 5436 3433 5509 δισυπάτων,
3471 5462 3498 5492 ι(
3530 5439 3746 5497 iterum

2096 5518 2381 5573 consul.-

2167 5591 2281 5665 (80)
2312 5590 2398 5665 ⁷ῼῄ.
2433 5590 2495 5644 In
2530 5586 2853 5665 nonnullis,
2887 5581 2970 5665 ob:

2169 5651 2282 5733 (81)
2316 5651 2530 5732 Δημου.
2566 5660 2705 5732 Reg,
2738 5659 2815 5731 ph
2839 5651 3034 5730 addit,
3064 5651 3252 5727 ἐπειδὴ
3284 5653 3362 5713 οἱ.
