4110 6464
308 439 461 500 1115

1559 435 1622 494 S.
1673 431 2045 494 GREGORlI
2091 431 2486 493 THEOLOGI

3576 435 3738 496 1116

313 570 608 645 gnitudini
624 569 1008 641 respondens;
1025 568 1120 623 cui
1133 569 1310 624 etiam
1326 567 1492 623 urbis
1506 565 1961 633 administratio,

2110 582 2162 616 αι
2193 565 2255 618 τὸ
2284 562 2495 632 πλῆθος
2530 567 2773 641 ἄπειρον,
2801 568 2891 624 καὶ
2923 568 3034 623 οἷόν
3062 587 3114 624 τι
3167 566 3407 642 πέλαγος
3456 565 3562 642 οὐχ
3609 565 3738 640 ὀρί-

318 668 443 717 tum
495 662 711 716 civium
765 664 994 730 rogatu,
1040 664 1164 713 tum
1217 657 1592 729 imperatoris
1641 654 1869 710 calculo
1913 659 1972 708 et

313 750 622 814 sententia,
656 766 862 803 rursus
911 750 1187 803 mandata
1250 749 1458 802 fuerat.
1519 748 1670 800 Tum
1729 745 1972 816 igiture

310 840 482 911 vulgo
516 838 835 910 quispiam,
855 838 950 891 cui
973 837 1205 891 infinita
1225 837 1544 891 multitudo
1572 835 1972 899 videbatur,ao

311 927 726 1000 velutpelagus
739 927 1031 998 quoddam
1049 926 1234 981 oculis
1250 926 1714 995 haudquaquam
1733 925 1973 978 circum-

315 1019 622 1087 scriptum,
658 1017 729 1070 ad
765 1016 1022 1069 amicum
1053 1016 1371 1086 quemdam
1418 1019 1470 1068 et
1505 1013 1873 1079 familiarem;
1909 1017 1974 1065 ut

317 1109 376 1162 in
411 1106 749 1177 hujusmodi
783 1105 958 1159 rebus
991 1104 1252 1159 accidere
1288 1104 1456 1170 solet,
1479 1104 1562 1157 ita
1593 1103 1825 1157 locutus
1847 1118 1976 1155 esse

319 1197 506 1252 fertur
538 1212 550 1249 :
588 1219 615 1243 ››
655 1195 747 1248 Dic
783 1195 950 1262 mihi,
983 1195 1070 1247 vir
1099 1194 1341 1264 optime,
1375 1197 1679 1247 tantamne
1713 1207 1975 1261 unquam

318 1284 516 1358 populi
552 1283 988 1338 multitudinem
1023 1283 1241 1348 vidisti,
1295 1288 1530 1353 tamque
1586 1280 1976 1336 concordibus

322 1373 537 1431 animis
566 1374 637 1428 ad
673 1390 854 1427 unum
889 1373 1189 1428 hominem
1223 1373 1554 1428 ornandum
1580 1368 1978 1424 effusam?Mi-

322 1464 499 1530 nime,
535 1462 726 1533 inquit
749 1464 1009 1532 juvenis.
1045 1469 1126 1516 Ac
1176 1479 1247 1516 ne
1300 1461 1707 1516 Constantium
1742 1459 1975 1529 quidem

320 1553 520 1624 ipsum
545 1552 670 1624 pari
702 1551 1148 1606 honorificentia
1168 1556 1474 1622 exceptum
1509 1550 1692 1604 fuisse
1714 1548 1976 1619 opinorzn

319 1647 604 1713 tanquam
636 1639 906 1695 videlicet
936 1657 1036 1711 per
1066 1640 1439 1711 imperatoris
1463 1656 1675 1694 nomen
1707 1655 1979 1694 summus

322 1731 566 1786 honoris
596 1734 791 1784 vertex
834 1729 1288 1800 signiﬁcaretur.
1332 1733 1476 1783 Tum
1533 1728 1630 1782 ille
1692 1743 1978 1799 perquam

318 1821 578 1876 suaviter
608 1819 875 1873 arridens
911 1836 924 1874 :
966 1840 992 1870 α
1023 1818 1172 1883 Quid
1225 1817 1332 1884 ais,
1385 1817 1597 1886 inquit,
1647 1816 1818 1888 quasi
1853 1832 1974 1869 ma-

2084 657 2170 720 ζον
2199 655 2314 725 (82)
2343 660 2460 716 τοῖς
2505 654 2837 732 ὀφθαλμοῖς,
2878 657 3016 732 πρός
3042 678 3162 712 τινα
3189 656 3404 732 λέγεται
3451 660 3557 710 τῶν
3614 656 3741 709 ἑαυ-

2079 747 2176 795 τοῦ
2230 745 2476 813 συνήθων
2529 745 2618 800 καὶ
2677 744 2876 823 φίλων,
2912 746 2940 800 ὅ
2998 745 3149 824 φιλεῖ
3197 741 3511 819 συμϐαίνειν
3537 744 3588 799 ἐν
3618 750 3740 806 τοῖς

2080 830 2375 904 τοιούτοις,
2438 833 2627 887 εἰπεῖν’
2711 859 2731 884 ε
2796 834 2928 889 Εἰπὲ
2991 856 3105 908 μοι,
3165 837 3209 889 ὦ
3274 833 3537 910 βέλτιστε
3598 831 3740 902 ’Πδη

2083 922 2214 974 ποτὲ
2244 920 2488 975 τεθέασαι
2520 920 2697 995 δῆμον
2726 928 2982 978 τοσοῦτον
3003 924 3090 978 καὶ
3116 923 3286 984 οὕτως
3320 921 3567 998 ἔμψυχον
3601 925 3744 995 (83),

2086 1008 2166 1086 ἐφ’
2222 1009 2338 1072 ἐνὸς
2398 1011 2684 1087 ἀνθρώπου
2738 1017 2876 1086 τιμῇ
2936 1012 3204 1088 χυθέντα;
3259 1009 3452 1083 -Οὕ,
3494 1037 3513 1062 ι
3579 1011 3739 1088 φάναι

2083 1100 2174 1152 τὸν
2232 1099 2459 1154 νεανίαν·
2527 1125 2546 1150 ι
2601 1099 2729 1154 ἀλλ’
2788 1101 2911 1172 ἐμοὶ
2988 1102 3079 1174 μὶν
3125 1099 3292 1174 δόξαι,
3331 1099 3459 1174 μηδ’
3492 1100 3548 1155 ἂν
3579 1100 3742 1161 αὐτὸς

2084 1189 2285 1257 ταύτης
2330 1195 2517 1265 τυχεῖν
2578 1191 2958 1253 Κωνστάντιος
3011 1194 3148 1264 (84)ο
3200 1215 3225 1241 ››
3268 1191 3340 1252 ὡς
3369 1196 3465 1245 τοῦ
3519 1191 3746 1263 ἀκροτά-

2085 1299 2182 1332 του
2238 1286 2337 1347 τῆς
2392 1287 2561 1351 τιμῆς
2616 1277 2969 1352 δηλουμένου
3016 1279 3104 1334 διὰ
3152 1285 3246 1334 τοῦ
3302 1279 3590 1355 βασιλέως.
3644 1279 3744 1333 Καὶ

2085 1367 2177 1422 τὸν
2237 1367 2542 1443 γελάσαντα
2601 1367 2749 1443 μάλα
2805 1369 3019 1443 κομψὸν
3069 1371 3158 1424 καὶ
3217 1366 3340 1438 ἡδὺ.
3396 1394 3421 1420 ‹‹
3479 1369 3537 1422 Τί
3582 1373 3746 1423 τοῦτο

2090 1455 2245 1534 ἔφης,
2281 1482 2308 1508 ››
2343 1457 2532 1526 εἰπεῖν,
2570 1483 2595 1508 ‹‹
2629 1459 2703 1520 ὡς
2737 1456 2802 1528 δή
2834 1481 2885 1512 τι
2919 1458 3093 1532 λέγων
3133 1458 3267 1534 μέγα
3296 1459 3385 1512 καὶ
3435 1456 3744 1530 Θαυμαστόν

2090 1549 2241 1619 (85);
2303 1545 2477 1610 Μόλις
2512 1547 2569 1601 ἂν
2623 1549 2776 1620 οἶμαι
2809 1548 2898 1602 καὶ
2931 1549 3242 1604 Ἀθανάσιον
3273 1546 3446 1609 οὕτως
3479 1547 3744 1621 εἰσαχθῆ-

2089 1658 2172 1690 ναι
2202 1637 2293 1690 τὸν
2331 1639 2500 1712 μίγαν
2527 1656 2537 1667 '
2576 1660 2603 1688 ››
2639 1638 2726 1692 καὶ
2778 1639 2891 1710 ἅμα
2920 1633 3078 1713 ὅρκον
3111 1639 3229 1692 τινὰ
3285 1641 3600 1710 προσθεῖναι
3634 1637 3752 1708 (86)

2089 1730 2197 1780 τῶν
2251 1724 2569 1801 ἐπιχωρίων
2619 1725 2694 1788 εἷς
2739 1728 2838 1794 τὴν
2884 1731 2982 1780 τοῦ
3015 1725 3186 1801 λόγου
3223 1721 3531 1802 βεϐαίωσιν.
3560 1720 3750 1781 Ἐϐού-

2093 1814 2218 1870 λετο
2276 1813 2332 1869 δί
2391 1818 2419 1870 ὁ
2470 1813 2632 1890 λόγος
2680 1815 2845 1887 αὐτῷ,
2879 1815 2907 1870 ὅ
2935 1817 3023 1871 καὶ
3059 1817 3186 1888 ὑμῖν
3221 1815 3377 1888 οἶμαι
3408 1814 3604 1884 δῆλον,
3657 1814 3751 1868 καὶ

323 1925 506 1982 gnum
536 1907 757 1979 aliquid
783 1913 841 1962 et
866 1907 1278 1962 admirandum
1303 1907 1465 1961 dicas
1485 1906 1512 1961 ?
1544 1907 1665 1961 [mo
1697 1921 1977 1977 magnum

2104 1901 2368 1979 βασιλέως
2421 1905 2584 1959 αὐτοῦ
2645 1899 2946 1980 ἔμπροσθεν
2995 1907 3142 1980 ἄγειν
3194 1907 3284 1960 τὸν
3334 1910 3425 1960 νῦν
3475 1902 3754 1983 εὐφημού-

324 2013 559 2069 quoque
590 1995 756 2051 illum
791 1995 1172 2052 Athanasium
1204 1995 1979 2068 parihonoreintroductum

2103 2014 2283 2065 μενον.

325 2086 529 2155 fuisse,
563 2085 658 2141 vix
688 2086 900 2141 adduci
935 2103 1177 2157 possum
1211 2091 1276 2140 ut
1305 2086 1539 2140 credam
1575 2103 1588 2141 :
1619 2107 1638 2132 η
1675 2084 1973 2154 simulque
2023 2085 2280 2155 patrium
2313 2086 2608 2156 quoddam
2647 2086 3071 2157 jusjurandum
3104 2087 3174 2140 ad
3205 2085 3285 2154 id,
3319 2085 3469 2154 quod
3503 2084 3747 2150 dixerat,

323 2176 796 2231 confirmandum
830 2176 1115 2246 adjunxit.
1152 2177 1226 2230 Eo
1258 2181 1451 2230 autem
1499 2175 1592 2229 hic
1643 2191 1834 2229 sermo
1889 2173 2212 2244 spectabat,
2247 2176 2748 2246 quemadmodum
2781 2177 2957 2230 etiam
2990 2175 3154 2231 vobis
3203 2174 3577 2245 perspicuum
3621 2188 3748 2228 esse

324 2264 595 2330 arbitror,
631 2269 694 2318 ut
726 2264 1066 2335 imperatori
1098 2281 1332 2336 quoque
1360 2263 1472 2335 ipsi
1506 2262 1893 2318 Athanasium
1927 2263 2260 2318 anteferret.

392 2351 581 2407 XXIX.
617 2353 803 2407 Tanta
834 2361 954 2408 erat
987 2354 1140 2423 apud
1187 2370 1393 2408 omnes
1439 2353 1544 2407 viri
1599 2352 1776 2423 hujus
1807 2367 1974 2406 vene-

323 2442 490 2510 ratio,
523 2446 807 2513 tantoque
840 2443 1061 2514 stupori
1098 2442 1207 2497 fuit
1239 2442 1355 2509 ille,
1377 2443 1549 2512 cujus
1582 2457 1738 2495 nunc
1773 2440 1976 2495 memi-

325 2533 545 2600 nimus,
582 2532 906 2604 ingressus.
943 2532 1087 2586 Nam
1117 2550 1218 2604 per
1248 2549 1442 2600 sexus,
1477 2537 1532 2588 et
1563 2535 1782 2595 aetates,
1804 2536 1978 2602 atque

326 2626 484 2676 artes
514 2621 886 2688 divisi,(solet
907 2621 1063 2675 enim
1096 2621 1564 2675 maximecivitas
1597 2620 1698 2674 illa
1728 2621 1798 2674 ad
1824 2620 1979 2674 hunc

327 2711 562 2766 modum
586 2710 959 2778 instrui,cum
989 2710 1220 2781 publico
1247 2711 1467 2765 honore
1485 2710 1858 2764 afficiendum
1883 2708 1979 2762 ali-

328 2817 500 2871 quem
515 2799 791 2870 suscipit;
826 2816 1083 2870 quonam
1105 2817 1239 2854 vero
1261 2800 1429 2854 modo
1447 2799 1796 2870 spectaculis
1821 2797 1980 2853 illius

328 2889 797 2961 magnitudinem
849 2889 1110 2943 oratione
1163 2889 1376 2944 referre
1439 2889 1718 2959 queam?)
1768 2889 1980 2943 ﬂuvius

330 2997 488 3034 unus
520 2995 724 3033 omnes
765 2983 969 3044 erant;
1001 2978 1196 3033 Nilum
1239 2980 1415 3034 etiam
1469 2983 1637 3050 poeta
1688 2979 1980 3050 quispiam

330 3070 569 3138 diceret,
599 3067 789 3134 illum,
833 3069 983 3125 405
1035 3068 1299 3139 inquam,
1337 3085 1467 3123 vere
1527 3068 1868 3135 auriﬂuum,
1929 3072 1983 3122 et

331 3158 510 3229 apicis
543 3158 884 3226 uberem,ab
910 3159 1051 3212 urbe
1073 3159 1142 3212 ad
1167 3157 1468 3213 Chaereum
1499 3163 1784 3212 retroacto
1807 3174 1979 3211 cursu

333 3247 634 3316 ﬂuentem,
670 3246 782 3300 diei
813 3248 987 3300 unius
1022 3247 1250 3315 itinere,
1283 3251 1457 3316 atque
1489 3262 1555 3300 eo
1588 3245 1865 3317 amplius.
1902 3245 1988 3300 Li-

337 3342 464 3392 ceat
497 3335 662 3404 mihi,
697 3353 799 3406 per
827 3353 954 3403 vos,
989 3336 1549 3408 quaeso,paululum,
1584 3337 1775 3391 adhuc
1807 3337 1865 3390 in
1885 3336 1994 3390 hac

337 3425 670 3482 narratione
694 3443 786 3480 me
807 3424 1245 3482 oblectare.lllic
1269 3425 1424 3480 enim
1450 3427 1684 3481 animus
1703 3431 1991 3490 versatur,

338 3532 445 3572 nec
473 3531 806 3570 sermonem
866 3516 937 3570 ab
972 3532 1039 3570 ea
1096 3515 1470 3570 solemnitate
1531 3531 1796 3570 revocare
1827 3514 1994 3569 facile

336 3621 603 3677 possum.
641 3604 846 3660 Pullus
881 3605 1073 3676 ipsum
1108 3605 1355 3660 vehebat
1385 3607 1474 3676 (ac
1508 3610 1638 3677 peto
1666 3623 1698 3660 a
1728 3605 1993 3674 vobis,ne

336 3711 428 3749 me
459 3693 726 3748 amentiae
758 3695 1092 3765 accusetis),
1128 3712 1244 3749 non
1289 3711 1458 3749 secus
1507 3696 1645 3761 fere,
1696 3711 1762 3749 ac
1789 3695 1990 3748 Jesum

333 3799 532 3837 meum
565 3781 762 3852 pullus
797 3782 892 3836 ille
922 3783 1007 3850 τες
1042 3784 1162 3838 sive
1182 3784 1456 3855 gentilem
1482 3783 1786 3855 populum,
1816 3799 1992 3854 quem

337 3872 683 3944 ignorantiae
697 3871 950 3927 vinculis
966 3872 1256 3944 singulari
1274 3872 1554 3929 beneficio
1567 3873 1831 3929 solutum
1854 3890 1990 3928 con-

414 3977 458 4011 "
489 3983 623 4032 Luc.
656 3994 771 4042 xxx,
805 3978 875 4031 35
904 3994 1071 4050 seqq.

417 4083 532 4154 (82)
561 4079 792 4152 Ὀρίζον.
825 4092 964 4157 ιιοε.
998 4085 1205 4156 Cypr.,
1240 4083 1710 4153 betcmv.Nicet.et
1739 4084 1994 4152 Tillem.,

349 4151 693 4221 ὁριζόμενον.

421 4173 501 4209 LLO
511 4173 669 4209 μενον
680 4196 693 4209 ι

383 4175 693 4231 ριςομενον.

421 4227 534 4300 (83)
555 4228 865 4300 ’Έμψυχον.
901 4227 1078 4300 (Ξοὶειἶ
1112 4229 1135 4282 1
1173 4232 1229 4282 et
1252 4228 1396 4300 ἄεξ’,
1429 4223 1686 4300 εὔψυχον.

576 4297 819 4370 Αὐτὸςῖ..)
865 4297 1253 4359 Κωνστάντιος.
1309 4299 1473 4355 Unus
1504 4297 1682 4355 ‘Cblb.
1736 4303 1792 4354 et
1840 4299 1997 4366 1388.,

347 4369 575 4425 αὐτὸν...
609 4369 992 4425 Κωνστάντιον,

419 4442 770 4515 (timui-va»;
816 4439 954 4515 μίγα
1141 4439 1470 4515 θαυμαστόν.
1531 4441 1666 4515 Alii,
1721 4438 1861 4515 μέγα
1907 4437 1998 4492 λὲ-

343 4535 451 4588 γων
486 4511 575 4636 Ἕαὶ
605 4510 936 4583 Θαυμαστόν.
971 4512 1101 4567 Alii.
1146 4510 1288 4586 μίγα
1321 4510 1497 4586 λέγων
1548 4511 1638 4567 καὶ
1689 4510 1827 4586 μίγα
1876 4522 1998 4575 θαυ-

351 4603 489 4636 μαστ
527 4605 575 4636 ν.

395 4603 575 4639 αστον.

351 4605 575 4658 μαστον.

419 4657 529 4730 (86)
559 4653 902 4730 Προσθεῖναι.
936 4655 1031 4730 Or.
1067 4658 1117 4723 1,
1151 4660 1473 4730 προσθῆναι.

443 4730 533 4800 87)
589 4728 1116 4802 Μνημονευομὲνης.
1187 4728 1326 4802 Reg.
1387 4734 1619 4802 Cyprlr
1654 4737 1998 4800 μνημονευθ-

351 4798 523 4869 stunc.
553 4823 581 4850 ‹‹
605 4798 790 4856 Tanto
827 4798 1239 4872 stuporefuit,
1275 4798 1324 4849 ἰ
1385 4798 1496 4866 etc,
1559 4801 1702 4872 Hinc
1761 4798 1942 4856 Nicet.
1980 4817 1992 4854 ε

348 4877 613 4945 Τοσοῦτον
642 4874 867 4945 ,πάντας
915 4870 1246 4941 δὶατέπληξεν
1293 4873 1327 4940 ἠ
1394 4876 1489 4925 τοῦ
1539 4870 1698 4945 ἁγίου
1775 4872 1848 4932 εἷς
1898 4872 1995 4938 τὴν

350 4942 514 4998 πόλιν
547 4941 861 5006 ιῖσὲλευσις·
902 4969 923 4995 ιι
959 4945 1156 5016 Usque
1187 4946 1330 5001 adeo
1379 4945 1558 5014 hujus
1587 4941 1780 5000 sancti
1811 4947 1870 4999 in
1902 4961 1999 4999 ur-

349 5018 482 5072 bem
514 5017 817 5090 ingressus
848 5034 1055 5072 omnes
1086 5016 1441 5090 percussit.»
1473 5017 1672 5090 Billius
1707 5034 1719 5071 :
1757 5040 1783 5066 «
1815 5018 2000 5071 Tanto

351 5089 926 5160 stupore’ingressus
957 5091 1084 5160 ejus
1117 5089 1399 5145 memoria
1431 5089 1739 5144 hominum
1774 5092 2002 5144 mentes

351 5162 678 5215 etiamnum
713 5163 933 5216 defixae
959 5161 1152 5216 tenet!
1190 5183 1218 5210 ››

426 5232 538 5305 (88)
569 5228 873 5305 Εὕσταχυν.
910 5233 1049 5305 Reg.
1101 5249 1152 5289 c.
1193 5232 1376 5305 addit,
1416 5228 1505 5305 xui
1537 5233 1853 5305 ps'rpoiivm
1903 5229 2003 5305 τὴν

349 5299 694 5377 ερδαιμονίαν
722 5299 838 5363 τοῖς
869 5299 1112 5372 πύκέσιν,
1149 5327 1176 5355 ‹‹
1209 5304 1429 5377 quique
1474 5299 1816 5360 felicitatem
1852 5302 2000 5357 mul-

351 5374 602 5430 titudine
634 5377 890 5430 metitur.
925 5400 944 5424 υ

428 5446 542 5516 (89)
576 5445 709 5499 Ἀπὸ
737 5453 836 5514 τῆς
867 5444 1106 5518 πόλεως,
1150 5452 1258 5502 ctc.
1318 5467 1341 5498 ι
1389 5447 1527 5511 Hoc,
1584 5468 1611 5495 ››
1666 5445 1858 5517 inquit
1905 5444 2001 5518 Ni-

355 5524 531 5580 cetas,
568 5518 713 5571 inter
742 5519 937 5590 Nilum
972 5524 1028 5572 et
1067 5519 1350 5590 populum
1406 5517 1864 5573 Alexandrinum
1910 5517 2005 5570 in-

353 5592 593 5654 tererat,
634 5591 787 5660 quod
822 5589 986 5661 Nilus
1018 5609 1051 5645 a
1079 5589 1333 5659 Chaereo,
1366 5608 1491 5661 quas
1543 5596 1698 5644 terra
1745 5591 1853 5643 hoc
1903 5606 2005 5643 no-

355 5675 488 5731 men
522 5679 555 5715 a
587 5661 842 5731 quodam
876 5660 1206 5718 habitatore
1232 5660 1546 5717 consecuta
1578 5667 1686 5729 est,
1710 5661 1766 5715 in
1802 5661 2004 5716 urbem

356 5729 551 5787 inﬂuit
576 5729 681 5798 {at
712 5731 1012 5803 popularis
1042 5733 1139 5791 ille
1172 5734 1383 5789 ﬂuvius
1431 5740 1570 5789 tunc
1601 5739 1803 5789 sancto
1829 5733 2004 5788 Atha-

360 5805 525 5859 nasio
552 5820 681 5859 sese
709 5802 1036 5874 effundens,
1069 5807 1127 5862 in
1179 5806 1539 5861 contrarium
1593 5822 1627 5860 a
1673 5804 1905 5861 civitate
1936 5805 2006 5860 ad

2163 2353 2278 2407 KG'.
2312 2354 2582 2408 Τοσοῦτον
2628 2354 2694 2420 ἦν
2741 2351 2888 2428 παρᾶ
2936 2357 3068 2405 πᾶσι
3107 2351 3170 2405 τὸ
3200 2354 3297 2406 τοῦ
3330 2347 3520 2425 ἀνδρὸς
3548 2347 3743 2404 τούτου

2089 2434 2271 2502 σέϐας·
2323 2441 2413 2494 καὶ
2468 2439 2703 2511 τοσαύτη
2774 2448 2874 2509 τῆς
2936 2439 3422 2513 μνημονευομινης
3469 2440 3580 2511 (87)
3638 2435 3744 2491 εἰσ-

2089 2524 2219 2583 όδου
2259 2534 2350 2583 νῦν
2383 2531 2417 2599 ἠ
2451 2527 2809 2600 κατάπληξις.
2845 2531 2990 2586 Κατὰ
3017 2551 3117 2606 γαρ
3155 2528 3307 2605 γένη,
3357 2531 3446 2583 καὶ
3499 2525 3741 2596 ἡλικίας,

2087 2618 2178 2674 καὶ
2208 2622 2402 2694 τέχνας
2437 2617 2814 2692 διαιρεθέντες,
2843 2617 3088 2695 (φιλοῦσι
3117 2620 3220 2693 γὰρ
3248 2615 3485 2690 μάλιστα
3514 2619 3547 2686 ἠ
3579 2614 3742 2678 πόλις

2092 2709 2225 2777 αὕτη
2280 2709 2424 2763 οὕτω
2475 2707 2931 2777 διασκευάζεσθαι,
2982 2708 3106 2763 ὅταν
3145 2707 3248 2762 τινὶ
3304 2706 3548 2762 πλὲκωσι
3581 2705 3746 2777 τιμὴν

2093 2796 2384 2871 δημοσίαν’
2449 2802 2566 2852 πῖον
2618 2797 2677 2852 ἂν
2727 2800 3137 2874 παραστήσαιμι
3186 2802 3266 2869 τῷ
3301 2796 3450 2872 λόγῳ
3487 2796 3549 2850 τὸ
3611 2794 3748 2868 μέγα

2093 2886 2266 2943 ἰκιῖνο
2324 2886 2559 2960 etapium)
2627 2888 2875 2960 ποταμὸς
2955 2888 3089 2956 ἦσαν
3147 2886 3244 2957 εἷς,
3301 2888 3539 2954 ποιητοῦ
3587 2881 3645 2938 δὲ
3686 2885 3751 2951 ἦν

2094 2975 2198 3051 ἄρα
2253 2977 2340 3031 καὶ
2391 2977 2484 3030 τὸν
2545 2978 2740 3032 Νεῖλον
2797 2977 2990 3049 εἶπεῖν,
3037 2977 3129 3032 τὸν
3177 2973 3517 3051 χρυσοῤῥόαν
3579 2970 3747 3033 ὄντως

2091 3064 2180 3121 καί
2215 3061 2477 3139 εἰίσταχυν
2512 3068 2643 3138 (88),
2701 3064 2936 3138 ἔμπαλιν
2994 3066 3099 3119 ἀπὸ
3145 3068 3241 3132 τῆς
3273 3063 3488 3124 πόλεως
3524 3065 3634 3135 (89)
3664 3060 3751 3116 ἐπὶ

2094 3157 2194 3224 τὴν
2245 3153 2478 3229 Χαιρέου
2525 3153 2734 3228 ῥέοντα,
2786 3153 3092 3226 ἡμερησίαν
3145 3149 3268 3206 ὁδὸν
3304 3151 3481 3223 οἶμαι,
3511 3150 3600 3204 καὶ
3657 3169 3750 3203 πι-

2104 3244 2356 3319 ραιτὲρω.
2391 3243 2523 3297 Δότε
2557 3264 2651 3315 μοι
2686 3241 2877 3316 μικρὸν
2927 3241 3004 3297 ἔτι
3056 3241 3382 3318 ἐντρυφῆσαι
3432 3243 3509 3310 τῷ
3554 3235 3753 3312 διηγή-

2107 3353 2256 3406 ματι.
2291 3333 2496 3387 Ἐκεῖσε
2525 3332 2629 3407 γὰρ
2664 3331 2798 3404 εἶμι,
2832 3331 2919 3384 ιιαὶ
2953 3328 3076 3385 οὐδὶ
3109 3330 3422 3404 ἀπαχθῆναι
3468 3327 3559 3382 τὸν
3593 3325 3757 3400 λόγον

2102 3429 2200 3492 τῆς
2251 3419 2478 3491 τελετῆς
2530 3420 2737 3491 ἐκείνης
2781 3419 2988 3496 ῥᾴδιον.
3042 3417 3236 3481 Πῶλος
3287 3418 3376 3494 γὲν
3427 3418 3554 3492 ἦγεν
3596 3416 3752 3471 αὐτὸν

2101 3511 2216 3586 (καὶ
2271 3513 2346 3585 μή
2403 3532 2494 3583 μοι
2547 3517 2646 3579 τῆς
2693 3509 2952 3572 ἀπονοίας
3001 3512 3119 3582 (90)
3174 3509 3532 3581 μὲμψησθε),.
3567 3505 3639 3567 ὡς
3679 3526 3764 3577 μι-

2101 3599 2235 3677 κροῦ
2265 3602 2356 3656 τὸν
2388 3600 2516 3674 ὶμὸν
2553 3602 2757 3670 Ἰησοῦν
2794 3600 2821 3654 ὁ
2855 3598 3041 3660 πῶλος
3073 3598 3273 3659 ἐκεῖνος
3308 3595 3422 3667 (εἶτ’
3452 3595 3542 3651 οὗν
3573 3595 3600 3649 ὁ
3649 3596 3761 3667 (91)

2105 3690 2155 3761 ἐξ
2182 3690 2347 3754 ἐθνῶν
2401 3688 2556 3757 λαὸς,
2607 3689 2664 3744 δν
2718 3687 2774 3743 εὖ
2822 3692 2993 3742 ποιῶν
3040 3691 3156 3760 (92)
3187 3681 3473 3741 ἐπιϐαίνει.
3522 3688 3629 3738 τῶν
3661 3689 3759 3752 τῆς

2104 3779 2317 3857 ἀγνοίας
2353 3778 2566 3851 δεσμῶν
2603 3778 2892 3851 Λυόμενον,
2926 3775 3032 3832 εἴτε
3076 3798 3128 3830 τι
3161 3775 3302 3830 ἄλλο
3357 3773 3611 3850 βούλεται
3661 3794 3756 3827 πα-

2107 3867 2384 3948 ραδηλοῦν
2409 3869 2438 3923 ὁ
2471 3867 2679 3945 λόγος)·
2712 3865 2909 3923 κλάδοι
2950 3865 3007 3921 δὶ
3037 3865 3198 3921 αὐτὸν
3232 3861 3594 3938 ὑποδὲχονται
3625 3864 3758 3935 (93),

2106 4082 2410 4141 Chareum
2443 4086 2653 4151 ﬂuens,
2685 4081 2797 4136 diei
2833 4079 3010 4137 unius
3040 4080 3169 4148 iter,
3203 4083 3260 4135 et
3287 4095 3353 4134 eo
3385 4076 3642 4149 amplius
3672 4092 3763 4130 ex-

2108 4161 2315 4211 tensus
2343 4159 2452 4208 est.
2490 4175 2511 4201 ι

2180 4227 2292 4293 (90)
2322 4222 2632 4284 Ἀπονοίας.
2666 4223 2875 4291 Nicet.,
2906 4220 3144 4293 τόλμης,
3178 4241 3210 4274 ι(
3241 4219 3518 4277 audacis.
3553 4240 3581 4270 ιι

2201 4228 2269 4279 90
2322 4228 2632 4284 Ἀπονοίας.
2666 4228 2875 4291 Nicet.,
2906 4228 3144 4293 τόλμης,
3178 4241 3210 4274 ι(
3241 4228 3438 4277 audaci

2201 4228 2293 4369 91)
2323 4297 2398 4369 'O_.
2434 4296 2527 4351 Sic
2560 4301 2814 4369 quatuor
2842 4297 3022 4369 Reggf
3055 4295 3315 4369 Deestin
3346 4294 3438 4347 ed.

2202 4361 2294 4450 9?)
2324 4361 2624 4450 Εξποιῶν.
2661 4390 2690 4418 ‹‹
2715 4361 3026 4450 ,δίοευῑᾳξὶ
3074 4367 3356 4450 beneficio
3393 4361 3696 4450 afficiens;
3733 4383 3758 4409 ››

2109 4433 2522 4511 ᾳυόᾱέοἱὶὶοεῐ
2551 4440 2681 4510 ejus
2711 4433 3052 4511 ignorantia;
3073 4438 3304 4493 vincula
3323 4435 3543 4491 solvere
3566 4433 3762 4503 digna-

2109 4517 2290 4568 retur.
2325 4512 2554 4584 Bi‘llius,
2589 4513 3082 4584 cgrpercommudﬁig
3118 4531 3146 4559 ”
3412 4582 3417 4584 _
3534 4573 3661 4584 _....

2183 4584 2293 4655 (93)
2344 4573 2550 4638 Κλοίδοὶ
2604 4573 2669 4636 8s-
2709 4581 2869 4637 αὐτὸν
2924 4579 3309 4655 ὑποδέχονται,
3371 4582 3484 4655 etc:
3534 4573 3759 4655 Billius,

2180 4229 2196 4439 ἒ

2034 4623 2079 4689 D
2110 4623 2373 4714 Ni‘cetilm
2396 4660 2654 4722 secutus,
2685 4657 2770 4710 sic
2800 4656 2971 4713 vertit
3006 4672 3018 4709 :
3057 4623 3234 4709 «Illoc
3266 4623 3421 4706 u’nus
3470 4646 3758 4722 interfuit,

2110 4729 2264 4800 quod
2300 4728 2597 4783 Christum
2630 4719 2778 4783 rami
2818 4731 3229 4800 susceperunt,
3283 4727 3340 4778 et
3393 4720 3554 4800 varia
3583 4719 3760 4800 indu—

2110 4794 2773 4872 menta,multiplicique
2805 4794 3016 4855 ﬂorum
3059 4813 3270 4871 genere
3303 4794 3760 4872 constrata,apte

2109 4862 2589 4943 ipsum'projecta
2614 4862 2756 4928 sunt
2787 4888 2799 4925 :
2833 4862 3296 4926 excelsovautem
3345 4870 3403 4943 et
3451 4862 3759 4935 magnifico

2109 4940 2232 5019 viro
2264 4940 2601 5019 Athanasio
2620 4943 2769 5000 nihil
2800 4944 2917 5019 tals
2949 4944 3170 5019 factum
3200 4943 3307 5019 es_t_.
3346 4940 3409 4993 ln
3439 4951 3622 5019 eoque
3646 4950 3758 4988 uno

2112 5016 2368 5088 impares
2401 5016 2637 5072 honoris
2671 5020 2866 5088 partes
2897 5015 3125 5071 habuit.
3173 5036 3202 5088 ρξ
3251 5011 3493 5088 Verum,
3527 5008 3758 5088 illorum

2112 5080 2253 5160 pace
2284 5088 2555 5157 dixerim,
2589 5080 2835 5159 uterque
2869 5104 2901 5142 a
2947 5086 3224 5160 Gregorii
3259 5086 3473 5160 mente
3508 5080 3756 5160 aberrat.

2111 5150 2274 5225 Quod
2299 5159 2457 5238 enim
2480 5150 2814 5238 Theplogiis
2851 5160 2920 5238 ad
2945 5150 3475 5238 Athanasium,ipsi
3510 5153 3580 5238 ad
3605 5150 3761 5238 Chri-

2113 5224 2270 5286 stum
2304 5224 2814 5304 referunt.Soopus
2843 5237 3040 5287 tamen
3073 5230 3321 5304 oratoris
3345 5224 3405 5281 in
3433 5227 3538 5279 hoc
3560 5224 3757 5284 tendit,

2113 5308 2179 5357 ut
2211 5305 2481 5359 ostendat
2510 5305 2674 5360 illam
2706 5301 3123 5376 similitudinis
3155 5301 3656 5376 affinitatem,quaa
3681 5310 3762 5376 re:

2116 5376 2337 5447 petitur
2370 5377 2520 5430 inter
2557 5377 2772 5432 Christi
2830 5375 3258 5447 Jerosolymam
3297 5369 3653 5447 _i_ntroitum,
3693 5369 3766 5447 _et

2113 5436 2416 5502 Athanasii
2466 5447 2880 5504 Alexandriam
2952 5436 3230 5519 reditum.
3297 5443 3553 5519 Uterque
3607 5436 3762 5519 pullo

2116 5519 2334 5575 insidet
2367 5536 2379 5572 :
2417 5525 2664 5590 uterque
2695 5538 2726 5574 ι
2759 5519 2972 5591 populo
3006 5517 3215 5573 faustis
3245 5511 3764 5591 acclamationibus

2116 5591 2444 5673 excipitur;
2479 5586 2612 5647 ante
2668 5586 2978 5662 utr—iusque
3012 5592 3186 5662 pedes
3215 5588 3560 5666 sternuntur
3588 5586 3760 5663 etiam

2118 5678 2265 5718 rami
2317 5669 2374 5716 et
2432 5664 2815 5718 indumenta:
2852 5679 2957 5717 nec
3016 5664 3279 5718 deerant.
3340 5675 3440 5718 αυι
3495 5657 3766 5718 βτωιτθοι

2118 5678 2265 5718 rami
2317 5675 2374 5716 Θῐ
2432 5675 2815 5719 Indumenta:
2852 5679 2957 5717 nec
3016 5675 3279 5726 deerant,
3340 5675 3440 5726 QUI

2121 5678 2265 5718 rami
2317 5673 2374 5716 et
2432 5673 2815 5719 indumenta:
2852 5679 2957 5717 nec
3016 5673 3279 5726 deerant,
3340 5675 3440 5728 qui
3495 5673 3765 5726 prasirent

2121 5734 2465 5806 clamantes,
2519 5742 2628 5791 etc.
2684 5738 2810 5790 llaec
2859 5735 3055 5790 Graeca
3103 5734 3232 5806 ipsa
3281 5748 3406 5806 prae
3453 5728 3765 5806 se‘ferunt.

2119 5805 2426 5863 Glaudioat
2454 5799 2635 5878 igitur
2664 5807 2815 5864 Billii
2843 5806 3054 5875 versio,
3087 5799 3215 5878 quis
3249 5799 3321 5859 ad
3349 5799 3642 5857 Christum
3677 5814 3766 5855 re-
