4110 6454
394 458 551 523 1H7

1324 461 1615 522 ORATIO
1660 460 1824 521 XXI.
1857 492 1936 503 —
1965 459 2045 519 IN
2093 458 2419 520 LAUDEM
2467 460 2919 521 ATHANASII.

3662 460 3820 521 1118

390 592 480 648 καὶ
514 593 771 667 στρώσεις
804 591 1038 665 ἱματίων
1068 590 1392 654 πολυανθῶν
1426 589 1515 645 καὶ
1562 589 1833 645 ποικίλων
1880 589 2051 665 προῤ-

2184 591 2413 645 scendit
2439 609 2451 657 ;
2486 590 2604 645 sive
2627 592 2767 661 quid
2788 592 2943 647 aliud
2979 592 3279 664 Scriptura
3303 592 3635 665 significare
3664 592 3819 648 velit.

399 681 775 757 ῥιπτουμένων
824 702 883 735 τι
930 684 1018 735 καὶ
1073 680 1614 755 ὑπορῥιπτουμένωψ
1680 678 1901 733 ἐνταῦθα
1953 678 2051 750 μό-

393 793 481 825 νον
529 771 915 843 ἀτιμασθέντος
963 775 1061 825 τοῦ
1092 769 1309 841 ὑψηλοῦ
1340 770 1427 823 καὶ
1460 766 1826 839 πολυτελοῦς,
1860 768 1948 822 καὶ
1988 768 2050 822 τὸ

392 858 505 914 ἴσον
544 863 616 932 μή
652 858 901 935 ἔχοντος.
940 860 1114 916 Εἷ’κὼν
1148 859 1237 913 καὶ
1270 855 1403 927 αὕτη
1435 865 1536 927 τῆς
1571 856 1729 926 ἔπιδη
1744 857 1868 929 μίας
1924 859 2049 930 Χρι-

394 954 541 1015 στοῦ,
575 949 663 1002 καὶ
701 950 751 1002 οἱ
783 944 1147 1024 προϐοῶντες.
1180 949 1267 1002 καὶ
1314 949 1365 1001 οἱ
1416 950 1528 1017 (94)
1577 946 2010 1021 προχορεύοντες
2032 966 2044 977 ⁸

390 1037 537 1106 πλὴν
590 1039 713 1092 ὅσον
768 1038 828 1092 οὐ
880 1036 1087 1092 πα.δων
1131 1036 1331 1109 ὅμιλος
1368 1036 1527 1109 μόνον
1560 1037 1621 1090 τὸ
1653 1036 1929 1113 εὐφημοῦν
1960 1036 2046 1103 ἦν,

387 1126 533 1181 ἀλλὰ
591 1128 681 1181 καὶ
741 1134 884 1181 πᾶσα
941 1126 1167 1201 γλῶσσα
1238 1126 1530 1202 σύμφωνος
1600 1125 1688 1178 καὶ
1748 1124 2047 1195 ἀντίθετος,

386 1222 534 1288 νικᾷν
580 1215 869 1286 ἀλλήλους
922 1218 1317 1290 ἐπειγομένων.
1353 1216 1462 1269 Ἐὧ
1522 1214 1625 1289 γὰρ
1686 1211 1861 1288 λέγειν
1920 1212 2049 1287 κρό-

386 1327 513 1368 τους
573 1305 917 1378 πανδήμους,
968 1306 1057 1360 καὶ
1112 1304 1295 1378 μύρων
1350 1303 1620 1379 ἐκχύσεις,
1652 1303 1742 1357 καὶ
1792 1302 2050 1377 παννυχί-

389 1393 505 1465 δας,
533 1396 622 1449 καὶ
656 1401 826 1449 πᾶσαν
859 1395 997 1472 φωτὶ
1030 1392 1581 1468 καταστραπτομὲνην
1609 1393 1707 1459 τήν
1744 1390 1923 1463 πόλιν,
1957 1392 2048 1445 καὶ

389 1481 657 1555 δημοσίας
689 1486 800 1556 (95)
833 1482 1093 1545 ἑστιάσεις
1125 1484 1213 1536 καὶ
1248 1480 1500 1548 οἷκιδίας,
1532 1481 1621 1535 καὶ
1662 1476 1813 1541 ὅσοις
1863 1482 1917 1534 αἱ
1944 1480 2049 1534 πό-

391 1572 504 1635 λεις
530 1574 592 1627 τὸ
624 1571 849 1650 φαιδρὸν
884 1572 1351 1644 ἐπισημαίνουσιν·
1388 1570 1419 1625 ἃ
1448 1566 1571 1625 τότε
1597 1572 1713 1643 μεθ’
1739 1566 2048 1644 ὑπερϐολῆς

392 1661 600 1734 ἐκείνῳ,
633 1662 720 1717 καὶ
750 1664 895 1737 παρὰ
923 1662 986 1717 τὸ
1020 1661 1161 1723 εἰκὸς
1196 1660 1518 1736 ἐχαρίζοντο
1570 1663 1704 1732 (96).
1756 1659 1908 1713 Οὕτω
1952 1660 2050 1727 τὴν

400 1752 588 1806 ἑαυτοῦ
619 1750 780 1806 πόλιν
811 1752 838 1805 ὁ
872 1750 1169 1822 θαυμάσιος
1212 1749 1436 1817 ἐκεῖνος,
1468 1749 1558 1802 καὶ
1612 1750 1747 1820 μετὰ
1792 1746 2049 1817 τοιαύτης

394 1835 801 1913 καταλαμϐάνει
834 1846 931 1909 τῆς
963 1838 1341 1912 πανηγύρεως.

2166 679 2338 736 Illum
2374 679 2552 735 etiam
2586 682 2819 745 rami,et
2847 683 3006 736 varia
3027 681 3202 737 variis
3234 683 3386 754 picta
3414 682 3710 738 coloribus
3734 682 3822 736 in-

2163 770 2445 824 dumenta
2465 774 2599 824 ante
2630 786 2761 824 eum
2789 771 3048 841 projects
3079 777 3133 825 et
3165 772 3460 827 substrata
3475 771 3812 842 excipiunt;

2159 858 2250 913 hic
2284 859 2475 913 solum
2510 865 2705 929 spreta
2740 862 2993 929 pretiosa
3025 860 3458 931 supellectii,ac
3489 861 3658 930 cujus
3690 877 3812 915 ma-

2161 947 2512 1018 gniﬁcentiae
2546 948 2689 1001 nihil
2721 965 2826 1017 par
2856 949 3228 1004 erat.Christi
3260 966 3495 1021 quoque
3526 950 3811 1005 adventus

2160 1035 2354 1105 imago
2390 1036 2564 1103 fuere,
2599 1043 2723 1091 tum
2754 1038 2854 1106 qui
2889 1038 3165 1105 prmundo
3189 1036 3690 1103 clamabant,tum
3716 1037 3819 1107 qui

2163 1125 2408 1179 choreas
2435 1125 2774 1195 agitabant;
2811 1124 2921 1179 nisi
2945 1126 3100 1194 quod
3130 1143 3244 1180 non
3267 1125 3513 1196 pueritis
3527 1127 3816 1181 duntaxat

2161 1214 2332 1268 turba
2367 1214 2575 1268 faustis
2608 1214 2772 1268 illum
2810 1214 3333 1270 acclamationibus
3366 1216 3821 1286 excipiebat,ve-

2160 1320 2292 1357 rum
2324 1301 2500 1357 etiam
2533 1303 2725 1357 omnis
2756 1303 2954 1373 lingua
2984 1320 3225 1359 concors
3256 1310 3314 1358 et
3344 1303 3678 1358 adversaria
3710 1303 3819 1358 ho-

2161 1392 2409 1454 minum,
2455 1392 2554 1461 qui
2605 1408 2733 1447 sese
2782 1398 2989 1447 mutuo
3038 1409 3315 1464 superare
3363 1394 3817 1449 contendebant.

2159 1480 2305 1536 Nam
2321 1481 2587 1535 omittam
2604 1479 2870 1553 publicos
2892 1481 3665 1551 plausus,etunguentorum
3684 1499 3819 1553 pro-

2160 1570 2441 1639 fusiones,
2474 1576 2530 1624 et
2561 1575 2877 1625 nocturnas
2907 1570 3270 1635 festivitates,
3304 1576 3360 1625 et
3388 1576 3570 1627 totam
3605 1572 3809 1626 urbem

2162 1658 2846 1723 lumine‘coruscantem,
2881 1660 3115 1731 publica
3147 1661 3286 1715 item
3334 1666 3391 1715 et
3423 1660 3647 1732 privata
3679 1678 3817 1715 con-

2160 1748 2332 1815 vivia,
2366 1754 2693 1819 creteraque
2725 1766 2827 1819 per
2853 1766 2979 1820 quea
3014 1751 3191 1805 urbes
3221 1749 3431 1804 laetitias
3463 1754 3640 1820 atque
3662 1749 3815 1805 hila-

2164 1838 2357 1893 ritatis
2387 1843 2736 1909 argumenta
2768 1838 2975 1905 edunt,
3005 1856 3130 1909 quas
3163 1843 3291 1893 tum
3318 1837 3402 1892 illi
3429 1838 3820 1910 amplissime,

389 1934 447 1985 et
476 1947 653 2001 supra
686 1947 864 2000 quam
905 1929 1061 1985 credi
1107 1932 1302 2000 queat,
1336 1927 1807 1983 conferebantur.
1839 1926 1933 1982 Sic
1985 1928 2070 1983 vir
2115 1926 2390 1997 eximius,
2422 1943 2487 1981 ac
2520 1943 2653 1981 cum
2688 1926 2786 1981 tali
2819 1943 3031 1999 pompa
3060 1932 3119 1983 et
3150 1927 3481 1983 celebritate
3530 1927 3821 1984 civitatem

394 2035 561 2074 suam
598 2018 946 2090 ingreditur.

461 2106 537 2161 A'.
572 2106 690 2180 Ἆρ’
724 2103 813 2159 οῦν
851 2100 979 2158 ἐϐίω
1011 2107 1125 2177 (97)
1153 2104 1270 2176 μὶν,
1306 2102 1485 2176 ὥσπερ
1542 2101 1688 2163 εἰκὸς
1736 2102 1864 2164 τοὺς
1916 2101 2052 2158 λαοῦ

2233 2102 2394 2159 ΧΧΧ.
2428 2105 2566 2159 Esto
2602 2104 2800 2176 igitur,
2858 2105 2986 2159 vitae
3035 2104 3291 2159 rationes
3341 2105 3422 2159 ita
3474 2104 3823 2163 instituerit;

390 2194 654 2249 τοσούτου
686 2195 1165 2269 προστησομὲνους
1199 2197 1346 2266 (98);
1382 2189 1590 2261 ἐδίδαξε
1621 2191 1700 2259 δὲ,
1733 2192 1840 2266 οὐχ
1872 2194 1947 2253 ὡς
1980 2194 2062 2266 βι-

397 2278 594 2337 ϐίωκεν
623 2303 635 2352 ;
672 2285 971 2357 ἠγώνισται
1005 2280 1082 2351 δὲ,
1117 2283 1225 2357 οὐχ
1273 2282 1346 2343 ὡς
1408 2279 1680 2351 ἐδίδαξεν;
1730 2280 2060 2337 ἐκινδύνευσε

404 2370 461 2427 δὶ
490 2377 597 2426 τῶν
633 2373 765 2447 ὑπὶρ
809 2376 906 2427 τοῦ
958 2370 1129 2447 λόγου
1176 2372 1322 2433 τινὸς
1366 2371 1756 2447 ἠγωνισμένων
1808 2369 2054 2439 ἐλάττω;

397 2461 686 2533 τετίμηται
740 2459 795 2515 δε
844 2462 918 2515 ὧν
970 2462 1262 2535 ἠγώνιςται
1299 2465 1449 2533 μεῖον
1662 2462 1971 2535 κατήσχυνε
2001 2457 2059 2514 δέ

397 2572 450 2605 τι
478 2556 585 2606 τῶν
614 2558 712 2619 τῆς
736 2548 947 2605 εἲίσόδου
983 2552 1116 2623 μετὰ
1143 2552 1243 2619 τήν
1279 2548 1487 2604 εἴσοδον
1514 2569 1525 2618 ;
1551 2550 1621 2606 Οιῖ
1635 2547 1843 2622 δαμῶς.
1881 2550 2059 2603 Πάντα

408 2638 463 2694 δὲ
495 2638 760 2709 ἀλλήλων
807 2637 1068 2715 ἕχόμενα,
1128 2634 1308 2714 ὥσπερ
1366 2638 1415 2693 ἐν
1478 2636 1618 2715 λύρᾳ
1673 2660 1788 2711 μιᾳ,
1839 2638 2055 2707 καὶτῆς

404 2729 573 2798 αὐτῆς
606 2729 891 2803 ἁρμονίας,
928 2730 955 2783 ὁ
991 2728 1125 2802 βίος,
1160 2729 1186 2782 ὁ
1218 2727 1403 2803 λόγος,
1456 2728 1506 2781 οἱ
1557 2728 1783 2803 ἀγῶνες,
1835 2728 1887 2781 οἱ
1938 2727 2057 2782 κίν-

405 2816 574 2887 δυνοι,
623 2820 689 2872 τὰ
735 2827 836 2887 τῆς
863 2816 1147 2886 ἐπανόδου,
1188 2819 1255 2871 τὰ
1284 2818 1417 2889 μετά
1444 2818 1543 2885 τὴν
1578 2814 1857 2873 ἐπάνοδον.
1887 2818 2057 2889 Ὁμοῦ

399 2926 460 2959 τε
487 2907 586 2979 γὰρ
617 2908 714 2974 τήν
749 2906 1078 2976 Ἐκκλησίαν
1120 2902 1551 2979 καταλαμϐάνει,
1608 2906 1696 2960 καὶ
1748 2906 1808 2960 οὐ
1856 2906 2057 2981 πάσχει

397 2995 590 3046 ταυτὸν
628 3000 742 3054 τοῖς
789 2992 856 3048 δι’
909 2994 1165 3069 ἀμετρίαν
1212 2994 1384 3069 ὀργῆς
1432 2993 1832 3070 τυφλώττουσι,
1892 2996 1980 3049 καὶ
2027 2995 2057 3050 ὅ

396 3102 449 3135 τι
500 3080 558 3135 ἂν
606 3083 908 3155 παραπέσῃ,
968 3087 1131 3137 τοῦτο
1189 3088 1405 3159 πρῶτον
1467 3086 1542 3157 (1)
1599 3088 1959 3159 περιωθοῦσιν
2018 3085 2051 3154 ἢ

397 3169 640 3240 παίουσι,
700 3169 794 3224 κᾶν
842 3193 893 3225 τι
936 3174 1044 3225 τῶν
1097 3170 1313 3248 φειδοῦς
1344 3172 1506 3244 ἀξίων
1540 3172 1597 3226 ὄν
1628 3172 1795 3247 τύχοι
1828 3175 1926 3246 (2),
1957 3179 2054 3228 τοῦ

398 3259 573 3330 θυμοῦ
623 3256 1059 3322 δυναστεύοντος.
1111 3260 1287 3315 Ἀλλὰ
1334 3266 1494 3317 τοῦτο
1558 3260 1794 3335 μάλιστα
1840 3260 2054 3317 εὐδοκι-

398 3349 617 3419 μήσεως
648 3348 793 3419 αὐτῷ
821 3350 1007 3425 καιρὸν
1040 3350 1169 3405 εἶναι
1201 3351 1427 3424 νομίσας
1461 3349 1670 3423 (ἐπειδὴ
1703 3354 1764 3405 τὸ
1799 3352 1892 3426 μὲν
1925 3354 2054 3407 πάσ-

393 3455 494 3511 χον
527 3442 728 3508 κακῶς,
763 3438 844 3491 ἀεὶ
879 3440 1239 3513 μετριώτερον
1267 3459 1280 3472 ⁸
1326 3441 1388 3495 τὸ
1423 3438 1479 3494 δὶ
1512 3440 1564 3494 ἐν
1594 3440 1807 3511 ἐξουσίᾳ
1834 3447 1931 3496 τοῦ
1961 3442 2052 3495 ἀν-

395 3523 604 3601 τιδρᾷν,
638 3525 1065 3599 ἀκρατέστερον),
1110 3528 1252 3582 οὕτω
1284 3527 1471 3602 πράως
1504 3528 1591 3583 καὶ
1640 3528 1823 3597 ἠπίως
1855 3530 1919 3582 τὰ
1943 3534 2049 3583 τῶν

397 3611 790 3683 λελυπηκότων
826 3615 1281 3688 μεταχειρίζεται,
1304 3616 1379 3677 ὡς
1416 3614 1558 3686 μηδὲ
1590 3617 1773 3677 αὐτοῖς
1803 3617 2049 3686 ἐκεῖνοις,

396 3702 441 3756 εἳ
475 3702 587 3756 οἶόν
625 3722 683 3756 τε
710 3706 869 3755 τοῦτο
899 3702 1065 3755 εἰπεῖν
1102 3704 1200 3775 (3),
1236 3702 1378 3773 ἄηδῆ
1414 3706 1657 3777 γενέσθαι
1701 3708 1800 3758 τοῦ
1856 3704 2048 3779 ἀνδρὸς

393 3793 493 3860 τὴν
525 3788 804 3846 ἐπάνοδον.

2171 2199 2237 2249 ut
2291 2211 2389 2249 eos
2447 2195 2632 2258 decet,
2687 2194 2785 2265 qui
2836 2199 3010 2248 tantae
3082 2193 3391 2248 hominum
3444 2192 3813 2248 multitudini

2169 2299 2419 2354 praeesse
2462 2283 2694 2347 debent,
2727 2300 2926 2337 verum
2977 2300 3255 2354 paremne
3305 2282 3433 2338 vita
3480 2283 3811 2337 doctrinam

2168 2371 2411 2426 attulit?
2441 2372 2764 2427 Decertavit
2793 2371 3053 2443 quidem,
3085 2388 3228 2427 num
3270 2376 3335 2427 ut
3379 2372 3576 2427 docuit
3602 2372 3628 2425 τ
3660 2372 3811 2426 Num

2168 2462 2368 2515 minus
2400 2477 2577 2532 quam
2611 2460 2803 2531 quivis
2844 2477 3070 2526 eorum,
3132 2459 3233 2532 qui
3296 2477 3399 2531 pro
3448 2465 3605 2515 recta
3660 2461 3815 2515 406

2167 2551 2433 2607 doctrina
2463 2555 2755 2605 certamen
2789 2550 3080 2616 adierunt,
3117 2549 3479 2620 periclitatus
3502 2550 3639 2605 est?
3666 2549 3818 2604 Num

2169 2639 2446 2704 minores,
2482 2655 2658 2710 quam
2693 2655 2795 2708 pro
2845 2638 3233 2693 certaminum
3286 2639 3518 2703 merito,
3571 2638 3821 2694 honores

2168 2732 2521 2783 consecutus
2544 2727 2678 2782 est?
2709 2728 2859 2781 Num
2892 2728 3146 2798 denique
3177 2728 3501 2782 honoribus
3533 2727 3815 2798 illis,qui—

2168 2818 2278 2871 bus
2308 2817 2368 2871 in
2402 2817 2670 2888 ingressu
2703 2823 2946 2872 ornatus
2978 2823 3087 2885 est,
3122 2822 3253 2887 post
3281 2816 3615 2888 ingressum
3647 2816 3817 2871 dede-

2168 2907 2287 2961 cori
2320 2906 2841 2977 atqueignominiaa
2868 2906 3015 2960 fuit?
3047 2906 3286 2961 Minime
3308 2904 3813 2977 gentium.Verum

2166 2996 2385 3061 omnia,
2421 3013 2532 3051 non
2566 3012 2737 3051 secus
2769 3002 2944 3066 atque
2975 2997 3033 3050 in
3065 2996 3309 3063 cithara,
3344 2994 3497 3049 inter
3528 2999 3739 3065 seapta
3760 3000 3816 3048 et

2166 3101 2426 3140 connexa
2455 3092 2642 3151 erant,
2677 3087 3035 3157 pulchreque
3078 3087 3497 3156 congruebant,
3538 3090 3665 3138 tum
3696 3084 3815 3138 vita

2164 3178 2222 3228 et
2257 3175 2544 3243 doctrina,
2577 3181 2703 3230 tum
2738 3176 3059 3229 certamina
3089 3181 3147 3228 et
3182 3172 3458 3242 pericula,
3503 3178 3628 3227 tum
3662 3173 3813 3226 redi-

2165 3267 2284 3331 tus,
2320 3269 2378 3319 et
2422 3282 2548 3334 quae
2581 3265 2836 3319 reditum
2887 3268 3027 3318 sunt
3076 3265 3409 3317 consecuta.
3454 3262 3601 3316 Nam
3635 3260 3815 3316 simul

2165 3357 2341 3424 atque
2389 3355 2459 3408 ad
2509 3353 2829 3409 Ecclesiam
2894 3351 3176 3424 pervenit,
3224 3369 3338 3407 non
3386 3351 3589 3406 eodem
3645 3351 3816 3406 modo

2166 3443 2409 3498 affectus
2441 3448 2549 3507 est,
2583 3460 2696 3513 quo
2727 3442 2765 3496 ii
2798 3441 3117 3512 solent,qui
3149 3458 3251 3511 per
3278 3440 3377 3494 iras
3408 3439 3815 3510 impotentiam

2166 3532 2504 3597 caacutiunt,
2557 3536 2634 3595 et,
2695 3536 2757 3584 ut
2817 3530 3076 3601 quidque
3127 3528 3382 3599 primum
3430 3528 3702 3592 occurrit,
3737 3528 3819 3583 ita

2162 3619 2664 3689 illud,quamlibet
2692 3618 2868 3672 etiam
2900 3618 3211 3687 dignum,a
3244 3631 3359 3686 quo
3395 3632 3607 3669 manus
3630 3616 3818 3670 absti-

2161 3713 2433 3773 neantur,
2471 3707 2825 3777 protrudunt
2877 3713 2978 3759 aut
3008 3704 3246 3773 feriunt,
3282 3721 3471 3775 usque
3503 3704 3644 3758 adeo
3678 3712 3818 3759 sunt

2159 3796 2219 3851 in
2252 3797 2399 3850 iram
2434 3795 2780 3867 praecipites.
2808 3793 3022 3848 Verum
3054 3792 3164 3848 hoc
3188 3793 3561 3862 potissimum
3584 3798 3818 3863 tempus

396 3884 467 3939 ad
502 3882 759 3938 nominis
791 3882 1185 3937 celebritatem
1220 3887 1276 3937 et
1306 3882 1554 3955 gloriam
1588 3884 1866 3939 idoneum
1899 3885 2010 3940 sibi
2037 3901 2167 3941 esse
2196 3885 2513 3940 arbitratus
2543 3884 3038 3955 (quandoquidem
3073 3882 3192 3937 fere
3224 3882 3306 3949 tit,
3342 3888 3405 3938 ut
3436 3882 3535 3952 qui
3568 3881 3626 3936 in
3659 3881 3817 3937 cala—

396 3972 599 4027 mitate
630 3979 915 4039 versatur,
946 3972 1393 4027 moderatiorem
1427 3989 1489 4027 se
1523 3974 1793 4045 praebeat,
1828 3975 1927 4044 qui
1960 3981 2158 4030 autem
2191 3975 2503 4029 referendae
2548 3972 2774 4041 injurias
2809 3977 3156 4044 potestatem
3190 3976 3395 4026 nactus
3425 3976 3535 4038 est,
3562 3969 3817 4026 insolen-

391 4061 511 4115 tius
543 4078 603 4116 se
635 4062 839 4132 gerat),
872 4067 1035 4116 tanta
1067 4061 1302 4117 lenitate
1333 4067 1509 4133 atque
1554 4063 1921 4119 humanitate
1970 4080 2062 4119 res
2108 4080 2334 4129 eorum,
2369 4081 2402 4118 a
2431 4065 2647 4133 quibus
2695 4060 2873 4117 laesus
2921 4061 3133 4128 fuerat,
3166 4060 3619 4130 administravit,
3652 4064 3716 4114 ut
3745 4075 3820 4114 ne

392 4148 465 4204 iis
497 4150 735 4219 quidem
768 4149 935 4219 ipsis,
970 4150 1016 4204 si
1053 4149 1161 4204 hoc
1191 4150 1307 4205 dici
1338 4156 1551 4223 potest,
1582 4152 1772 4223 ipsius
1802 4153 2027 4209 reditus
2058 4152 2341 4210 molestus
2376 4154 2565 4207 fuerit.

465 4237 595 4293 ΛΑ’.
649 4236 905 4312 Καθαίρει
963 4238 1056 4310 μὲν
1107 4258 1169 4313 γε
1215 4241 1292 4311 (4)
1342 4240 1404 4293 τὸ
1453 4240 1596 4313 ἱερὸν
1642 4244 1749 4294 τῶν
1778 4242 2049 4311 θεοκαπή-

391 4321 528 4394 λων,
560 4325 649 4379 καὶ
700 4326 1154 4401 χριστεμπόρων,
1204 4324 1296 4381 ’ίνα
1345 4327 1435 4382 καὶ
1482 4334 1644 4384 τοῦτο
1673 4334 1783 4384 τῶν
1816 4334 2050 4405 Χριστοῦ

396 4415 729 4486 μιμήσηται·
762 4412 909 4481 πλὴν
951 4414 1074 4468 ὅσον
1126 4414 1188 4469 ού
1233 4417 1559 4494 φραγελλίῳ
1606 4418 1850 4492 πλικτῷ,
1900 4418 2052 4497 λόγῳ

393 4499 451 4556 δὶ
481 4506 692 4573 πιθανῷ
735 4506 898 4556 τοῦτο
939 4503 1244 4577 ἐργάζεται·
1296 4506 1660 4562 καταλλάττιι
1711 4505 1768 4563 δὶ
1813 4509 1877 4563 τὸ
1924 4529 2052 4563 στα-

464 4646 509 4681 ⁷⁸
531 4648 698 4705 Joan.
733 4663 794 4714 Il,
829 4646 916 4703 15.

392 4788 523 4859 fert,
576 4789 727 4860 quod
760 4787 1098 4862 J‘heologus
1151 4789 1221 4843 ad
1267 4790 1675 4862 Athanasium.
1747 4792 1815 4846 Et
1870 4798 2046 4862 certe,

390 4866 556 4915 tanta
584 4865 707 4915 erat
726 4860 1249 4915 Alexandrinorum
1270 4861 1470 4917 latitia
1486 4864 1641 4919 circa
1656 4860 2046 4920 Athanasium

391 4935 462 4988 ab
492 4933 694 4987 exsilio
726 4932 1091 5008 redeuntem,
1127 4938 1189 4987 ut
1219 4950 1333 4988 non
1378 4941 1605 4990 tantum
1657 4937 1806 4991 rami
1846 4944 2047 5008 gesta-

390 5008 723 5092 rentur,aut
756 5004 927 5092 ﬂores
960 5009 1508 5092 spargerentur-ﬁed
1537 5008 1712 5092 etiam
1733 5004 2044 5080 quidquid,

387 5077 445 5131 in
484 5076 653 5146 pictis
686 5076 980 5146 tapetibus
1028 5080 1085 5131 et
1120 5076 1431 5147 stragulis,
1459 5076 1785 5150 pretiosius
1819 5076 2043 5136 iac—ma;

387 5148 764 5225 gniﬁcentius
793 5151 936 5216 erat,
972 5156 1600 5225 sp_erneretur,etante
1626 5152 1813 5223 ipsius
1844 5154 2043 5225 pedes,

386 5164 764 5275 gmncentius
793 5164 936 5216 erat,
972 5164 1431 5217 sperneretur,et
1461 5164 1594 5207 ante
1626 5168 1813 5223 ipsius
1844 5164 2043 5225 pedes,

435 5220 633 5275 oneris
666 5236 863 5285 causa,
904 5220 1301 5290 projiceretur,
1340 5224 1555 5279 Idcirco
1588 5222 1740 5278 hanc
1762 5225 2043 5281 similitu-

386 5293 603 5367 dinetn
633 5292 786 5367 inter
831 5294 1153 5367 utrumque
1203 5294 1383 5367 nectit
1428 5296 1782 5367 Gregorius;
1818 5298 1918 5351 sed
1974 5315 2045 5353 ne

384 5364 505 5439 haec
558 5362 906 5439 similitudo,
940 5363 1012 5417 ob
1060 5366 1440 5439 reverentiam
1501 5362 1628 5439 quae
1682 5362 1911 5423 Christo
1944 5370 2042 5425 de-

385 5435 578 5510 betur,
611 5435 1001 5510 quorumdam
1033 5451 1203 5510 aures
1243 5435 1537 5493 offendere
1583 5444 1799 5510 posset,
1836 5440 1908 5494 ab
1940 5459 2041 5496 au-

386 5507 675 5580 ditoribus
710 5506 873 5576 petit,
910 5519 979 5558 ne
1013 5508 1149 5562 talia
1205 5506 1885 5580 proferendofamentiaa
1944 5518 2044 5568 aut

388 5578 644 5633 audaciai
677 5581 1006 5632 accusetur.

425 5650 571 5776 d(94)
624 5648 712 5704 Ili.
767 5648 862 5703 Sic
912 5653 1171 5718 quatuor
1219 5652 1397 5725 Regg.
1450 5658 1507 5709 et
1554 5653 1650 5719 Or,
1695 5654 1746 5709 1.
1781 5658 1950 5710 Deest
1981 5655 2039 5710 in

390 5735 483 5777 θα.

463 5792 575 5863 (95)
610 5787 911 5861 Δημοσίας.
945 5794 1031 5845 Ita
1070 5807 1171 5849 sex
1220 5798 1421 5868 Regg.,
1477 5800 1534 5852 et
1580 5811 1665 5851 or.
1700 5797 1751 5853 1.
1805 5796 1870 5851 In
1918 5796 2037 5865 ed.,

2230 4242 2419 4297 XXXI.
2459 4244 2537 4296 Ac
2565 4239 2851 4311 templum
2904 4239 3142 4311 quidem
3184 4237 3485 4310 sacrilegis
3520 4235 3815 4291 nundina-

2161 4333 2410 4401 torihus,
2441 4331 2633 4401 iisque
2666 4331 2761 4400 qui
2794 4329 3025 4385 Christo
3059 4329 3129 4382 ad
3166 4333 3460 4397 quaestum
3493 4326 3815 4381 abuteban-

2161 4426 2279 4487 tur,
2313 4425 2613 4492 repurgat,
2675 4421 2731 4473 in
2790 4419 2900 4474 hoc
2958 4432 3191 4489 quoque
3246 4416 3468 4472 scilicet
3514 4415 3815 4472 Christum

2163 4512 2421 4566 referens
2454 4525 2467 4563 :
2504 4509 2617 4564 nisi
2647 4508 2800 4580 quod
2834 4524 2951 4563 non
2983 4512 3138 4563 texto
3185 4505 3417 4578 ﬂagello
3447 4505 3515 4573 7‘,
3550 4504 3650 4559 sed
3684 4519 3817 4574 prc-

2159 4789 2483 4863 δημοσίους.

2229 4858 2343 4935 (96)
2395 4859 2771 4936 Ἐχαρίζοντο.
2826 4862 3007 4915 Oxon.
3061 4861 3214 4930 apud
3284 4860 3555 4924 Montac.,
3627 4858 3811 4930 ἠρανί-

2160 4934 2339 5003 ζοντο,
2367 4958 2394 4985 ‹‹
2425 4934 2880 5006 colligebantur.
2914 4955 2942 4982 ››

2229 4993 2343 5080 (97)
2373 4993 2718 5060 ἘϐίωΪῡω
2751 5005 2953 5080 Begg.,
2986 5003 3189 5080 Qhrys.
3220 5008 3275 5058 et
3301 5007 3454 5080 Bas,
3484 4993 3654 5053 ἔϐίου.

2229 5010 2320 5080 (97
2373 5010 2560 5060 Ἐὅίω,
2600 5011 2718 5059 Duo
2752 5010 2953 5076 Regg.,
2986 5010 3189 5075 Chrys.
3220 5010 3275 5058 et
3301 5010 3454 5069 Bas.,
3484 5010 3654 5053 εῦιου.

2229 5010 2345 5151 (98)
2415 5076 2925 5150 Προστησομένους.
2998 5075 3093 5131 Or.
3148 5076 3198 5146 1,
3265 5073 3357 5128 τὸν
3425 5069 3802 5149 προστησόμε-

2154 5171 2269 5206 νον.

2228 5225 2337 5295 (99)
2372 5225 2553 5275 Μεῖον.
2588 5220 2730 5295 Beg.
2764 5219 2865 5290 ph,
2903 5222 3108 5290 μεῖζον,
3144 5239 3173 5267 ‹‹
3222 5219 3495 5287 majores.
3553 5237 3582 5265 ››
3630 5214 3806 5271 Cois].

2157 5298 2209 5367 1,
2235 5291 2299 5350 ἐἰ
2321 5291 2425 5362 ὈΓ,
2462 5295 2510 5358 1,
2544 5291 2817 5367 πλεῖστον.

2331 5367 2598 5457 Ξρῶτονλ
2615 5364 2785 5445 Deest
2817 5361 3000 5457 innOr.
3030 5362 3078 5415 1.

2244 5428 2300 5514 2)
2331 5428 2521 5514 τῦχρε-
2558 5436 2825 5514 Quinque
2858 5428 3251 5514 θεᾶς-νεόκτι-

2246 5453 2300 5511 Z)
2332 5453 2521 5510 ἰὐχοι.
2558 5453 2825 5521 quinque
2860 5453 3059 5518 negg.,
3089 5453 3251 5559 τυχὲ

2246 5512 2297 5587 3)
2327 5508 2388 5562 Ei
2421 5506 2533 5587 οἷόν
2558 5527 2622 5587 ,τε
2652 5504 3157 5587 τουτοεῖ’πειν.“ξιο

2154 5586 2207 5647 1,
2231 5575 2380 5647 ‘Jes.,
2406 5586 2516 5636 etc.
2556 5585 2721 5633 Deest
2746 5578 2789 5630 εί
2822 5578 2877 5632 in
2912 5578 3001 5632 ed.
3037 5575 3317 5630 Nonnulli

2151 5671 2256 5725 pro
2280 5652 2469 5725 εἰπεῖν.
2505 5651 2951 5725 Aliiomittunt,
2981 5649 3163 5725 τοῦτο.

2225 5726 2298 5795 (4)
2326 5724 2432 5781 Μὲν
2467 5743 2548 5797 γε.
2584 5722 2677 5779 Sic
2711 5723 2889 5794 Regg.
2921 5710 3042 5789 bm,
3106 5721 3205 5792 pb.
3266 5719 3329 5775 In
3383 5717 3501 5786 ed.,
3539 5711 3633 5787 μὶν
3666 5710 3788 5785 γάρ.

3326 5519 3381 5629 gi
3413 5503 3534 5569 bm,
3569 5501 3667 5571 ph,
3703 5502 3796 5584 Or.

3390 5575 3565 5629 ebant
3620 5590 3795 5623 ποιειν

3390 5575 3565 5629 abent
3620 5574 3795 5623 ποιεῖν
