2055 3236
142 196 220 229 1119

768 201 800 231 S.
825 200 1012 231 GREGORII
1034 199 1232 230 THEOLOG!

1775 200 1858 233 1120

141 264 291 293 babilibus
320 267 504 303 argumentis
532 269 621 304 atque
660 268 696 295 ad
728 267 966 303 persuadendum

1030 267 1116 301 τιάζον
1128 265 1198 304 πρός
1211 275 1242 293 τι
1263 263 1328 294 αὐτό
1342 266 1388 294 καὶ
1415 265 1495 294 ἑαυτὰ
1509 266 1559 303 (5),
1585 264 1694 297 οὐδενὸς
1715 267 1771 293 τῶν
1791 276 1853 293 συν-

142 308 371 339 accommodatis
386 311 416 338 id
447 312 546 339 efﬂcit.
577 312 650 341 Tum
680 320 740 347 eos,
766 312 816 349 qui
836 313 913 340 inter
928 320 970 345 se,

142 355 253 381 etcum
277 354 343 390 ipso
365 355 532 384 simultates
555 357 704 393 gerebant,
729 357 760 384 in
785 357 971 385 concordiam

142 399 275 434 reducit;
288 400 443 435 etquidem
456 401 543 435 ita,ut
558 401 669 430 nullius
677 401 873 437 paciﬁcatoris
884 410 972 437 opera

142 443 178 470 ad
195 451 259 471 eam
276 452 338 472 rem
350 453 425 480 opus
442 445 837 481 haberehPraatereainjuria
852 446 972 474 affectos

141 488 297 523 tyrannide
313 488 428 522 liberat,
445 489 560 518 nullum
577 490 750 526 eorum,qui
767 490 862 526 ipsius
877 499 971 518 causas

143 532 343 567 etudebant,et
357 535 523 569 eorum,qui
541 536 678 562 adversas
695 539 793 571 partes
806 536 969 571 sequeban-

142 579 191 603 tur
219 577 364 605 delectum
395 579 517 606 habens.
559 579 727 615 Prolapsam
753 580 875 616 insuper
903 580 969 607 fidei

143 621 305 649 doctrinam
323 623 418 658 erigit,
435 632 467 650 ac
484 624 575 651 libere
599 633 702 652 rursus
726 625 852 652 Trinitas
868 624 969 660 pradi-

144 668 237 699 catur,
268 675 357 702 super
382 668 590 696 candelabrum
622 670 726 704 posita,
757 670 970 705 splendideque

144 711 233 738 unius
249 711 530 740 divinitatislumine
544 714 659 741 animas
670 723 772 742 omnes
781 714 968 742 collustrans.

142 755 231 791 Leges
247 756 334 783 etiam
353 765 455 784 rursus
472 759 533 785 orbi
545 760 688 786 terrarum
707 759 970 794 praescribit,atque

141 800 274 827 omnium
291 804 405 828 mentes
418 803 453 829 ad
468 811 498 829 se
514 803 736 838 convertit,a1iis
752 804 890 839 epistolas
903 804 969 831 mit-

145 846 224 876 tens.
241 844 313 872 alios
329 854 492 882 accersens,
518 847 675 875 nonnullos
691 848 779 875 etiam
796 848 873 875 ultro
888 857 968 875 acce-

142 888 245 916 dentes
258 890 407 924 erudiens,
424 890 621 926 omnibusque
647 891 769 918 liberam
788 892 968 919 voluntatem

142 940 194 967 pro
211 932 273 968 lege
289 942 466 969 proponens.
485 935 542 962 Hoc
559 936 636 962 enim
661 936 756 963 solum
773 937 807 963 ad
825 945 967 971 praemon-

142 977 296 1005 strandum
312 978 430 1006 virtutis
446 979 500 1006 iter
514 980 650 1007 sufficere
663 981 808 1007 censebat.
823 980 859 1008 Ut
874 983 970 1009 autem

1025 310 1145 349 αγόντων
1173 311 1211 347 (6)
1235 309 1424 348 προσδιηθείς·
1452 310 1511 339 λύει
1537 309 1566 338 δέ
1589 313 1647 342 τοῖς
1672 309 1852 347 ἠδικημένοις

1025 355 1074 386 τάς
1102 353 1273 393 τυραννίδας,
1298 353 1374 383 οὗδὶν
1406 354 1504 382 διελὼν
1530 354 1595 385 τοὺς
1622 356 1672 389 τῆς
1702 355 1797 382 ἑαυτοῦ
1814 356 1853 391 (7)

1029 398 1148 437 μερίδος,
1178 399 1223 427 καὶ
1246 403 1296 434 τῆς
1323 399 1454 430 ἐναντίας
1486 400 1609 435 ἀνίστησι
1639 398 1668 427 ὃὶ
1691 399 1854 426 πεπτωκότα

1025 444 1070 471 τὸν
1087 443 1178 481 λόγων
1269 443 1482 482 παρρησιάζεται
1498 443 1527 471 δὲ
1552 444 1570 478 ἡ
1591 445 1674 482 Τριὰς
1695 442 1777 471 πάλιν
1803 444 1852 480 (9),

1026 488 1070 516 ἐπὶ
1097 489 1148 523 τὴν
1172 488 1285 526 Λυχνίαν
1309 490 1425 524 τεθεῖσα,
1452 489 1497 516 καὶ
1521 488 1643 527 λαμπρῴ
1665 491 1706 524 τῷ
1720 487 1790 526 φωτὶ
1804 489 1854 522 τῆς

1028 537 1090 570 μιᾶς
1120 534 1248 569 θεότητος
1274 538 1333 565 ταῖς
1356 535 1464 562 πάντων
1499 536 1602 572 ψυχαῖς
1637 534 1856 571 ἐναστράπτουσα

1028 580 1176 615 Νομοθιτεῖ
1215 578 1243 606 δὲ
1274 581 1308 615 τῇ
1342 580 1489 616 οἰκουμένῃ
1524 578 1617 606 πάλιν·
1651 577 1804 617 ἐπιστρέφει
1826 577 1856 605 δὶ

1025 623 1093 659 πρὸς
1123 623 1214 650 ἑαυτὸν
1246 626 1330 650 πᾶσαν
1358 622 1486 657 διάνοιαν,
1511 626 1570 653 τοῖς
1598 622 1644 659 μὶν
1674 621 1853 656 ἐπιστέλλων,

1024 666 1087 698 τοὺς
1112 666 1141 694 δὲ
1164 667 1266 695 καλῶν·
1289 667 1344 695 ἔστι
1370 667 1399 695 δὶ
1412 667 1457 698 οὕς
1474 667 1518 695 καὶ
1539 666 1675 703 ἀκλήτους
1691 666 1853 703 προσιόντας

1026 711 1155 750 σοφίζων,
1180 715 1245 739 πᾶσι
1270 711 1298 739 δὲ
1321 712 1406 748 νόμον
1431 710 1478 739 ἕνα
1502 712 1611 750 προθεὶς
1635 711 1666 739 τὸ
1697 710 1851 748 βούλεσθαι·

1025 756 1069 782 καὶ
1086 756 1137 794 γὰρ
1153 758 1233 783 τοῦτο
1251 756 1332 793 μόνον
1351 756 1456 794 ἐξήρκει
1473 757 1540 794 πρὸς
1556 755 1670 794 ὀδηγίαν
1695 757 1743 783 τοῦ
1767 754 1853 793 κριίττ

1026 811 1116 832 τονος.
1144 803 1185 828 Ἐν
1211 801 1351 840 κεφαλαίῳ
1377 800 1405 828 δὲ
1427 801 1523 835 εἰπεῖν,
1554 800 1601 828 δύο
1627 800 1710 833 λίθων
1729 802 1854 836 μιμεῖται

1026 846 1118 884 φύσεις
1142 845 1355 882 ἐπαινουμένων.
1379 846 1481 873 Γίνεται
1507 847 1557 884 γὰρ
1578 848 1637 876 τοῖς
1655 844 1702 881 μὶν
1727 843 1852 871 παίουσιν

1025 889 1142 927 ἀδάμας,
1157 894 1216 921 τοῖς
1232 889 1260 917 δὲ
1275 891 1446 925 στασιάζουσι
1460 894 1605 928 μαγνῆιιτις⁷
1619 889 1731 928 ἆρρητῳ
1746 888 1852 928 φύσεως

1029 935 1074 973 βίᾳ
1096 936 1141 962 τὸν
1166 935 1277 972 σίδηρον
1301 935 1427 969 ἕλκουσα,
1452 935 1542 962 καὶτὸ
1558 936 1615 972 (10)
1631 931 1807 972 στερρότατον
1824 933 1851 961 ἐν

1027 979 1106 1011 ὕλαις
1123 979 1293 1016 οίκειουμὲνη
1302 1002 1308 1009 .

142 1020 172 1048 in
189 1030 307 1049 summa
322 1023 428 1056 dicam,
445 1024 569 1051 duorum
587 1024 780 1052 laudabilium
797 1024 928 1061 lapidum
955 1028 1093 1054 naturam
1117 1026 1260 1053 imitatur.
1276 1026 1349 1053 Nam
1366 1029 1394 1053 et
1410 1025 1641 1061 percutientibus
1655 1025 1777 1053 adamas
1792 1024 1854 1052 efﬁ-

142 1066 229 1098 citur,
245 1069 273 1094 et
289 1067 501 1095 dissidentibus
523 1077 655 1105 magnes,
672 1069 785 1097 occulta
809 1074 921 1097 naturae
943 1071 969 1097 vi
994 1070 1104 1098 ferrum
1127 1071 1258 1105 trahens,
1275 1079 1308 1098 ac
1324 1071 1516 1098 durissimam
1542 1071 1675 1098 omnium
1700 1068 1854 1097 materiam

141 1110 197 1137 sibi
214 1110 372 1138 asciscens.

179 1156 253 1183 407
272 1156 380 1183 XXXII.
398 1156 506 1184 Verum
531 1158 609 1185 enim
633 1159 695 1186 ﬁeri
719 1167 775 1186 non
798 1162 922 1194 poterat,
942 1162 972 1186 ut

143 1198 254 1227 invidia
267 1200 327 1227 haec
338 1201 436 1236 ferret,
462 1205 550 1237 atque
577 1203 734 1230 Ecclesium
758 1203 887 1239 pristinae
912 1204 972 1239 glo-

142 1244 192 1271 riae
210 1253 268 1271 sua).
285 1246 432 1280 veterique
447 1247 567 1274 sanitati
585 1248 865 1282 restitutam,videre
880 1249 970 1276 susti-

144 1292 236 1323 neret,
253 1289 370 1317 dissecti
395 1291 536 1318 nimirum
561 1293 693 1327 partibus
718 1293 871 1320 celerrima
895 1294 970 1321 cica-

142 1334 225 1365 trice,
257 1334 336 1362 velut
365 1335 393 1362 in
423 1344 554 1371 corpore,
593 1337 738 1364 obductis.
775 1339 970 1370 Quamobrem

141 1377 348 1413 imperatorem
365 1380 506 1408 adversus
522 1390 588 1408 eum
605 1383 720 1414 excitat,
736 1384 764 1409 in
782 1383 894 1416 eodem,
914 1391 970 1418 quo

141 1422 206 1458 ipse
221 1424 395 1452 defectionis
412 1426 536 1453 crimine
551 1430 817 1463 versantem,atque
830 1428 970 1463 improbi-

141 1469 201 1494 tate
216 1476 328 1503 parem,
344 1472 474 1505 tempore
488 1470 549 1498 solo
566 1472 756 1506 posteriorem
770 1481 776 1505 ;
795 1473 845 1507 qui
858 1473 971 1508 primus

143 1511 379 1541 Christianorum
406 1514 617 1550 imperatorum
648 1517 789 1544 adversus
822 1517 970 1545 Christum

143 1555 241 1584 furore
257 1558 396 1592 percitus,
413 1562 500 1595 atque
516 1560 677 1595 impietatis
693 1561 970 1597 basiliscum,quem

144 1600 238 1628 multo
253 1604 321 1630 ante
342 1604 534 1638 parturiebat,
561 1605 659 1633 oblata
684 1607 847 1639 occasione,
873 1607 971 1634 subito

143 1645 334 1680 perfundens,
351 1647 440 1674 simul
458 1652 545 1684 atque
560 1649 721 1685 imperator
737 1651 903 1679 declaratus
914 1654 970 1685 est,

1062 1160 1120 1186 AB'.
1150 1158 1227 1187 Ἀλλ’
1252 1159 1283 1186 οὐ
1307 1160 1359 1197 γὰρ
1382 1158 1484 1195 ἔμελλε
1509 1161 1593 1186 ταῦτα
1608 1157 1691 1186 οἶ¹σιιν
1708 1157 1722 1184 ὁ
1738 1156 1849 1197 φθόνος,

1026 1202 1088 1231 οὐδὲ
1113 1205 1162 1237 τὴν
1188 1203 1351 1239 Ἐκκλησίαν
1379 1204 1449 1241 ὁρῶν
1474 1203 1607 1239 ἀνὶξεσθαι
1632 1201 1715 1230 πάλιν
1738 1201 1781 1230 ἐπὶ
1804 1203 1854 1236 τῆς

1027 1248 1109 1282 αὐτῆς
1135 1248 1227 1283 δόξης,
1254 1248 1299 1275 καὶ
1324 1252 1374 1283 τῆς
1399 1247 1518 1278 παλαιᾶς
1548 1248 1658 1286 ὑγιείας,
1675 1246 1791 1285 τάχιστα
1804 1245 1854 1274 τοῖ’)

1027 1291 1171 1323 διεστωτος
1188 1292 1411 1328 συννυλωθὲντος,
1433 1292 1523 1329 ὣσπερ
1539 1291 1564 1319 ὲν
1581 1292 1687 1328 σώματι
1712 1293 1779 1327 (11).
1806 1291 1856 1319 Διὰ

1025 1340 1105 1364 τοῦτο
1132 1336 1302 1372 ἐπανίστησιν
1329 1337 1401 1373 αὐτῷ
1422 1337 1467 1364 τὸν
1491 1336 1690 1369 συναποστάτην
1715 1337 1772 1373 (12)
1792 1335 1853 1363 ἰαυ-

1025 1384 1065 1417 τῷ
1092 1381 1215 1419 βασιλάαΙ
1236 1382 1280 1409 καὶ
1307 1382 1356 1416 τήν
1381 1382 1475 1409 κακίαν
1500 1381 1648 1418 ὁμότιμον,
1666 1381 1760 1419 χρόνῳ
1777 1380 1853 1417 μόνῳ

1027 1425 1201 1462 λειπόμενον“
1240 1427 1270 1457 ὅς
1297 1428 1354 1463 (13)
1381 1429 1488 1465 πρῶτος
1517 1428 1685 1464 Χριστιανῶν
1717 1424 1852 1464 βασιλέων

1025 1472 1094 1498 κατὰ
1108 1473 1224 1509 Χριστοῦ
1246 1471 1347 1508 μανεὶς,
1363 1472 1407 1498 καὶ
1428 1471 1456 1498 ὅν
1482 1470 1561 1498 ὢδινε
1578 1470 1717 1509 πόρρωθεν
1739 1469 1764 1497 ἒν
1790 1470 1851 1498 ἔαυ-

1025 1518 1064 1552 τῷ
1082 1515 1239 1553 βασιλίσκων
1255 1520 1305 1551 τῆς
1321 1514 1443 1547 ἀσεϐείας
1459 1515 1608 1554 ἀναρρήξας
1633 1515 1750 1553 ἀθρόωςι
1776 1514 1851 1542 ἒπει-

1027 1560 1060 1595 δὴ
1082 1561 1175 1598 καιρὸν
1202 1558 1307 1597 ἔλαϐεν,
1334 1562 1404 1597 ὁμοῦ
1431 1572 1462 1588 τε
1492 1561 1668 1598 αὐτοκράτωρ
1693 1558 1851 1587 ἀναδείκνυ-

1024 1615 1079 1638 ται,
1107 1605 1151 1632 καὶ
1175 1606 1257 1636 κακὸς
1283 1606 1330 1642 μὲν
1354 1606 1416 1643 πιρῖ
1432 1606 1477 1633 τὸν
1497 1605 1677 1632 πιστεύσαντα
1694 1603 1805 1642 βασιλέα
1819 1604 1854 1632 τὰ

1028 1648 1154 1687 βασίλεια
1178 1651 1235 1687 (14)
1258 1649 1373 1687 γίνιται,
1397 1650 1498 1677 κακίων
1523 1649 1552 1677 δὶ
1576 1649 1637 1688 περῖ
1653 1649 1698 1677 τὸν
1715 1648 1854 1677 σισωκότα

142 1690 254 1723 statim,
267 1693 296 1718 et
309 1699 378 1727 erga
390 1692 608 1728 imperatorem,
623 1695 672 1730 qui
689 1695 783 1730 ipsius
800 1696 866 1723 fidei
878 1696 970 1732 impe-

1030 1691 1104 1721 Θεόν·
1136 1694 1180 1721 καὶ
1214 1693 1334 1733 διωγμὸν
1366 1694 1448 1722 ἐννοιῖ
1475 1697 1528 1722 τῶν
1562 1695 1674 1722 πώποτε
1701 1693 1852 1733 γινομένων

142 1735 221 1762 rium
243 1737 442 1770 commiserat,
470 1738 613 1773 improbe,
641 1742 669 1766 et
691 1748 763 1775 erga
796 1740 899 1775 Deum,
924 1741 971 1768 cui

142 1779 268 1808 salutem
285 1780 420 1814 debebat,
438 1782 602 1818 improbius
619 1793 649 1811 se
675 1785 759 1820 gerit,
776 1793 809 1812 ac
836 1793 972 1820 persecu-

142 1824 252 1852 tionem
265 1825 409 1859 omnium,
426 1835 490 1862 quae
508 1836 639 1863 unquam
657 1829 971 1863 fuerunt,teterrimam

142 1869 308 1905 excogitat;
335 1873 481 1905 quatenus
509 1874 733 1908 persuasionem
768 1877 796 1901 et
826 1876 972 1903 sermonis

142 1912 303 1941 blanditias
328 1915 478 1950 tyrannidi
508 1918 673 1953 adjungens
703 1919 783 1955 (nam
808 1928 858 1947 eos
883 1920 971 1948 etiam

142 1957 333 1994 honores,qui
351 1960 388 1986 ob
404 1961 567 1989 certamina
580 1962 668 1990 tribui
681 1964 972 2001 solent,martyribus

142 2002 302 2038 invidebat)
321 2006 503 2034 Iomtudinis
519 2006 636 2034 laudem
662 2009 691 2035 in
718 2009 842 2036 dubium
859 2018 973 2038 revoca-

142 2046 193 2074 bat
218 2047 373 2076 verborum
410 2058 515 2086 nempe
543 2052 692 2087 captiones
722 2056 749 2080 et
778 2055 909 2089 argutias
936 2055 972 2082 ad

142 2098 239 2119 mores
255 2100 326 2120 suos
348 2095 540 2128 transferens,
563 2100 625 2130 aut,
639 2099 672 2124 ut
699 2098 797 2125 verius
825 2099 939 2134 loquar,
956 2108 972 2126 a

142 2136 276 2164 moribus
291 2139 320 2164 et
335 2137 446 2175 ingenii
461 2139 579 2167 vafricie
604 2141 640 2168 ad
659 2149 693 2168 ea
708 2142 821 2169 scelera
837 2143 970 2172 aludium

141 2180 306 2215 conferens,
321 2182 536 2219 dcemonilque,
554 2186 604 2220 qui
620 2186 715 2220 ipsius
739 2189 854 2221 pectore
878 2188 972 2215 domi-

141 2224 243 2252 cilium
260 2224 400 2267 habebat,
419 2230 523 2261 artem,
544 2226 796 2267 multiplicemque
812 2232 971 2260 versutiam

141 2268 274 2297 imitans.
288 2265 339 2298 Ille
355 2271 472 2307 quidem
491 2281 594 2308 parum
607 2274 739 2310 amplum
752 2265 841 2312 atque
856 2277 972 2312 pracla‘

142 2321 209 2340 rum
224 2321 290 2341 esse
306 2315 465 2343 arbitralus
481 2320 535 2351 est,
554 2319 721 2347 universam
737 2321 969 2350 Christianorum

142 2357 291 2387 nationem
305 2360 429 2396 imperio
441 2370 494 2389 suo
510 2363 665 2398 subjicere;
679 2372 822 2401 magnum
834 2370 932 2394 autem
944 2369 970 2395 et

142 2402 303 2438 gloriosum
321 2405 794 2446 foré,siAthanasiumejusquein
806 2411 973 2440 Christiana

179 2476 333 2513 (5)*Εαιιτό.
351 2478 398 2506 Sic
415 2479 546 2508 melioris
563 2482 636 2508 notae
660 2481 775 2511 codices
798 2485 827 2510 et
841 2483 969 2513 Nicetes.

142 2511 226 2551 Ined
234 2534 239 2540 .
248 2534 255 2546 ,
270 2513 365 2551 ἔαυτόν
379 2514 491 2551 [recte].

177 2548 218 2587 (ς)
234 2548 420 2587 ξυναγόντών.
437 2548 576 2579 Nonnulli
592 2552 715 2586 addunt,
741 2552 856 2581 πολλῶν
872 2551 969 2583 ὄντων.

161 2584 357 2645 ὖὲἶὲἙαυτοῦ,
389 2586 436 2615 Sic
467 2590 526 2615 tres
556 2588 646 2625 Regg.
677 2584 714 2616 eti
734 2589 822 2618 Savil.
854 2592 886 2619 In
911 2592 969 2626 ed.,

142 2627 236 2647 αυτου.

235 2657 402 2699 Πεπτωκοτα
415 2658 461 2684 τὸν
476 2657 568 2699 λόγον.
594 2660 641 2699 Si_c
659 2660 795 2699 quinque
820 2664 908 2699 Regg.
938 2663 970 2691 In

180 2670 219 2691 (ο)
236 2670 402 2684 υεπ-ιωκοτα
415 2670 461 2684 τον
477 2670 568 2695 Λυγον.
594 2670 641 2687 hic
662 2670 795 2697 quinque
820 2670 858 2690 ne
880 2671 908 2699 ε’.
938 2670 970 2691 1n

145 2691 336 2734 quibusdam,
352 2693 386 2719 τὰ
400 2696 562 2723 πεπτωκότα
586 2697 635 2723 τοῦ
659 2694 755 2734 λόγου.
782 2700 813 2725 ln
838 2670 897 2734 ei,
922 2709 970 2725 πε-

144 2725 274 2764 πτεοκότα
289 2726 382 2764 λόγον.

181 2761 220 2797 (9)
235 2763 315 2824 Τριὰς
330 2761 422 2792 πάλιν.
438 2764 508 2793 Tres
524 2767 627 2804 Regg.,
642 2767 725 2795 πάλιν
741 2768 831 2806 Τριάς.

183 2798 241 2824 (10)
275 2797 301 2824 ό.
314 2798 346 2824 In
361 2801 519 2824 nonnullis,
536 2802 595 2824 "tu,

232 2798 241 2902 ξ

254 2797 301 2836 Τό)
314 2798 346 2825 In
361 2801 521 2836 nonnullis,
536 2797 597 2830 τόῖἶ

257 2832 380 2876 Σέὂματι.
397 2836 486 2876 Regg.
501 2831 595 2876 (i,_pl_).
607 2837 655 2876 ρι’.
673 2839 699 2874 1,
712 2839 835 2876 σώμασι.

184 2868 241 2904 (12)
274 2868 492 2906 Συναποστάέτῇ.
523 2868 631 2902 ’Ξοιιοιε
668 2868 861 2905 ι”Ῑουλιανὸν
896 2875 971 2914 λέγει

1027 1738 1285 1776 ἀπανθρωπότατον,
1311 1738 1367 1775 ὅσῳ
1390 1740 1420 1766 τὸ
1454 1740 1565 1766 πιθανὸν
1589 1741 1623 1776 τῇ
1647 1737 1785 1777 τυραννίδι
1809 1737 1854 1775 μί-

1028 1785 1072 1820 ξας
1098 1783 1215 1822 (ἐφθόνει
1245 1785 1295 1822 γὰρ
1325 1787 1383 1815 τοῖς
1412 1785 1548 1822 πάσχουσι
1577 1785 1623 1811 καὶ
1648 1785 1698 1818 τῆς
1728 1783 1772 1812 ἐπὶ
1795 1785 1855 1814 τοῖς

1028 1830 1122 1860 ἃθΛοις
1138 1831 1244 1866 τιμῆς),
1262 1827 1417 1868 ἀμφίϐολον
1433 1828 1519 1857 ἐποίει
1534 1829 1579 1857 καὶ
1593 1830 1624 1857 τὸ
1650 1832 1701 1864 τῆς
1731 1827 1854 1866 ἀνδρείας

1028 1873 1186 1912 φιλότιμον·
1204 1875 1252 1905 τὰς
1278 1874 1303 1901 ἐν
1325 1877 1382 1905 τοῖς
1407 1874 1502 1912 λόγοις
1528 1875 1646 1912 στροφὰς
1675 1873 1720 1902 καὶ
1748 1872 1855 1904 πλοκὰς

1027 1918 1070 1946 ἐπὶ
1085 1919 1130 1946 τὸν
1144 1919 1246 1955 τρόπον
1263 1920 1320 1955 (15)
1335 1920 1513 1956 μετενεγκὼν,
1538 1919 1568 1954 ἢ,
1593 1919 1623 1946 τό
1651 1929 1682 1957 γε
1708 1918 1855 1954 ἀληθίστι-

1028 1974 1074 2002 ρον
1089 1963 1185 1992 εἰπεῖν.
1202 1963 1255 1991 ἀπὸ
1283 1958 1331 1991 to?)
1360 1964 1474 2001 τρόπου,
1504 1964 1548 1991 καὶ
1574 1963 1637 2002 περὶ
1662 1964 1750 1991 ἐκεῖνα
1770 1973 1855 1990 σπου-

1028 2007 1120 2043 δάσας,
1148 2008 1193 2036 καὶ
1221 2008 1267 2035 τὸν
1298 2008 1400 2036 ἔνοικον
1429 2007 1503 2045 αὐτῷ
1532 2008 1653 2046 πονηρὸν
1671 2011 1721 2043 τῆς
1734 2006 1856 2035 πολυτι-

1027 2052 1107 2091 χνίας
1126 2053 1308 2089 μιμούμενος.
1326 2052 1411 2084 Οὗτος
1435 2054 1531 2091 μικρὸν
1557 2053 1604 2090 μὶν
1631 2052 1710 2090 ἔργον
1733 2051 1855 2089 ἐνόμισαν

1027 2098 1149 2125 εἶναιτὸ
1180 2100 1231 2125 πᾶν
1261 2100 1314 2125 τῶν
1348 2098 1515 2135 Χριστιανῶν
1548 2097 1769 2135 παραστήσασθαι
1798 2096 1855 2133 (16)

1027 2142 1112 2180 γένος·
1156 2141 1223 2180 μέγα
1258 2140 1287 2169 δὲ
1320 2142 1351 2169 τὸ
1382 2142 1540 2169 Ἀθανασίυυ
1568 2143 1712 2180 κρατῆσαι,
1737 2142 1856 2175 καὶτῆς

1027 2186 1129 2213 ἐκείνου
1158 2186 1221 2223 περὶ
1249 2186 1294 2213 τὸν
1326 2186 1409 2224 λόγον
1438 2188 1518 2223 ἡμῶν
1546 2185 1698 2223 δυνάμεως.
1727 2186 1777 2214 Καὶ
1803 2185 1855 2223 γὰρ

1028 2232 1100 2269 ἑώρα
1126 2229 1210 2267 μηδὲν
1234 2230 1262 2258 ὃν
1289 2231 1362 2267 αὖτῴ
1386 2230 1470 2259 πλέον
1491 2233 1545 2269 (17)
1560 2235 1611 2266 τῆς
1627 2232 1686 2263 καθ’
1701 2232 1780 2268 ἡμῶν
1796 2229 1855 2257 ἐπι-

1027 2275 1113 2310 νοίας,
1145 2274 1190 2303 διὰ
1216 2277 1266 2310 τὴν
1290 2275 1339 2304 τοῦ
1363 2275 1460 2313 ἀνδρὸς
1486 2275 1692 2314 ἀντιπαράταξιν
1709 2275 1754 2303 καὶ
1782 2274 1854 2302 ἀντί-

1027 2321 1109 2348 θεσιν·
1134 2320 1175 2348 ἀεὶ
1201 2322 1249 2348 τοῦ
1283 2321 1447 2357 κινουμένου
1479 2322 1648 2358 Χριστιανῶν
1681 2318 1855 2357 ἀναπληρου-

1029 2365 1123 2402 μὲνου,
1139 2364 1184 2393 διὰ
1197 2369 1248 2400 τῆς
1264 2365 1430 2401 Ἑλληνικῆς
1446 2366 1620 2404 προσθήκης,
1645 2365 1690 2393 καὶ
1712 2368 1763 2400 τῆς
1787 2363 1854 2392 bui-

1026 2421 1074 2438 vou
1099 2411 1242 2446 συνισεως,
1265 2410 1281 2438 δ’
1300 2411 1346 2438 καὶ
1369 2409 1533 2449 παράδοξον.
1555 2411 1634 2438 Ταῦτ’
1666 2410 1712 2438 οὖν
1744 2409 1854 2445 ἆννοῶν,

1027 2494 1042 2509 ‹‹
1056 2483 1206 2512 Julianum
1223 2483 1304 2512 dicit.
1322 2494 1336 2510 »

1061 2519 1119 2554 (13)
1150 2520 1209 2550 Ὃς.
1231 2520 1279 2548 Sic
1311 2521 1370 2548 duo
1404 2520 1493 2556 Regg.
1528 2521 1557 2547 et
1589 2527 1692 2548 novem
1725 2518 1785 2548 Col.
1820 2518 1853 2547 In

1026 2556 1072 2584 ed.
1090 2556 1115 2583 ὁ.

1061 2592 1119 2627 (14)
1145 2590 1190 2628 Τὰᾼ
1212 2589 1348 2628 βασίλεια.
1377 2591 1493 2628 Nicetes
1520 2600 1527 2619 :
1549 2591 1603 2625 Τὴν
1637 2593 1685 2618 τοῦ
1721 2590 1855 2628 Καίσαρος

1026 2626 1127 2664 αρχήν·
1148 2638 1159 2651 ι
1176 2626 1298 2664 Gesseris
1313 2627 1499 2664 dignitatem.
1515 2637 1529 2653 ι
1557 2629 1628 2664 Vox,
1650 2627 1701 2656 illa
1726 2626 1812 2664 deest
1824 2626 1854 2664 in

1027 2662 1130 2691 multis
1145 2663 1229 2700 codd.
1255 2662 1416 2700 Retinenda
1440 2666 1538 2700 tamen
1563 2663 1688 2697 videtur,
1709 2662 1855 2700 quidquid

1027 2700 1104 2727 dicat
1119 2699 1266 2727 variarum
1279 2699 1438 2727 lectionum
1455 2699 1603 2728 collector.

1061 2735 1120 2773 (45)
1132 2734 1194 2762 Ἐπὶ
1208 2734 1252 2762 τὸν
1268 2734 1381 2773 τρόπον.
1397 2745 1414 2762 α
1429 2736 1472 2763 Ad
1488 2735 1640 2772 ingenium
1665 2734 1855 2770 indolemque

1026 2772 1212 2800 transferens.
1231 2783 1245 2796 η

1061 2808 1119 2843 (16)
1144 2807 1381 2844 Παραστήσασθαξ
1406 2807 1454 2835 Sic
1478 2807 1549 2844 Reg.
1573 2807 1602 2835 ἀ.
1626 2807 1691 2842 Alii,
1712 2805 1853 2843 παραπή-

1027 2843 1128 2875 σισθαι,
1146 2843 1244 2871 minus
1258 2846 1345 2872 recte.
1362 2843 1441 2871 Enrr.

1062 2879 1120 2915 (17)
1136 2878 1188 2908 Hic
1204 2879 1307 2922 deesse
1320 2879 1446 2917 videtur,
1462 2877 1502 2911 ικ.
1519 2878 1602 2918 Enn.
