4110 6408
344 410 492 471 ιιει
699 470 708 474 _
1268 404 1564 467 ORATIO
1607 400 1971 467 XXI.-—lN
2015 372 2343 468 LAUDEM
2391 406 2835 472 A'I‘HANASII.
3608 402 3766 474 me

340 543 431 597 xui
464 543 602 616 ὁρῶν
633 541 660 596 ὁ
694 536 860 601 δεινὸς
900 538 1099 600 ἐκεῖνος
1148 536 1558 615 παραλογιστὴς
1600 538 1689 593 καὶ
1733 535 1995 609 διώκτης,
2029 600 2033 607 η

2155 544 2377 599 octrina
2406 545 2525 601 vim
2570 552 2627 602 et
2660 547 2995 603 facultatem
3029 550 3349 617 superaret.
3380 546 3771 618 Perspiciebat

344 630 469 687 οὐδὲ
501 630 587 685 ἰπὶ
614 635 711 685 τοῦ
740 628 1062 701 πλάσματος
1095 626 1173 681 ἔτι
1208 627 1353 701 μένει
1402 628 1489 682 xui
1537 634 1637 697 τῆς
1680 636 1999 705 σοφιστικῆς

2152 632 2265 686 nim
2315 633 2464 688 nihil
2520 636 2629 690 sibi
2664 653 2732 691 ex
2764 638 2888 691 suis
2920 637 2979 691 in
3012 654 3117 691 nos
3163 636 3423 690 consiliis
3473 638 3769 699 accedere,

346 719 746 794 ἀνελευθερίας·
801 716 949 773 ἀλλᾶ
1003 719 1102 786 τὴν
1154 717 1414 791 πονηρίαν
1465 720 1793 792 γυμνώσας,
1842 739 1999 795 φανε-

2156 722 2268 774 uod
2301 723 2585 779 adversus
2615 741 2747 779 eum
2782 726 2839 779 in
2864 727 2987 781 acie
3010 729 3191 780 staret
3213 725 3592 790 Athanasius,
3618 727 3775 794 ejus-

349 815 455 886 ρῶς
509 809 816 885 ὑπερορίζει
864 809 955 862 τὸν
1022 806 1189 881 ἄνδρα
1244 815 1343 877 τῆς
1392 806 1648 868 πόλεως.
1700 804 1848 863 Ἔδει
1898 807 2001 882 γὰρ

2157 828 2227 866 ue
2258 814 2568 869 conatibus
2619 815 2947 870 obsisteret.
2985 816 3047 871 Id
3099 814 3283 879 enim,
3318 814 3471 885 quod
3506 831 3572 868 ex
3604 815 3768 869 Chri-

345 898 490 975 τρισὶ
542 897 884 970 παλαίσμασι
936 898 1047 969 (18)
1095 898 1186 950 τὸν
1236 894 1491 973 γεννάδαν
1541 898 1865 968 νικήσαντα,
1913 918 2002 951 τε·

2152 900 2323 955 lianis
2355 902 2686 973 decedebat,
2720 904 3028 976 gentilium
3082 903 3415 959 accessione
3466 903 3774 974 ipsiusque

352 986 499 1049 λείας
526 992 714 1062 τυχεῖν
746 987 836 1040 καὶ
866 993 964 1055 τῆς
996 985 1367 1062 ἀναρρήσεως.

2159 990 2427 1045 rudentia
2467 993 2726 1063 quotidie
2770 994 3176 1064 supplebatur,
3210 993 3265 1046 id
3299 993 3453 1062 quod
3488 1009 3628 1047 sane
3662 993 3774 1046 mi-

356 1079 607 1134 randum
638 1082 780 1133 erat.
812 1078 947 1142 Quae
978 1094 1113 1131 cum
1159 1076 1410 1132 callidus
1460 1076 1555 1132 ille
1604 1077 1887 1149 impostor
1936 1081 1991 1131 et
2039 1085 2380 1148 persecutor
2409 1082 2898 1138 animadverteret
2943 1088 2999 1136 et
3044 1086 3327 1147 cerneret,
3362 1097 3434 1135 ne
3464 1098 3776 1152 personam

356 1168 595 1240 quidem
628 1167 852 1222 diutius
901 1167 1069 1235 ferre,
1104 1183 1170 1221 ac
1220 1166 1544 1236 sophistica
1592 1172 1648 1221 et
1696 1164 1887 1220 servili
1939 1165 2411 1223 dissimulatione
2443 1170 2527 1224 uti
2560 1171 2877 1236 sustinuit;
2908 1186 3110 1224 verum
3166 1170 3348 1223 animi
3399 1170 3781 1240 perversitate

353 1258 603 1320 detecta,
638 1254 828 1326 palam
862 1260 1176 1326 aperteque
1206 1255 1504 1310 hominem
1537 1272 1567 1310 e
1596 1255 1829 1309 civitate
1872 1255 2158 1309 exturbat.
2195 1258 2503 1329 Egregium
2544 1260 2700 1314 enim
2733 1261 2922 1314 virum
2956 1258 3168 1328 triplici
3202 1258 3521 1313 certamine
3548 1260 3784 1315 vincere

357 1346 681 1417 oportebat,
714 1350 778 1398 ut
809 1343 1132 1414 perfectum
1166 1343 1341 1399 etiam
1376 1344 1726 1416 praeconium
1759 1349 2236 1413 consequeretur.

431 1433 551 1489 ΛΓ’.
585 1432 788 1507 Μικρὸν
837 1431 900 1485 τὸ
949 1431 1000 1485 ἐν
1057 1429 1226 1503 μέσῳ,
1274 1431 1364 1486 καὶ
1414 1432 1644 1506 Πέρσαις
1692 1431 1785 1504 μὲν
1816 1433 1850 1499 ἡ
1884 1428 2006 1500 δίκη

361 1520 525 1577 δοῦσα
552 1521 642 1575 τὸν
676 1520 981 1592 ἀλιτήριον,
1027 1518 1136 1574 ἐκεῖ
1182 1518 1407 1589 δικάζει·
1440 1521 1529 1575 καὶ
1585 1520 1810 1595 βασιλέα
1858 1520 2012 1597 φιλό-

357 1633 519 1685 τιμον
570 1610 1014 1685 παραπέμψασα,
1065 1611 1251 1686 νεκρὸν
1308 1610 1577 1685 ἐπανάγει,
1633 1608 1774 1684 μηδὶ
1821 1609 2012 1665 ἐλεού-

365 1721 546 1775 μενον·
583 1700 659 1762 ὡς
710 1698 766 1755 δὶ
821 1700 931 1776 ἐγώ
977 1699 1124 1761 τινός
1177 1721 1260 1755 σοι
1312 1703 1424 1773 (19)
1468 1698 1697 1771 ἤκουσα,
1748 1696 1887 1772 μηδὲ
1935 1702 2014 1769 τῷ

360 1810 516 1867 ταφῳ
568 1783 1150 1864 προσλαμϐανόμενον,
1210 1788 1337 1844 ἀλλ’
1396 1789 1499 1843 ὑπὸ
1554 1792 1655 1857 τῆς
1711 1786 2012 1856 σεισθείσης

2192 1434 2435 1491 XXXIII.
2494 1435 2617 1491 Non
2678 1436 2935 1492 multum
2993 1436 3276 1507 temporis
3344 1436 3781 1501 intercesserat,

2122 1539 2256 1577 cum
2300 1523 2552 1595 impium
2605 1524 2772 1579 illum
2824 1530 2881 1579 et
2932 1524 3283 1595 sacrilegum
3319 1526 3388 1578 ad
3444 1529 3649 1579 Persas
3696 1523 3785 1578 vis

2123 1612 2386 1668 numinis
2418 1613 2595 1668 ultrix
2626 1614 2876 1685 ablegat,
2910 1613 3146 1680 illicque
3178 1630 3419 1668 causam
3452 1612 3779 1683 disceptet:

2122 1706 2179 1754 et
2210 1718 2379 1769 quem
2416 1703 2796 1774 magniﬁcum
2826 1709 2880 1758 et
2906 1701 3145 1757 honoris
3179 1701 3499 1771 cupiditate
3531 1700 3785 1772 ﬂagran-

2124 1794 2243 1844 tem
2309 1793 2753 1863 transmiserat,
2822 1792 3093 1847 eumdem
3165 1796 3467 1845 mortuum
3535 1790 3785 1855 reducit,

365 1876 433 1935 δι’
461 1879 619 1932 αὐτὸν
650 1883 753 1953 γῆς
785 1877 1174 1949 ἀποσειόμενον
1227 1878 1315 1931 καὶ
1366 1872 1855 1953 ἀναϐρασσόμενον·
1889 1895 2020 1950 προ-

2152 1878 2282 1934 108
2316 1895 2387 1934 ne
2426 1880 2805 1935 miseratione
2854 1880 3093 1951 quidem
3140 1895 3499 1951 quemquam
3554 1894 3782 1949 permo-

366 1968 569 2041 οίμιον,
619 1968 795 2039 οἶμαι,
841 1973 940 2036 τῆς
991 1966 1188 2029 ἐκεῖθεν
1235 1965 1549 2027 κολάσεως.
1608 1966 1911 2022 Ἀνίσταται
1964 1963 2022 2019 δὲ

372 2055 626 2131 βασιλεὺς
657 2052 840 2129 ἕτερος
871 2057 1005 2128 (20),
1057 2055 1155 2109 οὐκ
1197 2054 1424 2123 ἀναιδὴς
1470 2060 1549 2126 τῷ
1578 2056 1859 2127 προσώπῳ
1890 2055 2024 2108 κατὰ

366 2147 457 2200 τὸν
486 2146 903 2219 προειρημένον,
940 2142 1064 2198 οὐδὲ
1110 2150 1226 2207 τοῖς
1275 2150 1540 2220 πονηροῖς
1572 2142 1750 2219 ἔργοις
1792 2143 1881 2197 καὶ
1914 2143 2025 2197 ἐπι-

369 2235 583 2296 στάταις
634 2228 903 2297 ἐκθλίϐων
955 2235 1045 2288 τὸν
1098 2232 1341 2308 Ἰσραὴλ,
1378 2232 1523 2288 ἀλλὰ
1572 2234 1661 2287 καὶ
1717 2232 1834 2288 λίαν
1879 2233 2021 2287 εὐσε-

369 2318 472 2394 ϐής
501 2344 559 2378 τε
589 2324 677 2376 καὶ
718 2321 946 2396 ἥμερος·
998 2323 1079 2390 ὃς,
1127 2320 1219 2376 Ἱνα
1262 2322 1487 2397 ἀρίστην
1535 2325 1707 2393 ἑαυτῴ
1756 2324 2023 2391 καταστή-

370 2433 532 2482 σηται
563 2413 676 2481 (21)
722 2411 821 2477 τήν
873 2417 973 2479 τῆς
1028 2408 1304 2484 βασιλείας
1350 2409 1613 2485 κρηπῖδα,
1643 2412 1732 2465 xui
1782 2412 1899 2465 ὅθεν
1945 2410 2026 2466 δεῖ

368 2501 505 2574 (22),
536 2507 639 2568 τῆς
673 2498 928 2572 εὐνομίας
964 2500 1210 2573 ἄρξηται,
1247 2498 1365 2554 Λύει
1400 2502 1493 2572 μὲν
1544 2506 1659 2561 τοῖς
1708 2499 2034 2562 ἐπισκόποις,

370 2589 469 2657 τὴν
520 2588 749 2663 ἐξορίαν,
799 2592 917 2643 τοῖς
962 2610 1020 2643 τε
1069 2587 1263 2651 ἄλλοις
1312 2588 1498 2657 ἅπασι,
1529 2589 1619 2644 καὶ
1663 2591 1768 2665 πρὸ
1810 2591 2024 2644 πάντων

371 2678 452 2749 τῷ
488 2678 591 2753 πρὸ
623 2680 836 2731 πάντων
867 2678 967 2746 τὴν
998 2678 1219 2753 ἀρετὴν,
1268 2678 1357 2733 καὶ
1405 2676 1708 2754 προδήλως
1895 2680 2027 2754 ὑπὲρ

372 2774 472 2835 τῆς
507 2761 777 2829 εὐσεϐείας
809 2765 1198 2839 πολεμηθέντι.
1251 2774 1411 2838 Ζητεῖ
1459 2765 1515 2823 δὶ
1565 2775 1665 2837 τῆς
1714 2771 1833 2833 καθ’
1880 2771 2029 2842 ἡμᾶς

384 2854 616 2916 πίστεως
670 2857 768 2923 τὴν
834 2853 1133 2927 ἀλήθειαν,
1169 2856 1271 2911 ὑπὸ
1330 2854 1557 2911 πολλῶν
1618 2854 2027 2912 διασπασθεῖσαν

376 2942 465 2995 καὶ
516 2946 908 3017 συγχυθεῖσαν,
960 2945 1049 2998 καὶ
1100 2945 1177 3006 εἰς
1225 2944 1441 3007 πολλὰς
1492 2943 1645 3017 δόξας
1693 2946 1781 3001 καὶ
1836 2946 2031 3020 μοίρας

376 3028 767 3101 νενεμημένην⁸
831 3031 969 3085 ὥστε
1028 3032 1265 3105 μάλιστα
1327 3036 1420 3106 μὲν
1476 3036 1567 3089 τὸν
1614 3036 1820 3108 κόσμον
1877 3036 2029 3103 ὅλον,

378 3118 422 3172 εί
457 3115 569 3172 οἶόν
596 3140 674 3191 τε,
710 3127 1063 3196 συμφωνῆσαι
1094 3125 1225 3195 (24),
1258 3123 1347 3177 καὶ
1396 3124 1471 3186 εἰς
1500 3124 1554 3179 ἓν
1590 3124 1764 3188 ἐλθεῖν
1811 3125 1879 3200 τῇ
1914 3147 2031 3180 συν-

2132 1974 2360 2024 ventem
2394 1987 2406 2023 :
2444 1970 2584 2039 imo,
2612 1974 2676 2024 ut
2716 1968 2862 2024 mihi
2910 1968 3207 2040 quispiam
3264 1967 3540 2034 narravit,
3574 1984 3680 2022 nec
3713 1966 3785 2022 ad

2133 2058 2496 2129 sepulturam
2549 2065 2947 2129 assumptum,
2990 2060 3089 2112 sed
3140 2074 3172 2111 a
3222 2066 3390 2126 terra,
3421 2073 3547 2126 quae
3599 2055 3789 2126 ipsius

2133 2164 2311 2202 causa
2332 2150 2563 2202 turbata
2586 2150 2791 2213 fuerat,
2818 2163 3153 2211 excussum,
3179 2151 3439 2215 aestuque
3461 2143 3791 2199 vehementi

2136 2238 2454 2307 projectum
2483 2252 2495 2291 :
2523 2237 2909 2307 insequentis,
2937 2240 3000 2289 ut
3023 2235 3250 2306 opinor,
3274 2232 3549 2305 supplicii
3583 2231 3791 2305 praelu-

2134 2325 2320 2379 dium.
2355 2326 2556 2398 Surgit
2584 2330 2779 2380 autem
2815 2324 2961 2379 alter
2991 2324 3330 2395 imperator,
3367 2323 3511 2377 facie
3542 2320 3789 2377 minime

2136 2414 2471 2485 impudens,
2504 2415 3005 2484 quemadmodum
3056 2413 3127 2478 is,
3159 2413 3230 2467 de
3274 2428 3390 2483 quo
3440 2416 3576 2466 ante
3613 2410 3791 2465 verba

2137 2503 2405 2566 fecimus,
2440 2520 2543 2558 nec
2595 2503 2784 2574 pravis
2815 2502 3091 2573 operibus
3122 2508 3178 2555 et
3208 2517 3449 2571 operum
3504 2498 3790 2571 praefectis

2140 2593 2407 2648 Israelem
2430 2593 2791 2664 opprimens,
2808 2592 2907 2646 sed
2929 2592 3078 2645 mira
3101 2589 3313 2661 pietate
3333 2590 3634 2659 animique
3654 2587 3796 2643 leni-

2139 2688 2256 2736 tate
2275 2682 2554 2753 praeditus
2571 2698 2583 2747 ;
2603 2681 2799 2752 qui,ut
2816 2679 3280 2751 pulcherrimum
3304 2678 3535 2749 imperii
3555 2678 3646 2732 sui
3668 2678 3797 2731 fun-

2140 2772 2483 2825 damentum
2514 2773 2756 2841 jaceret,
2791 2776 3121 2839 rectamque
3168 2766 3365 2838 legum
3408 2766 3794 2833 sanctionem,

2141 2861 2297 2914 unde
2341 2860 2743 2925 conveniebat,
2783 2859 3204 2927 auspicaretur,
3241 2872 3373 2911 cum
3409 2871 3614 2909 omnes
3646 2853 3792 2908 alios

2140 2950 2466 3020 episcopos,
2490 2954 2615 3003 tum
2647 2964 2780 3002 eum
2815 2954 2950 3002 ante
2993 2962 3220 3009 omnes,
3245 2945 3345 3016 qui
3378 2944 3653 3000 omnibus
3674 2944 3790 2997 vir-

2140 3043 2265 3092 tute
2298 3039 2630 3109 praestabat,
2654 3054 2718 3091 ac
2743 3038 2887 3091 citra
2908 3035 3333 3090 dubitationem
3357 3033 3536 3087 ullam
3564 3032 3796 3104 pietatis

2145 3143 2322 3183 causa
2353 3132 2726 3199 oppugnatus
2768 3126 2975 3192 fuerat,
3010 3126 3080 3179 ab
3113 3121 3315 3178 exsilio
3360 3129 3610 3177 revocat.
3644 3122 3795 3185 Quin

384 3207 534 3283 εργίᾳ
579 3213 675 3262 τοῦ
719 3208 1055 3280 ΙΙνεύματος·
1093 3210 1137 3264 εἰ
1193 3209 1249 3265 δὲ
1293 3212 1376 3279 οὗ,
1430 3212 1556 3267 ἀλλ’
1612 3214 1769 3269 αὐτόν
1819 3219 1932 3289 (25)
1972 3237 2033 3289 γε

2152 3218 2321 3272 etiam
2358 3217 2489 3272 ﬁdei
2525 3221 2737 3271 nostra:
2762 3218 3067 3270 veritatem
3101 3230 3135 3267 a
3166 3212 3367 3267 multis
3396 3211 3711 3267 laceratam
3746 3214 3803 3265 et

388 3296 521 3368 μετὰ
567 3298 665 3365 τῆς
720 3297 1008 3371 βελτίστης
1050 3300 1313 3375 γενέσθαι,
1366 3303 1583 3378 κάκείνῃ
1627 3311 1925 3381 παρασχεῖν
1972 3306 2035 3359 τὸ

382 3386 604 3461 κράτος,
637 3386 725 3440 καὶ
758 3389 884 3463 παρ’
914 3385 1124 3460 ἐκείνης
1162 3387 1497 3461 ἀντιλαϐεῖν,
1547 3392 1667 3448 λίαν
1720 3394 1949 3467 ὑψηλῶς
1979 3415 2038 3449 τε

385 3474 473 3528 xui
528 3472 962 3549 μεγαλοπρεπῶς
1014 3499 1136 3550 περι
1179 3485 1286 3534 τῶν
1321 3481 1589 3555 μεγίστων
1626 3480 2033 3556 διανοούμενος.

386 3564 551 3616 Ἔνθα
583 3559 649 3630 δὴ
700 3563 788 3616 xui
838 3561 1075 3634 μάλιστα
1124 3563 1397 3643 διεδείχθη
1449 3573 1546 3623 τοῦ
1590 3568 1780 3645 ἀνδρὸς
1810 3574 1846 3639 ἡ
1876 3573 2036 3626 καθα-

390 3652 576 3725 ρότης,
631 3650 719 3704 καὶ
767 3651 829 3704 τὸ
885 3652 1167 3726 στερέωμα
1224 3662 1326 3723 τῆς
1374 3656 1450 3717 εἷς
1504 3658 1732 3730 Χριστὸν
1777 3658 2033 3720 πίστεως.

386 3744 501 3793 Τῶν
530 3740 634 3814 γὰρ
668 3737 851 3793 ἄλλων
884 3739 1151 3807 ἁπάντων,
1186 3743 1303 3797 ὅσοι
1355 3750 1453 3799 τοῦ
1502 3749 1619 3802 καθ’
1666 3750 1812 3821 ἡμᾶς
1845 3748 2032 3825 λόγου,

383 3832 552 3901 τριχῆ
585 3826 987 3899 νενεμημένων,
1019 3830 1106 3883 καί
1149 3831 1375 3888 πολλῶν
1428 3836 1522 3906 μὲν
1571 3832 1739 3891 ὄντων
1771 3842 1878 3892 τῶν
1911 3838 2035 3914 περὶ

382 3916 473 3969 τὸν
534 3916 655 3969 Υἱὸν
705 3915 1145 3991 ἀρᾇωστοόντων,
1205 3921 1475 3978 πλειόνων
1540 3922 1597 3979 δὲ
1650 3930 1756 3979 τῶν
1798 3927 1921 4002 περὶ
1971 3928 2035 3982 τὸ

388 4007 608 4076 Πνεῦμα
662 4004 723 4059 τὸ
772 4006 959 4081 ἅγιον,
1014 4004 1137 4071 ἔνθα
1192 4011 1281 4064 καὶ
1328 4012 1392 4065 τὸ
1438 4016 1551 4087 (26)
1613 4018 1769 4084 ἧττον
1830 4012 2037 4071 ἀσεϐεῖν

388 4088 627 4183 εὐσέϐεια
658 4094 941 4166 ἐνομίσθη,
971 4094 1165 4172 ὀλίγου
1198 4102 1312 4172 (27)
1358 4098 1417 4156 δὲ
1459 4108 1565 4157 τῶν
1613 4106 1729 4159 κατ’
1760 4105 2040 4183 ἀμφότερα

390 4182 741 4273 όγιαίνοντος·
778 4190 995 4259 πρῶτος
1028 4187 1117 4241 καὶ
1152 4190 1339 4261 μόνος,
1372 4192 1407 4261 ἢ
1440 4192 1644 4263 κομιδῆ
1682 4194 1771 4249 σὺν
1829 4182 2040 4273 ὀλίγοις

390 4270 685 4344 ἀποτολμᾷ
734 4274 832 4341 τήν
884 4274 1142 4346 ἀλήθειαν
1194 4286 1379 4359 σαφῶς
1428 4283 1627 4339 οὑτωσί
1674 4286 1763 4339 καί
1813 4270 2043 4363 διαρρή-

390 4357 512 4429 δην,
562 4365 667 4414 τῶν
718 4366 879 4438 τριῶν
935 4365 1059 4438 μίαν
1109 4369 1337 4439 θεότητα
1384 4372 1473 4426 xui
1524 4374 1705 4429 οὐσίαν
1753 4357 2041 4453 ἐγγράφως

390 4450 746 4541 ομολογήσας
777 4458 916 4541 (28)’
951 4454 1038 4508 καὶ
1074 4455 1102 4509 ὃ
1130 4462 1210 4527 τῷ
1241 4457 1439 4531 πολλῷ
1468 4467 1574 4516 τῶν
1626 4450 1880 4541 Ματέρων
1923 4450 2043 4541 ἇρι-

2149 3308 2567 3381 perturbatam,
2599 3311 2777 3377 atque
2810 3305 2869 3358 in
2903 3308 3205 3358 sexcentas
3238 3301 3545 3372 opiniones
3578 3305 3804 3371 partes-

2148 3412 2261 3466 que
2308 3394 2672 3459 distractam,
2708 3393 2933 3462 quaerit,
2970 3396 3035 3445 ut
3084 3389 3335 3444 maxime
3380 3388 3619 3459 quidem
3672 3386 3805 3441 uni-

2143 3500 2352 3539 versus
2384 3483 2563 3550 orbis,
2598 3482 2645 3535 si
2682 3482 2806 3535 fieri
2856 3483 3071 3551 posset,
3104 3480 3163 3532 in
3200 3477 3333 3531 fidei
3383 3477 3613 3547 negotio
3663 3492 3803 3530 con-

2147 3571 2408 3638 sentiret,
2443 3569 2811 3640 Spiritusque
2842 3567 3061 3622 auxilio
3104 3567 3161 3619 in
3206 3581 3389 3619 unum
3442 3564 3665 3619 coiret:
3700 3564 3790 3620 sin

2148 3661 2366 3723 minus,
2399 3660 2523 3729 ipse
2573 3663 2728 3711 certe
2772 3656 3005 3727 optimae
3059 3654 3207 3725 parti
3259 3670 3387 3708 sese
3429 3652 3798 3723 adjungeret,

2148 3748 2442 3817 simulque
2463 3750 2520 3801 et
2548 3747 2599 3800 ei
2623 3746 2801 3800 robur
2827 3742 3074 3811 afferret,
3099 3748 3157 3796 et
3177 3743 3247 3796 ab
3270 3759 3335 3796 ea
3356 3740 3614 3795 vicissim
3646 3742 3803 3796 acci-

2148 3843 2327 3908 peret,
2351 3836 2573 3890 excelse
2596 3833 2771 3889 simul
2806 3839 2861 3887 et
2892 3832 3201 3903 magnitice
3224 3832 3293 3885 de
3322 3831 3494 3885 rebus
3530 3830 3804 3886 maximis

2147 3926 2413 3998 cogitans
2467 3927 2653 3994 Atque
2686 3924 2779 3977 hic
2828 3921 3202 3993 potissimum
3237 3918 3596 3974 Athanasius
3645 3920 3807 3991 puri-

2148 4017 2288 4070 tatis
2320 4032 2441 4069 suze
2472 4013 2724 4083 fideique
2758 4014 2813 4066 in
2851 4011 3143 4065 Christum
3182 4009 3362 4063 ﬁrmae
3394 4015 3450 4063 et
3480 4010 3809 4063 constantis

2151 4106 2445 4175 specimen
2473 4102 2832 4156 edidit.Nam
2858 4115 2991 4153 cum
3019 4100 3208 4154 caeteri
3234 4098 3577 4168 omnes,qui
3601 4097 3811 4152 doctri-

2153 4212 2288 4249 nam
2321 4198 2576 4248 nostram
2608 4192 3056 4261 profitebantur,
3078 4188 3367 4243 trifariam
3392 4187 3561 4241 divisi
3587 4191 3806 4253 essent,

2154 4301 2221 4341 ac
2252 4283 2421 4339 multi
2457 4282 2609 4336 circa
2642 4280 2877 4345 Filium,
2903 4278 3103 4350 plures
3127 4278 3300 4333 etiam
3336 4276 3489 4331 circa
3520 4275 3806 4347 Spiritum

2156 4380 2427 4430 sanctum
2464 4387 2676 4444 aegram
2726 4372 2900 4426 fidem
2951 4369 3235 4424 haberent
3263 4367 3361 4436 (ibi
3395 4365 3575 4422 levior
3600 4364 3811 4437 impie-

2155 4472 2247 4522 tas
2314 4464 2545 4535 pietatis
2614 4460 2947 4531 opinionem
3026 4458 3303 4527 ferebat),
3373 4457 3545 4529 pauci
3613 4459 3810 4510 autem

391 4540 515 4611 θμῷ
546 4542 657 4613 (29)
697 4540 821 4615 περὶ
868 4542 960 4595 τὸν
1013 4545 1133 4596 Υῖὸν
1186 4545 1447 4622 ἐχαρίσθη
1509 4540 1781 4626 πρότερον
1811 4599 1825 4625 ,
1880 4540 2033 4610 τοῧτε

2155 4554 2434 4623 utrinque
2465 4550 2594 4604 sani
2638 4554 2696 4603 et
2739 4548 3068 4604 incolumes
3119 4551 3337 4613 essent,
3373 4545 3599 4617 primus
3628 4543 3728 4598 ille
3756 4547 3816 4598 et

468 4738 575 4820 (18)
622 4738 770 4820 Τρισῖ
829 4736 1189 4820 παλαίσμασι.
1250 4767 1296 4820 «-
1330 4747 1566 4818 Triplici
1627 4750 1967 4807 certamine.
2020 4775 2048 4801 η

395 4810 745 4891 Triasubiit
790 4814 991 4891 exsilia
1023 4810 1397 4891 Athanasius.
1432 4810 1719 4891 Primum,
1755 4824 1865 4878 sub
1900 4828 2047 4878 Con-

394 4883 693 5007 gtqiiitino;
728 4886 1076 4952 secundum,
1099 4889 1209 4942 sub
1242 4889 1617 4959 Constantio;
1646 4883 1906 4965 tertium,
1939 4899 2049 4951 sub

434 4971 467 5007 u
519 4970 652 5007 ano.

400 5025 581 5151 bu(819)
614 5030 731 5084 Σοι.
771 5031 937 5085 Deest
968 5029 1025 5083 in
1066 5030 1236 5087 Cois].
1273 5032 1324 5103 1,
1370 5032 1465 5089 Or.
1501 5036 1552 5105 1,
1585 5034 1836 5108 aliisque
1867 5038 2049 5111 pluri-

402 5167 876 5295 νίὲξῖζθασιλεὺς
939 5167 1141 5247 ἕτερος.
1203 5174 1398 5230 Schol.
1448 5193 1462 5232 :
1522 5172 1807 5248 Ἰοϐιανός,
1871 5205 1896 5233 (ι
1946 5182 2050 5238 J0.

472 5311 1049 5389 (21)Καταστήσηται.
1122 5318 1215 5373 Sic
1284 5319 1518 5389 optimas
1585 5328 1732 5377 notae
1799 5325 2051 5381 codices.

404 5380 564 5522 Esi!
595 5401 647 5451 a,
705 5380 1032 5461 καταστήσῃ.
1088 5389 1201 5443 Alii
1247 5380 1380 5445 cuin
1434 5392 1629 5461 editis,
1669 5380 2052 5469 προκαταστῆζ

415 5527 854 5667 In(28%).’A§'%..Sic
885 5529 1083 5602 plures
1116 5532 1318 5605 Regg.,
1351 5533 1463 5589 duo
1493 5536 1692 5603 Coisl.,
1744 5543 1802 5594 et
1848 5544 1942 5595 Or.
2000 5541 2052 5595 1.

472 5666 955 5813 ἑ23)11ροδήλως.
990 5673 1144 5741 Pan,
1174 5673 1493 5750 προθύμως.

494 5740 586 5813 24)
614 5739 677 5795 Ei
739 5740 857 5797 οἷόν
915 5762 995 5813 τε,
1055 5752 1439 5813 συμφωνῆσαι.

494 5739 586 5817 24)
614 5739 691 5795 Εἴ
739 5740 857 5797 οἷόν
915 5762 995 5820 τε,
1055 5739 1439 5829 συμφωνῆσαι.
1498 5749 1590 5808 Sio
1648 5750 1829 5831 R683.
1891 5772 1947 5833 8.,
2001 5771 2054 5830 ο,

2162 4752 2219 4818 d,
2270 4748 2364 4804 Or.
2416 4745 2463 4813 1,
2519 4744 2663 4809 Jes.,
2715 4749 2849 4809 etc.,
2896 4759 3028 4818 cum
3058 4743 3157 4797 illo
3188 4745 3416 4797 tantum
3450 4736 3814 4818 discrimine,

2162 4810 2336 4893 quod,
2391 4810 2519 4893 pro_
2554 4818 2932 4893 συμφωνῆσαι,
2986 4817 3261 4893 habeant,
3314 4816 3714 4885 συμφρονῆσαι.
3749 4810 3812 4865 In

2160 4884 2448 4979 έάςηίέἐθὲξ
2477 4884 2547 4979 “te
2579 4884 2646 4973 et;
2669 4884 2776 4979 ira
2796 4906 2877 4979 3."
2911 4888 3147 4979 laetus

2233 4964 2346 5090 (25)
2376 4959 2439 5013 Εἰ
2490 4951 2547 5013 δε
2596 4951 2686 5030 οὖς
2720 4951 3073 5041 amatas.
3110 4951 3286 5029 Regg.
3320 4955 3440 5037 bin,
3477 4952 3575 5044 pb,
3610 4951 3812 5044 decem

2161 5030 2557 5163 ggxbzaﬁzdc.
2592 5034 2656 5088 In
2686 5032 2777 5087 ed.
2813 5036 2868 5088 et
2911 5030 3264 5104 quibusdam
3305 5026 3457 5097 alus,
3507 5045 3552 5079 ει
3602 5019 3629 5078 δ
3699 5043 3811 5093 ουν,

2322 5125 2479 5160 αυτον
2492 5146 2504 5159 ο

2232 5180 2345 5252 (26)
2375 5175 2465 5252 Τό..
2489 5175 2597 5252 _Sic
2629 5176 3091 5252 quatuorliegg.
3129 5176 3298 5252 Deest
3324 5168 3477 5252 «(in
3509 5167 3601 5223 ed.

2234 5234 2349 5317 (27)
2382 5234 2769 5330 Ὀλίγουηξξο.
2811 5246 2944 5330 Alii,
2994 5234 3197 5330 δ’λξγων
3246 5240 3302 5330 δὲ
3348 5243 3455 5294 τῶν
3487 5282 3499 5294 .

2162 5310 2387 5377 νόντων.
2438 5310 2573 5387 Alii,
2626 5315 2817 5391 ὀλίγου
2876 5310 2943 5372 8E
2986 5310 3491 5391 τοῦ’ὑγιαίνοντος.
3533 5310 3820 5366 Neutrum

2164 5394 2435 5465 displicet
2486 5391 2864 5465 Co_mbetisio._
2978 5461 2987 5465 _
3150 5462 3177 5465 _
3255 5458 3329 5465 __
3601 5453 3616 5465 ,
3691 5451 3701 5463 ,

2238 5451 2347 5538 (es)
2378 5461 2691 5538 Ἐγγράφως
2737 5459 3109 5538 ὁμολογήσας.
3145 5458 3442 5538 Scriptum
3477 5451 3817 5538 illud‘videf

2164 5525 2263 5594 tur
2309 5525 2460 5592 esse.
2484 5525 2783 5607 syn'odica'
2818 5525 3073 5604 Epist-eia
3118 5536 3187 5607 ad
3233 5525 3565 5590 Jovianum,
3599 5525 3671 5579 de
3702 5536 3820 5593 qua

2164 5606 2586 5675 Theodorctus,
2620 5608 2780 5672 Hist.,
2828 5606 2928 5661 lib.
2964 5624 3040 5673 ιν,
3072 5623 3121 5661 c.
3155 5606 3208 5660 3.
3332 5666 3370 5675 ,-
3520 5667 3535 5675 _
3626 5662 3663 5675 Δ
3713 5666 3723 5675 _
3766 5660 3779 5675 ,

2382 5662 2722 5755 ιΙο-λλιξςεῶν
2752 5662 3006 5755 Ιᾟατὲρων
3028 5662 3455 5755 ’ᾀριβιμῷκ-Ηωο
3503 5667 3575 5722 de
3625 5662 3816 5721 Patri-

2166 5742 2279 5811 bu‘s
2310 5742 2544 5809 concilii
2560 5742 2792 5809 'Nicaeni
2822 5742 3099 5831 intelligit
3127 5742 3376 5805 Nicetes.
