4110 6430
283 384 437 447 1125

1196 366 1492 434 ORATIO
1536 364 1694 429 XXI.
1733 399 1809 411 ——
1851 367 1929 427 IN
1979 361 2304 428 LAUDEM
2348 362 2805 429 A'l‘HANASlI.

3538 377 3695 438 “‘26

279 525 376 588 τῆς
401 516 527 592 παρ’
559 511 744 571 αὐτοῖς
792 508 1073 585 γλώττης,
1119 505 1209 560 καὶ
1259 501 1539 575 ὀνομάτων
1589 497 1795 592 πενίαν,
1845 494 1973 567 δι-λ

2083 500 2209 554 obis
2241 500 2333 571 pie
2364 500 2991 573 dicerentur(alterum
3039 505 3194 559 enim
3237 506 3558 564 divinitatis
3590 526 3692 565 na-

283 586 426 662 ελεῖν
479 586 583 658 ἆπὸ
630 608 728 670 τῆς
780 599 966 660 οὐσίας
1016 597 1114 664 τὴν
1171 592 1481 661 ὑπόστασιν,
1514 589 1602 643 καὶ
1653 586 1742 642 διὰ
1767 590 1928 641 τοῦτο

280 689 702 765 ἀντεισαγούσης
749 687 816 740 τὰ
852 686 1140 760 πρόσωπα,
1184 679 1276 734 ’ίνα
1311 680 1386 751 μὴ
1436 683 1581 752 τρεῖς
1622 675 1797 730 οὐσίαι
1826 695 1931 729 πα-

281 762 587 855 ραδεχθῶσι
622 780 677 851 (4
718 782 757 844 ),
788 775 839 829 τί
870 774 1074 848 γίνεται
1110 791 1124 841 ;
1155 771 1242 831 Ὠς
1276 767 1395 823 λίαν
1446 764 1694 841 γελοῖον,
1721 766 1755 833 ἢ
1791 762 1929 818 ἐλει-

281 870 394 924 νόν.
434 869 675 927 Πίστεως
708 862 857 934 ἔδοξε
889 860 1123 939 διαφορά
1152 862 1186 929 ἠ
1220 857 1343 929 περὶ
1391 857 1481 911 τὸν
1528 855 1675 929 ἦχον
1710 873 1934 928 σμικρο-

285 958 447 1032 λογία
479 959 611 1029 (42).
646 955 777 1009 Εἶτα
830 947 1214 1022 Σαϐελλισμὸς
1247 948 1363 1018 (43)
1412 944 1636 999 ἐνταῦθα
1662 941 1930 1032 ἐπενοήθη

282 1052 397 1109 τνῖς
444 1045 588 1121 τρισὶ
636 1042 988 1119 προσώποις,
1042 1038 1131 1093 καὶ
1176 1033 1557 1110 ’Δρειανισμὸς
1605 1038 1719 1093 ταῖς
1762 1029 1935 1105 τρισὶν

287 1120 628 1202 ὑποστάσεσι,
681 1132 749 1187 τὰ
789 1137 889 1199 τῆς
941 1124 1276 1206 φιλονεικίας
1328 1120 1752 1193 ἀναπλάσματα.
1802 1122 1935 1173 Εἶτα

278 1225 378 1295 τί;
425 1219 865 1300 ΙΙροστιθεμένου
922 1220 1120 1292 μικροῦ
1161 1234 1309 1274 τινος
1357 1212 1438 1300 ἀεὶ
1485 1214 1581 1265 τοῦ
1632 1208 1933 1300 λυποῦντος

281 1317 332 1387 (ὃ
364 1298 612 1387 λυπήρὸν
645 1315 681 1381 ἡ
726 1306 1031 1389 φιλονεικία
1078 1306 1271 1378 ποιεῖ),
1318 1299 1611 1357 κινδυνεύει
1663 1298 1932 1389 συναπορ-

283 1386 527 1481 ῥαγῆναι
554 1407 673 1463 ταῖς
720 1386 1027 1459 συλλαϐαῖς
1074 1396 1142 1450 τὰ
1188 1392 1411 1469 πέρατα.
1447 1391 1611 1447 Ταῦτ’
1659 1386 1748 1443 οὗν
1792 1389 1932 1463 ὁρῶν

418 1492 630 1547 ἀκούων
661 1492 688 1545 ὁ
725 1490 988 1564 μακάριος
1034 1484 1258 1551 ἐκεῖνος,
1308 1480 1399 1535 καὶ
1452 1480 1526 1541 ὡς
1572 1478 1796 1547 ἀληθῶς
1846 1476 1937 1531 ἄν·

284 1596 503 1660 θρωπος
532 1585 628 1636 τοῦ
679 1582 836 1648 Θεοῦ,
867 1577 957 1631 καὶ
1012 1575 1180 1650 μέγας
1224 1576 1331 1626 τῶν
1384 1573 1577 1644 ψυχῶν
1620 1566 1936 1660 οἰκονόμος,

283 1655 383 1729 οῦκ
412 1672 570 1745 ᾠήθη
605 1666 714 1724 δεῖν
746 1664 994 1742 παριδεῖν
1042 1664 1143 1732 τὴν
1198 1657 1398 1716 ἄτοπον
1428 1657 1571 1711 οὕτω
1610 1656 1700 1710 καὶ
1733 1655 1935 1729 ἄλογον

279 1765 377 1816 τοῦ
409 1743 586 1835 Λόγου
633 1757 947 1828 κατατομήν
996 1754 1131 1827 (44)⁶
1177 1751 1238 1805 τὸ
1288 1746 1346 1803 δὶ
1390 1747 1516 1835 παρ’
1566 1746 1755 1799 ἑαυτοῦ
1804 1743 1941 1821 φάρ-

2040 594 2257 653 turam,
2280 590 2533 645 alterum
2561 591 2742 645 trium
2775 608 3155 662 personarum
3192 597 3572 666 proprietates
3595 599 3693 654 de-

2042 677 2264 747 clarat),
2298 683 2473 749 atque
2520 680 2723 733 eodem
2770 680 3008 751 quidem
3038 684 3211 738 modo
3261 686 3411 754 apud
3463 686 3697 743 Latinos

2043 766 2538 838 intelligerentur,
2591 774 2863 823 caeterum
2918 771 2990 824 ob
3041 770 3255 843 linguai
3304 772 3461 829 illius
3513 792 3695 847 angu-

2044 856 2217 911 stiam
2251 861 2307 911 et
2336 857 2645 911 verborum
2680 858 2960 929 inopiam,
2997 860 3360 931 bypostasim
3397 866 3466 919 ab
3499 881 3696 919 essen-

2044 945 2126 999 tia
2147 945 2508 1017 distinguere
2538 962 2654 1000 non
2687 953 2949 1017 possent,
2972 964 3157 1018 eoque
3189 950 3410 1007 factum
3439 958 3611 1024 esset,
3636 958 3701 1010 ut

2046 1051 2148 1105 pro
2182 1050 2270 1099 ea,
2305 1050 2376 1089 ne
2424 1040 2543 1089 tres
2591 1036 2956 1090 substantias
2987 1039 3294 1094 admittere
3342 1040 3699 1110 viderentur,

2051 1138 2434 1194 personarum
2466 1124 2622 1178 410
2651 1123 2997 1180 vocabulum
3022 1126 3534 1199 inducerent,quid
3568 1136 3698 1186 tan-

2044 1213 2176 1267 dem
2209 1211 2497 1283 contigit?
2526 1212 2634 1266 Bes
2666 1213 2921 1283 profecto
2952 1214 3220 1285 ridicula,
3242 1216 3333 1272 vel
3367 1219 3562 1289 potius
3595 1221 3701 1275 mi-

2045 1302 2315 1357 seranda.
2351 1300 2599 1355 Diversae
2650 1301 2782 1356 ﬁdei
2813 1303 3068 1373 speciem
3110 1306 3357 1374 praebuit
3404 1307 3550 1363 levis
3600 1308 3703 1365 illa

2045 1396 2101 1446 et
2124 1390 2331 1460 jejuna
2362 1390 2433 1445 de
2466 1406 2675 1445 vocum
2726 1407 2869 1446 sono
2900 1392 3219 1449 altercatio.
3255 1395 3357 1450 Hic
3406 1397 3614 1453 deinde
3645 1404 3703 1455 et

2047 1479 2433 1536 Sabellismus
2474 1481 2546 1535 ob
2599 1486 2718 1535 tres
2768 1497 3049 1551 personas
3095 1486 3460 1556 excogitatus
3505 1493 3612 1555 est,
3646 1492 3705 1545 et

2049 1568 2417 1623 Arianismus
2447 1569 2520 1623 ob
2553 1574 2671 1624 tres
2705 1569 3073 1641 bypostases,
3105 1589 3355 1643 quorum
3389 1579 3706 1647 utrumque

2048 1659 2317 1729 pertinax
2346 1657 2736 1712 contendendi
2767 1657 3029 1714 studium
3062 1660 3387 1717 efﬂuxerat.
3422 1665 3568 1728 Quid
3604 1681 3705 1736 po-

2049 1745 2211 1800 stea?
2238 1747 2386 1801 Cum
2437 1746 2647 1817 exigua
2689 1762 2780 1801 res
2829 1748 3031 1818 aliqua
3078 1751 3337 1819 quotidie
3386 1753 3705 1820 accederet,

286 1870 455 1923 μακον
492 1832 677 1923 ἐπάγει
704 1844 785 1918 τῷ
814 1843 1067 1921 ἀρῥωστή
1082 1861 1228 1913 ματι.
1266 1842 1388 1897 Πῶς
1420 1832 1511 1890 οῦν
1543 1838 1706 1888 τοῦτο
1752 1837 1938 1901 ποιεῖ;

511 1935 527 1944 ι
627 1937 636 1944 ι
864 1932 877 1944 ε
989 1930 1000 1944 1
1236 1928 1250 1944 \
1361 1925 1371 1944 '
1547 1922 1560 1941 ν
1692 1922 1704 1938 ‘
1764 1942 1796 1944 Α
1812 1943 1821 1944 κ
1843 1921 1864 1944 _'_

2075 1851 2186 1905 ιιιιρ
2217 1834 2551 1889 molestiam
2585 1834 2816 1889 afferret
2840 1836 3197 1907 (molestiam
3228 1838 3382 1894 enim
3415 1842 3710 1900 contentio

2075 1923 2236 1944 ,μω
2298 1939 2352 1944 --
2398 1924 2627 1944 ιηλψ
2691 1941 2778 1944 μ--
2834 1924 3065 1944 μμ-..
3141 1943 3147 1944 ,
3199 1931 3209 1944 .
3317 1932 3327 1944 .
3492 1930 3502 1940 .
3585 1929 3598 1944 .

291 1921 808 2015 Προσκαλεσᾶμενος
853 1930 1134 2009 ἀμφότερα
1193 1928 1260 1982 τὰ
1312 1925 1460 2015 μέρη.
1507 1922 1708 2015 οὑτωσὶ
1758 1921 1951 2015 πράως

288 2011 381 2083 καί
412 2024 838 2105 φιλανθρώπως,
868 2022 958 2075 καὶ
986 2018 1079 2075 τὸν
1111 2022 1237 2072 νοῦν
1287 2019 1396 2070 τῶν
1449 2012 1765 2105 λεγομένω-ν
1794 2011 1947 2105 ἀκρι-

296 2098 435 2177 ϐῶς.
464 2098 730 2184 ἐξετάσας,
775 2108 964 2176 ἐπειδὴ
1018 2109 1455 2184 συμφρονοῦντας
1490 2100 1611 2174 εὗρε
1659 2100 1747 2154 καὶ
1793 2098 1946 2155 οὐδὲν

295 2202 584 2265 διεστῶτας
628 2201 763 2256 κατὰ
804 2200 895 2254 τὸν
930 2196 1214 2273 λόγον,τά
1265 2191 1506 2265 ὀνόματα
1556 2190 1945 2264 συγχωρήσας,

292 2290 475 2347 συνδεῖ
504 2294 617 2365 (45)
647 2294 764 2350 τοῖς
797 2288 1129 2363 πράγμασιν.

2065 1923 2259 1995 parit),
2292 1939 2358 1977 eo
2398 1924 2636 1978 tandem
2690 1941 2782 1979 res
2827 1924 3081 1980 adducta
3129 1931 3237 1995 est,
3271 1932 3337 1983 ut
3384 1929 3710 2000 periculum

2058 2016 2233 2078 esset,
2267 2027 2337 2066 ne
2388 2011 2545 2066 orbis
2585 2016 2873 2085 terrarum
2925 2014 3071 2069 fines
3119 2031 3238 2070 una
3286 2033 3417 2071 cum
3469 2018 3712 2091 syllabis

2058 2102 2568 2171 abrumperentur.
2603 2100 2738 2164 Qua:
2788 2118 2922 2156 cum
2978 2102 3184 2158 beatus
3218 2104 3311 2160 ille
3353 2105 3460 2176 vir,
3495 2112 3551 2161 et
3579 2123 3711 2164 vere

2058 2190 2232 2244 homo
2299 2188 2421 2253 Dei,
2482 2205 2851 2261 magnusque
2906 2191 3240 2247 animarum
3317 2194 3709 2269 dispensator,

2057 2278 2242 2333 oculis
2293 2277 2653 2348 auribusque
2692 2285 3024 2350 usurparet,
3060 2281 3173 2336 sibi
3216 2287 3337 2338 tam
3391 2285 3711 2342 absurdam

294 2388 350 2440 et
380 2401 414 2439 a
445 2382 669 2437 ratione
700 2379 954 2434 alienam
986 2374 1162 2431 Verbi
1206 2373 1529 2429 sectionem
1560 2368 2053 2425 dissimulandam
2088 2384 2154 2421 ac
2184 2366 2591 2438 negligendam
2646 2384 2760 2421 non
2810 2370 3067 2439 putavit;
3103 2387 3304 2426 verum
3355 2374 3711 2430 medicinam

299 2474 503 2529 morbo
534 2470 976 2543 quamprimum
1010 2467 1269 2523 adhibet.
1302 2465 1567 2529 Quonam
1619 2466 1816 2517 autem
1868 2459 2040 2515 modo
2071 2459 2127 2513 id
2162 2458 2342 2513 facit?
2374 2458 2628 2529 Utraque
2662 2464 2823 2528 parte
2852 2459 3062 2515 leniter
3105 2468 3162 2517 et
3209 2463 3458 2536 benigne
3508 2466 3712 2534 accita,

295 2562 724 2631 verborumque
753 2558 1043 2614 sententia
1073 2555 1386 2627 diligenter
1416 2557 1473 2607 et
1501 2556 1767 2607 accurate
1807 2564 2113 2621 perpensa,
2144 2553 2526 2619 posteaquam
2557 2550 2874 2604 concordes
2917 2552 3154 2621 reperit,
3182 2568 3286 2607 nec
3315 2559 3605 2623 quantum
3639 2555 3713 2611 ad

300 2650 654 2717 doctrinam,
689 2648 807 2703 ullo
838 2648 1012 2702 modo
1045 2647 1197 2700 inter
1226 2660 1288 2699 se
1316 2642 1692 2704 dissidentes,
1725 2640 1808 2694 ita
1838 2639 2138 2711 negotium
2182 2636 2486 2709 transegit,
2521 2641 2587 2692 ut
2616 2638 2923 2694 nominum
2960 2657 3129 2695 usum
3162 2643 3504 2715 concedens,
3539 2645 3714 2701 rebus

301 2757 400 2795 eos
432 2738 878 2810 constringeret.

368 2827 478 2892 AC.
511 2828 681 2877 Τοῦτο
728 2827 835 2877 τῶν
894 2825 1113 2897 μακρῶν
1162 2818 1342 2873 πόνων
1391 2817 1480 2871 καὶ
1516 2815 1692 2890 Λόγων
1744 2813 1953 2870 λυσιτε-

296 2908 575 2984 λιστερον,
612 2911 704 2972 οὓς
738 2910 931 2971 πάντες
981 2907 1090 2978 ⁴ἤδη
1145 2908 1605 2985 λογογραφοῦσιν·
1650 2905 1733 2966 οἷς
1781 2925 1831 2957 τι
1862 2903 1951 2957 καὶ

301 2996 619 3075 φιλοτιμίας
671 3001 782 3071 (46)
823 2998 1183 3066 συνέζευκται,
1242 2996 1331 3050 καὶ
1391 2992 1480 3049 διὰ
1524 2998 1685 3047 τοῦτο
1729 2991 1864 3054 ’ίσως
1898 3013 1951 3047 τι

301 3087 390 3142 καὶ
438 3093 844 3159 καινοτομεῖται
894 3086 1018 3161 περὶ
1068 3085 1158 3139 τὸν
1205 3084 1396 3159 λόγον.
1436 3088 1606 3139 Τοῦτο
1651 3087 1759 3137 τῶν
1809 3080 1952 3137 πολ-

305 3175 415 3231 λῶν
450 3175 757 3250 ἀγρυπνιῶν
792 3175 881 3228 καὶ
930 3177 1243 3249 χαμευνιῶν
1294 3172 1712 3248 προτιμότερον,
1759 3172 1830 3226 ὧν
1868 3170 1955 3243 μὲ-

2132 2815 2373 2871 XXXVI.
2406 2813 2523 2869 Hoc
2564 2815 2863 2871 diuturnis
2907 2816 3023 2872 illis
3071 2817 3371 2875 laboribus
3403 2825 3460 2876 et
3488 2836 3716 2877 sermo-

2063 2906 2260 2969 nibus,
2295 2920 2442 2975 quos
2492 2905 2608 2973 iam
2661 2920 2867 2961 omnes
2926 2906 3135 2962 litteris
3193 2910 3494 2976 mandant,
3542 2910 3716 2983 longe

2065 2993 2271 3049 utilius
2300 2998 2423 3061 est;
2459 2999 2658 3065 utpote
2690 2995 2788 3065 qui
2846 2996 3167 3052 ambitione
3216 3015 3330 3052 non
3379 3004 3606 3065 vacant,
3638 3000 3715 3055 ob

2064 3098 2314 3154 eamque
2370 3082 2617 3138 fortasse
2673 3100 2912 3138 causam
2985 3085 3139 3140 circa
3195 3086 3329 3141 ﬁdei
3384 3088 3717 3144 doctrinam

2066 3173 2389 3243 quidquam
2440 3173 2771 3227 innovatur.
2810 3174 2922 3228 Hoc
2955 3174 3157 3230 multis
3207 3175 3426 3248 vigiliis
3474 3182 3531 3232 et
3576 3177 3720 3232 cha-

308 3285 407 3339 χρι
436 3269 544 3317 τῶν
591 3262 998 3339 κατορθούντων
1044 3263 1106 3316 τὸ
1158 3259 1371 3337 κέρδος.
1406 3264 1581 3318 Τοῦτο
1626 3266 1734 3316 τῶν
1783 3259 1955 3315 ἀοιδί-

2075 3261 2326 3317 msuniis
2371 3262 2767 3333 praestantius,
2800 3279 3049 3333 quarum
3084 3263 3310 3319 utilitas
3359 3265 3417 3320 in
3471 3266 3583 3332 bis,
3616 3264 3723 3337 qui

314 3374 428 3425 μων
476 3352 696 3428 ἐξοριῶν
744 3353 833 3407 καὶ
884 3356 1068 3429 φυγῶν
1118 3356 1215 3407 τοῦ
1282 3349 1477 3427 ἀνδρδς
1532 3349 1768 3420 ἐπάξιονσ
1826 3350 1957 3425 ὑπὲρ

309 3443 414 3517 γὰρ
468 3442 541 3494 ὧν
587 3440 764 3496 εἵλετο
812 3442 1040 3515 πάσχειν
1088 3440 1283 3509 ἐκεῖνα,
1328 3444 1498 3494 ταῦτα
1541 3439 1632 3493 καὶ
1665 3442 1777 3510 (47)
1826 3439 1961 3510 μετὰ

238 3585 244 3589 _
308 3532 370 3585 τὸ
398 3531 583 3584 παθεῖν
636 3526 1016 3596 ἐσπουδάζετο.
1066 3530 1140 3585 Τὸ
1186 3527 1232 3582 δ’
1278 3529 1407 3582 αὐτὸ
1458 3527 1555 3581 κάν
1604 3532 1721 3589 τοῖς
1762 3524 1958 3587 ἄλλοις

310 3624 483 3673 ποιῶν
512 3616 763 3672 διετὲλει”
796 3615 925 3676 τοὺς
983 3617 1075 3688 μὶν
1125 3615 1377 3684 ἐπαινῶν,
1424 3615 1551 3677 τοὺς
1597 3613 1655 3669 δί
1701 3614 1960 3683 πλήττων

314 3706 566 3782 μετρίως·
600 3704 817 3760 καίτῶν
872 3703 965 3777 μὲν
1017 3702 1079 3758 τὸ
1131 3705 1339 3779 νωθρὸν
1393 3701 1695 3778 διεγείρων,
1741 3707 1849 3757 τῶν
1902 3699 1960 3756 δὲ

307 3797 371 3852 τὸ
404 3796 605 3871 θερμὸν
634 3793 933 3868 κατείργων
965 3812 976 3823 ·
1027 3792 1116 3847 καὶ
1164 3796 1272 3847 τῶν
1321 3792 1436 3865 μὲν,
1483 3789 1631 3853 ὅπως
1687 3792 1762 3864 μὴ
1801 3790 1959 3845 πταί-

312 3906 467 3955 σωσι,
525 3882 982 3960 προμηθούμενος
1017 3901 1030 3915 ⁸
1079 3882 1210 3944 τοὺς
1271 3880 1348 3955 δὲ,
1406 3882 1555 3943 ὅπως
1613 3880 1957 3957 διορθωθεῖεν

310 3975 623 4035 πταίσαντες
659 3976 791 4045 (48),
845 3973 1284 4048 μηχανώμενος·
1335 3970 1545 4032 ἁπλοῦς
1592 3971 1685 4025 τὸν
1735 3970 1960 4046 τρόπον,

311 4059 613 4131 πολυειδὴς
644 4062 744 4129 τήν
775 4056 1115 4136 κυϐέρνησιν·
1151 4060 1319 4138 σοφὸς
1364 4063 1454 4115 τὸν
1504 4058 1690 4135 λόγον,
1725 4060 1961 4137 σοφώτε-

316 4175 408 4229 ρος
438 4153 536 4220 τήν
594 4148 848 4205 διάνοιαν·
896 4150 1057 4218 πεζὸς
1102 4154 1220 4212 τοῖς
1271 4148 1701 4224 ταπεινοτέροις,
1753 4144 1963 4223 ὑψηλό-

313 4263 465 4317 τερος
510 4246 627 4302 τοῖς
683 4241 1106 4314 μετεωροτέροις
1138 4258 1151 4271 '
1205 4237 1481 4318 φιλόξενος
1517 4285 1532 4311 ,
1581 4240 1782 4302 ἳκὲσιος
1832 4241 1966 4312 (49),

388 4421 499 4492 (41)
533 4416 946 4494 Παραδεχθῶσι.
1008 4421 1102 4494 Sic
1142 4421 1341 4494 ARegg.
1399 4439 1462 4493 a,
1520 4438 1581 4491 ο,
1641 4422 1707 4488 d,
1761 4420 1857 4476 Or.
1920 4421 1971 4489 1,

314 4489 573 4549 Cdmbef.
608 4489 671 4547 ln
704 4489 820 4563 edi,
853 4489 1289 4563 παραδειχθῶσῖ.

2070 3352 2191 3406 huic
2223 3355 2518 3421 prmstant,
2542 3351 2834 3422 defigitur,
2861 3367 2966 3406 nec
2993 3351 3171 3407 latius
3201 3360 3417 3409 manat.
3443 3354 3561 3410 Hoc
3592 3371 3723 3426 per-

2068 3441 2321 3511 vulgatis
2350 3445 2523 3512 atque
2554 3441 2711 3495 omni
2755 3441 2911 3495 fama
2942 3441 3251 3496 celebratis
3281 3443 3470 3514 ipsius
3502 3444 3724 3500 exsiliis

2070 3535 2127 3584 et
2151 3530 2307 3601 fugis
2333 3529 2515 3584 nihilo
2546 3529 2792 3583 inferius
2815 3530 3269 3585 existimandum
3295 3537 3399 3586 est.
3422 3530 3482 3585 In
3516 3533 3722 3589 eadem

2070 3620 2286 3689 quippe
2315 3620 2530 3681 studia,
2565 3618 2636 3671 ob
2668 3633 2797 3686 quae
2826 3617 3194 3673 calamitates
3226 3618 3356 3674 illas
3389 3620 3499 3675 sibi
3537 3622 3723 3692 perfe-

2070 3706 2283 3761 rendas
2323 3707 2586 3769 duxerat,
2617 3709 2748 3774 post
2796 3704 3164 3762 calamitates
3212 3707 3371 3777 ipsas
3420 3709 3725 3766 incumbe-

2070 3795 2190 3850 bat.
2226 3794 2375 3859 Quin
2407 3796 2463 3849 id
2496 3794 2671 3849 etiam
2706 3796 2900 3864 ipsum
2946 3793 3003 3848 in
3037 3794 3169 3851 aliis
3202 3797 3388 3853 facere
3419 3814 3533 3853 non
3566 3798 3728 3855 desi—

2072 3885 2280 3947 nebat,
2322 3882 2476 3941 alios
2523 3882 2759 3953 quidem
2808 3882 3085 3938 laudibus
3131 3885 3372 3953 vehens,
3405 3886 3550 3942 alios
3591 3903 3727 3944 vero

2074 3988 2244 4043 parce
2275 3970 2593 4041 leviterque
2638 3971 2884 4037 feriens;
2919 3971 3166 4027 aliorum
3220 3975 3547 4030 socordiam
3578 3976 3733 4031 exci-

2070 4066 2225 4129 tans,
2242 4058 2488 4114 aliorum
2516 4061 2794 4115 fervorem
2820 4060 3176 4131 reprimens;
3202 4062 3354 4130 aliis,
3373 4080 3444 4119 ne
3464 4064 3734 4121 laberen-

2074 4155 2192 4213 tur,
2225 4150 2560 4221 providens,
2593 4149 2687 4204 alii
2726 4154 2790 4204 ut
2829 4149 2974 4221 lapsi
3024 4151 3409 4222 erigerentur,
3442 4154 3729 4210 rationem

2078 4238 2299 4306 iniens;
2334 4237 2596 4294 moribus
2646 4237 2915 4309 simplex,
2946 4240 3312 4310 gubernandi
3362 4248 3484 4299 arte
3532 4242 3732 4300 multi-

2084 4420 2246 4495 nymi
2275 4419 2585 4495 epistolam
2618 4435 2728 4495 nvi:
2759 4421 2830 4475 ad
2855 4419 3197 4477 Damasum.
3227 4426 3400 4495 Legat
3424 4424 3598 4479 etiam
3630 4425 3735 4480 Pe-

2083 4494 2326 4569 tavium,
2362 4497 2504 4547 tom.
2538 4491 2608 4554 ll,
2640 4492 2741 4547 lib.
2777 4509 2849 4558 ιν,
2884 4509 2934 4548 c.
2967 4495 3019 4563 4,
3053 4512 3110 4549 n.
3142 4496 3177 4548 9
3206 4500 3264 4552 et
3295 4491 3443 4568 ieq.,
3475 4513 3605 4569 pag.
3632 4498 3738 4552 343

388 4566 501 4645 (42)
537 4559 941 4645 ξομικρολογία.
968 4563 1061 4616 Sic
1091 4559 1273 4635 Regg.
1326 4580 1380 4628 a,
1424 4579 1476 4632 ο,
1524 4564 1583 4617 d.
1628 4567 1693 4616 In
1725 4565 1840 4631 ed.,
1876 4582 1971 4632 μι-

2084 4562 2295 4645 “,3??-

315 4632 603 4689 κοολογίαζ

354 4654 1107 4779 ρῖέἕίίῗαϐελλισμόςηοιο.
1167 4704 1356 4779 Qu0d_
1390 4701 1580 4779 Latini
1639 4718 1742 4772 per
1798 4706 1976 4779 «tres

321 4773 625 4850 personas,
650 4798 677 4826 n
708 4778 767 4831 Id
800 4773 977 4850 Graeci
1012 4792 1112 4847 per
1140 4780 1312 4850 _«_tres
1344 4775 1687 4850 hypcstases
1721 4794 1747 4821 »
1779 4773 1976 4850 ex‘pri-

323 4845 579 4917 inebant,
614 4855 787 4919 atque
820 4848 906 4903 haa
939 4845 1105 4903 voces
1136 4847 1290 4901 idem
1342 4845 1774 4919 signiﬁcabant.
1827 4846 1973 4899 Cum

322 4927 517 4977 autem
575 4917 761 4976 Latini
823 4943 851 4969 «
885 4926 1001 4974 tres
1040 4917 1710 4991 ihypostasesnhdicere
1741 4932 1973 4971 recusa-

328 4999 476 5059 rent,
506 4991 901 5048 Orientalibus
950 4990 1050 5044 visi
1101 4988 1242 5045 sunt
1288 4988 1525 5045 Sabellii
1571 5004 1824 5043 errorem
1886 5004 1974 5043 se-

326 5065 449 5137 qui.
483 5063 773 5119 Sabellius
801 5063 956 5119 enim
998 5081 1017 5108 ι
1042 5066 1160 5117 tres
1193 5077 1522 5137 personas»
1558 5060 1849 5137 rejiciens,
1884 5077 1976 5115 as-

323 5132 552 5193 serebat
579 5150 753 5191 unam
786 5139 1014 5190 tantum
1046 5132 1341 5203 esse,'qua3
1371 5132 1559 5187 tribus
1586 5132 1980 5203 appellaretur

324 5208 685 5263 nominibus.
712 5206 1033 5262 Orientales
1062 5223 1194 5261 vero
1219 5222 1351 5259 cum
1391 5224 1413 5251 ι
1439 5210 1558 5259 tres
1582 5206 1925 5274 bypostases
1944 5223 1970 5253 ιι

324 5286 788 5352 ροτθθνθταιῖιιθιχ
819 5278 1303 5352 retinerent,_nec
1344 5292 1563 5352 earum
1592 5278 1749 5352 _loco
1799 5298 1827 5325 «
1862 5282 1978 5352 t_res

232 5408 247 5421 ,μ
324 5346 604 5431 personas
640 5373 665 5399 ››
722 5350 1030 5431 admittere
1066 5348 1397 5431 _vellent,_in
1443 5346 1838 5431 suspicionem
1873 5347 1977 5402 La-

324 5419 466 5480 tinis
500 5425 805 5485 venerunt,
838 5420 1007 5493 quasi
1049 5421 1262 5477 Ariano
1310 5419 1570 5489 dogmati
1620 5419 1979 5493 assentiren-

325 5501 440 5550 tur.
475 5495 641 5549 Arius
673 5493 829 5548 enim
857 5490 889 5543 ἶ(
916 5499 1034 5548 tres
1068 5494 1411 5564 hypostases
1440 5513 1467 5540 »
1499 5494 1709 5546 natura
1736 5490 1891 5544 inter
1920 5506 1983 5545 se

331 5567 640 5623 distinctas
673 5567 1048 5637 agnoscebat,
1093 5570 1263 5620 «tres
1289 5586 1315 5637 )3
1355 5569 1550 5637 autem
1581 5584 1620 5626 _«
1648 5579 1929 5637 personas
1952 5582 1981 5610 ››

332 5640 507 5695 unius
533 5634 751 5692 natura:
776 5654 892 5693 non
920 5636 1256 5707 recipiebat.
1281 5634 1390 5700 Qui
1411 5634 1986 5707 hancGraaoosiinter

331 5714 390 5773 et
418 5708 654 5767 Latinos
684 5707 847 5767 litem
876 5705 1110 5787 plenius
1142 5723 1316 5769 nosse
1347 5705 1531 5783 cupit,
1575 5705 1732 5783 legat
1779 5705 1984 5766 Hiero-

2150 4632 2263 4701 (44)
2296 4627 2477 4705 Λόγου
2510 4631 2867 4705 κατατομήν.
2935 4655 2956 4682 α
2993 4632 3165 4689 Verbi
3214 4635 3555 4705 sectionem,
3590 4660 3617 4688 ››
3676 4637 3735 4694 id

2086 4708 2195 4765 est,
2266 4723 2294 4751 ‹‹
2339 4702 2616 4756 doctrinas
2686 4704 2938 4775 fideique
3005 4705 3159 4761 circa
3216 4706 3470 4763 Verbum
3531 4702 3739 4765 Sectio-

2083 4790 2238 4829 nem.
2285 4792 2313 4820 ))

2156 4845 2270 4926 (45)
2303 4837 2682 4926 20v8c1,netc.
2741 4845 2801 4926 Id
2850 4850 3044 4900 actum
3092 4847 3171 4926 in
3204 4849 3449 4926 concilio
3491 4851 3736 4926 Alexan-

2085 4915 2272 4998 drino,
2325 4915 2659 4998 annon36‘2,
2712 4916 2804 4970 cui
2856 4919 3530 4998 praseyatﬁthanasius.
3592 4924 3738 4998 Vide

2086 4988 2269 5066 Epist.
2306 4987 2374 5066 ad
2401 4986 3017 5066 Antiochensesjpud
3044 4990 3256 5047 Athan.
3288 4998 3428 5048 tom.
3454 4997 3499 5063 Ι,
3524 5012 3581 5066 p.
3608 4995 3736 5064 770,

2086 5058 2144 5114 et
2173 5061 2389 5113 Socrat.
2423 5058 2522 5112 lib.
2555 5074 2643 5126 III,
2675 5077 2722 5114 c.
2757 5062 2810 5115 7.

2160 5132 2267 5209 (46)
2301 5127 2654 5209 Φιλοτιμίαςί
2692 5131 2929 5209 Sic_tres
2962 5132 3165 5209 Begg.,
3200 5134 3293 5190 Or.
3326 5136 3376 5207 1,
3406 5136 3551 5209 Jes.,
3583 5137 3739 5207 Par.,

2088 5205 2323 5275 Comb.,ﬁ
2340 5208 2455 5275 etc.
2492 5203 2553 5257 In
2585 5204 2698 5269 ed.,
2733 5200 3043 5275 φιλοτιμία.

2191 5223 2314 5267 Πο.,
2346 5223 2455 5257 Θιο.
2492 5223 2553 5257 ιη
2585 5223 2698 5269 ΘΟ.,
2777 5223 3043 5275 ιΛοτιμια.

2191 5276 2278 5347 47)
2309 5272 2557 5347 Kal._Sic
2588 5280 2706 5330 tres
2733 5223 2940 5347 ﬁeggq
2972 5282 3030 5331 et
3058 5277 3154 5330 Or.
3190 5279 3241 5331 1.
3282 5278 3456 5333 Deest
3487 5281 3544 5335 in
3576 5282 3667 5335 ed.

2185 5346 2275 5418 48)
2305 5345 2654 5427 Διορβωθεῖεν
2704 5345 3039 5427 πταίσαντες.
3074 5348 3171 5427 ΟΡ.
3213 5351 3237 5404 1
3292 5360 3345 5427 et
3395 5351 3538 5423 Jes.,
3588 5348 3740 5427 διορ-

2090 5416 2290 5470 θώσειέ
2319 5416 2688 5491 πταίσαντας-
2710 5442 2747 5491 «μ
2774 5425 2836 5473 ut
2869 5419 3063 5490 lapsos
3093 5419 3356 5491 erigeret.
3395 5444 3422 5470 ››

2163 5486 2624 5568 (49)]Φιλόξενος,
2675 5486 3056 5568 ἱκὲσιος,υ”βῐο.
3108 5486 3606 5568 Ιη”(ιυὶὺυει1ιιῐῃ,
3658 5492 3747 5568 φίο

2092 5558 2235 5622 λιος,
2271 5560 2464 5631 ξένιος,
2499 5558 2727 5623 iactos.
2765 5564 2824 5616 ln
2859 5561 2989 5616 aliis
3019 5558 3253 5619 inverso
3280 5566 3503 5620 ordine.
3537 5558 3749 5620 Obser-

2092 5637 2188 5708 vat
2215 5633 2445 5708 Nicetes
2483 5636 2684 5688 Jovem
2732 5650 2766 5688 a
2815 5634 3142 5708 Gentilibus
3190 5634 3487 5708 appellari,
3540 5632 3748 5708 φίλιον,

2092 5701 2281 5778 ξένιον,
2324 5702 2545 5773 ἱκέσιον,
2594 5708 2660 5762 ut
2713 5705 3005 5777 amicitiae,
3056 5701 3479 5785 hospitalitatis
3514 5701 3573 5767 et
3603 5701 3748 5783 sup;
