4110 6408
324 330 477 396 1129
1459 330 1751 393 ORATIO
1795 332 1947 393 ΧΧΙ]

2127 335 2226 394 DE
2277 336 2471 395 PACE
2517 334 2595 396 ΙΙ.
3590 328 3745 394 1130

324 466 720 528 Antiocheno
780 466 1150 545 episcopatu
1213 464 1716 536 contendebant,
1794 472 1855 522 et
1914 484 2180 543 quorum
2239 485 2448 539 causa,
2512 486 2634 527 non
2692 466 2907 527 Oriens
2966 466 3194 537 modo,
3253 465 3362 525 sed
3418 465 3748 524 universus

324 547 497 607 orbis
576 547 1001 606 miserandum
1080 546 1139 604 in
1221 546 1474 604 modum
1552 546 1613 604 in
1690 546 2039 605 contrarias
2114 552 2325 624 partes
2402 548 2825 607 scindebatur.
2890 548 3055 607 Inter
3130 546 3265 606 haec
3340 545 3744 606 dissidiorum

328 627 640 699 incendia,
694 627 932 687 medias
987 631 1200 704 partes
1256 626 1537 703 sequitur
1595 627 1951 703 Gregorius,
2002 644 2074 686 ac
2133 627 2487 688 vehementi
2544 646 2769 706 genere
2827 627 3077 688 dicendi
3134 633 3336 700 utens,
3388 625 3745 702 ablegatam

327 726 551 787 pacem
606 708 753 767 totis
807 707 1047 766 viribus
1103 724 1397 788 revocare
1437 710 1722 788 conatur
1766 706 1854 785 (n.
1893 706 1948 786 1)
1991 723 2004 765 :
2064 710 2256 767 «Pax
2305 708 2436 781 Dei,
2491 709 2715 788 inquit,
2770 713 2829 767 et
2877 709 3039 769 Deus
3094 707 3287 786 pacis,
3342 724 3465 785 pax
3514 707 3741 779 amica,

336 786 572 848 bonum
635 788 715 847 ab
774 788 1070 847 omnibus
1126 787 1375 865 quidem
1436 786 1799 848 laudatum.
1881 806 1919 845 a
1984 788 2199 866 paucis
2256 794 2463 849 autem
2524 786 3005 860 conservatum,
3087 788 3338 847 ubinam
3400 804 3512 845 nos
3569 792 3747 846 tanto

322 869 458 946 jam
519 869 820 947 temporis
879 868 1085 946 spatio
1144 867 1503 945 reliquisti?
1558 868 1820 937 Quando
1878 867 1957 926 ad
2017 886 2133 927 nos
2188 870 2466 929 reditura
2516 871 2638 929 es?
2672 894 2703 925 »
2768 872 2927 929 Tum
2983 871 3042 928 in
3105 873 3475 946 prmsentem
3518 884 3746 947 rerum

327 956 564 1008 statum
618 946 947 1020 invehens,
1005 948 1303 1020 ostendit,
1364 955 1519 1025 quot
1574 954 1635 1007 et
1691 954 1930 1026 quanta
1985 966 2194 1008 secum
2252 951 2655 1011 incommoda
2711 950 3023 1010 discordia
3078 951 3323 1010 ali‘erat.
3383 946 3750 1006 Christianis

327 1030 664 1108 prmcipue,
728 1048 997 1107 quorum
1058 1031 1221 1088 Deus
1280 1027 1553 1088 charitas
1611 1037 1723 1087 est.
1786 1029 2228 1089 Dissidentium
2287 1031 2606 1091 levitatem
2662 1032 2945 1109 increpat
3004 1032 3089 1109 (n.
3151 1029 3241 1105 5),
3301 1028 3587 1109 quatit,
3649 1036 3747 1099 ut,

334 1107 363 1168 ὰ
403 1109 511 1187 qui
559 1109 714 1181 heri,
767 1109 937 1169 velut
987 1110 1153 1168 Elias
1210 1114 1320 1168 aut
1364 1111 1639 1169 Joannes
1696 1109 2179 1187 prtedicabatur,
2234 1110 2444 1186 hodie,
2496 1119 2565 1171 ut
2618 1112 2811 1171 Judas
2842 1107 2979 1170 Vaut
3015 1107 3296 1186 'Gaiphas
3351 1107 3748 1167 habeatur.»

331 1189 567 1251 Deinde
614 1191 692 1249 ad
751 1189 898 1249 fidei
950 1190 1300 1269 doctrinam
1363 1190 1712 1249 orationem
1762 1196 2154 1261 convertens,
2206 1190 2389 1252 docet
2444 1193 2593 1269 quid
2652 1193 2715 1251 in
2772 1192 3059 1251 doctrina
3116 1188 3506 1259 cavendum;
3559 1194 3754 1264 atque

330 1271 592 1347 insuper
648 1270 946 1330 admonet
998 1268 1291 1346 quaedam
1351 1288 1511 1341 esse,
1577 1288 1654 1329 ne
1711 1269 1962 1347 quidem
2020 1271 2279 1331 omnino
2336 1268 2805 1350 investiganda,
2867 1271 3155 1350 quaedam
3216 1281 3447 1350 autem‘
3486 1275 3749 1350 conten-

335 1352 505 1411 tiosis
564 1350 929 1410 hominibus
985 1350 1420 1428 relinquenda,
1483 1350 1773 1429 quaedam
1837 1369 2009 1422 vero,
2076 1376 2104 1405 ιι
2159 1370 2283 1411 non
2342 1354 2532 1413 armis
2570 1347 2649 1413 'et
2704 1347 3016 1429 ferro'(n.
3078 1351 3200 1429 11),
3257 1374 3284 1405 ››
3344 1347 3454 1409 sed
3510 1348 3753 1429 ratione

326 1432 813 1512 propugnanda.
875 1430 1052 1497 Unde
1113 1437 1293 1490 caute
1346 1427 1815 1512 prudenterque
1874 1431 2111 1507 colligit
2174 1433 2255 1512 (η.
2326 1436 2461 1512 I2),
2549 1457 2577 1488 (ι
2629 1451 2845 1493 omnes
2901 1427 3253 1512 superﬂuos
3328 1427 3749 1512 quaestionum

326 1509 613 1571 surculos
672 1528 927 1589 prorsus
985 1528 1117 1571 esse
1177 1510 1633 1591 amputandos,
1699 1530 1840 1570 cum
1899 1509 2433 1591 pietatis'regula
2484 1512 2548 1573 in
2604 1518 2738 1574 tuto
2798 1519 2925 1588 est,
2978 1509 3049 1572 iet
3105 1510 3251 1572 fidei
3311 1513 3501 1589 caput
3556 1509 3752 1569 semel

325 1598 419 1653 est
476 1592 911 1651 constitutum.
947 1614 978 1647 »

406 1672 485 1733 ll.
534 1675 667 1731 Non
730 1673 929 1732 multo
987 1678 1147 1749 post,
1211 1672 1367 1731 inita
1415 1671 1547 1748 jam
1611 1689 1785 1749 pace,
1836 1678 2026 1751 atque
2083 1672 2332 1733 Meletio
2389 1678 2451 1733 et
2501 1673 2788 1739 Paulino,
2844 1670 3277 1732 dissidentium
3341 1671 3529 1730 etiam
3594 1669 3756 1729 votis

330 1758 392 1812 et
448 1753 772 1831 suffragio,
835 1754 899 1811 in
958 1752 1348 1812 Antiochena
1406 1753 1550 1811 sede
1607 1752 1951 1824 collocatis,
2014 1771 2089 1812 ea
2143 1753 2301 1831 lege,
2362 1761 2513 1824 «ut,
2566 1753 2763 1813 altero
2823 1751 3332 1813 contendentium
3394 1752 3752 1822 demortuo,

327 1833 489 1893 alter
546 1835 653 1911 qui
710 1839 1024 1909 superstes
1080 1839 1279 1906 esset,
1360 1834 1693 1909 episcopus
1751 1834 1830 1892 ab
1887 1833 2182 1893 omnibus
2255 1841 2701 1911 agnosceretur
2759 1834 2904 1912 (60),
2965 1856 2992 1887 »
3071 1833 3332 1891 alteram
3402 1832 3751 1912 orationem

327 1912 552 1972 habuit
606 1914 986 1989 Theologus.
1045 1914 1155 1972 Hic
1212 1914 1439 1973 iterum
1503 1912 1672 1990 pacis
1722 1913 2055 1973 utilitatem
2107 1921 2167 1973 et
2216 1914 2471 1974 delicias
2520 1914 2723 1973 obiter
2771 1911 3110 1991 attingens,
3160 1912 3428 1988 insurgit
3482 1911 3754 1971 maxime

330 1993 632 2053 adversus
703 1993 1054 2066 haereticos,
1114 1994 1244 2072 qui,
1304 1994 1566 2053 obtentu
1628 1992 1946 2069 religionis
2005 2000 2065 2053 et
2133 1994 2460 2055 charitatis
2513 1996 2744 2072 specie,
2803 1994 3274 2057 Catholicorum
3332 1991 3753 2051 dissensiones

326 2074 555 2134 acriter
611 2073 1130 2134 criminabantur.
1188 2076 1311 2133 Eos
1369 2074 1430 2132 in
1493 2073 1918 2133 testimonium
1976 2074 2259 2153 appellat
2314 2083 2375 2136 et
2433 2082 2735 2153 provocat
2791 2082 3005 2135 orator
3063 2072 3211 2153 (61).
3254 2075 3463 2145 «Vos,
3514 2073 3744 2153 inquit,

329 2172 705 2215 arcanorum
768 2160 1125 2214 nostrorum
1183 2154 1521 2232 participes
1578 2159 1795 2213 estote.
1859 2155 1952 2213 Ad
2011 2151 2342 2215 consilium
2394 2151 2525 2227 vos,
2584 2155 2773 2215 etiam
2831 2154 3024 2226 exosi,
3080 2151 3375 2213 voeamus
3435 2151 3749 2232 ;arhitris

332 2235 618 2324 hostibus
677 2235 952 2324 utimur,
1033 2240 1117 2324 ut.
1158 2230 1675 2324 pudore_:sutfusi
1734 2234 2003 2324 victique
2060 2236 2386 2324 recedatis.
2451 2236 2864 2324 Dissensimus
2921 2234 3170 2324 quidem
3229 2232 3414 2324 (62),
3490 2252 3616 2324 non
3676 2230 3753 2324 de

332 2315 604 2387 deitate,
684 2316 789 2373 sed
851 2315 927 2374 de
984 2312 1203 2374 ordine
1260 2322 1321 2374 et
1378 2314 1808 2393 disciplina....
1870 2317 2001 2374 Hoc
2057 2322 2339 2375 nostrum
2398 2323 2672 2376 erratum
2736 2316 2890 2386 fuit,
2939 2312 3144 2393 'quod
3211 2312 3403 2373 nimio
3477 2312 3753 2392 pastoris

338 2414 553 2455 amore
610 2395 817 2454 affecti
875 2414 1127 2462 sumus,
1210 2414 1321 2455 nec
1380 2414 1451 2455 ex
1512 2395 1757 2455 duobus
1814 2395 2054 2455 eximiis
2130 2396 2541 2474 praesulibus,
2620 2402 2760 2455 uter
2834 2396 3031 2473 magis
3090 2394 3477 2473 expetendus
3550 2399 3752 2474 esset,

337 2478 614 2553 reperire
671 2475 1023 2553 potuimus,
1085 2476 1497 2554 quoadusque
1552 2476 1612 2533 in
1675 2476 1794 2535 hoc
1850 2473 2293 2548 convenimus,
2356 2484 2427 2536 ut
2484 2484 2818 2555 utrumque
2877 2477 3011 2556 pari
3068 2476 3128 2535 in
3188 2475 3373 2534 laude
3431 2479 3491 2533 et
3550 2473 3754 2534 admi-

335 2558 579 2616 ratione
635 2574 1098 2633 poneremus.»
1157 2557 1340 2615 'l‘ales
1397 2564 1581 2625 sunt,
1644 2575 1801 2633 quas
1861 2558 1958 2617 hic
2018 2557 2200 2617 affert
2260 2559 2633 2634 Gregorius,
2695 2556 3099 2616 dissensionis
3157 2561 3317 2614 413
3379 2572 3629 2625 causze,
3691 2560 3755 2613 et

338 2638 510 2714 pacis
566 2637 978 2696 conditiones.
1039 2638 1389 2696 Peccarunt
1444 2637 1723 2713 quidem,
1774 2640 1877 2697 sed
1938 2638 2131 2697 nimio
2189 2645 2432 2698 tantum
2493 2638 2762 2717 pastoris
2819 2655 3056 2697 amore.
3108 2638 3275 2695 Inter
3324 2636 3483 2693 duos
3542 2641 3755 2713 pasto-

336 2736 453 2791 res,
520 2718 647 2776 vita
706 2718 961 2795 pariter,
1014 2717 1292 2777 moribus
1350 2724 1412 2776 et
1468 2718 1757 2777 doctrina
1813 2719 2208 2796 conspicuos,
2267 2720 2489 2777 incerti
2543 2737 2615 2779 ac
2670 2719 3106 2779 dissentientes
3165 2718 3499 2788 haeresunt,
3555 2718 3755 2774 donec

337 2797 588 2857 tandem
648 2797 711 2856 in
769 2797 889 2857 hoc
946 2803 1413 2873 convenerunt,
1495 2805 1564 2856 ut
1622 2800 1758 2876 pari
1820 2806 2154 2875 utrumque
2210 2800 2271 2857 in
2335 2800 2518 2857 laude
2574 2807 2636 2859 et
2708 2799 3125 2858 admiratione
3198 2802 3529 2874 ponerent.
3592 2799 3751 2855 Nam

338 2899 366 2929 ι
422 2878 498 2935 de
555 2877 677 2935 ﬁde
713 2886 795 2958 _et
851 2878 1201 2958 divinitate,
1262 2896 1387 2937 una
1445 2884 1580 2937 erat
1635 2880 1919 2938 omnium
1978 2898 2097 2937 vox
2156 2887 2217 2938 et
2274 2880 2509 2938 labium
2573 2898 2765 2939 unum
2818 2879 2963 2958 (63).
3015 2900 3044 2935 n
3136 2878 3449 2936 Praeterea
3507 2894 3754 2958 pacem,

338 2972 540 3037 quam
590 2974 653 3014 se
710 2955 771 3015 in
830 2957 1025 3034 priori
1100 2958 1384 3019 oratione
1457 2964 1679 3037 optare
1756 2959 2209 3037 praedicaverat
2280 2960 2678 3036 Theologus,
2758 2955 2928 3019 nunc
2998 2959 3061 3018 in
3139 2958 3258 3017 ista
3308 2955 3755 3037 compositam

338 3033 743 3117 gratulatur,
814 3033 1128 3117 simulque
1184 3033 1518 3099 haereticis—
1554 3033 1817 3117 probat,
1898 3047 2139 3100 tantam
2197 3059 2321 3100 non
2379 3033 2568 3100 fuisse
2624 3039 2787 3099 inter
2844 3038 3200 3100 Catholicos
3260 3035 3755 3117 dissensionem,

339 3120 576 3200 quanta
630 3115 1188 3200 ipsiskvidebatur.
1255 3119 1434 3179 Unde
1492 3115 1773 3199 ipsorum
1831 3120 2131 3181 invidiam
2188 3127 2251 3180 et
2308 3120 2689 3200 hypocrisim
2752 3120 3071 3199 exagitat,
3154 3126 3344 3200 atque
3419 3116 3762 3200 confutatis

336 3195 596 3333 illqpumt
650 3196 727 3256 de
784 3197 1089 3257 Trinitate
1146 3200 1487 3275 erroribus,
1518 3195 1660 3281 "pro
1719 3221 1935 3263 eorum
1995 3201 2195 3261 salute
2254 3195 2540 3263 amanter
2595 3211 2837 3272 exorat,
2882 3195 2953 3262 et
3006 3199 3394 3276 theologicas
3443 3197 3760 3259 orationes

338 3294 419 3333 no
474 3294 565 3333 1ce
603 3295 693 3333 ur.

338 3282 693 3355 pollicetur.

421 3358 524 3415 Ill.
594 3358 719 3439 Has
775 3358 1092 3417 orationes
1148 3362 1689 3439 Constantinopoli
1749 3364 2037 3435 nabitas,
2115 3362 2279 3422 circa
2336 3364 2607 3422 medium
2669 3380 2903 3421 annum
2965 3363 3118 3432 379,
3195 3365 3263 3419 ut
3318 3358 3754 3428 verisimilius,

342 3453 485 3494 cum
544 3437 945 3521 'l‘illemontio
994 3440 1114 3521 (64)
1174 3437 1577 3500 arbitramur.
1637 3444 1725 3501 De
1784 3444 1977 3520 priori
2036 3444 2288 3521 quidem
2348 3446 2589 3501 nullum
2652 3448 2743 3500 est
2800 3442 3111 3510 dubium;
3172 3447 3233 3498 et
3280 3441 3521 3521 titulus,
3574 3453 3762 3521 quem

344 3532 614 3600 prm__se
675 3517 885 3600 ferunt
960 3520 1243 3589 codices,
1323 3522 1385 3577 id
1444 3522 1631 3579 etiam
1691 3517 2070 3581 conﬁrmatf
2105 3527 2192 3581 De
2250 3525 2580 3600 posteriori
2640 3540 2787 3580 vero
2849 3521 3222 3579 dissentiunt
3277 3517 3760 3600 eruditi.__b‘lias

344 3594 683 3679 siquidem,
751 3596 1611 3679 Dillius_et_Papebrochius
1670 3602 1792 3678 (65)
1855 3603 2173 3671 Nazianzi,
2242 3594 2539 3679 Gregorio
2594 3611 2771 3677 patre
2830 3601 3039 3658 adhuc
3096 3600 3463 3676 superstite,
3525 3597 3759 3679 dictam

344 3676 801 3735 existimarunt.
869 3675 1041 3736 Unde
1104 3677 1163 3734 in
1222 3678 1403 3736 editis
1460 3680 1731 3754 primum
1778 3675 2001 3740 locum
2060 3681 2320 3740 obtinet.
2370 3675 2545 3740 ‘Nihil
2595 3675 2810 3739 tamen
2870 3698 2945 3738 ex
3014 3680 3130 3739 hac
3187 3680 3472 3738 oratione
3547 3676 3759 3753 colligi

342 3762 590 3839 potest,
669 3754 851 3839 quod
894 3774 1110 3839 eorum
1166 3757 1495 3839 sententia;
1564 3760 1793 3819 faveat.
1874 3764 1960 3820 Ac
2036 3762 2239 3839 primo
2294 3763 2570 3837 quidem,
2634 3760 2912 3837 quandiu
2974 3760 3310 3836 Gregorius
3368 3758 3576 3818 senior
3633 3759 3760 3815 Na-

346 3838 655 3919 zianzena:
706 3836 1007 3919 Ecclesiae
1065 3855 1277 3897 curam
1341 3838 1567 3916 gessit,
1647 3841 1889 3900 nullum
1948 3836 2225 3919 unquam
2286 3836 2402 3900 fuit
2456 3836 2781 3900 dissidium
2848 3841 3009 3898 inter
3068 3839 3436 3917 Gregorium
3514 3843 3758 3919 patrem

346 3922 407 3977 et
464 3917 829 3999 Gregorium
872 3917 1126 3999 Atilium,
1208 3937 1279 3977 ac
1348 3920 1611 3997 proinde
1667 3921 1842 3981 nulla
1900 3916 2423 3981 reconciliationis
2481 3921 2817 3981 necessitas
2874 3920 3024 3996 fingi
3086 3916 3313 3999 potest.
3372 3919 3651 3990 Deinde,
3712 3916 3764 3975 si

346 3996 516 4079 quod
575 3998 811 4079 exstitit
868 3997 1031 4056 inter
1086 3996 1424 4077 utrumque
1483 4002 1852 4079 Gregorium
1914 4009 1976 4061 et
2032 4001 2374 4062 monachos
2434 4007 2771 4073 certamen,
2836 4000 2991 4060 illud
3060 3996 3104 4058 (ἱ
3135 4001 3209 4060 ad
3271 4000 3455 4059 ﬁdem
3507 4020 3567 4071 ι),
3634 4016 3765 4079 non

353 4076 509 4161 «ad
571 4076 853 4161 ordinem
912 4076 1425 4161 etudisciplinam
1488 4076 1657 4161 (66),
1714 4106 1741 4135 ι)
1826 4084 1902 4142 de
1962 4084 2190 4161 quibus
2248 4082 2347 4142 hic
2405 4088 2647 4141 tantum
2709 4082 2953 4160 agitur,
3033 4081 3412 4161 pertinebat.
3470 4078 3764 4161 Nondum

349 4158 539 4240 etiam
592 4158 688 4215 his
742 4159 1154 4236 temporibus,
1208 4162 1497 4221 Nazianzi
1558 4158 1633 4222 ait
1693 4163 1752 4221 id
1814 4158 2183 4223 temeritatis
2243 4170 2304 4222 et
2361 4158 3087 4240 arrogantise'venerant
3138 4160 3434 4229 haeretici,
3470 4165 3541 4218 ut
3569 4158 3769 4218 Theo-

353 4239 498 4320 lego
559 4255 720 4320 Opus
778 4239 1006 4320 fuerit,
1076 4241 1154 4299 ad
1214 4243 1670 4303 retundendam
1728 4245 1981 4305 illorum
2040 4245 2410 4317 audaciam,
2474 4239 2579 4303 eOs
2632 4251 2761 4303 tam
2820 4244 3048 4302 acriter
3105 4248 3355 4320 tamque
3411 4243 3772 4320 frequenter

355 4318 1276 4404 iisdem_d_e_rebusnarguere
1333 4330 1394 4382 et
1448 4323 1766 4397 insectari,
1824 4343 1897 4386 ac
1954 4326 2211 4404 insuper
2268 4326 2355 4385 uti
2418 4348 2444 4379 α
2491 4325 2663 4384 duris
2720 4324 3146 4400 solidisque,»
3197 4318 3271 4382 ut
3312 4322 3592 4399 loquitur
3622 4318 3772 4398 (6'7).

357 4422 386 4453 α
442 4398 521 4490 de
577 4397 883 4490 Trinitate
942 4400 1529 4478 disputationibus;
1581 4428 1609 4462 »
1694 4425 1819 4483 quo
1871 4397 2619 4490 nominetheologicze,
2670 4422 2828 4490 quas
2881 4397 3294 4490 promiserat,
3368 4397 3779 4490 designantur

353 4480 719 4569 orationem.
758 4480 881 4569 Nnec
939 4499 1324 4569 quemquam
1384 4490 1660 4569 moveat,
1716 4480 1890 4563 quod
1948 4487 2037 4547 ait
2091 4480 2452 4569 Theologu's
2508 4487 2653 4565 (68),
2691 4480 2751 4541 ’‹‹
2796 4480 2898 4569 de
2930 4485 3206 4569 benigno
3268 4491 3463 4563 patre,
3499 4483 3781 4569 ejusque

352 4558 725 4643 obsequenti
774 4558 936 4643 filio,
1000 4579 1125 4643 una
1156 4558 1565 4635 sedentibus,
1628 4558 2043 4643 mutuumque
2098 4566 2217 4625 sibi
2273 4558 2715 4627 ornamentum
2775 4558 3206 4634 afferentihus,
3260 4558 3287 4620 ὁ
3348 4563 3516 4642 quod
3552 4558 3781 4622 ’forsan

351 4638 506 4701 Elias
583 4638 946 4717 ceeterisquc
1024 4640 1238 4700 fucum
1316 4643 1483 4703 fecit.
1544 4643 1704 4703 lllud
1782 4638 1991 4717 enim‘,
2069 4651 2139 4704 ut
2217 4666 2292 4705 ex
2368 4645 2550 4704 dictis
2628 4644 3025 4703 manifestum
3087 4653 3220 4717 est,
3304 4638 3384 4703 ad
3444 4649 3781 4718 utrumque

356 4719 726 4802 Gregorium
788 4719 1147 4802 nullatenus
1196 4722 1413 4781 referri
1459 4728 1684 4801 potest.
1742 4725 1985 4797 Merito,
2030 4723 2216 4802 juxta
2266 4724 2760 4797 Tillemontium,
2813 4723 3185 4801 intelligitur
3236 4723 3332 4783 vel
3383 4722 3459 4783 de
3503 4721 3782 4799 quodam

357 4800 685 4883 episcopo,
751 4800 857 4877 qui
900 4799 1353 4883 dissidentium
1417 4799 1702 4882 partibus
1760 4799 2061 4883 praeerat,
2123 4804 2357 4883 quique
2409 4804 2570 4865 forte
2630 4802 2928 4881 Gregorio
2990 4799 3203 4864 nostro
3261 4802 3564 4880 dignitate
3623 4817 3786 4883 prae:

358 4880 588 4964 stabat,
651 4898 836 4957 quem
900 4879 1158 4964 honoris
1214 4877 1437 4956 causa,
1511 4908 1541 4939 «
1598 4877 1841 4962 patrem
1905 4909 1934 4939 »
2016 4877 2317 4964 appellat,
2381 4902 2570 4963 seque
2627 4877 2781 4963 ipse'
2836 4908 2865 4937 ‹‹
2927 4884 3126 4943 ﬁlium
3184 4907 3214 4939 »
3294 4877 3577 4943 nominat
3618 4877 3643 4953 ξ
3687 4877 3791 4939 vel

361 4960 593 5045 potius.
657 4978 729 5045 ac
786 4962 1395 5045 verisimilius,ripse
1451 4960 1807 5043 'I‘hedlogus
1870 4989 1899 5020 «
1940 4960 2124 5045 pater
2164 4990 2192 5021 »
2254 4972 2367 5035 est,
2428 4960 2491 5025 et
2552 4988 2581 5020 «
2616 4960 2783 5025 ﬁlii»
2846 4965 3099 5024 nomine
3159 4964 3697 5045 designatunum
3758 4978 3793 5019 e

363 5040 817 5131 sacerdotibus,
880 5060 1093 5131 quem,
1155 5040 1401 5131 etiamsi
1466 5040 1897 5131 dissidentium
1942 5040 2184 5124 agmen
2243 5045 2789 5124 Constantinopoli
2845 5046 3147 5131 duxisset,
3206 5040 3791 5131 composita_pace,

363 5122 428 5182 in
488 5122 756 5198 gratiam
816 5124 1084 5200 recipit;
1148 5125 1327 5201 cujus
1385 5126 1555 5203 pacis
1612 5133 1683 5186 ut
1740 5127 1928 5186 ﬁdem
1988 5122 2288 5196 facerent,
2354 5146 2624 5197 necesse,
2663 5122 2825 5196 iuit,
2889 5133 2958 5186 ut
3016 5127 3203 5187 ambo
3281 5122 3407 5186 una
3481 5124 3794 5191 sederent,

367 5208 623 5287 mutuas
681 5219 893 5261 coram
956 5205 1545 5287 populodexteras
1595 5206 1977 5285 jungerent,
2040 5214 2227 5287 atque
2287 5228 2411 5268 una
2468 5208 2677 5268 anima
2737 5214 2797 5265 et
2857 5226 2982 5265 uno
3037 5224 3145 5266 ore
3201 5223 3554 5267 sermonem
3613 5219 3796 5282 sepa-

368 5281 555 5341 ratim
617 5287 880 5360 uterque
936 5281 1401 5363 pronuntiaret.

583 5412 805 5493 §ocrat.
845 5416 944 5472 lib.
977 5435 1035 5493 ν,
1067 5435 1116 5475 c.
1148 5421 1201 5475 5.
1728 5486 1734 5491 _
2218 5423 2334 5492 (65)
2366 5420 2655 5489 Bolland.,
2689 5419 2723 5472 9
2754 5419 2911 5487 Maii,
2947 5436 3079 5493 pag.
3114 5421 3237 5477 403.

587 5484 972 5569 9r..xx1n,_n.
1007 5492 1062 5547 3.
1728 5486 1734 5491 ’

1728 5486 1734 5491 1
2367 5484 2752 5569 Qr_._xxm',‘n.
2786 5494 2836 5547 3.

462 5557 553 5636 es)
587 5556 759 5636 una,
790 5576 849 5613 ιι.
882 5560 935 5616 4.
1016 5634 1025 5636 ᾗ

2222 5556 2336 5636 (67)
2374 5566 2539 5633 lbid.,
2572 5556 2751 5619 agili.

462 5629 554 5709 932
588 5628 686 5709 ρι’-
717 5646 878 5709 κκξξξι
912 5648 969 5687 ιι-
1001 5634 1069 5709 4ε
1104 5706 1129 5709 -,

1104 5706 1129 5709 μ
2222 5628 2336 5709 (68)
2372 5628 2541 5707 Ibid.,
2573 5642 2635 5692 ης
2662 5636 2717 5692 5.

449 5700 559 5771 (64)
590 5700 752 5757 Tom.
791 5702 883 5771 IX,
916 5709 1027 5761 art.
1058 5706 1149 5775 57,
1180 5723 1237 5778 p.
1272 5706 1397 5763 436.

692 5830 958 5895 Panos.
1007 5833 1121 5897 Gs.
1168 5833 1418 5902 XXXV.
3420 5831 3501 5897 36
