4110 6420
357 414 511 477 1133

1496 410 1787 476 ORATIO
1834 412 2023 475 XXII.
2058 449 2135 459 -—
2166 412 2267 475 DE
2312 416 2511 476 PACE
2559 412 2635 475 lI.

3616 416 3772 476 1134

357 547 683 619 οἰκουμένης
716 544 861 618 ξένος
894 544 983 599 καὶ
1032 546 1316 617 πάροικος.
1371 546 1548 599 Δεινὸν
1585 543 1640 599 δε
1674 546 1761 599 καὶ
1810 545 1875 599 τὰ
1922 549 2009 599 νῦν

2147 566 2228 602 ιρι·
2258 554 2443 603 totum
2471 548 2668 603 orbem
2701 547 2961 617 hOSpitcs
2988 548 3127 612 sint,
3152 552 3207 601 et
3236 547 3543 618 peregrini.
3571 547 3779 602 Gravia

357 635 611 712 δρώμενά
684 657 743 690 τε
814 636 904 689 καὶ
986 636 1327 707 ἀκουόμενα·
1400 632 1653 709 πατρίδες
1734 635 2018 707 ἀνιστάμε-

355 747 440 779 ναι
474 727 609 798 (79),
646 726 735 777 καὶ
789 722 1048 798 μυριάδες
1098 723 1412 780 πίπτουσα·.
1467 725 1557 778 καὶ
1608 725 1887 796 κάμνουσα
1942 726 2015 797 γῆ

356 819 472 875 τοῖς
505 812 694 886 α’ίμασι
726 814 815 867 καὶ
867 820 985 875 τοῖς
1034 814 1312 885 πτώμασι,
1364 813 1453 867 καὶ
1515 812 1646 875 λαὸς
1681 810 2016 887 ἀλλόγλωσ-

359 925 450 965 σος
484 904 558 965 ὡς
592 903 790 957 οἰκείαν
825 900 1127 978 διατρὲχων
1161 904 1259 971 τὴν
1294 902 1609 978 ἀλλοτρίαν’
1647 901 1709 957 ού
1759 900 1828 955 δι’
1857 902 2016 957 ἀναν-

358 990 509 1068 δρίαν
566 997 673 1046 τῶν
732 993 1177 1068 προμαχομὲνων
1216 992 1593 1068 κατηγορείτω
1626 989 1817 1064 μηδείς
1849 1010 1859 1021 ·
1925 990 2016 1045 οὗ·

354 1102 439 1136 τοι
498 1081 601 1157 γάρ
634 1081 764 1136 εἰσιν
813 1082 864 1136 οἰ
920 1080 1118 1157 μικροῦ
1168 1087 1341 1136 πᾶσαν
1392 1084 1493 1151 τήν
1550 1082 1873 1153 οἷ’κουμὲνην
1909 1103 2014 1136 πα-

360 1169 793 1246 ραστησάμενοι·
855 1170 1003 1226 ἀλλὰ
1054 1168 1140 1225 διὰ
1186 1172 1284 1239 τὴν
1337 1170 1606 1245 ἡμετέραν
1656 1170 1872 1241 κακίαν,
1929 1170 2016 1224 καὶ

355 1262 454 1329 τήν
506 1259 893 1334 ἐπικρατοῦσαν
943 1261 1080 1315 κατὰ
1126 1266 1228 1329 τῆς
1282 1258 1510 1335 Τριάδος
1562 1255 1825 1316 ἀσέϐειαν.
1864 1260 2020 1314 Δεινά

359 1354 547 1416 ταῦτα,
606 1349 695 1402 καὶ
752 1349 890 1424 πὲρα
941 1346 1147 1405 δεινῶν.
1194 1348 1284 1409 Τίς
1328 1347 1539 1422 ἀντερεῖ
1583 1353 1690 1402 τῶν
1737 1348 2016 1423 συμφοράς

360 1434 671 1510 δοκιμάζειν
721 1436 942 1491 εἰδότων
989 1437 1039 1510 ἐξ
1093 1434 1165 1491 ὧν
1217 1436 1565 1507 πεπόνθασιν,
1626 1438 1660 1506 ἣ
1711 1436 2019 1509 συμπεπόν-

359 1528 546 1595 θασιν;
580 1525 734 1583 Ἀλλ’
785 1526 939 1581 οὕπω
985 1531 1247 1582 τοσοῦτον
1299 1523 1477 1595 οὐδὲν,
1526 1524 1648 1579 ὅσον
1708 1524 1897 1600 εἰρήνη
1941 1523 2021 1579 δε-

362 1613 661 1691 διωγμένη,
695 1616 784 1670 καί
816 1620 851 1685 ἡ
883 1623 985 1685 τῆς
1030 1615 1360 1685 Ἐκκλησίας
1410 1615 1700 1690 εὐπρέπεια
1756 1635 2019 1690 περιῃρη-

367 1706 531 1777 μένη,
588 1704 675 1760 καί
733 1706 794 1759 τὸ
853 1704 1085 1760 παλαιὸν
1127 1705 1343 1777 ἀξιωμα
1393 1702 1871 1774 καταλελυμένον⁶
1931 1703 2019 1757 καὶ

363 1794 508 1868 παρά
536 1799 792 1848 τοσοῦτον
832 1796 865 1863 ἡ
924 1795 1069 1863 τάξις
1120 1794 1588 1868 ἀντεστραμμένη,
1639 1791 1777 1846 ὣστε
1827 1791 2022 1867 πρότε-

367 1903 458 1959 ρον
496 1882 588 1956 μὲν
623 1882 672 1955 ἐξ
706 1882 764 1937 οὐ
794 1881 933 1937 λαοῦ
966 1881 1122 1951 λαὸς,
1155 1882 1244 1937 καί
1279 1882 1330 1952 ἐξ
1362 1881 1461 1936 οὐκ
1492 1878 1676 1945 ἔθνους
1732 1880 1885 1943 ἔθνος
1934 1902 2022 1956 γε-

364 1970 595 2046 γόναμεν
622 1990 633 2001 ·
669 1976 755 2025 νῦν
805 1968 862 2025 δὲ
906 1969 1288 2043 κινδυνεύομεν
1333 1970 1391 2024 ἐκ
1439 1970 1575 2025 λαοῦ
1631 1969 1887 2044 μεγίστου
1936 1969 2026 2024 καὶ

363 2056 570 2126 ἵθνους,
602 2059 677 2121 εἰς
711 2059 771 2113 ού
806 2058 936 2115 λαὸν
970 2059 1135 2113 πάλιν
1183 2060 1272 2113 καὶ
1324 2058 1424 2113 οὐκ
1471 2058 1621 2120 ἔθνος
1683 2058 2022 2121 ὲναλυθὲντες

364 2148 627 2224 γενὶσθαι,
662 2148 735 2210 ὡς
767 2150 828 2203 τὸ
859 2148 951 2202 ἀπ’
983 2149 1186 2224 ἀρχῆς,
1212 2147 1300 2202 ὅτε
1335 2148 1433 2202 οὐκ
1462 2148 1630 2222 ἧρξας
1679 2149 1859 2220 ἡμῶν,
1911 2145 2025 2203 οὐδ’

366 2237 443 2299 εἰς
472 2234 526 2293 ἓν
561 2234 737 2310 ὄνομα
766 2239 855 2291 καὶ
879 2238 1059 2313 τάγμα
1090 2234 1549 2310 συνεληλύθειμεν
1584 2239 1718 2310 (80).

2056 1931 2102 1995 Β

2125 644 2266 691 sunt
2298 638 2559 707 insuper,
2583 654 2709 707 qua:
2746 654 2901 691 nunc
2937 643 2995 691 et
3034 652 3350 702 cernimus,
3374 644 3431 690 et
3459 637 3775 691 audimus:

2127 727 2324 797 patriae
2374 726 2640 781 funditus
2689 743 2924 795 eversas,
2958 726 3420 780 innumerabiles
3468 727 3646 797 cepite
3680 742 3779 780 ca-

2128 814 2353 885 dentes,
2415 820 2570 869 terra
2625 816 2909 883 sanguine
2967 822 3022 869 et
3080 815 3461 869 cadaveribus
3523 822 3779 885 gravata,

2127 908 2323 958 extera
2355 906 2513 958 natio
2545 904 2785 959 alteram
2828 904 3123 975 regionem
3156 904 3313 958 velut
3345 921 3513 958 suam
3547 920 3781 974 percur-

2128 1009 2267 1047 sans
2300 1009 2365 1047 ac
2399 991 2719 1064 populans;
2755 1010 2869 1047 non
2901 1010 3029 1047 eam
3065 994 3379 1063 quisquam
3409 991 3482 1047 ob
3516 992 3782 1046 defenso-

2130 1099 2259 1136 rum
2294 1081 2586 1152 ignaviam
2629 1081 2974 1136 criminetur
3009 1098 3021 1136 :
3058 1098 3192 1135 nam
3226 1080 3306 1134 illi
3346 1080 3455 1150 ipsi
3488 1084 3652 1147 sunt,
3683 1078 3783 1151 qui

2129 1170 2466 1226 universum
2500 1188 2646 1242 pene
2667 1178 2956 1226 terrarum
2990 1172 3189 1225 orbem
3218 1169 3370 1225 bello
3396 1175 3573 1239 atque
3603 1169 3785 1224 armis

2129 1260 2526 1329 subegerunt:
2562 1259 2662 1314 sed
2695 1260 2767 1314 ob
2798 1259 3237 1330 improbitatem
3272 1262 3559 1323 nostram,
3585 1258 3785 1329 vigen-

2129 1352 2363 1419 temque
2386 1349 2668 1404 adversus
2692 1348 3038 1402 Trinitatem
3073 1346 3457 1418 impietatem.
3483 1346 3633 1400 Sunt
3662 1346 3784 1401 haec

2130 1455 2270 1493 sane
2302 1438 2520 1509 gravia,
2545 1444 2602 1492 et
2631 1438 2763 1508 plus
2795 1453 2974 1507 quam
3006 1436 3223 1508 gravia.
3244 1435 3384 1501 Quis
3414 1451 3616 1491 eorum
3650 1434 3783 1490 inti-

2130 1526 2249 1582 cias
2280 1528 2470 1593 iverit,
2504 1527 2605 1601 qui
2640 1544 2707 1581 ex
2736 1527 2849 1591 his,
2884 1542 3009 1597 quae
3044 1525 3129 1579 vel
3161 1525 3273 1596 ipsi
3310 1524 3491 1595 passi,
3522 1523 3610 1579 vel
3655 1523 3785 1579 aliis

2130 1616 2425 1687 compassi
2469 1620 2629 1681 sunt,
2660 1614 3025 1670 calamitates
3069 1615 3361 1669 astimare
3392 1614 3647 1668 norunt?
3675 1613 3784 1667 Sed

2133 1704 2278 1759 nihil
2312 1706 2552 1775 perinde
2574 1722 2746 1776 grave
2770 1710 2945 1774 atque
2970 1704 3243 1759 acerbum
3268 1708 3377 1768 est,
3401 1707 3464 1757 ut
3486 1719 3596 1773 pax
3618 1702 3789 1773 pulsa

2132 1801 2188 1849 et
2218 1795 2439 1865 fugata,
2464 1801 2519 1848 et
2541 1793 2798 1848 Ecclesia
2821 1794 3026 1847 decore
3057 1810 3162 1847 suo
3189 1792 3459 1863 spoliata,
3483 1791 3789 1862 priscaque

2134 1882 2389 1953 dignitas
2422 1887 2479 1937 et
2518 1882 2846 1953 amplitudo
2898 1882 3131 1937 sublata
3160 1885 3216 1936 et
3248 1882 3563 1947 exstincta;
3616 1884 3790 1951 atque

2136 1972 2280 2027 adeo
2338 1972 2569 2026 inversa
2618 1972 2840 2026 ordinis
2874 1972 3044 2038 ratio,
3080 1974 3144 2024 ut
3192 1970 3290 2041 qui
3342 1970 3504 2041 prius
3552 1986 3621 2024 ex
3673 1985 3788 2024 non

2134 2061 2348 2132 populo
2379 2060 2655 2132 populus,
2687 2066 2745 2116 et
2774 2078 2842 2115 ex
2887 2077 3002 2115 non
3051 2064 3220 2132 gente
3250 2076 3394 2130 gens
3428 2058 3560 2112 facti
3593 2058 3787 2112 fuera-

2136 2167 2289 2217 mus,
2325 2167 2481 2204 nunc
2527 2150 2586 2204 in
2618 2165 2683 2204 eo
2728 2148 2987 2220 periculo
3020 2164 3341 2214 versemur,
3378 2152 3442 2203 ut
3470 2147 3787 2203 verendum

2135 2240 2232 2307 sit,
2264 2256 2335 2293 ne
2367 2255 2434 2293 ex
2464 2238 2678 2311 pepulo
2711 2238 2963 2293 maxime
2994 2242 3051 2293 et
3080 2235 3341 2309 gente,in
3367 2253 3481 2291 non
3505 2235 3789 2308 populum

368 2332 425 2383 et
456 2345 569 2383 non
603 2334 837 2399 gentem
890 2328 1246 2400 redigamur,
1278 2332 1455 2399 atque
1496 2328 1553 2382 in
1586 2334 1837 2382 veterem
1887 2326 2053 2381 illum
2106 2334 2327 2383 statum
2377 2330 2709 2395 redeamus,
2742 2328 2800 2382 in
2834 2344 2949 2399 quo
2979 2343 3236 2396 eramus,
3269 2342 3404 2381 cum
3457 2326 3626 2380 nobis
3676 2340 3791 2380 non

369 2416 710 2488 imperares,
744 2421 920 2487 atque
951 2416 1009 2470 in
1043 2434 1227 2472 unum
1260 2433 1472 2471 nomen
1505 2422 1561 2471 et
1591 2416 1836 2471 classem
1870 2432 2047 2470 unam
2080 2419 2578 2472 convenissemus.

442 2505 491 2558 1"
572 2504 663 2557 K‘
723 2498 748 2519 ”
1029 2501 1052 2519 ‘
1124 2503 1176 2536 ρ’
1315 2503 1367 2523 ιν

500 2549 512 2560 .
613 2524 667 2557 αι
720 2523 889 2564 οντως
935 2516 1229 2558 κινουνιυει
1303 2525 1398 2579 ραν
1472 2503 1606 2558 εἶναι
1688 2501 2017 2579 δυσπραγίαν

370 2591 692 2666 ἰνεγκεῖν,ἣ
749 2591 1035 2667 εὐπραγίαν
1089 2594 1200 2665 (81)
1252 2589 1647 2655 διασώσασθαι’
1714 2592 1879 2646 ὁπότε
1934 2591 2024 2645 καὶ

370 2684 557 2754 ἡμεῖς,
588 2680 745 2750 ἡνίκα
776 2679 1216 2753 ἐπολεμούμεθα,
1246 2682 1359 2743 τοῖς
1412 2678 1681 2755 διωγμοῖς
1734 2680 2025 2754 ῥιυσθὲντες

371 2770 461 2823 καὶ
495 2768 867 2844 συναχθέντες,
902 2770 1063 2839 ἡνίκα
1112 2772 1485 2844 συνήχθημεν,
1537 2766 1885 2841 διελύθημεν.
1938 2768 2027 2829 Τίς

370 2858 472 2932 γάρ
504 2858 603 2912 οὐκ
633 2857 690 2911 ἂν
748 2856 1000 2933 ὀδύραιτο
1060 2856 1115 2913 εὖ
1174 2864 1386 2936 φρονῶν
1433 2859 1500 2913 τά
1530 2853 1802 2933 παρόντα,
1839 2856 1938 2919 Τίς
1971 2855 2028 2911 δὲ

374 2942 540 3020 λόγον
601 2946 813 3019 εὑρήσει
860 2951 929 3020 τῇ
981 2954 1238 3024 συμφορᾷ
1300 2948 1739 3022 παρισούμενον;
1818 2948 2026 3021 Λῃστάς

378 3034 472 3106 μὶν
531 3033 845 3108 εἰρηνεύειν,
906 3034 998 3097 οὕς
1047 3037 1207 3090 κακία
1266 3035 1540 3106 συνέδησε,
1604 3037 1692 3091 καὶ
1751 3036 1880 3098 τοὺς
1936 3058 2028 3089 τυ-

377 3119 575 3197 ραννίδι
633 3123 1113 3197 συντεταγμένους,
1161 3122 1197 3193 ἤ
1249 3138 1458 3200 κλοπῃς
1496 3126 1813 3199 κοινωνοὺς,
1838 3127 1872 3194 ἦ
1908 3124 2030 3179 στά-

376 3231 530 3277 σεως,
592 3210 928 3283 συνωμότας,
980 3213 1014 3281 ἢ
1074 3213 1323 3289 μοιχείας
1373 3214 1786 3291 στλλήπτορας,
1838 3210 1915 3268 ἔτι
1976 3211 2033 3268 δὲ

376 3304 565 3375 χορῶν
628 3303 963 3373 συστήματα,
1016 3304 1106 3356 καὶ
1161 3302 1401 3379 σορατῷν
1449 3306 1721 3379 τάγματα,
1765 3303 1854 3358 καὶ
1886 3307 2029 3372 νηῶν

379 3386 733 3462 πληρώματα
789 3392 939 3467 (82)*
1002 3390 1073 3445 ὲῶ
1122 3392 1225 3467 γάρ
1286 3391 1460 3466 λέγειν
1517 3391 1758 3467 κλήρους
1816 3391 1865 3464 ἐξ
1920 3390 2035 3445 ἴσου

381 3475 817 3554 διαιρουμένους,
876 3466 966 3533 καὶ
1027 3480 1305 3543 πολιτείας
1357 3482 1678 3550 ἀντιθέτους,
1730 3482 1819 3536 καὶ
1852 3480 2036 3535 διαδο-

380 3569 483 3642 χάς
520 3566 872 3641 λειτουργιῶν
904 3567 991 3621 καί
1024 3568 1211 3642 ἀρχῶν
1244 3572 1377 3641 (83),
1420 3570 1562 3639 τάξει
1605 3569 1900 3641 προϊούσας
1946 3570 2035 3623 καὶ

382 3658 557 3728 νόμῳ,
612 3656 699 3710 καὶ
746 3656 845 3724 τὴν
902 3655 1291 3728 πολυύμνητον
1348 3655 1413 3725 δὴ
1463 3659 1664 3727 ταύτην
1693 3659 2033 3735 σοφιστικὴν,

382 3749 415 3815 ἢ
445 3747 857 3822 γραμματικὴν,
885 3744 973 3800 ’ίνα
1016 3747 1091 3818 μὴ
1136 3745 1283 3821 λέγω
1324 3746 1738 3825 φιλοσοσοφίαν,
1790 3748 1913 3823 περί
1970 3746 2036 3815 ἦν

382 3839 516 3891 νεων
569 3834 859 3913 φιλοτιμία
918 3834 1089 3906 λυσσᾷ
1142 3857 1202 3890 τε
1250 3835 1337 3890 καί
1391 3835 1633 3909 μέμηνε’
1686 3836 1884 3906 ταύτην
1940 3837 2032 3909 μὶν

385 3926 513 4001 ὀρᾷν
579 3923 745 3999 ὀλίγα
805 3926 900 3997 μὲν
960 3926 1366 3995 στασιάζουσαν,
1423 3926 1490 3979 τά
1544 3923 1721 3980 πλείω
1780 3923 1838 3980 δὲ
1894 3926 2039 3999 εἰρη-

383 4014 632 4069 νεύουσαν
662 4033 673 4044 ·
724 4016 873 4085 ἡμᾶς
922 4011 979 4067 δὲ
1034 4013 1352 4075 ἀσυνθέτους
1412 4015 1545 4068 εἶναι
1575 4016 1663 4069 καὶ
1693 4012 2037 4084 ἀσυνδέτους,

384 4103 475 4158 καὶ
538 4104 751 4175 μήποτε
811 4101 1062 4157 δύνασθαι
1115 4102 1193 4165 εἰς
1242 4104 1432 4157 ταυτὸν
1468 4101 1670 4175 ἐλθεῖν,
1728 4101 1867 4176 μηδέ
1921 4125 2041 4159 τινα

388 4192 550 4267 λόγον
610 4198 837 4269 φανῆναι
896 4199 996 4261 τῆς
1050 4192 1211 4247 νόσου
1265 4191 1467 4259 ταύτης
1508 4194 1862 4268 θεραπευτὴν,
1917 4192 2041 4249 ἀλλ’

390 4280 569 4355 ὣσπερ
630 4279 823 4342 κακίας
887 4281 1279 4358 μυσταγωγοὺς
1335 4282 1425 4336 καί
1487 4281 1689 4355 μύστας
1741 4278 1913 4351 ὄντας,
1948 4282 2047 4338 οὐκ

390 4370 608 4446 ἀρετῆς,
640 4368 828 4424 πολλὰ
863 4371 958 4442 μὶν
992 4374 1261 4426 ποιεῖσθαι
1290 4372 1357 4426 τὰ
1383 4378 1483 4441 τῆς
1524 4369 1854 4435 διαστάσεως
1886 4373 2046 4427 ὑπεκ-

387 4458 659 4532 καύματα,
694 4459 863 4533 μικρά
903 4456 982 4525 δὶ,
1014 4461 1048 4527 ἢ
1088 4458 1351 4532 μηδόλως
1381 4466 1483 4528 τῆς
1519 4461 1779 4531 ὁηονοίας
1829 4459 2048 4537 φροντί-

392 4552 497 4616 ζειν
526 4547 658 4620 (84).
721 4544 903 4599 Καίτοι
961 4546 1171 4600 τούτων
1236 4547 1328 4619 μὲν
1364 4548 1783 4617 στασιαζόντων,
1843 4548 1941 4603 οὐκ
1972 4549 2049 4611 εἰς

2209 2506 2300 2561 ΙΙΙ.
2333 2509 2411 2561 Ac
2441 2508 2694 2577 profecto
2740 2505 2971 2561 facilius
3022 2522 3152 2560 esse
3199 2504 3431 2559 videtur
3485 2504 3793 2558 adversam

2137 2595 2434 2650 fortunam
2459 2595 2810 2666 ferre,quam
2835 2596 3155 2650 secundam
3179 2608 3522 2650 conservare
3544 2611 3556 2647 :
3576 2593 3795 2662 quippe

2138 2700 2269 2739 cum
2329 2702 2435 2739 nos
2491 2684 2689 2751 etiam,
2724 2684 2847 2755 qui,
2880 2700 3014 2738 cum
3066 2683 3215 2738 bello
3265 2697 3688 2753 premeremur,
3724 2696 3795 2735 ex

2139 2774 2642 2844 persecutionibus
2701 2775 2879 2827 robur
2938 2772 3441 2843 comparavimus,
3496 2775 3672 2841 atque
3732 2770 3791 2823 in

2139 2879 2323 2918 unum
2374 2862 2599 2917 collecti
2644 2880 2875 2927 sumus,
2906 2862 3105 2927 iidem,
3139 2865 3523 2931 posteaquam
3568 2857 3794 2914 collecti

2140 2971 2367 3021 sumus,
2402 2952 2768 3006 difﬂuximus
2822 2968 2888 3005 ac
2941 2950 3153 3022 dilapsi
3187 2966 3413 3005 sumus.
3448 2948 3587 3011 Quis
3634 2946 3792 3002 enim

2141 3042 2313 3096 modo
2346 3058 2500 3095 sanae
2534 3039 2766 3106 mentis,
2802 3046 3145 3111 praesentem
3190 3054 3385 3093 rerum
3418 3042 3641 3091 statum
3676 3050 3792 3089 non

2141 3129 2442 3201 deplorat?
2471 3130 2613 3192 Quis
2662 3145 2992 3184 sermonem
3043 3127 3179 3183 huic
3221 3125 3543 3182 calamitati
3596 3139 3796 3195 parem

2145 3218 2404 3274 invenire
2433 3219 2649 3291 queat?
2673 3219 2881 3273 Pacem
2906 3219 3102 3273 colunt
3131 3216 3411 3282 latrones,
3433 3232 3583 3286 quos
3604 3212 3798 3268 scelus

2148 3309 2301 3363 inter
2332 3326 2392 3363 se
2423 3308 2697 3375 devinxit,
2721 3313 2775 3362 et
2806 3307 3135 3379 tyrannidis
3167 3306 3329 3371 socii,
3363 3310 3465 3359 aut
3498 3302 3630 3358 furti
3664 3318 3799 3357 con-

2147 3405 2354 3462 sortes,
2387 3402 2487 3452 aut
2527 3398 2595 3451 ad
2643 3398 2990 3452 seditionem
3036 3395 3349 3466 conjurati,
3381 3397 3482 3447 aut
3528 3388 3801 3445 adulterii

2148 3486 2480 3557 participes,
2533 3491 2709 3555 atque
2757 3486 2998 3554 insuper
3044 3485 3355 3538 chororum
3407 3480 3700 3543 sodalitia,
3744 3482 3802 3533 et

2146 3575 2505 3628 exercituum
2533 3574 2791 3635 ordines,
2812 3579 2867 3625 et
2890 3572 2983 3641 qui
3007 3572 3253 3625 navibus
3276 3570 3600 3634 vehuntur;
3629 3565 3798 3621 mitto

2145 3662 2301 3715 enim
2336 3662 2524 3716 dicere
2563 3661 2929 3714 haereditates
2977 3678 3044 3714 ex
3092 3676 3259 3729 aequo
3292 3658 3530 3727 divisas,
3565 3661 3622 3710 et
3654 3672 3796 3710 con-

2146 3751 2357 3804 trarias
2390 3749 2447 3802 in
2483 3749 2656 3803 rebus
2687 3748 2937 3820 publicis
2969 3748 3238 3819 gerendis
3270 3746 3546 3811 rationes,
3577 3748 3635 3799 et
3666 3743 3798 3798 civi-

2144 3838 2291 3893 lium
2327 3855 2638 3892 munerum
2694 3838 3115 3906 successiones,
3150 3842 3206 3891 et
3238 3835 3621 3905 magistratus
3672 3834 3797 3903 lege

2146 3934 2323 3999 atque
2352 3927 2553 3981 ordine
2585 3928 3054 3997 progredientes;
3090 3932 3259 3996 atque
3292 3926 3433 3980 adeo
3465 3921 3796 3978 celebratis-

2148 4018 2359 4071 simam
2386 4015 2535 4069 hanc
2552 4015 2909 4087 sophisticen
2935 4022 3035 4070 aut
3055 4013 3500 4086 grammaticen,
3518 4029 3588 4065 ne
3605 4012 3797 4065 dicam

2151 4103 2604 4175 philosophiam,
2650 4104 2711 4158 in
2763 4122 2939 4174 quam
2998 4104 3206 4159 insano
3256 4102 3510 4174 quodam
3575 4100 3800 4169 impetu

2153 4196 2306 4250 416
2332 4196 2615 4263 juvenum
2647 4194 2889 4248 ambitio
2924 4194 3083 4262 furit,
3142 4210 3319 4263 quam
3352 4197 3549 4246 tamen
3593 4205 3802 4260 parum

2156 4284 2471 4339 admodum
2520 4282 2783 4338 dissidiis
2831 4284 3133 4354 agitatam,
3180 4281 3301 4336 imo
3362 4284 3425 4334 ut
3482 4278 3804 4350 plurimum

2158 4372 2416 4443 quietam
2458 4376 2515 4427 et
2563 4379 2825 4443 pacatam
2876 4372 3176 4439 videmus;
3229 4387 3335 4425 nos
3395 4373 3591 4423 autem
3650 4364 3809 4421 nullo

2158 4462 2480 4519 concordiae
2532 4464 2744 4518 foedere
2792 4480 2857 4518 ac
2906 4462 3136 4518 vinculo
3167 4458 3512 4531 constringi,
3544 4474 3649 4512 nec
3698 4470 3813 4509 un-

2162 4568 2338 4621 quam
2374 4551 2430 4604 in
2466 4567 2649 4605 unum
2691 4551 2843 4606 coire
2886 4568 3226 4621 possumus,
3252 4567 3358 4605 nec
3390 4548 3538 4603 ratio
3569 4545 3687 4601 ulla
3718 4560 3813 4598 ex-

396 4635 535 4711 μέγα
564 4638 598 4705 ἡ
633 4635 813 4695 στάσις
844 4632 992 4711 φέρει
1012 4651 1025 4665 ⁸
1060 4633 1207 4696 τίνάς
1236 4656 1295 4688 τε
1314 4636 1403 4689 καὶ
1426 4638 1725 4705 στασιάζειν
1750 4638 1783 4704 ἦ
1812 4657 2028 4714 συμφρο

2165 4644 2301 4703 stat,
2328 4654 2453 4707 qua:
2483 4638 2621 4693 huic
2651 4640 2854 4693 morbo
2884 4640 3215 4703 medeatur;
3240 4638 3380 4706 quin
3407 4630 3815 4705 potius,quasi

391 4731 495 4792 νεῖν
526 4726 745 4797 ἄμεινον
768 4743 781 4755 ⁸
813 4726 909 4785 τὰς
939 4725 1039 4799 γὰρ
1074 4722 1161 4777 ἐπὶ
1194 4727 1344 4795 κακῷ
1373 4744 1647 4785 συστασεις
1694 4724 1776 4785 τίς
1809 4723 1867 4778 ἂν
1903 4724 2053 4779 ἐπαι-

393 4815 591 4869 νέσειεν
626 4813 681 4867 εὖ
714 4817 927 4890 φρονῶν
954 4830 967 4881 ;

2162 4727 2306 4795 vitii,
2355 4742 2469 4780 non
2523 4727 2780 4791 virtutis,
2812 4727 3080 4781 doctores
3130 4741 3195 4779 ac
3249 4722 3545 4793 discipuli,
3597 4720 3814 4775 multos

2162 4815 2399 4885 quidem
2450 4815 2755 4869 discordiae
2805 4814 3094 4885 igniculos
3145 4812 3518 4883 eubjicimus,
3574 4823 3813 4879 parvam

397 4910 618 4968 autem,
650 4904 767 4959 imo
800 4902 1023 4958 nullam
1065 4904 1302 4959 omnino
1350 4903 1679 4959 concordia:
1726 4920 1929 4959 curam
1977 4903 2258 4977 gerimus.
2293 4908 2360 4957 Et
2387 4910 2541 4958 certe
2573 4902 2807 4959 illorum
2853 4903 3255 4959 contentiones
3303 4906 3361 4955 et
3404 4898 3651 4954 dissidia
3699 4912 3817 4951 non

400 4992 653 5047 multum
684 4991 1043 5048 incommodi
1094 5008 1293 5048 secum
1326 4991 1546 5046 vehunt
1580 5008 1591 5046 :
1628 4992 1747 5047 imo
1796 4992 1971 5049 etiam
2004 4993 2294 5064 quosdam
2340 4991 2645 5059 dissidere,
2680 5009 2858 5063 quam
2890 4995 3043 5048 inter
3072 5008 3135 5047 se
3165 4990 3497 5046 consentire
3545 4990 3818 5059 praestat;

398 5082 533 5153 quis
563 5081 743 5149 enim,
778 5081 891 5138 nisi
923 5082 1138 5136 mentis
1164 5097 1390 5153 expers,
1424 5081 1481 5135 in
1518 5081 1743 5138 malum
1774 5081 1949 5138 initas
1980 5082 2446 5152 conspirationes
2476 5082 2918 5154 ccmprobarit?

474 5328 585 5405 _(79)
633 5326 1032 5405 ’Λνιστάμεναι,
1081 5327 1274 5385 Schol.
1314 5344 1327 5382 :
1375 5325 1689 5384 Ἀνάστατοι
1748 5328 2058 5405 γενόμεναι,

400 5397 489 5452 καί
512 5397 726 5473 ,πορθού
737 5397 911 5473 μεναι..

474 5468 1114 5544 (80)”Ευνεληλύθειμεν.
1148 5470 1243 5527 Sic
1293 5470 1434 5544 Reg.
1468 5471 1569 5538 hu,
1602 5471 1697 5527 ΟΡ.
1742 5473 1793 5537 1,
1835 5477 1944 5530 etc.
1994 5475 2057 5530 In

402 5546 495 5598 ed.
509 5585 522 5607 ,
557 5562 647 5615 συν
657 5541 1025 5615 εληλύθαμεν.

2175 5332 2305 5399 bus,
2333 5330 2501 5417 >3‘vel,
2526 5354 2553 5380 ‹‹
2587 5333 2916 5389 vectoribus
2964 5334 3246 5417 plenas,»
3290 5334 3600 5407 Significat
3645 5336 3822 5391 etiam

2172 5424 2226 5529 ‹‹ι
2258 5402 2523 5474 publicas
2583 5420 2756 5461 naves
2817 5402 2983 5461 omni
3037 5402 3616 5479 hominum'genere
3674 5424 3821 5463 onu-

2172 5492 2198 5529 s
2229 5492 2313 5529 as.
2347 5496 2374 5523 »

2170 5492 2313 5530 stas.
2347 5496 2374 5523 ))

2242 5546 2360 5631 (83)
2392 5544 2632 5632 ’A'prbv.
2664 5546 2760 5602 Sic
2813 5547 2953 5621 Reg.
2987 5550 3087 5622 hu,
3120 5549 3214 5605 Or.
3262 5551 3310 5616 1,
3362 5554 3421 5605 et
3467 5548 3723 5604 Combef.
3757 5552 3823 5603 In

2316 5635 2511 5690 αρχας-

2240 5660 2733 5768 ξδῶΓέροντίζειν.
2790 5688 2965 5749 Cois].
3026 5696 3051 5749 1
3114 5691 3296 5761 addit,
3361 5687 3671 5768 βούλεσθαι.
3732 5688 3828 5752 Sic

2169 5760 2352 5818 etiam
2385 5760 2627 5837 Hervag.

619 5610 951 5690 Εύ-πραγίαν.
993 5616 1142 5690 _Reg,
1176 5616 1234 5685 b,
1269 5610 1577 5690 εὐπραξίαν.
1612 5614 1751 5687 Reg.
1785 5616 1887 5681 hu,
1919 5635 2055 5688 συμ-
2170 5618 2236 5674 ed

404 5683 540 5761 πραξ
551 5683 647 5761 ίιιινξ
658 5760 671 5761 7
685 5683 932 5761 Manilio.
941 5733 957 5759 ,
989 5683 1154 5761 ἰκκᾶλ
1162 5683 1236 5761 εῖν
1289 5683 1571 5761 εὐπραξίαν
1583 5728 1596 5741 .

478 5758 589 5833 (82)
630 5758 731 5816 Καὶ
786 5756 952 5833 νηῶν
992 5756 1365 5834 πληρώματα.
1393 5756 1447 5809 ’‹‹
1494 5757 1804 5817 Classiaris
1852 5758 2062 5818 militi-
