4110 6442
329 412 482 477 1139

1581 414 1647 475 s.
1696 411 2069 474 saaooan
2115 410 2511 473 THEOLOGI
2564 388 2569 391 ’

3599 412 3766 476 1140

326 549 415 605 bis
446 552 678 621 postero
710 548 803 604 die
835 548 1171 620 objicietur;
1206 552 1381 621 atque
1411 550 1481 604 ad
1513 549 1595 614 id,
1629 548 1785 620 quod
1822 546 2058 618 dicitur,
2092 547 2278 603 hostis
2330 545 2568 614 arridet,
2603 562 2718 602 non
2770 547 2923 619 quod
2958 547 3182 620 probet,
3216 546 3319 603 sed
3351 547 3505 620 quod
3560 563 3765 605 amaro

326 642 521 693 animo
555 639 854 705 recondat,
891 643 953 693 ut
982 639 1325 708 tempestive
1358 640 1638 693 adversus
1668 655 1801 692 eum
1832 636 2054 708 ipsum,
2084 638 2184 709 qui
2219 635 2599 701 concredidit,
2632 636 2793 690 virus
2825 641 3073 691 evomat.

398 728 518 783 VII.
553 728 698 793 Quid
733 728 855 782 han
888 728 1339 793 committimus,
1376 728 1609 791 fratres,
1640 731 1698 781 et
1730 726 1987 796 quandiu

2175 727 2243 782 Z'.
2277 724 2337 779 Τί
2367 729 2533 779 ταῦτα
2565 723 2853 797 πάσχομεν
2894 726 2939 777 ὦ
2986 722 3156 795 οὗτοι,
3207 723 3296 778 καὶ
3351 745 3515 801 μεχρι
3571 725 3762 791 τίνος;

327 817 809 872 committamus?
836 818 1078 882 Quando
1102 819 1172 871 ah
1199 818 1308 872 hac
1331 817 1572 889 crapula
1595 832 1989 888 emergemus,

328 912 428 960 aut
458 907 606 962 hanc
658 906 962 961 oculorum
1018 907 1230 962 lernam
1264 907 1666 971 detrahemus,
1696 910 1873 976 atque
1919 905 1991 958 ad

327 996 591 1051 veritatis
646 995 827 1049 lucem
864 996 1301 1067 suspiciemus?
1331 997 1465 1059 Quae
1496 996 1617 1049 haec
1648 994 1834 1065 caligo
1867 996 1995 1048 est?

331 1083 473 1147 Quis
500 1083 592 1136 hic
626 1088 950 1137 nocturnus
972 1083 1320 1138 conﬂictus?
1344 1086 1477 1149 Quae
1502 1084 1622 1138 haec
1648 1086 1993 1155 tempestas,

334 1172 555 1227 amicos
587 1172 658 1226 ab
704 1172 974 1227 hostibus
1008 1189 1124 1227 non
1161 1173 1610 1228 internoscens?
1639 1178 1753 1227 (.‘ur
1800 1172 1999 1227 vicinis

333 1263 539 1315 nostris
560 1262 912 1332 opprobrium
936 1265 1075 1332 fanti
1094 1279 1303 1326 sumus,
1321 1264 1681 1317 subsannatio
1713 1266 1765 1316 et
1794 1262 1998 1316 derisio

337 1352 441 1416 his,
464 1352 641 1421 quiin
663 1353 903 1406 circuitu
932 1360 1121 1405 noser
1148 1357 1277 1406 sunt
1297 1352 1383 1407 ⁸⁸7
1414 1353 1719 1420 Quodnam
1745 1353 1849 1405 hoc
1877 1356 1999 1405 tam

337 1440 614 1493 obnixum
642 1440 776 1494 mali
804 1441 1110 1495 studium?
1130 1441 1275 1504 Quid
1309 1446 1429 1496 tam
1455 1441 1776 1496 immortali
1804 1440 2002 1495 labore

338 1528 697 1599 fatigamur?
723 1529 861 1601 quid
888 1534 1083 1584 autem
1108 1530 1237 1586 dico
1263 1530 1622 1601 fatigamur?
1643 1530 1761 1584 imo
1782 1547 1848 1585 ex
1873 1530 2002 1600 ipso

338 1617 514 1684 malo,
534 1622 598 1671 ut
628 1618 834 1673 furiosi
871 1618 1080 1685 solent,
1108 1621 1289 1674 robur
1318 1623 1847 1691 comparamus,et,
1870 1634 2001 1672 cum

338 1707 730 1775 absumimur,
755 1709 1121 1780 gaudemus:
1152 1725 1256 1764 nec
1290 1725 1539 1779 usquam
1570 1714 1661 1763 est
1691 1710 1857 1774 ratio,
1896 1723 2000 1761 nec

340 1796 589 1861 amicus,
622 1813 729 1851 nec
761 1797 990 1864 socius;
1027 1815 1132 1853 nec
1173 1798 1441 1853 medicus
1474 1799 1572 1869 qui
1611 1799 1885 1853 morbum
1919 1812 2008 1871 vel

346 1885 794 1941 medicamentis
817 1887 1111 1958 pellat,vel
1135 1892 1430 1959 amputet;
1453 1903 1557 1942 nec
1580 1886 1894 1957 opitulator
1913 1903 2013 1941 an-

347 1974 532 2045 gelus,
553 1990 659 2029 nec
679 1976 860 2044 Deus;
882 1994 1080 2032 verum
1108 1983 1317 2048 praeter
1333 1977 1466 2040 alia,
1484 1976 1583 2031 Dei
1605 1992 1835 2047 quoque
1853 1976 2011 2030 beni-

2103 814 2239 868 Πότε
2273 811 2327 868 δὲ
2359 821 2458 884 τῆς
2494 814 2660 887 μέθης
2692 813 2996 887 ἐκνήψομεν
3032 816 3167 887 (10),
3210 811 3246 881 ἤ
3295 820 3402 869 τῶν
3456 813 3761 891 ὀφθαλμῶν

2102 906 2199 972 τὴν
2235 903 2425 977 λήμην
2457 906 2905 979 περιαιρήσομεν,
2940 903 3030 956 καὶ
3060 904 3195 978 πρὸς
3234 904 3297 957 τὸ
3352 909 3450 971 τῆς
3498 900 3762 973 ἀληθείας

2105 998 2219 1071 φῶς
2251 988 2666 1065 ἀναϐλέψομενς
2729 992 2868 1047 Ποία
2920 992 3253 1064 σκοτόμαινα
3290 997 3493 1061 ταῦτα;
3548 992 3631 1053 τίς
3663 1014 3763 1046 νυ-

2104 1082 2423 1157 κτομαχίαις
2479 1082 2561 1143 τίς
2616 1080 2775 1153 ζάλη,
2828 1079 3003 1158 φίλων
3052 1081 3142 1136 καὶ
3190 1080 3475 1156 πολεμίων
3532 1076 3653 1155 ὄψιν
3702 1080 3768 1135 οὐ

2109 1169 2483 1244 διακρίνουσα;
2547 1169 2696 1224 Διατί
2754 1170 3056 1245 γεγόναμεν
3108 1166 3316 1231 ὄνειδος
3394 1176 3510 1232 τοῖς
3583 1170 3771 1244 γείτο-

2110 1282 2190 1314 σιν
2247 1263 2431 1331 ἡμῶν,
2508 1261 2887 1333 μυκτηρισμός
2944 1261 3032 1314 καὶ
3092 1258 3408 1334 χλευασμὸς
3478 1264 3593 1321 τοῖς
3668 1260 3772 1313 x6-

2109 1348 2229 1422 κλῳ
2260 1352 2419 1420 ἡμῶν
2450 1370 2461 1414 ;
2492 1349 2581 1410 Τίς
2615 1352 2648 1417 ἡ
2682 1347 2972 1426 φιλοτιμία
3000 1353 3096 1403 τοῦ
3126 1352 3296 1404 κακοῦ
3322 1367 3335 1416 ;
3386 1348 3551 1412 Πόθεν
3590 1347 3771 1411 οὕτως

2112 1439 2343 1493 ἀθάνατα
2387 1439 2696 1511 κάμνομεν;
2753 1437 2967 1510 μᾶλλον
3019 1436 3075 1491 δὶ
3122 1435 3246 1492 οὐδὲ
3288 1438 3591 1510 κάμνομεν,
3640 1436 3771 1492 ἀλλ’

2114 1527 2397 1603 ἒρῥώμεθα
2452 1532 2530 1599 τῷ
2573 1530 2746 1599 κακῷ,
2792 1526 3129 1599 μαινομένων
3190 1528 3253 1581 τὸ
3298 1525 3488 1599 πάθος,
3519 1527 3609 1581 καὶ
3640 1523 3773 1596 ἡδό-

2119 1619 2253 1690 μεθα
2283 1614 2681 1687 δαπανώμενοι.
2739 1616 2837 1669 Καὶ
2870 1613 3115 1689 οὐδαμοῦ
3161 1615 3345 1692 λόγος,
3398 1614 3459 1670 οὐ
3491 1614 3670 1694 φίλος,
3704 1615 3771 1670 οὐ

2118 1706 2431 1782 σύμμαχος,
2498 1706 2597 1760 οὐκ
2654 1705 2859 1781 ἰατρὸς,
2917 1703 2953 1774 ἤ
3004 1706 3385 1782 φαρμακεύων,
3424 1702 3459 1773 ἤ
3494 1704 3771 1778 ἐκτέμνων

2116 1797 2178 1850 τὸ
2236 1797 2442 1859 πάθος·
2500 1795 2561 1849 οὐ
2619 1796 2966 1869 παραστάτης
3016 1794 3272 1870 ἄγγελος,
3301 1794 3363 1849 οὐ
3395 1793 3563 1856 Θεός·
3625 1792 3773 1848 ἀλλὰ

2119 1886 2256 1959 πρὸς
2305 1890 2418 1946 τοῖς
2467 1883 2682 1955 ἄλλοις,
2743 1886 2833 1938 καὶ
2892 1886 2991 1953 τὴν
3050 1889 3147 1938 τοῦ
3194 1889 3326 1939 Θεοῦ
3359 1882 3771 1961 φιλανθρωπίαν

2119 1981 2253 2047 ἡμῖν
2304 1975 2485 2035 αὐτοῖς
2539 1973 2954 2047 ἀπεκλείσαμεν.
3012 1976 3127 2028 Ἵνα
3186 1974 3262 2041 τί,
3314 1972 3497 2050 Κύριε,
3529 1972 3773 2050 ἀφέστη-

348 2064 629 2135 gnitatem
652 2065 823 2120 nobis
846 2066 1271 2137 praeclusimus.
1297 2068 1360 2123 Ut
1380 2066 1535 2137 quid,
1558 2068 1811 2133 Domine,
1834 2081 1998 2121 reces-

2122 2086 2217 2126 κας
2298 2063 2603 2139 μακρόθεν;
2682 2062 2772 2117 καὶ
2852 2067 2970 2124 πῶς
3045 2062 3356 2140 ἀποστρέφῃ
3435 2062 3509 2124 είς
3571 2059 3775 2129 τὲλος;

344 2155 467 2208 sisti
515 2154 715 2221 longe?
740 2155 1013 2222 Quomodo
1042 2157 1307 2210 averteris
1345 2157 1405 2209 in
1452 2156 1620 2226 ﬁnem
1640 2155 1727 2208 3°?
1759 2155 2001 2219 Quando

346 2259 453 2297 nos
480 2242 790 2298 visitabis?
835 2246 1102 2311 Quonam
1134 2244 1256 2299 haec
1306 2245 1770 2317 progredientur,
1796 2250 1853 2298 et
1900 2244 1999 2299 ubi

341 2331 711 2387 consistent?
733 2333 1017 2403 Equidem
1041 2350 1264 2402 vereor,
1285 2348 1357 2387 ne
1382 2350 1639 2405 praesens
1662 2350 1857 2389 rerum
1882 2337 2000 2388 sta-

337 2424 436 2475 tus
456 2420 608 2492 ignis
630 2420 792 2477 illius
813 2422 871 2476 in
891 2423 1322 2494 exspectatione
1344 2423 1520 2495 positi
1543 2423 1741 2478 fumus
1758 2422 1999 2493 quidam

336 2509 434 2576 sit,
469 2525 541 2565 ne
572 2509 665 2565 his
712 2511 1112 2567 Antichristus
1167 2513 1562 2585 superveniat,
1590 2512 1743 2568 419
1777 2528 1843 2567 ac
1892 2528 2001 2567 no-

336 2602 491 2654 stros
524 2600 726 2670 lapsus
758 2605 815 2655 et
848 2603 1080 2657 morbos
1111 2602 1167 2655 in
1203 2603 1569 2674 principatus
1617 2603 1709 2657 sui
1743 2601 1999 2657 occasio-

340 2704 473 2743 nem
509 2689 769 2760 arripiat.
797 2690 921 2745 Non
955 2691 1111 2746 enim
1146 2708 1343 2757 sanos,
1374 2696 1438 2746 ut
1468 2690 1695 2763 opinor,
1725 2708 1831 2746 nec
1863 2690 2001 2746 cha-

339 2777 512 2833 ritate
545 2782 743 2850 septos
774 2779 1098 2847 adorietur;
1130 2797 1333 2835 verum
1368 2796 1612 2853 regnum
1645 2779 1705 2834 in
1739 2779 1999 2851 seipsum

338 2866 508 2938 prius
535 2867 714 2922 dividi
741 2873 990 2941 oportet,
1010 2874 1188 2940 atque
1208 2869 1289 2924 ita
1312 2870 1540 2936 fortem,
1562 2885 1713 2937 eam,
1734 2870 1999 2939 inquam,

341 2956 658 3021 rationem,
676 2974 803 3028 quea
836 2958 893 3012 in
920 2958 1089 3013 nobis
1116 2963 1224 3025 est,
1249 2960 1461 3014 tentari
1487 2964 1543 3014 et
1571 2958 1762 3031 ligari,
1786 2975 1852 3013 ac
1874 2963 1999 3014 tum

341 3060 484 3099 vasa
514 3046 687 3118 diripi
715 3047 779 3117 9°,
811 3047 1099 3118 nobisque
1130 3048 1332 3103 eadem
1365 3049 1646 3115 accidere,
1682 3065 1813 3119 qum
1842 3065 2001 3103 nunc

350 3133 500 3188 hosti
536 3138 736 3190 nostro
767 3152 800 3190 a
830 3136 1062 3193 Christo
1092 3138 1354 3193 accidere
1386 3137 1797 3208 perspicimus.

410 3222 559 3279 VIII.
598 3225 816 3281 Idcirco
858 3242 961 3295 ego
1011 3226 1195 3297 ploro,
1229 3227 1311 3280 ait
1338 3227 1624 3281 Jeremias
1656 3228 1713 3281 in
1747 3228 1998 3281 Lamen-

338 3312 664 3367 tationibus
686 3314 750 3383 9‘,
783 3319 961 3386 atque
992 3314 1178 3370 oculis
1210 3314 1357 3370 meis
1387 3314 1779 3387 lacrymarum
1815 3317 2002 3371 fontes

338 3401 474 3456 huic
506 3401 824 3458 calamitati
859 3419 1027 3474 pares
1060 3420 1275 3475 quaero,
1306 3421 1371 3459 ac
1398 3404 1693 3475 sapientes
1726 3404 2001 3460 mulieres

2116 2154 2212 2208 Καὶ
2270 2153 2402 2208 πότε
2464 2153 2765 2222 ἐπισκοπὴν
2823 2152 2975 2222 ήλῶν
3020 2154 3262 2226 ποιήσω
3295 2152 3385 2207 καὶ
3418 2156 3525 2206 ποῦ
3555 2147 3772 2227 προϐή-

2111 2264 2259 2298 σεται
2305 2247 2471 2297 ταῦτα
2519 2241 2623 2297 καῖ
2658 2244 2949 2312 στήσεταις
3002 2239 3227 2295 Δέδοικα
3271 2242 3346 2314 μὴ
3378 2241 3582 2302 καπνὸς
3610 2239 3771 2315 τοῦ

2110 2329 2572 2409 προσδοκωμένου
2604 2331 2775 2407 πυρὸς
2805 2330 2872 2385 τὰ
2899 2330 3162 2406 παρόντα,
3209 2331 3284 2403 μὴ
3315 2330 3533 2391 τούτοις
3567 2330 3593 2383 ὁ
3651 2330 3768 2383 Ἀν-

2109 2422 2389 2499 τίχριστος
2446 2424 2560 2495 (11)
2608 2419 2824 2494 ἐπιστῇ,
2869 2420 2957 2474 καὶ
3007 2420 3192 2495 καιρὸν
3248 2415 3393 2493 λάϐῃ
3442 2422 3539 2488 τῆς
3574 2418 3766 2473 ἑαυτοῦ

2112 2508 2419 2572 δυναστείας
2475 2510 2544 2564 τὰ
2592 2511 2836 2584 ἡμέτερα
2886 2509 3199 2582 πταίσματά
3254 2530 3312 2563 τε
3356 2508 3446 2562 καὶ
3478 2507 3763 2584 ἄρῥωστή-

2114 2621 2274 2673 ματα.
2310 2599 2382 2653 Οὐ
2413 2600 2517 2676 γὰρ
2550 2599 2851 2674 ὑγιαίνουσι
2881 2597 3187 2675 προσϐαλεῖ
3226 2600 3335 2672 (12)
3386 2598 3579 2673 τυχὸν,
3640 2595 3769 2651 οὐδὲ

2108 2693 2177 2763 τῇ
2210 2690 2393 2765 ἀγάπῃ
2448 2688 2894 2761 πεπυκνωμένοις
2921 2707 2933 2719 ·
2995 2687 3143 2743 ἀλλᾶ
3194 2686 3277 2743 δεῖ
3309 2694 3628 2763 μερισθῆναι
3664 2688 3765 2755 τήν

2115 2779 2390 2855 βασιλείαν
2442 2778 2523 2855 ἐφ’
2572 2779 2790 2848 ἑαυτὴν,
2849 2778 2961 2833 εἶτα
3017 2784 3374 2854 πειρασθῆναι
3426 2778 3517 2832 καὶ
3548 2774 3765 2845 δεθῆναι

2108 2870 2198 2923 τὸν
2236 2869 2459 2945 ἰσχυρὸν
2503 2868 2554 2924 ἐν
2587 2870 2723 2941 ἡμῖν
2759 2867 3044 2944 λογισμὸν,
3077 2867 3190 2922 εἶτα
3220 2868 3285 2922 τὰ
3317 2865 3479 2936 σκεύη
3535 2866 3764 2941 διαρπα-

2111 2958 2388 3033 γῆ’ναι,καὶ
2418 2963 2584 3013 ταῦτα
2613 2959 2800 3012 παθεῖν
2831 2958 3044 3030 ἡμᾶς,ἄ
3081 2961 3169 3011 νῦν
3204 2957 3420 3034 ὁρῶμεν
3451 2956 3542 3011 τὸν
3576 2954 3771 3031 ἐχθρὸν

2112 3048 2258 3122 παρᾶ
2288 3051 2525 3122 Χριστοῦ
2556 3050 2858 3122 πάσχοντα.

2186 3230 2264 3282 Η’.
2299 3228 2394 3281 Διὰ
2422 3231 2591 3281 ταῦτα
2621 3226 2729 3301 ἐγὼ
2778 3224 2977 3297 κλαίω,
3012 3224 3173 3303 φησῖν
3210 3224 3474 3301 Ἱερεμίας
3527 3222 3579 3278 ἐν
3623 3223 3765 3298 Θρή-

2110 3337 2243 3389 νοις,
2277 3316 2368 3370 καὶ
2402 3320 2550 3385 ζητῶ
2581 3320 2696 3377 τοῖς
2747 3316 3058 3392 ὀφθαλμοῖς
3122 3336 3225 3387 μου
3282 3313 3465 3389 πηγὰς
3522 3311 3767 3389 δακρύων

2111 3403 2377 3481 ἀρκούσας
2424 3409 2503 3476 τῷ
2561 3404 2741 3471 πάθει,
2798 3403 2889 3459 καὶ
2942 3402 3097 3458 καλῶ
3148 3403 3243 3465 τὰς
3303 3402 3494 3480 σοφὰς,
3545 3398 3637 3455 ’ίνα
3672 3400 3763 3455 τὸν

332 3507 495 3557 voco,
533 3497 595 3546 ut
625 3492 851 3548 luctum
886 3494 1161 3563 excitent,
1197 3498 1299 3547 aut
1331 3499 1485 3549 certe
1517 3494 1825 3564 adjuvant;
1856 3511 1998 3549 ven-

2116 3501 2313 3571 θρῆνον
2360 3493 2712 3569 ἐργάσωνται,
2744 3490 2779 3562 ἤ
2839 3492 3301 3569 συνεργάσωνται’
3362 3491 3453 3546 καὶ
3509 3492 3607 3559 τὴν
3649 3509 3773 3543 κοι-

335 3581 447 3635 tris
479 3581 655 3637 etiam
689 3582 887 3638 dolore
932 3584 1175 3653 afficior,
1211 3587 1267 3637 et
1296 3600 1580 3638 sensuum
1616 3584 1853 3655 organis
1882 3584 2000 3638 vel-

337 3670 505 3736 licor,
535 3687 661 3737 nec,
689 3689 805 3743 quo
838 3673 1011 3726 modo
1042 3674 1374 3743 quibusque
1404 3673 1596 3728 verbis
1628 3673 1886 3727 dolorem
1922 3674 2001 3727 le-

340 3759 524 3823 niam,
557 3760 763 3816 habeo.
801 3762 1021 3816 Idcirco
1052 3768 1247 3817 vetera
1292 3762 1563 3830 silentur,
1598 3779 1745 3817 nova
1777 3762 2000 3817 comico

339 3865 501 3905 more
534 3852 911 3923 sugillantur.
936 3853 1235 3909 Comoedia
1265 3855 1421 3909 enim
1446 3860 1536 3910 est
1566 3855 1837 3909 hostibus
1872 3871 2002 3910 mea

336 3941 641 4012 tragoedia.
670 3941 888 3997 Idcirco
918 3959 1031 3998 non
1064 3959 1272 4014 parum
1306 3943 1581 4000 Ecclesiis
1613 3944 1997 4010 detraximus,

337 4045 405 4084 ao
436 4046 623 4085 scenae
651 4031 1056 4102 adjunximns,
1077 4032 1254 4104 idque
1285 4033 1342 4087 in
1372 4034 1716 4104 hujusmodi
1747 4034 1997 4102 civitate,

337 4135 465 4191 quas
497 4120 633 4174 data
663 4136 859 4191 Opera,
896 4126 959 4176 ut
1009 4121 1160 4187 aliis,
1196 4122 1275 4176 ita
1306 4123 1520 4178 divinis
1574 4124 1749 4179 rebus
1780 4122 1996 4190 illudit,

336 4224 583 4280 quaeque
617 4209 811 4280 potius
836 4209 1182 4279 praeclarum
1217 4210 1441 4283 aliquid
1470 4215 1527 4267 et
1555 4211 1729 4267 laude
1752 4213 1998 4283 dignum

333 4297 547 4363 riserit,
582 4312 757 4368 quam
806 4303 870 4352 ut
917 4298 1233 4354 ridiculum
1287 4299 1510 4371 aliquid
1565 4317 1681 4355 non
1734 4302 1995 4356 derisum

333 4390 671 4458 prmtereat:
702 4391 769 4441 ut
799 4387 942 4441 mihi
978 4389 1195 4442 mirum
1229 4388 1495 4443 futurum
1532 4389 1629 4456 sit,
1657 4390 1703 4443 si
1738 4406 1829 4446 me
1861 4408 2000 4463 quo-

335 4490 471 4546 que,
503 4475 613 4529 hoc
643 4479 732 4529 est
762 4476 1041 4530 advenam
1095 4477 1328 4548 pietatis
1376 4494 1723 4549 praeconem.
1757 4479 1880 4534 haec
1910 4481 1997 4535 di-

336 4569 586 4632 centem,
620 4581 686 4619 ac
718 4582 833 4619 non
886 4565 1127 4620 ridenda
1161 4566 1380 4637 omnia,
1415 4568 1515 4621 sed
1552 4569 1819 4639 quaedam
1878 4575 1999 4625 stu-

337 4654 499 4708 diose
540 4655 847 4708 tractanda
895 4671 1023 4709 esse
1074 4655 1402 4720 docentem,
1437 4674 1550 4713 non
1601 4657 1815 4713 riserit.
1851 4659 1999 4722 Quid

337 4742 465 4799 dico
497 4743 733 4798 riserit?
766 4744 1039 4814 Mirabor,
1072 4745 1186 4800 nisi
1221 4762 1400 4816 pmnaa
1431 4747 1606 4802 etiam
1642 4764 1675 4802 ει
1706 4764 1799 4803 me
1830 4765 1998 4819 expe-

2111 3584 2232 3638 λίαν
2288 3581 2461 3660 ἀλγῶ,
2514 3582 2604 3638 καὶ
2665 3586 2960 3656 μαιμάσσω
3015 3583 3084 3637 τὰ
3140 3582 3489 3657 αἱσθητήρια,
3547 3580 3634 3634 καὶ
3667 3578 3767 3633 οὐκ

2111 3671 2246 3750 ἔχω,
2278 3678 2397 3735 πῶς
2428 3672 2673 3751 κουφίσω
2703 3674 2763 3728 τὸ
2796 3671 3021 3748 ἀλγοῦν,
3053 3672 3142 3725 καὶ
3198 3671 3307 3725 τίσι
3363 3675 3479 3731 τοῖς
3533 3668 3757 3743 ῥήμασι.

2113 3765 2215 3818 Διὰ
2242 3768 2410 3817 ταῦτα
2440 3768 2706 3817 σιωπᾶται
2740 3763 2807 3816 τὰ
2864 3760 3094 3830 παλαιὰ,
3151 3759 3241 3815 καὶ
3295 3756 3646 3832 κωμῳδεῖται
3700 3759 3767 3812 τὰ

2110 3852 2200 3908 vta
2226 3850 2516 3925 (κωμῳδία
2544 3852 2645 3928 γὰρ
2676 3857 2791 3914 τοῖς
2823 3851 3045 3926 ἐχθροῖς
3076 3852 3110 3919 ἡ
3142 3849 3249 3922 ἐμὴ
3280 3846 3578 3924 τραγῳδία)
3602 3865 3620 3883 ο
3678 3844 3767 3901 διὰ

2107 3940 2268 3998 τοῦτο
2299 3947 2407 3997 τῶν
2444 3941 2777 4011 Ἐκκλησιῶν
2811 3938 3104 4018 ὀφείλομεν
3140 3940 3251 4012 (13)
3281 3938 3378 3993 οὐκ
3412 3936 3617 4013 ὀλίγον,
3676 3934 3764 3990 καὶ

2108 4036 2176 4106 τῇ
2202 4035 2368 4107 σκηνῇ
2401 4032 2818 4107 πράσεθήκαμεν
2842 4050 2854 4061 ’
2891 4030 2980 4084 καὶ
3011 4033 3175 4084 ναῦτα
3204 4027 3255 4083 ἐν
3303 4026 3525 4101 τοιαύτῃ
3584 4026 3764 4093 πόλει,

2110 4120 2144 4191 ἦ
2206 4122 2493 4191 σπουδάζει
2553 4121 2616 4175 τὸ
2672 4122 2739 4175 τὰ
2798 4124 2910 4174 εεῖα
2965 4119 3199 4188 παίζειν,
3234 4117 3415 4193 ὥσπερ
3466 4138 3515 4172 τι
3558 4115 3763 4189 ἓτερον,

2109 4211 2199 4265 καὶ
2230 4218 2423 4275 θᾶττον
2460 4211 2517 4265 ἂν
2551 4233 2601 4265 τι
2628 4212 2734 4265 τῶν
2770 4207 3171 4281 ἐπαινουμένων
3203 4204 3501 4283 γελάσειεν,
3531 4203 3567 4275 ἤ
3626 4224 3763 4279 παρ-

2114 4298 2215 4355 ίδοι
2272 4322 2325 4354 τι
2380 4305 2485 4354 τῶν
2544 4299 2777 4376 γελοίων
2853 4297 3174 4373 ἀγέλαστον.
3215 4299 3375 4351 Ὢστε
3423 4294 3762 4367 θαυμάσαιμι

2110 4388 2167 4443 ἃν
2203 4392 2314 4464 (12)
2349 4389 2393 4443 εἰ
2457 4389 2533 4463 μή
2580 4389 2724 4462 κάμὲ
2766 4386 2990 4465 γελάσαι
3043 4389 3283 4463 σήμερον
3333 4386 3424 4439 τὸν
3484 4389 3651 4438 ταῦτα
3682 4382 3764 4438 λέ-

2108 4499 2290 4555 γοντα,
2349 4477 2442 4533 τὸν
2504 4473 2775 4539 εὐσεϐείας
2836 4474 3043 4547 ἔπηλυν
3104 4478 3316 4552 κήρυκα
3368 4476 3501 4544 (15),
3535 4472 3625 4528 καὶ
3688 4474 3762 4545 μὴ

2108 4566 2281 4622 πάντα
2308 4567 2492 4644 γελᾷν,
2526 4566 2661 4623 ἀλλ’
2710 4564 2850 4623 ἔστιν
2889 4567 2920 4621 ἃ
2946 4568 3037 4621 καὶ
3071 4563 3390 4633 σπουδάζειν
3425 4560 3765 4619 διδάσκοντα.

2112 4659 2210 4714 Καὶ
2257 4657 2309 4712 τί
2366 4663 2527 4731 γεκᾷν
2583 4657 2770 4733 Itym;
2831 4656 3172 4729 Θαυμαστὸν,
3234 4653 3279 4710 εἰ
3333 4655 3409 4727 μὴ
3463 4653 3555 4707 καὶ
3612 4650 3762 4712 δίκας

2110 4746 2488 4819 ἆπαιτηθείην,
2539 4747 2836 4822 εὐεργετεῖν
2899 4743 3254 4819 βουλόμενος.
3304 4746 3537 4798 Τοιαῦτα
3566 4740 3669 4816 γὰρ
3698 4739 3766 4794 τὰ

336 4835 556 4901 tantur,
585 4833 725 4888 dum
762 4835 1041 4904 prodesse
1072 4834 1264 4906 cupio.
1297 4834 1457 4891 Talis
1488 4837 1645 4891 enim
1678 4842 1768 4892 est
1797 4855 1992 4894 rerum

2114 4836 2366 4913 ἡμέτερα,
2394 4837 2472 4899 ὡς
2502 4836 2599 4909 ἐμὲ
2638 4857 2697 4913 γε
2756 4835 2817 4890 οὐ
2860 4834 3121 4890 λυποῦσιν
3179 4836 3312 4907 (16),
3370 4831 3482 4889 οὔτ’
3528 4826 3764 4899 Ἐκκλη-

338 4927 671 4978 nostrarum
710 4927 920 4992 status,
955 4927 1018 4977 ut
1049 4939 1153 4977 nec
1184 4923 1328 4978 mihi
1385 4940 1695 4981 maerorem
1730 4926 1993 4997 afferant,

337 5016 438 5065 aut
486 5010 756 5067 Ecclesia
797 5018 1092 5083 occupatae
1126 5011 1203 5081 (id
1235 5014 1392 5084 quod
1442 5014 1691 5069 fortasse
1738 5016 1996 5087 cuipiam

2109 4927 2217 4982 σίαι
2274 4926 2663 5002 κατεχόμεναι;
2712 4923 2742 4981 ὅ
2801 4924 2947 5000 τάχα
3005 4924 3063 4979 ἂν
3111 4944 3195 4986 τις
3236 4924 3399 4978 παίθοί
3428 4925 3534 4977 τῶν
3570 4938 3764 4994 μικρο-

2107 5020 2328 5091 πρεπῶν
2361 5017 2460 5085 τήν
2494 5013 2758 5089 διάνοιαν,
2798 5012 2922 5070 οὔτε
2951 5014 3155 5091 χρυσὸς
3185 5011 3382 5075 ἄλλοις
3432 5010 3591 5089 ῥιων,
3641 5007 3764 5064 οὕτε

405 5142 448 5177 ⁸⁸
481 5143 572 5199 Ps.
608 5160 844 5215 LXXVIII,
878 5146 929 5201 4.
1007 5146 1052 5181 ⁸ο
1080 5150 1178 5203 Ps.
1212 5164 1288 5214 Ix,
1318 5148 1417 5215 22;
1453 5165 1721 5220 LXXXVIII,
1755 5149 1844 5205 47.
1922 5152 1965 5187 νο
1994 5152 1998 5207 ξ

2121 5195 2133 5208 .
2163 5170 2243 5219 xI,
2274 5153 2339 5208 21
2375 5169 2507 5224 sqq.
2583 5153 2626 5188 ⁰¹
2660 5152 2879 5209 Thren.
2915 5168 2953 5220 I,
2990 5152 3056 5207 16
3087 5166 3219 5222 sqq.

408 5272 514 5341 (10)
548 5272 909 5351 Ἐκνήψομεν.
960 5280 1101 5351 Reg.
1152 5278 1299 5351 bm,_
1327 5275 1669 5351 ὶκνῇψωμεν,
1702 5284 1760 5335 et
1802 5281 1885 5337 sic
1932 5282 1995 5338 in

333 5347 742 5423 sequentibus,
775 5344 1029 5423 neptazpy’,
1039 5344 1242 5423 σξωμεν,
1259 5344 1569 5423 -ᾀναξλέψω
1579 5344 1693 5423 μεν.

546 5412 940 5489 Ἀντίχριστος.
964 5412 1151 5476 Ὀὸὶεί.
1188 5412 1238 5489 1,
1272 5412 1564 5483 ἀντίδικος.

410 5483 887 5567 (ηλμροσϐάλεῖ.
921 5492 1014 5546 Sic
1058 5493 1195 5564 Reg.
1224 5483 1301 5563 ἐι,
1352 5502 1409 5550 et
1456 5495 1698 5567 Hervag.
1753 5500 1815 5550 In
1876 5498 1991 5567 ed.,

332 5550 696 5622 προσϐάλλει.

412 5624 524 5711 (l3)
558 5622 899 5711 “¹’φ,είλοῌε’ί;
952 5632 1232 5711 Sic_Re_g.
1288 5637 1400 5704 hu,
1451 5637 1624 5694 Cois].
1679 5639 1739 5711 1,
1791 5638 1885 5695 Or.
1936 5642 1993 5709 2,

343 5694 703 5749 Mendese'iu
726 5696 827 5777 νεά.
860 5698 1010 5771 Par.,
1046 5705 1072 5757 ὀ
1120 5694 1359 5779 είῗομεν.

412 5764 522 5832 (14)
555 5768 896 5834 Θαυμασαιμι
944 5772 1023 5833 ἂν.
1076 5726 1171 5837 ξίο
1218 5779 1359 5837 Reg.

412 5747 522 5832 (14)
555 5747 1359 5851 antistiit:tam}:
1409 5779 1511 5852 bu,
1550 5780 1648 5837 0r.
1691 5781 1744 5850 1,
1793 5784 1851 5839 et
1876 5782 1990 5840 les.

2108 5288 2171 5339 In
2210 5286 2325 5353 ed.,
2358 5280 2625 5356 θαυμάσαι
2662 5282 2717 5354 μ’
2746 5280 2827 5337 ἂν.

2178 5358 2288 5428 (15)
2311 5352 2569 5439 "En-dva
2618 5352 2852 5437 κήρυκα.
2876 5377 2905 5406 ‹‹
2939 5356 3241 5439 advenam
3273 5352 3518 5481 (pietatis
3551 5366 3761 5422 praeco-

2178 5445 2263 5481 .m.
2291 5452 2318 5478 ››
2352 5429 2452 5481 HIS
2483 5428 2675 5481 verbis
2722 5432 2877 5481 recte
2907 5430 3237 5481 conIIcItur.
3324 5440 3619 5481 renonum
3670 5438 3761 5476 re-

2108 5423 2318 5506 nemfg
2352 5423 2460 5483 His
2483 5423 2877 5506 verbis'recte
2907 5423 3619 5506 conjicitur,»(-}regorium
3670 5438 3761 5506 re-

2106 5516 2243 5554 cens
2274 5499 2839 5568 Constantinopolim
2882 5494 3201 5555 advenisse.
3241 5499 3301 5552 ld
3343 5494 3517 5552 etiam
3551 5494 3762 5551 conﬁr-

2107 5580 2302 5626 matur
2331 5573 2403 5627 iis
2436 5589 2564 5642 qua:
2604 5575 2937 5642 sequuntur
2973 5588 2985 5625 :
3015 5593 3041 5618 «
3076 5570 3345 5625 Ecclesiae
3390 5570 3703 5640 occupatae,
3732 5587 3760 5614 ι»

2106 5643 2330 5699 scilicet
2359 5648 2431 5699 ab
2458 5643 2773 5699 hareticis.

2176 5715 2290 5787 (16)
2320 5714 2391 5769 Οὐ
2444 5712 2721 5770 λυποῦσιν.
2773 5712 2868 5770 Sic
2921 5713 3058 5786 Reg.
3104 5712 3206 5783 hu,
3257 5712 3351 5769 Or.
3384 5712 3438 5783 2,
3471 5710 3615 5780 Jes.,
3647 5712 3757 5765 81.0.

2105 5786 2279 5847 Deest
2309 5787 2370 5843 οὐ
2402 5788 2461 5846 in
2489 5790 2579 5846 ed.

3804 6358 3923 6418 λέ,ῖῖ
3936 6358 3947 6381 ῖ
3958 6358 4048 6413 τῆκε-ἓ
