4110 6408
376 396 527 458 1141

1518 395 1811 457 ORATIU
1856 396 2041 458 ΧΧΙΙ.
2075 429 2152 442 --
2183 395 2285 455 DE
2330 392 2529 455 PACE
2574 389 2652 453 II.

3636 391 3793 456 1142

372 530 618 605 γλῶσσαι
647 531 904 605 πονηραὶ,
933 530 996 584 τὸ
1028 529 1231 585 ἑαυτῶν
1283 534 1559 599 ποιοῦσαι,
1618 527 1869 605 λέγουσαι
1928 549 2010 583 κα-

2140 546 2205 585 ex
2239 528 2333 596 iis,
2358 529 2455 599 qui
2488 527 2868 584 imbecilliore
2889 527 3085 584 animo
3108 534 3265 599 sunt,
3290 530 3550 585 accidere
3572 530 3789 601 queat),

373 620 504 691 κῶς,
536 619 723 688 έπειδή
754 620 941 682 καλῶς
974 619 1073 673 οὐκ
1102 618 1319 691 ἔμαθον.

2138 624 2241 674 aut
2286 634 2497 674 aurum
2546 616 2678 673 aliis
2728 618 2937 685 ﬂuens,
2972 626 3067 673 aut
3112 635 3297 688 pravae
3356 618 3588 691 linguae,
3632 619 3788 689 quod

375 726 549 765 suum
582 716 672 766 est
702 710 1002 776 facientes,
1036 709 1189 764 male
1218 708 1486 764 videlicet
1514 709 1842 781 loquentes,
1878 708 2155 779 quoniam
2187 709 2334 763 bene
2366 706 2524 777 loqui
2558 723 2673 761 non
2707 706 3063 761 didicerunt.

437 804 509 852 0’.
556 797 633 854 Ού
684 800 786 873 γὰρ
841 796 987 868 δέος,
1048 800 1260 869 μήποτε
1315 792 1471 869 τόπῳ
1515 796 1918 874 περιγράφηται
1961 799 2023 852 τὸ

367 891 542 954 Θεῖον,
576 888 610 955 ἢ
644 885 805 941 ὢνιον
836 887 1083 961 γένηται,
1110 884 1184 939 ’ἶν’
1215 884 1345 940 ὅλον
1374 885 1411 960 ᾖ
1454 890 1558 939 τῶν
1611 886 2019 960 εὐπορωτέρων,

372 976 506 1047 Ἐμέ
562 996 619 1029 τε
677 974 776 1030 οὐκ
821 976 1142 1049 ἀμείψουσιν
1197 975 1248 1029 οἷ
1299 974 1691 1052 εὐφημοῦντες,
1818 973 2022 1051 δυσφη-

373 1068 597 1135 μοῦντες
650 1065 851 1140 (ὥσπερ
899 1065 950 1119 οἱ
1004 1059 1259 1140 βορϐόρῳ
1314 1063 1483 1139 μύρον
1529 1064 1939 1139 ἀναμιγνύντες,
1990 1064 2022 1132 ἢ

371 1154 529 1227 μύρῳ
600 1149 894 1229 βόρϐορον,
946 1153 1035 1207 καὶ
1092 1155 1187 1214 τὰς
1264 1153 1562 1223 ποιότητας
1637 1157 1705 1226 τῇ
1780 1153 2023 1226 ἐπιμιξίᾳ

366 1242 735 1316 συγχέοντες),
760 1241 854 1296 ’ίνα
886 1240 1201 1317 δυσχεραίνω
1230 1244 1325 1303 τὰς
1360 1240 1714 1319 βλασφημίας
1770 1243 1845 1304 ὡς
1898 1244 2021 1315 μεθ-

367 1333 676 1404 ιστάμενος.
736 1334 807 1389 Ἦ
865 1330 1053 1386 πολλὰ
1113 1330 1170 1385 ἂν
1238 1326 1538 1385 κατέϐαλον
1589 1332 1853 1406 χρήματα
1900 1337 2017 1393 τοῖς

365 1419 683 1489 ἐπαινέταις,
745 1419 797 1475 εἷ’
852 1442 918 1493 με
978 1419 1181 1494 βελτίω
1240 1425 1359 1481 τοῖς
1416 1419 1649 1482 έπαίνοις
1682 1419 2015 1495 εἶργάζοντο.

369 1513 473 1565 Νῦν
511 1506 569 1563 δὲ
598 1509 703 1585 οὐχ
734 1508 877 1564 οὕτω
907 1514 1069 1564 τοῦτο
1102 1508 1239 1585 ἔχει,
1272 1508 1430 1564 πόθεν
1460 1528 1474 1579 ;
1522 1507 1645 1563 ἀλλ’
1698 1507 1830 1583 ὅπερ
1880 1509 2015 1581 εἰμὶ,

363 1602 525 1652 τοῦτο
578 1598 746 1670 μένω,
796 1598 887 1653 καὶ
944 1597 1425 1676 δυσφημούμενος,
1471 1596 1560 1652 καί
1590 1599 2013 1671 θαυμαζόμενος.

2207 798 2295 854 ΙΧ.
2331 798 2530 867 Neque
2574 796 2729 852 enim
2777 795 3157 853 metuendum
3198 801 3307 862 est,
3343 812 3412 851 ne
3460 801 3609 851 Deus
3657 796 3784 852 loco

2133 888 2672 953 circumscribatur,
2704 892 2805 942 aut
2845 886 3066 942 venalis
3112 887 3375 951 exsistat,
3410 892 3472 940 ut
3503 893 3662 941 totus
3693 888 3785 939 di-

2134 978 2347 1031 tiorum
2384 977 2480 1032 sit.
2516 977 2631 1032 Nec
2672 977 2811 1030 item
2866 993 2956 1029 me
2984 976 3073 1030 vel
3123 976 3479 1040 laudatores,
3510 975 3601 1029 vel
3633 976 3782 1029 vitu-

2133 1071 2430 1136 peratores
2473 1065 2878 1119 immutabunt
2908 1064 3428 1135 (quemadmodum
3476 1064 3575 1135 qui
3621 1082 3783 1120 cmno

2133 1159 2520 1223 unguentum,
2558 1159 2658 1209 aut
2706 1160 3004 1224 unguento
3053 1170 3283 1208 caenum
3333 1152 3682 1222 admiscent,
3717 1171 3783 1209 ac

2134 1260 2234 1315 per
2260 1245 2591 1299 mistionem
2620 1244 2930 1314 qualitates
2953 1243 3443 1312 coni'undunt),ut
3466 1242 3782 1298 maledicos

2131 1350 2452 1401 sermones,
2478 1339 2759 1403 tanquam
2795 1350 2829 1387 a
2859 1334 3083 1403 meipso
3124 1337 3407 1400 mutatus,
3442 1332 3696 1402 graviter
3723 1338 3783 1387 et

2130 1422 2334 1491 iniquo
2362 1424 2558 1477 animo
2581 1426 2781 1477 teram.
2805 1422 2945 1477 Nam
2972 1421 3188 1477 multas
3212 1422 3467 1492 profecto
3499 1421 3779 1491 pecunias

2128 1510 2535 1565 laudatoribus
2582 1528 2975 1577 numerarem,
3009 1511 3183 1565 sime
3232 1509 3528 1564 laudando
3578 1509 3778 1565 melio-

2129 1616 2250 1654 rem
2282 1602 2596 1655 efficerent.
2630 1602 2795 1655 Nunc
2834 1604 3029 1655 autem
3074 1599 3242 1654 aliter
3272 1614 3333 1655 se
3365 1616 3455 1654 res
3487 1599 3641 1655 420
3673 1599 3777 1655 ha-

366 1660 588 1762 Bpo'coc'
618 1685 687 1741 δι’
735 1660 924 1749 άλλως
974 1660 1202 1762 νήχεται
1241 1660 1365 1760 ’(17)
1406 1660 1618 1761 λόγοις,
1670 1660 2010 1764 φησίνλιώϐ·

2127 1690 2242 1745 bet.
2276 1691 2437 1754 Quod
2469 1691 2625 1745 enim
2674 1707 2830 1759 sum,
2861 1689 2971 1744 hoc
3022 1706 3249 1755 maneo,
3282 1689 3403 1743 sive
3450 1688 3777 1743 maledictis

361 1775 451 1830 καὶ
493 1775 592 1831 ὅσα
639 1776 835 1851 πέτραν
886 1776 1185 1852 περιῤῥέων
1238 1776 1429 1853 ἀφρὸς,
1478 1776 1513 1843 ἣ
1560 1775 1713 1830 πίτυν
1766 1774 1946 1851 αὖραι,
1978 1773 2014 1844 ἥ

357 1885 477 1920 τινα
520 1870 625 1921 τῶν
675 1863 877 1921 δασέων
927 1866 1016 1920 καὶ
1066 1864 1291 1939 ὑψηλῶν
1323 1884 1333 1897 ·
1384 1869 1620 1918 τοσαῦτα
1674 1866 1729 1918 αἱ
1774 1864 2017 1941 γλῶσσαί

363 1974 430 2026 με
476 1952 844 2030 περιῤῥέουσι,
891 1953 979 2008 καὶ
1026 1954 1140 2027 ἃμα
1190 1952 1477 2031 φιλοσοφῶ
1522 1974 1574 2007 τι
1624 1958 1842 2008 τοιοῦτο
1882 1955 2018 2029 πρὸς

356 2042 591 2115 έμαυτόν
620 2060 632 2073 ·
670 2042 767 2104 ὡς.
800 2042 863 2097 Εἰ
904 2043 998 2115 μὶν
1040 2039 1243 2115 ψευδὴς
1297 2043 1324 2096 ὁ
1373 2045 1698 2116 κατηγορῶν
1740 2044 1873 2115 (18),
1921 2044 2020 2097 οὐκ

357 2130 495 2204 ἐμοῦ
529 2130 742 2204 μᾶλλον
774 2132 801 2185 ὁ
836 2131 1023 2205 λόγος,
1056 2129 1091 2199 ἤ
1126 2129 1332 2185 ἐκείνου
1361 2131 1423 2185 τὸ
1456 2129 1751 2206 λεγόμενον
1773 2133 2016 2200 ἅπτεται,

356 2220 446 2274 κᾶι
493 2220 589 2293 ἐμὲ
616 2220 841 2293 ὀνόματι
878 2219 1182 2297 βλασφημῇ
1208 2239 1220 2251 ·
1256 2219 1301 2274 εἷ
1343 2217 1389 2274 δ’
1438 2219 1653 2289 ἀλῆθὴς
1682 2223 1818 2294 (19),
1851 2220 2015 2293 ἐμαυ-

358 2308 441 2363 τὶν
475 2307 687 2379 μᾶλλον
720 2306 754 2377 ἥ
794 2308 886 2363 τὸν
922 2306 1151 2381 λέγοντα
1180 2307 1494 2381 αἰτιάσομαι
1527 2310 1677 2383 (παρ’
1725 2308 1860 2381 ἐμοῦ
1911 2310 2014 2383 γὰρ

360 2397 552 2470 ἰκείνῳ
577 2397 639 2451 τὸ
672 2395 871 2471 λέγειν,
906 2397 1004 2451 οὐκ
1036 2396 1158 2469 ἐμοὶ
1203 2397 1266 2451 τὸ
1299 2398 1429 2452 εἶναι
1460 2397 1698 2470 τοιούτῳ
1729 2400 1841 2472 (20)
1871 2399 2015 2474 παρὰ

349 2491 448 2542 τοῦ
482 2490 778 2562 λέγοντος)·
812 2487 901 2540 καὶ
952 2485 1326 2561 παραδραμὼν
1375 2486 1470 2548 τὰς
1518 2487 1719 2564 φωνὰς,
1752 2488 1828 2548 ὡς
1858 2486 2010 2543 οὐδὲν

355 2572 543 2643 οὔσας,
593 2574 829 2647 ἐμαυτοῦ
874 2576 1200 2649 γενήσομαι,
1252 2579 1415 2630 τοῦτο
1477 2576 1641 2648 μόνον
1684 2576 1859 2630 αὐτῶν
1887 2598 2009 2651 κερ-

358 2661 550 2718 δαίνων
601 2670 701 2733 τῆς
735 2664 1066 2740 μοχθηρίας,
1098 2664 1159 2718 τὸ
1218 2666 1368 2739 βιοῦν
1422 2663 1842 2742 ἀσφαλέστερον.
1893 2666 2014 2742 Τρί-

360 2773 449 2806 τον
485 2750 551 2822 δ’,
585 2751 614 2807 ὅ
647 2753 735 2807 καὶ
799 2752 1051 2827 μέγιστον
1102 2750 1221 2827 ἔχει
1262 2775 1313 2807 τι
1364 2753 1453 2807 καὶ
1510 2752 1943 2829 μεγαλοπρεπὲς,
1976 2760 2008 2826 ἡ

354 2838 623 2913 λοιδορία,
657 2840 740 2896 ὅτι
781 2842 914 2913 μετὰ
945 2846 1078 2895 Θεοῦ
1115 2840 1625 2918 βλασφημούμεθα·
1678 2844 1730 2897 οἱ
1777 2845 1877 2918 γὰρ
1917 2844 2009 2898 αύ-

358 2926 443 2980 τοὶ
476 2927 706 2996 θεότητά
734 2949 792 2983 τε
823 2929 1089 2998 ἀθετοῦσι,
1121 2928 1209 2983 καί
1238 2930 1332 2985 τὸν
1364 2930 1626 3005 Θεολόγον
1663 2926 1999 3007 ὑϐρίζουσιν.

2126 1778 2369 1844 alliciar,
2404 1778 2525 1833 sive
2556 1777 2827 1833 laudibus
2867 1778 2926 1833 in
2955 1778 3163 1833 coelum
3198 1779 3366 1832 ferar.
3401 1780 3562 1832 Home
3590 1782 3777 1832 autem

2124 1868 2327 1921 temere
2360 1868 2532 1921 verbis
2577 1870 2757 1933 natat,
2794 1867 2988 1937 inquit
3011 1867 3124 1921 Job
3145 1866 3225 1931 9’;
3261 1883 3327 1921 ac
3358 1872 3644 1936 quantum
3678 1882 3777 1936 pe-

2126 1960 2277 2009 tram
2303 1972 2533 2025 spuma,
2554 1961 2655 2011 aut
2686 1955 3017 2027 pinum,vel
3042 1956 3298 2026 aliquam
3326 1954 3502 2010 aliam
3532 1955 3777 2010 densam

2128 2048 2185 2097 et
2216 2061 2511 2113 proceram
2544 2046 2812 2100 arborem
2846 2062 3019 2113 aurae,
3045 2050 3276 2099 tantum
3309 2060 3402 2098 me
3435 2043 3644 2113 linguai
3675 2042 3779 2097 cir-

2128 2136 2478 2200 cumfluunt,
2512 2134 2807 2203 simulque
2846 2133 3188 2203 hujusmodi
3229 2132 3510 2203 quiddam
3544 2146 3774 2186 mecum

2127 2230 2540 2278 commentor:
2588 2224 2646 2278 Si
2699 2222 2845 2277 falsa
2901 2221 3104 2291 objicit
3154 2228 3478 2288 accusator,
3511 2236 3625 2274 non
3683 2234 3776 2273 me

2126 2314 2336 2383 magis,
2370 2330 2547 2383 quam
2598 2329 2757 2379 eum,
2788 2312 2886 2382 qui
2921 2311 3201 2382 loquitur,
3233 2310 3330 2365 hic
3374 2325 3566 2365 sermo
3599 2308 3773 2364 attin-

2123 2404 2226 2475 git,
2261 2403 2487 2457 etiamsi
2530 2419 2623 2456 me
2654 2402 3003 2456 nominatim
3036 2399 3315 2455 conviciis
3358 2404 3548 2469 petat;
3583 2400 3633 2453 si
3664 2415 3774 2453 au-

2123 2497 2241 2547 tem
2273 2508 2426 2559 vera,
2463 2494 2755 2561 meipsum
2807 2491 3020 2561 potius,
3055 2505 3231 2560 quam
3264 2504 3421 2554 eum,
3447 2488 3547 2557 qui
3579 2486 3772 2557 loqui-

2122 2588 2236 2645 tur,
2268 2581 2556 2635 accusabo
2597 2582 2651 2649 (a
2702 2596 2792 2633 me
2840 2579 2997 2634 enim
3050 2578 3133 2631 illi
3182 2578 3473 2633 sermonis
3530 2576 3775 2631 materia

2124 2670 2627 2739 subministratur,
2664 2686 2776 2724 non
2824 2675 3017 2723 autem
3053 2667 3211 2721 illius
3252 2682 3445 2721 sermo
3478 2681 3656 2720 causa
3685 2666 3776 2719 est

2122 2776 2226 2814 cur
2260 2759 2393 2814 talis
2440 2760 2597 2828 sim),
2630 2775 2697 2813 ac
2726 2758 2963 2813 vocibus
3015 2757 3340 2826 praeteritis,
3374 2759 3439 2809 ut
3469 2770 3595 2824 quae
3627 2753 3774 2807 nihil

2122 2849 2261 2918 sint,
2296 2848 2408 2903 mei
2443 2849 2627 2918 ipsius
2658 2864 2777 2911 ero,
2803 2847 2912 2901 hoc
2944 2862 3125 2900 unum
3158 2861 3225 2899 ex
3254 2860 3455 2900 eorum
3490 2842 3769 2913 improbi-

2120 2942 2239 2992 tate
2269 2938 2562 2991 commodi
2594 2937 2850 3007 capiens.
2878 2941 2942 2989 ut
2971 2935 3203 2989 cautius
3232 2934 3407 2987 vitam
3441 2932 3769 2985 instituam.

356 3014 558 3070 Οὐκοῦν
613 3016 817 3072 τούτων
875 3015 1029 3071 οὐδὲν
1080 3015 1272 3087 δεινὸν,
1320 3019 1416 3074 κᾶν
1451 3021 1504 3074 οἱ
1533 3018 1739 3075 πολλοὶ
1770 3020 2007 3094 νομίζω-

2127 3027 2387 3081 Tertium
2442 3032 2659 3095 autem,
2691 3027 2749 3079 in
2781 3041 2895 3095 quo
2946 3024 3123 3079 etiam
3174 3022 3496 3077 maximum
3551 3020 3775 3091 aliquid

356 3124 475 3159 σιν·
534 3103 659 3160 ἀλλ’
705 3105 789 3160 δτι
842 3103 1034 3179 μηδείς
1087 3105 1161 3160 ἔτι
1226 3112 1533 3164 πικτεύεται
1602 3112 1791 3172 πιστὸς
1851 3114 2008 3183 εἶναι,

362 3191 506 3267 μηδὶ
548 3196 647 3263 τήν
698 3195 891 3270 ἀρειὴν
944 3195 1173 3270 ἄτεχνος
1203 3200 1312 3269 (21)
1344 3197 1434 3252 καὶ
1464 3202 1669 3270 σκηνῆς
1703 3199 2010 3277 ἐλεύθερος,

360 3280 490 3356 μηδ’
524 3282 584 3337 ἂν
616 3282 823 3361 σφόδρα
851 3284 887 3358 ᾖ
916 3286 1013 3353 τήν
1048 3286 1233 3361 ψυχὴν
1267 3286 1596 3363 ἐρρωμένος,
1645 3290 1736 3344 καὶ
1784 3294 2010 3364 γνήσιος

353 3371 431 3433 εἲς
482 3367 752 3428 εὐσέϐειαν
782 3392 794 3405 ’
852 3372 979 3429 ἀλλ’
1028 3375 1055 3429 ὁ
1109 3376 1201 3448 μὶν
1249 3377 1337 3431 καὶ
1389 3382 1629 3454 φανερῶς
1660 3380 1845 3441 γακὸς.
1880 3381 1907 3433 ὁ
1954 3380 2012 3435 δὲ

348 3458 576 3533 πλάσμα
603 3459 693 3515 καί
721 3466 926 3535 χρῶμα
956 3462 1073 3538 ἔχει
1098 3465 1198 3531 τὴν
1232 3464 1543 3535 ἐπιείκειαν,
1573 3464 1666 3521 ἵνα
1693 3466 1901 3542 κλέπτῃ
1928 3475 2009 3541 τῷ

353 3547 684 3627 φαινομένῳ.

2122 3122 2295 3185 atque
2326 3117 2381 3169 in
2422 3115 2625 3186 primis
2652 3115 3030 3183 magnificum
3061 3112 3237 3167 habet
3268 3112 3388 3166 haec
3421 3109 3775 3165 maledicen-

2122 3205 2226 3272 tia,
2260 3206 2416 3261 istud
2439 3212 2574 3275 _est,
2608 3206 2763 3275 quod
2800 3221 2916 3258 una
2947 3219 3079 3257 cum
3139 3204 3248 3257 Deo
3302 3199 3629 3254 maledictis
3659 3199 3778 3252 im-

2125 3296 2397 3366 petimur.
2434 3296 2613 3349 Iidem
2646 3294 2802 3349 enim
2836 3299 2892 3348 et
2922 3293 3199 3347 deitatem
3241 3289 3533 3361 rejiciunt,
3565 3294 3623 3343 et
3652 3288 3779 3342 dei-

2123 3385 2261 3439 tatis
2294 3399 2619 3453 praeconem
2652 3381 3025 3437 contumeliis
3076 3380 3361 3435 afficiunt.
3386 3377 3777 3444 Quamobrem

2124 3471 2267 3525 nihil
2301 3473 2512 3527 horum
2544 3488 2720 3543 grave
2757 3478 2865 3534 est,
2902 3470 3133 3525 tametsi
3178 3468 3233 3521 id
3285 3466 3546 3539 plerique
3576 3465 3776 3519 existi-

2122 3566 2319 3627 ment;
2351 3576 2551 3615 verum
2584 3559 2727 3613 illud
2754 3559 3095 3621 molestum,
3118 3557 3274 3626 quod
3302 3555 3419 3624 jam
3448 3570 3618 3608 nemo
3644 3554 3782 3606 ﬁde-

351 3639 424 3695 lis
453 3644 510 3695 et
537 3638 750 3694 virtute
780 3638 1052 3710 simplex,
1083 3644 1257 3711 atque
1289 3658 1323 3697 a
1349 3643 1483 3699 fuco
1514 3648 1571 3699 et
1599 3644 1975 3701 simulatione
2013 3646 2297 3702 immunis
2341 3664 2469 3702 esse
2514 3648 2803 3711 credatur,
2839 3645 3215 3715 quantumvis
3245 3646 3418 3699 etiam
3455 3642 3634 3697 animi
3669 3642 3771 3695 fir-

354 3729 554 3784 mitate
586 3744 664 3783 ac-
682 3728 911 3783 sincera
941 3728 1153 3801 pietate
1192 3730 1473 3801 preditus
1518 3732 1627 3799 sit;
1662 3734 1764 3789 sed
1796 3735 1947 3790 alius
1979 3735 2215 3807 quidem
2248 3743 2446 3806 aperte
2476 3750 2711 3806 quoque
2761 3735 2953 3790 malus
2983 3739 3091 3799 est,
3124 3734 3278 3788 alius
3309 3749 3443 3786 vero
3477 3748 3578 3803 pro
3609 3730 3770 3785 larva

352 3827 584 3880 tantum
617 3828 674 3879 et
701 3824 894 3880 colore
924 3825 1180 3896 quodam
1213 3842 1441 3883 morum
1476 3828 1817 3885 facilitatem
1851 3830 2045 3899 habet,
2080 3838 2147 3887 ut
2174 3833 2409 3887 virtutis
2441 3830 2632 3902 specie
2665 3830 2847 3886 fallat.

423 3915 479 3969 ι’.
512 3915 612 3968 Καὶ
646 3914 696 3967 οἱ
732 3915 825 3986 μὲν
856 3913 918 3969 ού
954 3911 1175 3969 δοκοῦσι
1210 3914 1439 3987 μέλανες
1491 3916 1582 3973 διά
1623 3940 1774 3981 τινας
1823 3920 2006 3975 τοιού-

2188 3922 2254 3977 Χ.
2290 3925 2357 3976 Et
2387 3928 2541 3977 certe
2573 3938 2689 3976 non
2742 3922 2871 3975 ideo
2924 3923 3122 3975 statim
3172 3936 3378 3975 omnes
3429 3919 3577 3989 nigri
3614 3918 3765 3988 iudi-

351 4021 519 4064 τους’
583 3999 707 4057 οὺδὶ
758 4000 1055 4079 δυσχενεῖς,
1103 4004 1137 4073 ἥ
1195 4003 1481 4079 δυσειδεῖς,
1540 4005 1577 4076 ἤ
1634 4006 1908 4085 ἄνανδροι,
1969 4006 2006 4078 ἤ

2127 4018 2345 4077 cantur,
2368 4015 2505 4083 quia
2548 4012 2815 4065 nonnulli
2863 4010 3007 4065 tales
3038 4010 3181 4075 sint,
3215 4025 3319 4063 nec
3350 4008 3637 4079 ignobiles
3670 4011 3772 4060 aut

354 4090 648 4146 ἀκόλαστοι
680 4091 951 4147 πλειόνων
982 4092 1155 4155 οὕτως
1200 4092 1474 4170 ἐχόντων·
1525 4096 1672 4152 ἀλλὰ
1718 4100 1837 4162 καθ’
1892 4100 2009 4153 ἑαυ-

350 4182 445 4236 τὸν
498 4180 724 4243 ἕκαστος
783 4181 1039 4257 κρίνεται,
1100 4184 1190 4238 καὶ
1248 4184 1315 4239 οὐ
1368 4190 1663 4256 κοινοῦται,
1721 4186 1844 4243 οὕτε
1900 4194 2006 4245 τῶν

348 4272 664 4346 ψεγομένων
700 4268 877 4345 οὐδέν,
914 4272 1037 4327 οὕτε
1064 4278 1173 4328 τῶν
1204 4273 1634 4349 έπαινουμένων.
1666 4277 1735 4331 Τὸ
1795 4276 1852 4332 δὲ
1906 4285 2008 4347 τῆς

2117 4103 2429 4170 deformes,
2464 4106 2565 4155 aut
2605 4100 2824 4172 ignavi,
2854 4099 2942 4153 vel
2990 4101 3447 4168 intemperantes
3478 4102 3533 4151 et
3571 4095 3768 4149 libidi-

2118 4192 2267 4254 nosi,
2306 4192 2459 4263 quod
2512 4190 2707 4261 plures
2742 4191 2820 4243 ita
2860 4206 2922 4243 se
2971 4190 3271 4243 habeant:
3305 4202 3505 4241 verum
3556 4201 3658 4254 per
3704 4199 3767 4238 se

2120 4282 2370 4353 quisque
2402 4296 2465 4334 ac
2500 4280 2767 4351 privatim
2815 4278 3176 4349 expenditur,
3211 4293 3315 4331 nec
3354 4291 3557 4329 eorum
3591 4273 3767 4345 quid-

347 4358 540 4421 κακίας
571 4359 647 4421 εἰς
699 4361 901 4421 πάντας
952 4366 1069 4434 (22)
1110 4368 1290 4437 χεῖται
1324 4362 1548 4440 ῥᾳδίως,
1580 4368 1669 4421 καὶ
1698 4370 1854 4436 κοινὴ
1887 4388 2010 4423 κατ-

2127 4388 2321 4443 quam,
2346 4388 2471 4441 quae
2498 4369 2584 4424 vel
2619 4370 2775 4438 vitio,
2810 4370 2897 4423 vel
2930 4369 3085 4423 laudi
3119 4368 3351 4435 dantur,
3380 4363 3769 4419 communiter

351 4448 547 4524 ηγορία
574 4453 671 4502 τοῦ
702 4450 924 4517 παντὸς,
980 4452 1054 4521 μὴ
1098 4451 1180 4506 ὅτι
1229 4454 1293 4506 τὸ
1320 4458 1429 4508 τῶν
1462 4454 1709 4525 πολλῶν,
1742 4455 1888 4512 ἀλλὰ
1916 4458 2005 4511 καὶ

347 4538 409 4591 τὸ
438 4540 601 4591 τινῶν
653 4534 876 4612 γίνεται.
931 4538 1033 4592 Καὶ
1084 4539 1144 4592 τὸ
1197 4538 1525 4610 δεινότατον,
1569 4544 1762 4616 δτιμή
1809 4544 2005 4619 μέχρις

348 4626 510 4696 ἡμῶν
538 4622 753 4678 ’ίσταται
790 4624 976 4696 μόνον,
1010 4624 1138 4681 ἀλλ’
1169 4627 1255 4681 ἰπὶ
1281 4628 1344 4681 τὸ
1380 4630 1516 4704 μέγα
1545 4630 1634 4684 καὶ
1668 4632 1861 4701 σεμνὸν
1890 4635 2004 4703 (23)

351 4716 513 4785 ἡμῶν
548 4707 811 4767 διαϐαίνει
845 4715 1165 4788 μυστήριον.
1193 4719 1309 4769 Τῶν
1339 4718 1442 4791 γὰρ
1473 4718 1541 4771 τὰ
1596 4716 1836 4792 ἡμέτερα
1882 4738 2002 4793 κρι-

350 4802 576 4872 νόντων,
611 4801 640 4856 ὅ
669 4808 801 4856 πᾶσι
837 4806 1035 4875 μικροῦ
1067 4799 1373 4876 συμϐαίνει,
1412 4810 1528 4867 τοῖς
1552 4810 1659 4860 τῶν
1693 4806 2004 4881 ἀλλοτρίων

348 4896 582 4968 κριταῖς,
630 4892 684 4946 οἱ
733 4893 829 4964 μὲν
880 4890 1133 4956 έπιεικῶς
1165 4892 1294 4948 εῗσιν
1326 4892 1527 4969 ἥμεροι
1556 4895 1648 4949 καὶ
1702 4893 2007 4973 φιλάνθρω-

344 5000 461 5037 ποιο
496 4982 550 5037 οἱ
606 4978 666 5036 δὲ
711 4980 801 5036 καὶ
852 4980 973 5037 λίαν
1020 4983 1210 5059 πικροὶ
1261 4983 1351 5039 καὶ
1411 4984 1753 5060 ἀγνώμονες.
1802 4986 1871 5045 Οἳ
1906 4986 2001 5059 μὶν

414 5152 461 5189 ’³
488 5151 620 5210 Job.
650 5166 766 5225 m,
792 5151 848 5210 3.

419 5310 768 5385 (17)_Bpo1:0;
836 5310 907 5368 δι’
974 5310 1166 5377 ἄλλως
1232 5316 1484 5385 νήχεται.
1547 5319 1677 5375 Hac
1736 5320 1821 5376 sic
1852 5320 2003 5376 Elia!

351 5382 590 5454 exponit
612 5382 635 5439 ἐ
669 5406 697 5435 ‹‹
728 5384 913 5443 Homo
959 5393 1177 5445 temere
1224 5382 1571 5446 laiidatoriis
1600 5392 1795 5447 verbis
1841 5394 2006 5449 intu-

351 5452 577 5578 mez‘c'ilt,
613 5457 915 5515 attollitur.
942 5482 963 5511 ι
992 5461 1141 5516 Hinc
1189 5461 1365 5518 etiam
1417 5461 1611 5519 Schol.
1646 5464 1842 5531 habet,
1874 5474 2003 5539 θρα-

351 5546 443 5578 συν
550 5546 585 5578 ι.

350 5546 585 5580 συνεται.

420 5598 916 5678 (1β)¹Κατηγορῶν.
954 5602 1013 5657 In
1052 5603 1429 5678 quibusdam,
1461 5608 1807 5678 κακηγορῶν,
1848 5629 1868 5655 α
1903 5607 2001 5661 de-

346 5672 657 5742 trectator,
675 5671 1019 5729 maledicus.
1046 5671 1086 5724 ››“
1106 5678 1243 5742 Quae
1290 5671 1460 5734 lectio
1491 5671 1629 5738 vera
1653 5671 2001 5737 Combeﬁsio

347 5738 595 5798 videtur.
632 5740 772 5815 Reg.
806 5744 1000 5819 Cypr.,
1032 5738 1359 5824 κακήγορος.

2118 4462 2394 4514 omnibus
2439 4458 2786 4513 attribuitur
2818 4474 2830 4511 :
2865 4458 2959 4511 hic
2991 4462 3191 4511 contra
3222 4456 3424 4509 vitium
3459 4454 3529 4507 ad
3563 4468 3767 4517 omnes

2120 4549 2286 4603 facile
2335 4548 2705 4613 dilfunditur,
2741 4552 2915 4616 atque
2964 4548 3036 4598 ob
3086 4547 3428 4609 multorum,
3463 4540 3548 4595 vel
3592 4542 3765 4594 etiam

2117 4638 2506 4705 quorumdam
2531 4635 2782 4703 culpam,
2810 4637 3117 4686 universus
3140 4633 3281 4685 ordo
3315 4632 3368 4684 in
3398 4630 3675 4683 invidiam
3710 4634 3769 4681 et

2116 4724 2334 4777 crimen
2354 4728 2613 4776 vocatur.
2632 4722 2912 4791 Quodque
2933 4720 3195 4773 omnium
3222 4717 3637 4789 gravissimum
3655 4723 3765 4782 est,

2116 4810 2233 4865 haec
2266 4810 2599 4864 criminatio
2652 4825 2765 4863 non
2799 4809 2856 4862 in
2891 4809 3059 4863 nobis
3091 4813 3321 4861 tantum
3354 4806 3531 4871 sistit,
3561 4820 3764 4860 verum

2115 4900 2188 4954 ad
2235 4915 2516 4967 magnum
2558 4903 2614 4953 et
2653 4899 3049 4952 venerandum
3100 4900 3367 4951 nostrum
3417 4892 3766 4966 mysterium

2112 4988 2346 5043 transit.
2380 4987 2607 5044 Etenim
2638 5001 2707 5043 ex
2738 4986 2830 5054 iis,
2864 4985 2967 5057 qui
3010 5001 3103 5041 res
3150 4988 3384 5040 nostras
3430 4981 3767 5054 expendunt

2117 5321 2317 5445 al19692,
2339 5319 2604 5389 Ἀληθῆς.
2664 5320 2759 5376 Sic
2816 5320 2955 5392 Reg.
3018 5320 3119 5386 hu,
3175 5325 3231 5375 et
3277 5320 3373 5376 Or.
3424 5321 3477 5375 1.
3528 5320 3591 5374 In
3649 5321 3764 5391 ed.,

2188 5412 2594 5535 ἔξῖἷΓοιούτῳ.
2629 5462 2804 5517 Coisl.
2838 5464 2890 5535 1,
2922 5464 3160 5535 τοιοῦτο.

2184 5532 2297 5607 (217)
2348 5538 2636 5607 ”Ατεχνος.
2690 5535 2824 5607 Reg.
2880 5534 2999 5602 bm,
3051 5532 3320 5605 ἔντεχνος.
3377 5534 3455 5586 Ad
3508 5548 3690 5604 marg.
3747 5546 3759 5585 :

2111 5602 2199 5681 γρ.
2232 5602 2602 5681 εὕτεᾱνοςᾷαἶ
2640 5602 2797 5681 μηδὲ*
2809 5611 3034 5681 σκηνῆς.

2232 5625 2369 5660 ευτεε
2394 5626 2484 5665 νος
2515 5625 2602 5657 καί
2640 5625 2779 5675 μηοε
2809 5625 3034 5673 σκηνης.

2206 5682 2293 5749 22)
2329 5625 2422 5738 E/ic
2455 5677 2677 5749 πάντας.
2713 5677 2853 5748 Reg.
2890 5677 2991 5747 hu,
3024 5680 3081 5731 et
3110 5676 3203 5732 Or.
3241 5676 3301 5749 1,
3326 5673 3400 5734 εἰς
3433 5693 3623 5727 παντα.

2204 5739 2297 5822 23)
2328 5747 2554 5822 Σεμνόν.
2593 5749 2731 5819 Reg.
2764 5739 2867 5816 hil,
2901 5753 2956 5806 et
2977 5739 3084 5805 'Or.
3120 5750 3142 5803 1
3179 5739 3492 5817 σεϐάσμιον.
