4110 6408
364 460 517 522 11ἂὸ

1499 456 1792 518 ORATIO
1836 458 2023 518 XXll.
2055 490 2131 502 —
2161 459 2263 519 DE
2308 457 2509 519 PACE
2552 458 2631 520 ll.

3628 458 3784 520 1146

364 593 456 648 οὖν
488 594 600 665 (34)
652 589 951 665 ἀκάθαρτος
1004 587 1329 664 καθαρότης,
1386 591 1453 663 τῇ
1512 593 1609 644 τοῦ
1647 588 1892 665 ῥήματος
1925 590 2015 646 εὐ-

2138 593 2320 648 adhuc
2353 592 2588 665 longius
2638 594 2863 648 remota
2896 594 3057 658 sunt,
3092 593 3456 661 praeteream,
3488 606 3609 647 non
3644 592 3790 647 mihi

363 681 594 759 πρεπείᾳ
619 680 745 743 τοὺς
773 678 1022 742 πολλοὺς
1056 677 1381 747 δελεάζουσα
1406 699 1419 710 ·
1455 680 1542 733 καὶ
1574 682 1609 749 ἡ
1643 684 1871 757 Φρυγῶν

361 770 522 827 εἰσέτι
578 772 669 827 καὶ
720 768 809 826 νῦν
864 769 1051 843 μανία,
1100 766 1407 824 τελούντων
1453 790 1512 824 τε
1556 768 1646 824 καὶ
1671 770 2016 843 τελουμένων

362 866 565 937 μικροῦ
611 866 731 923 τοῖς
788 864 1049 921 παλαιοῖς
1108 858 1499 934 παραπλήσια⁶
1556 858 1644 913 καὶ
1693 862 1727 929 ἡ
1762 858 2017 915 Γαλατῶν

370 951 526 1005 ἄνοια
600 950 715 1023 (36)
774 947 1160 1004 πλωτοόντων
1218 948 1269 1002 ἐν
1324 946 1561 1009 πολλοῖς
1616 954 1717 1017 τῆς
1774 944 2018 1012 ἀσεϐείας

367 1039 619 1113 ὀνόμασι,
678 1039 767 1093 καὶ
813 1041 847 1108 ἡ
902 1033 1209 1093 Σαϐελλίου
1260 1037 1579 1113 συναίρεσις,
1625 1038 1714 1093 καὶ
1744 1041 1779 1108 ἠ
1808 1039 2018 1113 Ἀρείου

367 1125 650 1201 διαίρεσις,
706 1128 794 1182 καὶ
847 1130 882 1196 ἠ
943 1131 1049 1181 τῶν
1110 1131 1203 1181 νῦν
1256 1131 1523 1203 σοφιστῶν
1598 1129 1711 1201 (37)
1786 1127 2021 1183 ἐντεῦθεν

367 1215 759 1292 ὑποδιαίρεσις,
812 1221 1070 1272 τοσοῦτον
1156 1214 1539 1294 διαφερόντων,
1598 1215 1721 1271 ὅσον
1798 1216 2021 1293 γλῶσσα

368 1305 537 1369 λάλος
565 1314 665 1377 τῆς
694 1307 989 1383 ἀργοτᾶρας
1015 1325 1027 1377 ;
1091 1304 1250 1361 Ἀλλ’
1281 1303 1359 1362 ἔτι
1389 1304 1477 1361 καί
1509 1307 1675 1379 ἡμεῖς
1705 1307 1840 1380 πρὸς
1871 1310 2019 1380 ἡμᾶς

366 1394 560 1457 αὐτοὺς
612 1394 805 1472 σχεδόν
852 1417 904 1451 τι
956 1393 1344 1472 διαφερόμεθα,
1397 1396 1601 1468 οἱπερὶ
1631 1395 1693 1449 τὸ
1724 1395 2016 1474 κεφάλαιον

369 1482 720 1559 ὑγιαίνοντες,
748 1483 838 1539 καὶ
868 1484 1000 1561 ὑπὲρ
1027 1489 1136 1540 τῶν
1164 1483 1341 1547 αὖτῶς
1372 1484 1491 1539 καὶν
1522 1485 1629 1560 πρὸ
1672 1484 1798 1548 τοὺς
1829 1484 2021 1547 αὐτοὺς

367 1573 772 1643 στασιάζοντες.

442 1842 540 1898 ΙΓ’.
572 1839 726 1917 Λέγω
786 1838 853 1910 δὴ
912 1842 1011 1911 τὴν
1070 1836 1302 1918 ἔναγχος
1360 1843 1496 1915 ἡμῖν
1539 1840 1901 1898 ἐπαναστᾶσαν
1938 1849 2022 1913 ζυ-

2131 684 2464 737 sufficiebat
2493 698 2707 754 pravus
2726 683 3004 737 adversus
3019 680 3303 753 Spiritum
3323 684 3594 737 sanctum
3620 681 3785 736 Mon-

2130 772 2253 827 tani
2288 771 2552 843 spiritus,
2587 775 2643 825 et
2671 770 2872 826 Novati
2903 770 3170 841 audacia,
3205 769 3323 825 sive
3355 769 3588 841 impura
3634 771 3787 826 4‘12

2130 861 2379 934 puritas,
2413 878 2539 932 quae
2589 860 2847 916 nominis
2878 860 3186 916 honestate
3236 857 3669 914 multitudinem
3702 859 3789 913 in~

2130 955 2308 1014 escat,
2342 955 2397 1005 et
2427 950 2721 1022 Phrygum
2754 949 2943 1005 adhuc
2962 950 3165 1021 vigens
3194 948 3559 1004 initiantium
3615 948 3796 1004 etini-

2132 1040 2413 1095 tiatorum
2447 1040 2630 1106 furor,
2660 1040 2781 1094 fere
2809 1044 3073 1093 veterum
3106 1038 3288 1093 furori
3321 1036 3557 1108 similis,
3593 1040 3651 1094 et
3680 1037 3793 1093 Ga-

2132 1128 2739 1201 latarum,impietatis
2772 1128 3111 1183 nominlbus
3144 1127 3790 1196 afﬂuentium,demen-

2132 1218 2233 1285 tia,
2285 1222 2342 1274 et
2392 1218 2630 1275 Sabellii
2680 1217 3023 1287 contractio,
3056 1219 3113 1272 et
3158 1216 3276 1271 Arii
3332 1216 3562 1283 divisio,
3612 1220 3787 1288 atque

2131 1307 2269 1363 hinc
2300 1312 2437 1364 nata
2468 1308 2872 1381 sophistarum
2903 1307 3083 1379 hujus
3115 1306 3397 1380 temporis
3438 1305 3783 1373 subdivisio,

2134 1396 2235 1468 qui
2268 1400 2494 1452 tantum
2526 1396 2755 1468 abillis,
2780 1400 3073 1469 quantum
3094 1394 3308 1467 loquax
3328 1395 3533 1469 lingua
3559 1412 3593 1451 a
3621 1396 3793 1451 tarda

2131 1490 2189 1542 et
2218 1486 2411 1555 inerti,
2464 1485 2846 1558 discrepant?
2873 1488 2949 1541 At
2996 1503 3102 1542 nos
3134 1486 3307 1543 etiam
3356 1486 3636 1541 adversus
3684 1502 3792 1540 nos

2128 1575 2290 1648 ipsos
2336 1592 2483 1648 pene
2532 1575 2968 1645 contendimus,
3018 1575 3143 1648 qui,
3190 1578 3422 1630 tantum
3498 1574 3570 1629 ad
3611 1581 3791 1647 caput

2129 1666 2357 1734 attinet,
2391 1666 2540 1721 belle
2585 1665 2867 1736 valemus,
2900 1681 2967 1722 ac
3010 1682 3113 1738 pro
3140 1664 3353 1721 iisdem
3381 1668 3439 1721 et
3493 1665 3775 1721 adversus

2129 1757 2357 1812 eosdem
2393 1756 2823 1813 contendimus.

2203 1846 2350 1901 XIII.
2384 1846 2466 1901 De
2495 1846 2751 1901 fraterno
2780 1844 2881 1901 illo
2932 1844 3196 1915 dissidio,
3228 1845 3381 1916 quod
3414 1860 3604 1917 nuper
3630 1843 3787 1899 inter

367 1930 642 2005 γομαχίαν
702 1927 1001 2033 ἀδελφικὴν
1060 1934 1195 2005 (38),
1247 1931 1298 2004 ἐξ
1356 1930 1425 2000 ἦς
1473 1932 1562 1987 καὶ
1612 1934 1739 1994 Θεὸς
1772 1934 2018 2006 ἀτιμάζε-

2138 1952 2238 1991 nos
2267 1936 2509 2004 exstitit,
2546 1934 2769 2005 loquor,
2813 1952 2881 1990 ex
2911 1951 3026 2007 quo
3055 1938 3114 1990 et
3143 1934 3296 1991 Deus
3328 1938 3385 1989 et
3410 1933 3586 1990 homo
3617 1934 3783 2005 igno-

367 2039 454 2073 ται
488 2021 625 2092 (39),
658 2019 746 2074 xui
808 2015 1112 2094 ἅνθρωπος.
1160 2022 1216 2073 Ὀ
1274 2021 1368 2092 μὲν
1421 2018 1546 2075 οὐδὲ
1575 2021 1856 2095 γεννηθεὶς
1890 2021 2021 2098 ὑπὲρ

367 2108 529 2180 ἡμῶν
587 2106 755 2179 ὅλως,
819 2106 943 2163 οὐδὲ
989 2113 1068 2179 τῷ
1117 2108 1331 2183 σταυρῷ
1380 2108 1795 2181 προσηλωθείς⁸
1850 2108 2021 2181 δῆλον

370 2194 446 2269 δὲ,
481 2196 563 2251 ὅτι
596 2196 719 2251 οὔτε
748 2198 955 2275 ταφεὶς,
990 2197 1113 2253 οὒτε
1144 2198 1393 2264 ἀναστὰς,
1444 2198 1473 2253 ὅ
1520 2221 1659 2253 τισιν
1710 2196 1857 2269 ἔδοξε
1914 2205 2020 2255 τῶν

366 2290 546 2347 κακῶς
607 2286 1018 2363 φιλοχρίστων·
1082 2286 1209 2342 ἀλλ’
1262 2288 1491 2342 ἐνταῦθα
1547 2292 1661 2361 (40)
1723 2289 1885 2361 μόνον
1937 2312 2023 2345 τι-

373 2377 649 2447 μώμενος,
714 2376 775 2429 οὗ
831 2377 893 2429 τὸ
949 2383 1047 2446 τῆς
1092 2384 1261 2450 τιμῆς
1314 2378 1503 2450 ἀτιμία
1554 2379 1851 2448 καθέστηκε
1893 2383 2021 2453 (41),

364 2464 453 2519 καὶ
486 2462 574 2518 διὰ
628 2468 787 2520 τοῦτο
835 2464 909 2527 εἷς
962 2463 1057 2519 δύο
1107 2466 1257 2527 υἱοὺς
1303 2467 1651 2540 τεμνόμενος,
1709 2466 1738 2537 ἤ
1784 2469 2021 2524 συντιθέ-

380 2574 539 2625 μενος
566 2574 579 2587 ·
617 2554 643 2607 ὁ
678 2551 735 2607 δὲ
767 2554 829 2608 οὐ
876 2552 1080 2616 τελέως
1128 2551 1713 2631 προσλαμϐανόμενος,
1760 2556 1796 2626 ἤ
1845 2559 2022 2631 τιμώ-

378 2663 560 2714 μενος,
640 2642 785 2697 am
856 2648 935 2715 τῷ
1014 2644 1250 2721 μεγίστῳ
1325 2645 1868 2721 παραῤῥιπτούμενος
1934 2648 2023 2702 καὶ

371 2730 819 2803 ἀποξενούμενος,
876 2732 1023 2808 εἷ’περ
1083 2732 1330 2809 μέγιστον
1392 2733 1442 2788 ἰν
1512 2735 1801 2808 ἀνθρώπου
1871 2737 2022 2813 φύσει

372 2820 435 2872 τὸ
488 2821 605 2873 κατ’
656 2821 855 2888 εἰκόνα,
904 2822 994 2875 καὶ
1044 2825 1078 2892 ἡ
1128 2828 1225 2877 τοῦ
1256 2828 1350 2877 νοῦ
1382 2822 1625 2897 δύναμις.
1660 2827 1861 2901 Ἐχρῆν
1896 2828 2023 2902 γὰρ,

377 2905 562 2975 ἐπειδὴ
617 2909 809 2979 θεότης
868 2910 1075 2979 ἥνωται
1124 2914 1256 2985 (42),
1308 2911 1625 2985 διαιρεῖσθαι
1668 2916 1769 2982 τὴν
1814 2916 2021 2991 ἀνθρω-

376 2994 607 3067 πότητα,
668 2999 758 3050 καί
805 2998 929 3072 περὶ
985 3000 1076 3053 τὸν
1136 3006 1259 3055 νοῦν
1312 3003 1645 3072 ἀνοηταίνειν
1678 3004 1805 3065 τοὺς
1844 3003 2024 3059 τᾶλλα

380 3083 582 3161 σοφούς
612 3104 624 3116 ·
684 3086 773 3140 καὶ
827 3089 899 3159 μή
962 3086 1092 3141 ὅλον
1157 3111 1223 3162 με
1252 3092 1535 3162 σώζεσθαι,
1570 3091 1699 3148 ὅλον
1731 3095 2027 3149 πταίσαντα

372 3173 461 3226 xui
518 3175 905 3251 κατακριθέντα
961 3176 1019 3231 ἐκ
1073 3186 1176 3248 τῆς
1232 3184 1329 3234 τοῦ
1407 3181 1841 3257 πρωτοπλάστου
1913 3187 2025 3259 (43)

377 3270 682 3336 παρακοῆς,
729 3265 817 3319 xui
876 3269 1089 3335 κλοπ-ῆς
1143 3274 1241 3324 τοῦ
1292 3271 1697 3345 ἀντικειμένου·
1757 3273 1832 3336 ὡς
1866 3273 2022 3329 ἐλατ-

2135 2024 2317 2080 minia
2348 2024 2729 2090 afficiuntur;
2763 2023 2859 2079 ille
2889 2022 3160 2078 videlicet
3192 2039 3294 2077 nec
3327 2038 3431 2094 pro
3465 2022 3633 2079 nobis
3664 2022 3791 2094 qui-

2135 2116 2267 2168 dem
2319 2113 2554 2167 omnino
2586 2112 2839 2185 genitus,
2875 2117 2931 2167 et
2983 2112 3137 2167 cruci
3172 2112 3402 2177 affixus,
3437 2128 3500 2166 ac
3544 2111 3788 2183 proinde

2136 2218 2244 2257 nec
2275 2202 2563 2273 sepultus,
2597 2218 2704 2256 nec
2736 2218 2768 2255 a
2798 2204 2981 2255 morte
3031 2206 3355 2270 revocatus,
3408 2199 3793 2271 quemadmo-

2133 2293 2274 2347 dum
2328 2290 2630 2345 nonnullis
2678 2290 2980 2345 Christum
3042 2294 3391 2361 praepostere
3449 2287 3791 2345 amantibus

2134 2380 2353 2453 placuit
2378 2399 2391 2447 ;
2412 2396 2613 2435 verum
2638 2380 2731 2434 hic
2754 2384 2983 2435 tantum
3008 2380 3352 2446 honoratus,
3388 2379 3487 2433 ubi
3513 2379 3701 2435 honor
3729 2377 3789 2432 in

2134 2472 2387 2526 dedecus
2419 2475 2474 2524 et
2505 2473 2905 2541 contemptum
2939 2468 3161 2531 recidit,
3181 2472 3353 2538 atque
3383 2468 3456 2522 ob
3488 2483 3615 2523 eam
3649 2482 3786 2521 cau-

2136 2578 2261 2615 sam
2296 2559 2351 2612 in
2387 2560 2534 2615 duos
2566 2559 2719 2613 ﬁlios
2759 2558 3048 2612 dissectus
3079 2562 3181 2611 aut
3211 2556 3576 2627 compositus
3628 2570 3642 2609 :
3692 2553 3789 2609 hic

2137 2654 2331 2705 autem
2356 2666 2470 2705 non
2495 2648 2746 2721 perfecte
2779 2650 3258 2717 assumptus,aut
3280 2645 3499 2699 honore
3524 2645 3788 2711 aii‘ectus,

2136 2740 2232 2794 sed
2270 2740 2527 2793 maxime
2575 2755 2643 2793 ex
2671 2742 2833 2809 parte
2884 2737 3145 2805 adjectus
3185 2739 3240 2790 et
3289 2734 3677 2799 abalienatus,
3710 2730 3791 2785 si-

2136 2829 2374 2900 quidem
2426 2827 2745 2882 maximum
2779 2826 2917 2897 quid
2952 2826 3007 2877 in
3042 2824 3302 2878 hominis
3335 2828 3545 2877 natura
3575 2826 3664 2876 est
3693 2820 3784 2875 di-

2133 2919 2271 2973 vina
2320 2918 2512 2987 imago
2569 2920 2625 2970 et
2682 2914 2899 2971 mentis
2957 2912 3221 2968 facultas.
3254 2912 3568 2984 Oportebat
3624 2908 3784 2965 enim

2134 3007 2377 3073 scilicet,
2414 3009 2797 3077 posteaquam
2829 3003 3015 3058 deitas
3047 3002 3213 3057 unita
3243 3005 3420 3067 esset,
3450 2999 3787 3055 humanita-

2133 3103 2251 3153 tem
2284 3095 2484 3163 dividi,
2520 3111 2583 3148 ac
2615 3093 2767 3148 circa
2809 3100 3066 3147 mentem
3119 3091 3411 3155 homines,
3444 3088 3661 3161 alioqui
3693 3105 3787 3143 sa-

2135 3187 2382 3259 pientes.
2418 3182 2764 3255 insipientes
2794 3182 3056 3247 evadere,
3092 3196 3322 3251 meque,
3356 3179 3455 3252 qui
3503 3184 3665 3234 totus
3695 3194 3789 3234 ce-

2136 3276 2273 3343 cidi,
2308 3278 2485 3345 atque
2538 3275 2610 3327 ob
2668 3270 2844 3343 primi
2901 3270 3159 3327 hominis
3215 3269 3675 3324 inobedientiam
3732 3271 3791 3322 et

369 3353 592 3405 τοῦσθαι
649 3356 728 3424 τῷ
778 3355 870 3426 μὲν
926 3362 1040 3427 Θεῷ
1086 3359 1185 3426 τὴν
1232 3361 1417 3435 χάριν,
1452 3343 1586 3433 ἡμῖν
1616 3359 1673 3417 δὲ
1718 3364 1817 3431 τὴν
1853 3385 2018 3435 σωτη-

2138 3363 2352 3420 diaboli
2403 3362 2667 3417 fraudem
2718 3361 3145 3415 condemnatus
3191 3376 3345 3421 sum,
3380 3375 3493 3412 non
3526 3357 3686 3413 omni
3718 3373 3788 3412 ex

372 3438 508 3513 ρίαν.
545 3440 618 3494 Οὐ
654 3442 820 3513 μόνον
854 3442 929 3514 δὲ,
965 3444 1090 3499 ἀλλ’
1120 3447 1201 3501 ὅτι
1242 3449 1331 3501 καὶ
1364 3450 1493 3523 ὑπὶρ
1528 3451 1825 3524 ἀνθρώπων
1884 3454 2021 3523 ἡμῖν

370 3527 399 3581 ὁ
430 3527 679 3598 πόλεμος
707 3536 823 3590 τοῖς
852 3533 998 3606 παρᾶ
1028 3539 1160 3587 Θεοῦ
1202 3538 1583 3608 σεσωσμένοις,
1635 3538 1723 3591 xui
1768 3544 2024 3593 τοσοῦτον

367 3616 432 3670 τὸ
462 3618 645 3691 περιὸν
701 3619 835 3689 ἡμῖν
877 3623 975 3671 τοῦ
1022 3620 1378 3693 στασιώδους,
1428 3623 1565 3677 ὣστε
1612 3624 1700 3678 καὶ
1748 3631 1863 3687 τοῖς
1912 3631 2019 3680 τῶν

369 3703 555 3759 ἄλλων
609 3703 951 3781 φιλοτιμίαις
1006 3713 1166 3763 τοῦτο
1225 3710 1555 3785 ἐχρήσαμεν,
1612 3714 1699 3767 καὶ
1748 3714 1878 3788 ὑπὲρ
1911 3718 2023 3787 (44)

368 3791 678 3867 ἀλλοτρίων
716 3790 921 3869 θρόνων
954 3793 1091 3857 ἰδίας
1122 3794 1323 3873 ἔχθρας
1374 3800 1741 3875 ἀναιρούμεθα
1767 3819 1779 3831 °
1814 3801 1908 3856 δύο
1956 3804 2023 3858 τὰ

372 3880 602 3957 μέγιστα
632 3884 755 3959 περὶ
786 3880 839 3939 ἓν
887 3884 1362 3959 ἐξαμαρτάνοντες,
1415 3889 1627 3945 ἐκείνων
1680 3912 1739 3945 τε
1784 3892 1845 3945 τὸ
1895 3892 2021 3969 φίλ-

367 3990 539 4046 αρχον
603 3972 1003 4045 ὑπεκκαίοντες,
1060 3976 1148 4029 καὶ
1208 3977 1360 4032 αὐτοὶ
1417 3984 1514 4033 τοῦ
1574 3981 1775 4035 οἰκείου
1814 3985 2020 4044 πάθους

364 4056 589 4135 ἔρεισμα
644 4061 805 4117 τοῦτο
865 4060 1256 4137 λαμϐάνοντες,
1314 4071 1551 4145 καθάπερ
1612 4071 1663 4124 oi
1720 4072 2020 4147 κρημνιζό-

368 4170 520 4221 μενοι
551 4154 647 4213 τὰς
678 4152 914 4222 πλησίον
949 4153 1169 4229 πέτρας.
1215 4154 1251 4225 ἤ
1302 4162 1408 4212 τῶν
1459 4160 1677 4233 θάμνων
1723 4161 1818 4223 τὰς
1874 4162 2023 4239 στερ-

366 4236 611 4315 ῥοτὲρας.

401 4382 709 4508 (1(342243533-
740 4384 853 4442 οὖν.
890 4388 984 4445 Sic
1034 4390 1129 4446 Or.
1166 4393 1215 4446 1.
1248 4392 1312 4448 In
1361 4398 1501 4467 Reg.
1536 4396 1659 4465 bm,
1690 4394 1777 4463 ἥτ’
1809 4394 1922 4453 οὖν.
1959 4399 2021 4454 In

366 4470 481 4512 ϐα..
516 4470 709 4512 εῑτουν.

436 4500 1043 4610 (35⁷)’ξάἶὴ-ξῡρυγῶν,
1089 4536 1199 4587 etc.
1232 4554 1251 4579 α
1290 4534 1359 4589 Et
1411 4535 1724 4608 Phrygum,
1751 4560 1778 4586 »
1812 4544 1921 4594 etc.
1958 4540 2020 4595 1n

362 4612 430 4679 ea
470 4600 707 4679 regione
757 4600 1084 4679 Montanus
1128 4619 1261 4657 suos
1314 4600 1824 4677 errores‘sparsit.
1862 4612 2024 4666 Unde

362 4670 798 4749 ejusddiscipu‘li
838 4673 1282 4749 «MCataphryges
1318 4698 1338 4723 ιο
1376 4684 1517 4731 sunt
1546 4670 1839 4749 appellati.

430 4742 543 4811 (36)
576 4742 639 4797 Ἡ
674 4738 927 4796 Γαλατῶν
975 4738 1309 4800 ἄνόια.’”Ηὶο
1362 4770 1389 4795 (ί
1441 4738 1847 4805 Marcellianos
1878 4772 1905 4801 ››
1940 4750 2018 4805 si-

358 4812 640 4937 gniﬁcare
671 4814 922 4882 videtur,
952 4818 1049 4886 qui
1084 4832 1470 4889 personarum
1503 4821 1848 4878 Trinitatem
1882 4839 2017 4877 cum

405 4884 614 4937 abellio
647 4888 959 4937 negabant.
986 4888 1293 4937 Marcellus
1321 4896 1513 4937 alitem
1548 4898 1673 4937 erat
1702 4892 1902 4937 Gnlntn
1922 4912 1933 4923 -
1960 4899 2017 4937 at

405 4884 1293 4967 abelliqnegabant—Marcellus
1321 4896 1514 4967 autem
1548 4898 1673 4967 erat
1702 4892 1934 4967 Galata;
1960 4899 2018 4950 et

360 4954 571 5038 alludit
594 4954 910 5038 Gregorius
940 4961 1009 5038 ad
1047 4961 1365 5038 haecPauli
1396 4964 1573 5019 verba
1603 4966 1671 5019 ad
1698 4964 1823 5020 Gal.
1848 4954 1933 5029 in,
1964 4968 2013 5034 1,

360 5046 387 5075 (ί
420 5026 462 5081 0
493 5026 779 5085 insensati
811 5032 1051 5099 Galate,
1079 5055 1107 5082 »
1137 5037 1245 5088 etc.

427 5099 869 5181 (3:).Emptcn'tﬁn.
899 5105 989 5181 5d
1023 5104 1358 5181 marginem
1382 5106 1708 5181 Regiicod.
1740 5108 1817 5163 hu
1848 5108 2013 5181 poni-

352 5167 469 5246 tur,
496 5167 869 5246 Εὐνομιανῶν.
896 5174 989 5229 Sic
1014 5167 1252 5246 quidEm
1278 5176 1430 5232 Elias
1448 5167 1652 5245 ;vBillio
1673 5167 1869 5236 autem
1897 5197 2014 5237 non

355 5239 566 5324 placet.
592 5239 756 5324 perte
777 5239 1094 5324 Gregorius
1123 5264 1222 5324 eos
1252 5239 1551 5324 intelligit,
1574 5251 1672 5320 qui
1709 5252 1881 5324 paulo
1912 5252 2016 5307 mi-

354 5328 466 5397 nus
499 5314 853 5399 dividebant,
883 5314 1083 5399 quam_
1106 5320 1295 5399 Ariu_s.
1323 5314 1635 5399 Non'enim
1690 5314 1790 5395 per
1831 5320 2013 5399 διαφι-

354 5388 556 5465 ρόντων
593 5388 1110 5465 intelliguntur-Hii,
1160 5392 1283 5465 qui,
1309 5393 1556 5449 Arianos
1587 5418 1613 5443 «ι
1649 5388 1951 5465 superant:
1984 5419 2010 5445 ››

352 5460 418 5509 ut
461 5460 880 5533 interpretatur
932 5460 1289 5527 Billiusfsed
1347 5465 1446 5533 qui
1500 5466 1570 5520 ab
1616 5460 2011 5522 eisidiscre-

350 5530 496 5597 pant
531 5551 556 5575 ››
588 5536 643 5583 et
675 5553 703 5579 ‹‹
737 5532 1045 5588 dissident.
1075 5555 1101 5584 ιο

422 5598 916 5680 (38λᾎμγομαχίαν
961 5602 1278 5680 ἀδελφικῇν.
1332 5604 1721 5677 intelligenda
1768 5608 1889 5663 haec
1938 5610 2008 5664 de

348 5690 378 5717 «
426 5671 843 5753 Apollin'ari,_'}»
894 5693 1071 5753 quem
1111 5671 1342 5753 imi—tius
1400 5671 1615 5734 tractat
1669 5680 2005 5753 Gregorius,

350 5743 505 5811 quod
542 5760 677 5800 eum
710 5743 1028 5820 aliquando
1061 5750 1132 5805 ad
1174 5748 1470 5809 saniorem
1502 5753 1758 5809 mentem
1783 5743 2008 5811 reditu;

346 5828 479 5868 rum
511 5824 793 5887 speraret.

2136 3458 2300 3526 parte
2331 3453 2579 3507 salutem
2634 3449 2936 3520 consequi,
2970 3454 3034 3503 ut
3064 3449 3145 3502 ita
3184 3452 3241 3501 et
3288 3448 3379 3501 Dei
3416 3446 3793 3511 beneﬁcium,

2133 3546 2190 3597 et
2219 3546 2419 3595 nostra
2442 3538 2601 3593 salus
2634 3538 3043 3592 imminuatur.
3076 3536 3158 3589 Ad
3184 3551 3357 3605 quam
3383 3535 3791 3605 indignitatem

2131 3630 2277 3683 illud
2330 3629 2505 3683 etiam
2558 3627 2802 3688 accedit,
2837 3626 2989 3695 quod
3029 3624 3128 3695 qui
3163 3642 3195 3678 a
3222 3624 3339 3679 Deo
3371 3623 3561 3679 salute
3591 3624 3796 3679 donati

2134 3713 2675 3786 sumus,hominum
2702 3730 2879 3767 causa
2908 3713 3123 3767 bellum
3149 3712 3793 3784 gerimus,tantumque

2130 3807 2189 3862 in
2223 3808 2391 3861 nobis
2440 3803 2827 3860 contendendi
2876 3804 3135 3858 studium
3170 3803 3467 3864 exuberat.
3501 3806 3565 3855 ut
3590 3801 3787 3873 ipsum

2132 3911 2364 3967 quoque
2388 3894 2632 3951 aliorum
2659 3893 3084 3949 ambitionibus
3108 3892 3574 3961 commodemus,
3598 3908 3662 3946 ac
3687 3908 3791 3963 pro

2132 3986 2342 4043 alienis
2383 3984 2612 4040 thronis
2646 3983 2910 4053 proprias
2942 3982 3283 4038 inimicitias
3315 3982 3697 4053 accipiamus,
3730 3982 3790 4036 in

2130 4091 2250 4130 una
2279 4091 2340 4129 re
2372 4076 2487 4127 duo
2512 4071 2863 4144 gravissima
2895 4076 3131 4145 peccata
3162 4070 3622 4135 committentes,
3657 4086 3791 4124 cum

2132 4165 2414 4221 nimirum
2448 4167 2505 4217 et
2560 4178 2760 4218 eorum
2810 4160 3191 4216 ambitionem
3242 4159 3704 4223 inﬂammemus,
3740 4162 3798 4213 et

2132 4255 2245 4326 ipsi
2294 4253 2517 4309 vitiosa:
2567 4256 2779 4308 nostra;
2830 4249 3159 4307 affectionis
3209 4249 3315 4305 hoc
3365 4246 3792 4304 adminiculum

2205 4398 2323 4469 (39)
2354 4392 2722 4468 Ἀτιμάζεται.
2781 4393 2987 4451 Plures
3036 4394 3216 4467 Regg.
3249 4398 3306 4451 et
3348 4391 3444 4449 Or.
3478 4393 3530 4461 1,
3564 4390 3790 4463 ἀτιμοῦν

2132 4488 2317 4613 ῗαὶ40)
2362 4540 2570 4613 Κακῶς-
2611 4534 2984 4613 φιλοχρίστων
3045 4533 3173 4613 ἀλλ’
3232 4534 3475 4613 ἐνταῦθα,
3528 4533 3793 4613 etc.__Si_c

2057 4614 2101 4678 D
2132 4605 2517 4691 designantur
2545 4605 2997 4691 Apollinarium,
3024 4608 3121 4691 qui
3158 4608 3606 4691 contendebant,
3633 4605 3795 4691 Qhri-

2133 4678 2291 4735 stum
2326 4697 2359 4734 a
2388 4678 2703 4734 Catholicis
2736 4680 2795 4732 in
2841 4680 2988 4732 duos
3033 4678 3186 4732 ﬁlios
3218 4678 3419 4743 dividi,
3453 4678 3607 4747 quod
3642 4678 3793 4732 duas

2132 4758 2396 4819 naturas,
2426 4751 2688 4805 divinam
2720 4748 2942 4806 scilicet
2973 4754 3029 4803 et
3058 4749 3404 4818 humanam,
3436 4748 3699 4819 integras
3730 4748 3790 4803 in

2131 4840 2196 4879 eo
2228 4823 2625 4877 admitterent.

2199 4894 2314 4962 (41)
2346 4893 2668 4961 Καοέστηκε.
2705 4895 2874 4947 Deest
2901 4890 2960 4945 in
2990 4890 3126 4962 Reg.
3164 4891 3281 4956 bm,
3314 4894 3371 4947 et
3398 4890 3496 4947 Or.
3534 4891 3584 4962 1.

2199 4895 2283 4961 (41
2346 4894 2668 4961 Καοέστηκε.
2705 4895 2874 4947 Deest
2901 4894 2960 4945 in
2990 4894 3126 4962 Reg.
3164 4894 3281 4956 bm,
3314 4894 3371 4947 et
3398 4894 3496 4947 Or.
3534 4894 3584 4944 1.

2199 4894 2314 5038 (42)
2344 4966 2603 5020 ’¹Ηνωται.
2664 4964 2819 5038 Elias
2876 4962 3298 5038 interpretatur
3344 4980 3356 5018 :
3396 4985 3433 5038 αιΔ
3472 4961 3790 5038 unita__est

2127 5031 2311 5109 carni;
2338 5060 2365 5086 ››
2394 5038 2569 5093 Recte
2598 5037 2857 5109 quidem.
2891 5031 3234 5109 licet—aliter
3280 5035 3503 5109 sentiat
3552 5031 3780 5109 Billius,

2126 5108 2231 5191 Hic
2282 5109 2439 5166 enim
2489 5104 2805 5191 gregorius
2853 5106 3109 5191 exagitat
3153 5104 3785 5191 Apollinaristas,_qui

2126 5182 2385 5237 animam
2428 5198 2461 5236 a
2501 5178 2730 5238 Christo
2783 5182 3151 5251 assumptam
3204 5195 3321 5234 non
3372 5178 3578 5251 fuisse,
3610 5181 3789 5249 atque

2126 5252 2382 5309 Verbum
2429 5254 2639 5309 animm
2686 5252 2840 5307 vices
2889 5249 3257 5323 sup'plevisse
3304 5249 3597 5323 volebant,
3632 5251 3786 5323 quod

2125 5325 2455 5397 Theologus
2524 5319 3145 5397 appellat,_1rep'i"rov
3224 5325 3348 5374 νοῦν
3426 5319 3787 5392 ἀνοηταίνειν,

2127 5419 2154 5446 ‹‹
2187 5397 2340 5453 circa
2352 5394 2627 5452 'mente'rn
2662 5394 2953 5451 insanire.
2973 5415 2994 5445 ι

2194 5469 2302 5539 (43)
2346 5466 2958 5543 Πρωτοπλάστοολὶθε.
3015 5464 3119 5532 hu,
3172 5464 3267 5520 Or.
3327 5466 3376 5531 1,
3429 5466 3570 5532 138.,
3630 5463 3785 5539 πρώ-

2118 5558 2236 5594 του.

2191 5612 2304 5679 (44)
2338 5609 2434 5662 Καὶ
2471 5610 2621 5684 ὑπερ,
2656 5614 2765 5666 etc.
2800 5609 2903 5664 Hic
2933 5606 3205 5684 designat
3235 5605 3781 5684 Gregorius‘Antiof

2120 5676 2366 5811 gheriam
2414 5676 2636 5754 sedem,
2669 5684 2739 5738 de
2788 5698 2906 5752 qua
2946 5676 3379 5736 contendebant
3407 5676 3678 5734 Msletius
3727 5680 3785 5732 et

2165 5769 2239 5811 au
2269 5771 2424 5810 IDUS.

2165 5769 2424 5812 BUIIDUS.
