4110 6448
362 445 518 507 1149

1521 442 1812 505 ORATIO
1857 442 2044 505 XXII.
2078 473 2157 487 -
2184 443 2286 503 DE
2330 440 2531 502 PACE
2577 442 2654 503 Il.

3618 446 3778 508 1150

361 574 460 632 Καὶ
492 574 651 631 αὐτὸν
706 575 793 649 μὶι
823 570 1072 645 ἕκαστον,
1104 572 1255 636 ὅπως
1308 572 1366 628 ἂν
1425 576 1559 651 πρὸς
1618 574 1805 629 εαυτὸν
1865 570 2010 649 εἲρή-

2127 574 2396 643 beretur;
2421 572 2755 646 reipubliczs
2777 577 2970 630 autem
2993 572 3396 631 ecclesiasticis
3422 574 3581 633 allud
3604 577 3777 650 quid-

354 665 503 739 νεύῃ,
569 661 888 734 σπουδάζειν
957 663 1174 741 (εἰρήνη
1237 661 1294 718 δὲ
1348 665 1409 719 τὸ
1469 667 1573 738 (54)
1618 670 1736 727 καθ’
1795 661 2012 719 ἕκαστον

360 754 591 831 αἱρετὸν,
640 754 730 809 καὶ
774 756 810 824 ὴ
852 753 989 809 κατὰ
1036 757 1145 809 τῶν
1195 757 1382 818 παθῶν
1416 751 1755 824 δεσποτεία)·
1789 754 1924 829 πρὸς
1959 750 2017 807 δὲ

356 842 484 907 τοὺς
518 842 725 906 ἄλλους
761 844 836 917 μή
870 844 963 898 τὸν
1016 842 1176 898 αὐτὸν
1230 842 1529 921 φαίνεσθαι,
1580 841 1708 898 ἀλλ’
1763 844 2014 917 ἡγεῖσθαι

362 931 516 1004 δόξαν
577 934 791 1007 ἑαυτοῦ,
838 935 937 1002 τὴν
996 938 1094 989 τοῦ
1151 933 1382 1004 κλησίον
1432 930 1746 990 κατάλυσιν.
1790 932 1891 989 Καὶ
1922 931 2015 987 τὸν

362 1023 455 1096 μὲν
516 1020 643 1078 Θεὸν
703 1022 913 1101 ἀφιέναι
969 1027 1080 1096 (55)
1137 1020 1379 1078 κελεύειν
1447 1024 1538 1077 καὶ
1598 1028 1713 1085 τοῖς
1773 1020 2015 1097 ἁμαρτά-

355 1132 535 1167 νουσιν
586 1111 661 1175 εἰς
716 1115 888 1185 ἡμᾶς,
946 1114 1020 1186 μὴ
1058 1111 1140 1167 ὅτι
1174 1113 1417 1182 ἑπτάκις,
1448 1111 1594 1168 ἀλλὰ
1623 1113 1713 1167 καί
1743 1108 2018 1174 πολλάκις

354 1206 632 1271 τοσοῦτον,
678 1201 753 1265 ὡς
796 1205 894 1257 τοῦ
944 1200 1159 1279 ἀφιέναι
1204 1201 1266 1255 τὸ
1317 1200 1565 1279 ἀφίεσθαι
1612 1199 2015 1277 προξενοῦντος.

357 1292 504 1363 ἡμᾶς
561 1287 619 1346 δὲ
665 1291 755 1345 καὶ
802 1296 920 1354 τοῖς
969 1288 1121 1346 οὐδὲν
1174 1288 1421 1345 ἀδικοῦσι
1470 1290 1890 1365 προθυμότερον
1920 1288 2018 1344 έπ-
2053 1290 2070 1311 ’

358 1380 625 1455 ηρεάζειν,
672 1379 706 1448 ἤ
757 1381 886 1455 παρ’
936 1378 1121 1435 ἄλλων
1174 1378 1584 1456 εὖεργετεῖσθαι.
1619 1380 1717 1434 Καὶ
1749 1379 2014 1449 τοσαύτην

364 1468 459 1541 μὶν
501 1471 614 1542 (56)
661 1466 854 1524 εἰδέναι
904 1473 1022 1531 τοῖς
1070 1469 1451 1542 εὖρηνοποιοῖς
1503 1469 1859 1541 ἀποκειμένην
1916 1489 2017 1541 μα-

360 1556 680 1634 καριότητα,
740 1556 879 1613 ὥστε
933 1558 1022 1613 καὶ
1080 1556 1233 1620 υἱοὺς
1312 1560 1446 1613 Θεοῦ
1518 1557 2015 1635 προσαγορεύεσθαι

365 1646 567 1719 μόνους
625 1646 676 1701 iv
708 1650 777 1721 τῇ
808 1647 953 1717 τάξει
981 1651 1095 1702 τῶυ
1127 1648 1451 1720 σωζομένων
1495 1648 1610 1719 (57)
1632 1666 1645 1680 ο
1706 1646 1902 1709 αὐτοὺς
1960 1644 2018 1701 δὲ

357 1734 446 1789 καὶ
478 1733 794 1813 φιλέχθρως
827 1734 1079 1811 ἔχοντας,
1110 1732 1298 1791 ἔπειτα
1335 1733 1540 1799 οἷέσθαι
1580 1735 1671 1790 καὶ
1886 1734 2019 1814 φίλα

359 1823 609 1900 πράττειν
670 1829 805 1897 Θεῷ,
862 1830 942 1897 τῷ
995 1825 1215 1880 παθόντι
1273 1828 1389 1899 (59)
1438 1822 1509 1879 δι’
1559 1828 1729 1897 ἡμᾶς,
1756 1823 1849 1880 ’ἕνα
1881 1826 2014 1900 πρὸς

359 1915 545 1969 ἕαυτὸν
604 1914 902 1991 εἰρηνεύσῃ,
956 1916 1047 1969 καὶ
1096 1915 1373 1989 καταλύσῃ
1428 1914 1521 1970 τὸν
1580 1914 1632 1969 έν
1664 1917 1801 1988 ἡμῖν
1847 1912 2014 1969 πόλε-

369 2024 465 2075 μον
479 2046 490 2059 .

2044 1960 2092 2025 Β

2126 679 2305 736 quam
2339 665 2490 719 bono
2522 664 2682 736 pacis
2714 664 2923 720 melius
2955 682 3019 719 ac
3054 664 3443 736 prastabilius
3484 682 3614 723 esse
3647 685 3661 723 :
3723 671 3780 721 et

2125 768 2611 824 unumquemque
2632 753 2893 824 quidem,
2918 756 2985 807 ut
3004 768 3203 809 secum
3229 758 3472 825 pacatus
3493 753 3589 823 sit,
3605 772 3779 811 omne

2127 843 2393 898 studium
2426 841 2703 898 adhibere
2749 842 2886 914 (pax
2916 841 3072 897 enim
3104 841 3250 897 illud
3282 847 3394 909 est,
3428 844 3583 915 quod
3613 844 3779 917 quis-

2127 946 2240 1001 que
2272 929 2543 1002 privatim
2575 933 2813 1002 expetit,
2847 935 3021 1002 atque
3063 931 3123 985 in
3166 931 3540 988 turbulentas
3595 933 3779 989 animi

2130 1019 2523 1091 permotiones
2577 1019 2957 1093 imperium);
3016 1036 3152 1093 erga
3204 1019 3352 1076 alios
3409 1025 3605 1077 autem
3662 1039 3778 1077 non

2126 1109 2399 1165 eumdem
2430 1125 2493 1165 se
2523 1110 2797 1180 praebere,
2823 1126 3024 1164 verum
3055 1110 3303 1181 proximi
3334 1110 3779 1182 oppressionem

2126 1198 2369 1270 gloriam
2402 1215 2571 1253 suam
2603 1198 2815 1254 ducere
2848 1215 2861 1254 :
2915 1198 2970 1253 id
3022 1198 3200 1255 etiam
3246 1199 3572 1255 absurdum
3605 1200 3783 1255 fuerit

2127 1288 2483 1357 existimare,
2516 1288 2691 1359 quod,
2725 1303 2861 1343 cum
2892 1287 3045 1344 Deus
3076 1287 3315 1359 quidem
3346 1288 3440 1357 iis,
3474 1306 3508 1344 a
3558 1288 3778 1360 quibus

2126 1377 2246 1433 laesi
2281 1378 2587 1444 fuerimus,
2619 1394 2735 1433 non
2768 1378 2958 1433 solum
2990 1378 3228 1450 septies,
3269 1378 3369 1433 sed
3425 1377 3661 1450 saepius,
3713 1396 3779 1434 ac

2125 1468 2299 1523 toties
2332 1484 2509 1523 noxas
2539 1467 2837 1522 remittere
2871 1466 3101 1537 jubeat,
3148 1467 3305 1537 quod
3362 1466 3631 1522 videlicet
3686 1485 3775 1525 re-

2126 1556 2331 1614 missio
2363 1557 2769 1613 remissionem
2804 1556 3071 1612 conciliet
3090 1557 3135 1592 °‘
3166 1574 3180 1613 :
3227 1556 3396 1612 nobis
3422 1561 3619 1612 autem
3650 1555 3777 1612 lici-

2128 1648 2252 1701 tum
2287 1647 2384 1714 sit,
2415 1664 2515 1701 eos
2557 1648 2757 1713 etiam,
2816 1663 2851 1702 a
2906 1646 3123 1717 quibus
3168 1644 3332 1701 nulla
3360 1646 3529 1701 nobis
3559 1646 3778 1718 injuria

2124 1735 2288 1790 illata
2317 1740 2426 1804 est,
2461 1734 2755 1791 libentiori
2787 1734 2983 1790 animo
3013 1735 3302 1801 divexare,
3333 1751 3510 1806 quam
3541 1735 3612 1791 ab
3646 1735 3778 1792 aliis

2126 1824 2408 1881 beneficio
2455 1824 2607 1881 affici
2643 1841 2657 1879 :
2709 1841 2776 1880 ac
2817 1841 2951 1879 cum
2994 1827 3221 1879 tantam
3255 1824 3492 1895 quidem
3522 1824 3781 1880 beatitu-

2128 1929 2257 1969 nem
2291 1914 2551 1986 paciﬁcis
2581 1913 2942 1970 reconditam
2974 1929 3103 1969 esse
3141 1917 3511 1985 perspectum
3560 1915 3656 1979 sit,
3715 1918 3784 1969 ut

2126 2004 2181 2057 in
2216 2004 2531 2057 electorum
2565 2003 2787 2069 ordine,
2822 2002 2930 2057 soli
2962 2002 3065 2056 filii
3103 2003 3195 2057 Dei
3229 2008 3511 2057 vocentur
3537 2003 3580 2038 θ’
3608 2020 3622 2071 ;
3673 2019 3783 2058 nos

359 2099 574 2159 autem,
607 2094 747 2148 dum
780 2093 1223 2150 inimicitiarum
1258 2099 1316 2149 et
1346 2095 1717 2150 simultatum
1760 2111 1957 2151 amore
2003 2098 2291 2162 tenemur,
2326 2092 2385 2147 in
2419 2109 2485 2147 ea
2512 2097 2705 2147 tamen
2741 2092 3013 2162 opinione
3060 2108 3381 2160 versemur,
3413 2096 3478 2146 ut
3507 2091 3643 2161 Deo,
3678 2092 3780 2164 qui

360 2199 462 2253 pro
496 2182 684 2250 nobis,
718 2187 783 2237 ut
815 2199 920 2237 nos
952 2200 1149 2238 secum
1182 2183 1239 2236 in
1274 2185 1525 2255 gratiam
1580 2185 1902 2251 reduceret,
1937 2182 2274 2252 bellumque
2322 2187 2589 2237 nostrum
2640 2182 2988 2241 intestinum
3035 2181 3455 2253 exstingueret,
3488 2182 3779 2253 supplicio

360 2271 600 2327 affectus
630 2276 737 2337 est,
774 2288 895 2326 rem
928 2271 1175 2343 gratiam
1212 2273 1397 2328 facere
1429 2273 1799 2328 arbitremur.

433 2360 523 2427 Ιζ”
579 2356 886 2430 Μηδαμῶς,
938 2359 983 2411 ὦ
1039 2358 1192 2435 φίλοι
1252 2360 1341 2413 καὶ
1399 2356 1645 2437 ἀδελφοὶ,
1698 2360 1843 2415 αὕτω
1897 2358 2012 2414 δια-

360 2448 635 2520 νοώμεθα.
694 2444 1038 2519 Δῗδεσθῶμεν
1090 2448 1150 2502 τὸ
1201 2446 1374 2524 δῶρον
1418 2454 1516 2503 τοῦ
1568 2449 1862 2523 εἰρηνικοῦ,
1908 2450 2009 2517 τὴν

362 2535 607 2611 εἰρήνην,
641 2535 705 2605 ἦν
740 2534 944 2599 ἐνθένδε
975 2537 1147 2591 ἀπιὼν
1178 2536 1381 2614 ἀφῆκεν
1431 2539 1590 2609 ἡμῖν,
1642 2536 1819 2613 ὥσπερ
1870 2536 2010 2592 ἄλλο

362 2645 413 2679 τι
446 2625 713 2701 έξιτήριον
765 2627 896 2698 (60).
957 2628 1087 2683 Ἕνα
1135 2626 1380 2699 πόλεμον
1430 2624 1681 2699 εἰδῶμεν,
1730 2628 1819 2681 τὸν
1878 2629 2013 2682 κατά

358 2720 460 2783 τῆς
533 2713 905 2788 ἀντικειμένης
962 2712 1264 2787 δυνάμεως.
1323 2715 1580 2789 Εἲπωμεν
1640 2714 1865 2794 ἀδελφοὶ
1920 2718 2011 2771 καὶ

358 2809 474 2865 τοῖς
512 2809 757 2877 μισοῦσιν
789 2807 960 2876 ἡμᾶς,
993 2803 1052 2859 ἂν
1084 2802 1183 2880 ἄρα
1224 2802 1512 2879 δέχωνται.
1550 2807 2009 2882 Συγχωρήσωμέν

362 2910 413 2943 τι
453 2892 667 2964 μικρὸν,
718 2891 810 2947 ’ἕνα
847 2894 909 2947 τὸ
941 2896 1052 2966 (61)
1088 2898 1271 2967 μεῖζον
1303 2890 1706 2967 ἀντιλάϐωμεν,
1737 2898 1836 2965 τήν
1870 2895 2011 2969 ὁμό-

364 2998 533 3033 νοιαν.
584 2981 963 3053 Ἠττηθῶμεν,
1016 2981 1107 3036 ⁸ίνα
1161 2985 1496 3056 νικήσωμεν.
1573 2988 1759 3060 Ὁρᾶτε
1806 2985 2009 3057 νόμους

364 3065 669 3137 ἀθλήσεως,
730 3069 819 3123 καὶ
867 3068 1183 3126 παλαιστῶν
1232 3072 1605 3147 ἀγωνίσματα,
1640 3072 1693 3128 o'i
1736 3078 1815 3146 τῷ
1862 3075 2010 3128 κάτω

358 3157 565 3210 κεῖσθαι
626 3156 899 3220 πολλάκις
961 3164 1147 3214 νικῶσι
1196 3162 1324 3224 τοὺς
1383 3163 1816 3237 ὑπερκειμένους.
1875 3164 2011 3219 Τού-

354 3265 481 3306 τους
525 3244 889 3319 ζηλώσωμεν,
928 3250 1002 3320 μή
1034 3254 1142 3303 τῶν
1194 3249 1533 3325 δαιτυμόνων
1562 3252 1689 3316 τοὺς
1739 3253 2015 3324 ἀπληστο-

354 3332 633 3409 τέρους,ἤ
687 3341 793 3390 τῶν
842 3338 1133 3416 ἐμπόρων·
1186 3342 1259 3396 ὧν
1307 3344 1358 3397 οἱ
1411 3343 1505 3415 μὶν
1561 3344 1813 3419 ἀμέτρως
1844 3343 2013 3421 ἐμφο-

2193 2360 2333 2416 XVI.
2366 2360 2531 2415 Absit
2578 2377 2612 2414 a
2654 2359 2846 2424 nobis,
2878 2376 2910 2414 o
2942 2361 3150 2414 fratres
3182 2364 3239 2414 et
3270 2358 3469 2426 amici,
3502 2358 3622 2414 haec
3653 2359 3778 2415 ani-

2124 2450 2202 2504 mi
2237 2449 2543 2505 sententia.
2574 2449 2799 2505 Paciflci
2833 2448 2994 2505 illius
3026 2465 3269 2517 munus,
3297 2450 3403 2504 boc
3432 2453 3522 2504 est
3552 2465 3777 2520 pacem,

2123 2555 2525 2605 revereamur,
2582 2554 2759 2610 quam
2821 2538 2990 2594 nobis
3049 2538 3187 2593 hinc
3242 2539 3549 2593 discedens
3607 2539 3778 2609 quasi

2124 2629 2279 2685 aliud
2313 2628 2610 2701 quoddam
2642 2627 2901 2700 legatum
2935 2627 3169 2699 reliquit
3199 2628 3261 2681 ⁵⁸.
3298 2626 3487 2682 Unum
3521 2627 3631 2683 hoc
3661 2626 3778 2682 bel-

2120 2718 2243 2774 lum
2275 2734 2685 2790 agnoscamus,
2720 2718 2875 2788 quod
2917 2734 3049 2772 cum
3084 2715 3431 2772 adversariis
3472 2716 3776 2787 potestati-

2122 2808 2233 2862 bus
2286 2805 2695 2862 committitur.
2751 2810 2862 2862 Eos
2909 2822 3163 2878 quoque,
3215 2807 3315 2877 qui
3366 2806 3536 2860 nobis
3575 2805 3773 2861 infesti

2122 2900 2280 2963 sunt,
2306 2897 2551 2951 fratrum
2572 2896 2809 2952 nomine
2829 2895 3213 2968 appellemus,
3238 2896 3287 2951 si
3307 2899 3504 2950 tamen
3526 2893 3583 2949 id
3608 2910 3774 2965 aequo

2121 2986 2316 3043 animo
2346 2985 2667 3057 patiantur.
2702 2985 2989 3057 Exiguum
3030 2984 3309 3057 quiddam
3356 2984 3774 3055 concedamus,

2121 3080 2205 3141 ut,
2241 3076 2394 3147 quod
2431 3077 2621 3145 majus
2664 3081 2774 3138 est,
2808 3074 3183 3146 recipiamus,
3219 3074 3500 3129 nimirum
3533 3090 3773 3129 concor-

2122 3165 2301 3220 diam.
2336 3165 2502 3219 Vinci
2535 3181 2642 3219 nos
2673 3165 2963 3234 sinamus,
2997 3168 3061 3218 ut
3088 3163 3415 3219 vincamus.
3437 3162 3645 3218 Videte
3673 3179 3779 3235 pa-

2122 3253 2331 3309 leestrea
2362 3254 2544 3326 leges,
2578 3258 2635 3309 et
2664 3253 3019 3309 athletarum
3053 3254 3395 3321 certamina,
3443 3253 3545 3325 qui
3596 3268 3665 3308 ex
3709 3268 3777 3308 eo

2125 3344 2492 3417 plerumque,
2526 3344 2681 3415 quod
2711 3344 2877 3398 humi
2904 3345 3123 3414 jacent,
3158 3342 3252 3411 iis,
3300 3343 3399 3413 qui
3449 3358 3627 3413 supra
3678 3341 3779 3397 siti

356 3423 609 3499 ρηθέντες
667 3430 775 3480 τῶν
834 3430 1232 3503 πρυκείμὲνων,
1295 3433 1347 3485 οἱ
1404 3429 1461 3486 δὲ
1508 3434 1608 3501 τὴν
1669 3438 1796 3487 ναῦν
1830 3434 2010 3511 φορτί-

2127 3436 2285 3500 sunt,
2316 3434 2620 3488 victoriam
2663 3438 3022 3502 extorquent.
3068 3432 3185 3486 Bos
3240 3431 3605 3497 aemulemur,
3660 3447 3777 3486 non

352 3533 561 3576 σαντες,
619 3515 808 3567 θᾶττον
872 3516 1178 3591 έῤῥάγησαν
1225 3520 1313 3572 καὶ
1374 3518 1797 3593 συγκατέδυσαν,
1959 3543 2012 3576 τι

350 3607 450 3670 τῆς
484 3600 787 3669 ἀπληστίας
845 3602 1176 3674 ἀπέλαυσαν,
1219 3604 1308 3659 ’ίνα
1361 3609 1528 3679 μικρὰ
1578 3607 1900 3681 κερδάνωσι,
1946 3611 2013 3663 τὰ

358 3688 572 3764 μεγάλα
605 3692 991 3763 ζημιωθέντες.
1024 3693 1160 3768 Ἐγὼ
1197 3695 1289 3766 μὲν
1324 3693 1414 3748 οὖν
1447 3700 1614 3749 ταῦτα
1654 3697 1742 3751 καὶ
1779 3698 1891 3771 βοῶ
1922 3696 2011 3751 καὶ

354 3776 818 3856 διαμαρτύρομαι,
849 3781 939 3835 καὶ
971 3782 1032 3836 τὸ
1060 3785 1157 3851 τῆς
1206 3788 1423 3861 Γραφῆς
1470 3789 1643 3839 ποιῶν
1692 3786 1753 3839 οὐ
1804 3785 2009 3840 παύσο-

357 3886 496 3941 μαι*
555 3870 651 3923 Διά
702 3871 845 3924 Σιὼν
897 3870 957 3925 οὐ
1014 3874 1389 3946 σιωπήσομαι,
1452 3874 1541 3928 καὶ
1604 3871 1693 3929 8ιά
1743 3876 2010 3949 Ἰερουσα-

345 3955 471 4031 λὴμ
528 3958 628 4013 οὐκ
684 3958 902 4030 ἀνήσιιν
967 3961 1058 4015 καὶ
1119 3964 1222 4037 γὰρ
1286 3962 1520 4018 ἐκλείπει
1590 3966 1626 4033 ὴ
1684 3966 1835 4039 ψυχή
1906 3984 2009 4035 μου

345 4044 432 4101 ἰπὶ
461 4052 576 4109 τοῖς
608 4047 1042 4124 ἀναιρουμένοις,
1078 4050 1275 4114 ο⁷ίτινες
1324 4052 1387 4106 οὐ
1437 4053 1769 4126 τραυματίαι
1808 4052 2010 4129 μαχαί-

349 4155 468 4207 ρας,
502 4133 629 4190 οὐδὶ
686 4137 1013 4212 τραυματίαι
1065 4139 1234 4213 λιμοῦ
1285 4142 1549 4216 γινόμεθα
1599 4144 1731 4215 (62),
1762 4162 2011 4218 τραυμα-

344 4223 456 4279 τίαι
490 4222 547 4279 δὲ
578 4224 894 4302 φιλοδοξίας
923 4229 958 4297 ἢ
995 4230 1295 4307 φιλαρχίας
1320 4250 1331 4261 ⁸
1368 4232 1442 4294 ὡς
1482 4229 1621 4304 μηδὲ
1651 4233 1710 4286 vo
1742 4231 2009 4296 ἐλεεῖσθαι

351 4311 564 4385 μᾶλλον
598 4314 633 4384 ἢ
666 4316 729 4369 τὸ
763 4320 1036 4389 μισεῖσθαι
1068 4322 1180 4393 (63)
1213 4315 1529 4393 συμϐαίνειν
1561 4328 1679 4383 τοῖς
1698 4322 2008 4379 πίπτουσιν.

341 4404 527 4475 Ὑμεῖς
561 4401 638 4469 δὲ,
675 4405 723 4459 εἴ
756 4407 851 4477 μὶν
904 4405 1157 4482 δέχοισθε
1186 4410 1315 4471 τοὺς
1363 4410 1530 4483 ἇμοὺς
1582 4409 1800 4487 λόγους,
1848 4416 2009 4466 τοῦτο

346 4489 567 4563 ἄμεινον
620 4492 992 4569 ἀμφοτέροις’
1047 4496 1095 4550 εἷ’
1142 4495 1198 4550 δὲ
1247 4495 1560 4553 διαπτύοιτε
1616 4503 1706 4554 καί
1754 4501 2009 4572 ἀποπέμ-

340 4592 557 4652 ποισθε,
591 4586 855 4643 νικῶντος
889 4587 990 4636 τοῦ
1022 4586 1225 4645 πάθους
1254 4586 1344 4639 τὸν
1389 4584 1681 4661 λογισμὸν,
1733 4588 1858 4659 ἐμοὶ
1912 4589 2005 4660 μὲν

342 4669 539 4732 ἱκανῶς
586 4670 900 4747 ἀφωσίωται
950 4671 1040 4725 καὶ
1069 4674 1138 4726 τὰ
1168 4674 1304 4746 πρὸς
1347 4676 1496 4741 Θεὸν,
1531 4674 1621 4728 καῖ
1651 4676 1717 4728 τὰ
1746 4677 1885 4749 πρὸς
1914 4676 2005 4729 ἀν-

2122 3521 2593 3593 inexplebiliores
2617 3522 2887 3577 convivas
2911 3524 3013 3574 aut
3034 3525 3405 3583 mercatores,
3430 3522 3528 3590 qui
3562 3520 3775 3589 partim

2121 3610 2502 3664 immoderate
2522 3609 2807 3680 appositis
2829 3608 3017 3679 epulis
3048 3607 3411 3679 ingurgitati,
3436 3607 3645 3678 partim
3680 3606 3777 3662 ni-

2122 3697 2258 3752 miis
2288 3698 2582 3752 mercibus
2603 3702 2842 3752 onerata
2871 3713 3035 3762 nave,
3060 3700 3315 3751 ventrem
3351 3696 3546 3766 potius
3577 3696 3775 3751 disru-

2121 3786 2332 3858 perint,
2367 3802 2433 3840 ac
2466 3787 2661 3840 navim
2694 3802 2895 3841 secum
2928 3784 3337 3850 demerserint,
3369 3801 3545 3855 quam
3591 3788 3656 3839 ut
3706 3801 3776 3840 ex

2124 3874 2226 3929 hac
2273 3873 2609 3946 inexplebili
2652 3875 2928 3930 aviditate
2960 3877 3214 3929 fructum
3253 3873 3439 3929 ullum
3472 3873 3771 3946 coeperint,

2119 3963 2359 4018 amissis
2391 3964 2663 4018 maximis
2694 3968 2761 4018 ut
2790 3963 2999 4034 exigua
3028 3967 3354 4018 tuerentur.
3406 3965 3593 4033 Atque
3648 3962 3775 4035 ipse

2119 4053 2353 4124 quidem
2417 4052 2535 4106 haec
2591 4052 2782 4107 clamo
2831 4059 2887 4107 et
2935 4056 3252 4118 contestor,
3307 4069 3434 4119 nec,
3488 4052 3648 4123 quod
3692 4052 3773 4106 ait

2116 4140 2434 4212 Scriptura,
2468 4144 2654 4195 facere
2685 4141 2947 4196 desinam
2984 4157 2998 4196 :
3051 4141 3277 4212 Pr0pter
3324 4142 3455 4196 Sion
3492 4156 3600 4196 non
3628 4149 3772 4195 tace-

2121 4233 2203 4300 bo,
2235 4236 2286 4285 et
2315 4234 2535 4301 propter
2560 4231 2868 4286 Jerusalem
2895 4246 3007 4285 non
3044 4232 3321 4302 quiescam
3348 4230 3412 4284 ’7.
3468 4230 3617 4286 425
3674 4230 3770 4284 De-

2119 4324 2237 4394 ﬁcit
2265 4325 2457 4377 anima
2483 4339 2610 4377 mea
2636 4332 2857 4394 praeter
2896 4324 3206 4393 interfectos
3234 4322 3301 4390 9',
3352 4339 3500 4394 quos
3532 4322 3770 4393 quidem

2120 4431 2233 4468 non
2267 4414 2499 4485 gladius
2532 4419 2634 4467 aut
2666 4414 2870 4480 fames,
2900 4413 2996 4468 sed
3031 4413 3228 4485 gloriae
3261 4417 3317 4467 et
3346 4412 3578 4483 imperii
3608 4428 3775 4468 amor

2118 4502 2440 4568 sauciavit;
2500 4502 2582 4555 ita
2640 4507 2723 4569 ut,
2771 4501 2871 4573 qui
2914 4503 3152 4569 cadunt,
3186 4519 3301 4557 non
3334 4501 3771 4557 miserationem

2118 4590 2306 4659 magis
2354 4606 2531 4660 quam
2583 4590 2782 4644 odium
2834 4591 2927 4645 sui
2976 4591 3245 4645 excitent.
3300 4590 3416 4644 Vos
3465 4595 3680 4658 autem,
3720 4590 3770 4644 si

2114 4678 2486 4732 sermonibus
2529 4678 2675 4731 meis
2725 4678 3060 4748 parueritis,
3122 4678 3333 4732 melius
3387 4678 3655 4748 utrisque
3710 4677 3769 4732 id

343 4757 598 4832 θρώπους
624 4778 637 4791 ·
673 4756 825 4813 οὐδὶν
857 4761 980 4835 γὰρ,
1031 4760 1211 4832 οἶμαι,
1262 4759 1430 4816 πλέον
1466 4763 1686 4831 ζητήσει
1734 4782 1837 4831 τις,
1880 4759 2006 4816 οὐδὲ

2127 4764 2321 4831 :‘uerit;
2356 4765 2447 4819 sin
2476 4769 2695 4830 autem,
2719 4764 2925 4819 affectu
2951 4766 3234 4819 rationem
3267 4771 3600 4835 superante,
3629 4782 3767 4821 oon-

335 4849 443 4899 τῶν
493 4845 699 4923 σφόδρα
746 4847 1034 4923 εἰρηνικῶν
1084 4870 1143 4904 τε
1190 4850 1279 4905 καὶ
1329 4849 1598 4928 φιλοθέων
1628 4871 1639 4884 ο
1676 4850 1833 4922 ὑμεῖς
1866 4849 1911 4904 δ’
1943 4849 2003 4905 ἂν

2112 4854 2460 4908 temnendos
2491 4869 2590 4909 eos
2623 4858 2680 4908 et
2709 4854 3113 4924 repudiandos
3143 4853 3447 4920 duxeritis,
3478 4854 3603 4925 ipse
3635 4855 3770 4925 qui-

336 4930 573 5006 εῐδείητε
599 4936 667 4992 τὰ
698 4937 817 5008 ἑξῆς
850 4940 980 5011 (64).
1041 4937 1115 4993 Οὐ
1161 4941 1262 5017 γὰρ
1309 4940 1421 5015 έγώ
1463 4962 1516 4995 τι
1557 4942 1856 5016 προσθήσω
1885 4943 1995 4995 τῶν

2127 4942 2265 5010 lem,
2299 4946 2356 4997 et
2386 4947 2675 5013 quantum
2711 4943 2781 4998 ad
2815 4941 3022 5010 Deum,
3056 4947 3112 4999 et
3144 4946 3429 5015 quantum
3466 4943 3536 4999 ad
3571 4942 3772 4998 homi-

409 5084 454 5121 ⁹⁴
484 5082 690 5140 Matth.
724 5100 883 5151 xvm,
912 5086 1003 5140 22.
1082 5086 1127 5122 θ’
1158 5086 1363 5145 Matth.
1395 5103 1452 5159 v,
1482 5087 1538 5144 9.
1615 5087 1659 5123 νο
1687 5087 1856 5145 Joan.
1888 5103 2006 5159 xiv,
2038 5086 2128 5144 27.
2205 5087 2247 5123 ’τ
2282 5088 2397 5145 Isa.
2431 5103 2569 5160 an,
2602 5089 2653 5145 1.
2730 5088 2773 5124 ’°
2801 5088 2919 5146 Jer.
2951 5104 3027 5159 1v,
3058 5088 3149 5145 31.

338 5214 772 5346 τοῖξδάέῒξίρήνη
833 5215 891 5272 δὲ
942 5217 1024 5291 τό,
1077 5224 1189 5277 etc.
1245 5223 1383 5296 Reg.
1444 5222 1547 5291 hu,
1606 5220 1796 5296 εῗρήνη
1855 5218 1912 5276 δὲ
1966 5223 2001 5291 ἡ

343 5333 821 5486 ἔνέὃΐῖξφιὲναι.
875 5362 969 5419 Sic
1023 5363 1287 5437 plerique
1343 5366 1513 5421 oodd.
1575 5367 1637 5421 In
1696 5366 1812 5434 ed.,
1864 5385 2001 5441 παρ-

343 5577 353 5587 .
413 5505 526 5587 (56)
558 5501 682 5557 Μὲν.
718 5504 810 5560 Sic
862 5504 1040 5578 Regg.
1094 5507 1214 5579 bm,
1257 5508 1362 5575 hu,
1415 5508 1510 5564 Or.
1566 5511 1614 5576 1,
1667 5515 1776 5565 etc.
1834 5513 2000 5564 Deest

340 5578 523 5725 ﬁgi)
553 5648 668 5697 Τῶν
709 5645 1057 5725 σωζσμὲνων.
1092 5650 1298 5707 Billius
1333 5668 1399 5705 :cc
1431 5668 1633 5706 eorum
1682 5653 1781 5725 qui
1833 5651 1994 5707 salu-

340 5722 457 5775 tem
490 5723 951 5791 consequuntur.
980 5742 1007 5769 ››

410 5792 521 5863 (58)
552 5788 874 5847 Καίᾙῡεθει
900 5792 958 5848 in
992 5792 1171 5866 Regg.
1206 5793 1327 5865 bm,
1360 5793 1463 5868 hu,
1495 5797 1551 5851 et
1581 5793 1676 5850 Or.
1712 5795 1763 5849 1.

2104 5579 2391 5655 γενόμεθα,
2425 5579 2620 5655 prave.

2183 5222 2297 5367 (59)
2326 5226 2413 5293 Τῷ
2443 5221 2690 5285 παθόντι.
2726 5223 2865 5351 Reg.
2898 5223 3001 5293 hu,
3031 5225 3111 5294 τῷ
3144 5222 3234 5277 καὶ
3264 5220 3512 5279 παθόντι.

2183 5296 2276 5365 (60
2348 5296 2669 5367 Ἐξιτήριον.
2722 5318 2751 5345 ‹‹
2844 5300 3137 5351 xtremum
3195 5296 3467 5352 abeuntis

2183 5296 2296 5367 (60)
2348 5296 2669 5371 Ἐξιτήριον.
2722 5318 2751 5345 ‹‹
2798 5296 3137 5351 Extremum
3195 5296 3467 5352 abeuntis
3521 5297 3764 5353 manda-

2111 5370 2259 5421 tum.
2289 5389 2317 5416 n

2180 5439 2293 5581 (61)
2325 5436 2416 5491 Τό.
2450 5438 2622 5493 Leest
2652 5438 2713 5493 in
2744 5438 2934 5493 tribus
2968 5439 3170 5511 Regg.,
3203 5444 3259 5494 et
3295 5438 3391 5494 Or.
3426 5439 3477 5493 1.

2181 5512 2267 5581 (62
2323 5508 2608 5581 Γινόμεθα.
2666 5512 2750 5565 Ita
2803 5510 2981 5581 Regg.
3033 5510 3254 5581 plures,
3306 5515 3363 5567 et
3411 5510 3477 5568 Oi

2181 5508 2288 5583 (62)
2323 5508 2608 5581 Γινόμεθα.
2658 5512 2750 5583 με
2803 5510 2981 5583 Regg.
3033 5508 3254 5583 plures,
3306 5515 3363 5567 et
3411 5510 3507 5568 0r.
3544 5511 3593 5566 1.
3624 5510 3758 5583 Alii,

2175 5581 2620 5652 vdpsea,prave.
2656 5581 2810 5636 Eorr.
2894 5581 2947 5583 ᾗ
3036 5581 3054 5583 “
3743 5581 3749 5583 ’

2175 5654 2289 5724 (63)
2346 5652 2570 5709 Μᾶλλον
2630 5653 2665 5720 ἢ
2733 5651 2794 5705 τὸ
2864 5654 3153 5723 μισεῖσθαι.
3222 5653 3352 5708 Haec
3418 5653 3631 5707 desunt
3694 5651 3753 5706 in

2104 5723 2199 5779 Or.
2234 5723 2281 5779 1.

2175 5794 2289 5868 (64)
2324 5796 2406 5851 Τὰ
2436 5793 2575 5865 ἑξῆς.
2611 5795 2753 5868 Reg.
2785 5794 2890 5865 hu,
2923 5799 2980 5853 et
3009 5794 3105 5853 Or.
3138 5798 3189 5867 1,
3218 5792 3282 5847 τὸ
3308 5792 3451 5863 ἑξῆς.
