2055 3215
189 210 269 242 1151
815 211 848 241 S.
874 210 1061 241 GREGOHII
1082 210 1283 242 THEOLOGI
1825 214 1906 246 H52

189 285 253 312 nes,
267 276 365 305 ofﬁcio
380 284 445 305 meo
461 276 589 305 satisfeci
603 286 610 312 ;
637 285 732 312 neque
754 276 834 305 enim
849 276 1017 313 quisquam,

1076 276 1262 315 τραχυτὲρων,
1287 275 1381 312 ἐπειδὴ
1405 276 1510 305 παίδων
1544 277 1682 318 φείδεσθαι
1707 279 1839 317 πατρικὸς
1862 280 1907 308 νό-

189 321 307 352 tametsi
324 321 405 358 pacis
420 321 581 349 admodum
604 321 757 349 studiosus
783 321 894 357 Deique
923 329 1017 349 amore

1079 332 1142 358 μος.
1159 320 1238 349 Ἀλλ’
1253 320 1320 350 ἵλεω
1334 321 1447 360 τύχοιτε
1533 323 1578 351 καὶ
1593 323 1733 362 εἰρηνικοῦ
1755 326 1803 352 τοῦ
1820 325 1906 363 μεγά-

190 367 342 403 praeditus,
352 374 370 394 a
382 374 438 399 me,
449 368 481 394 ut
492 366 742 402 opinor,amplius
754 365 863 402 aliquid
876 366 1017 402 requiret;

1078 364 1129 393 λου
1155 368 1262 403 κριτοῦ,
1285 365 1332 394 νῦν
1355 378 1385 395 τε
1405 367 1450 395 καὶ
1476 367 1502 395 ἒν
1526 368 1619 405 ἡμέρᾳ
1643 366 1862 405 ἁνταποδόσιως,
1877 369 1905 398 ἐν

187 420 240 440 vos
252 420 329 443 vero,
342 420 407 447 quae
419 411 526 439 deinde
537 413 706 446 sequentur,
719 410 861 438 videritis.
874 411 932 438 Nec
943 411 1017 439 enim

1078 410 1150 446 αὐτῷ
1165 413 1274 449 Χριστῷ
1288 413 1328 447 τῷ
1343 412 1435 449 Κυρίῳ
1450 413 1531 448 ἡμῶν
1545 421 1551 429 ·
1569 413 1593 449 ᾧ
1608 414 1626 448 ἠ
1643 412 1706 449 δόξα
1720 414 1765 441 καὶ
1779 414 1812 441 τὸ
1836 415 1905 452 κρά-

192 456 326 492 asperius
339 456 448 491 aliquid
462 456 606 491 adjiciam,
619 456 859 491 quandoquidem
871 455 940 483 ﬁliis
958 464 1017 491 par-

1077 466 1124 485 τος
1141 457 1196 491 (66)
1213 455 1251 486 εἷς
1265 456 1328 487 τοὺς
1348 456 1447 487 αἰῶνας
1462 458 1515 484 τῶν
1530 457 1637 484 αἰώνων
1653 459 1719 495 (67).
1734 459 1832 495 Ἀμήν.

192 509 256 529 cere
267 501 312 528 lex
328 504 448 536 paterna
465 503 518 528 est.
531 500 646 528 Utinam
665 502 761 527 autem
780 508 920 536 magnum
937 500 1021 527 illum
1035 501 1164 535 judicem
1180 501 1340 537 propitium
1357 504 1385 529 et
1402 504 1538 538 pacatum
1553 503 1635 531 vobis
1651 504 1775 540 experiri
1789 504 1904 532 conlin-

195 548 256 582 gat,
278 548 305 573 et
321 553 409 578 nunc,
426 545 497 572 etin
525 546 570 573 die
599 545 810 577 retributionis,
829 545 857 572 in
881 545 943 580 ipso
960 545 1074 572 Christo
1091 545 1216 573 Domino
1240 548 1351 580 nostro,
1368 547 1414 575 cui
1431 547 1524 583 gloria
1539 550 1567 575 et
1582 547 1741 584 imperium
1756 549 1786 576 in
1800 548 1905 578 secula

190 590 376 618 saeculorum.
391 590 495 617 Amen.

227 661 280 697 (65)
300 660 426 698 Τύχοιτε.
443 662 490 689 Sic
507 661 576 697 Reg.
594 661 644 695 hu,
660 661 749 689 Coisl.
768 662 792 695 1,
808 662 857 688 0r.
875 662 899 693 1,
915 664 969 688 etc.
988 661 1019 688 In

190 698 233 725 ed.
251 699 343 734 τύχοι.

225 734 282 769 (66)
306 731 354 759 Καὶ
383 732 414 759 τὸ
443 733 552 770 κράτος.
584 733 647 760 Haec
677 733 784 760 desunt
814 732 843 759 in
873 732 1020 769 plerisque

370 851 603 898 ORATIO
646 851 805 898 XXIII
817 858 845 897 ⁸.

1076 662 1161 689 codd.

1076 698 1168 760 inﬁgi)
1183 698 1240 724 Τῶν
1263 696 1379 727 αἷώνων.
1405 699 1452 727 Sic
1477 698 1565 736 Regg.
1592 699 1652 733 bm,
1670 699 1720 735 hu,
1737 702 1792 727 etc.
1816 700 1905 729 Deest

1307 864 1508 912 ΛΟΓΟΣ
1559 865 1667 912 KI".

186 940 279 974 Τενίίιί
305 946 337 974 de
358 954 434 981 pace,
460 954 544 981 quam
568 947 629 981 post
653 945 800 973 dissidium
820 954 1017 981 composuimus

363 990 422 1008 nos.
439 983 487 1008 aui
507 982 628 1008 eiusdem
650 982 713 1008 fidei
733 990 838 1008 sumus.

1075 944 1218 981 Εἷρηνικὸς
1235 956 1251 983 γ
1274 946 1329 982 (68)
1346 945 1382 976 εἰς
1396 946 1445 980 τὴν
1461 943 1606 1008 σύμϐασιν,
1627 947 1660 981 ἣν
1686 947 1753 983 μετὰ
1771 947 1820 982 τήν
1837 947 1902 976 σύσ-

1177 992 1253 1008 τασιν
1268 983 1324 1008 (60)
1340 981 1492 1008 Exorandus
1512 993 1527 1008 α
1543 983 1568 1008 οἱ
1584 980 1714 1008 ὁμόδοβοι
1731 984 1797 1008 (70).

363 990 422 1015 nos,
439 983 487 1018 qui
507 982 628 1017 ejusdem
648 982 713 1017 ﬁdei
733 990 838 1009 sumus.

222 1045 243 1071 1.
259 1043 344 1071 Zelus
359 1047 403 1071 est
420 1044 559 1077 fervidus,
576 1044 703 1079 Spiritus
720 1044 804 1077 lenis,
823 1044 952 1072 charitas
968 1046 1016 1072 be-

187 1088 288 1124 nigna,
301 1088 346 1116 vel
361 1088 459 1124 potius
474 1089 599 1124 ipsamet
615 1089 793 1125 benignitas,
806 1097 874 1124 spes
885 1089 1017 1125 longani-

189 1132 246 1160 mis
263 1142 268 1160 :
290 1133 371 1160 zelus
388 1134 528 1167 accendit,
546 1134 673 1169 Spiritus
691 1134 815 1169 mitigat,
834 1143 900 1170 spes
916 1143 1017 1170 exspe-

188 1179 258 1211 ctat,
276 1177 404 1205 cbaritas
420 1178 606 1213 constringit,
623 1186 676 1205 nec
693 1179 813 1212 bonum,
827 1179 903 1213 quod
920 1179 948 1206 in
965 1188 1016 1206 no-

189 1221 235 1250 bis
251 1226 305 1256 est,
319 1223 455 1258 dissipari
469 1231 501 1250 ac
518 1223 651 1250 difﬂuere
667 1223 747 1256 sinit,
758 1224 893 1258 quamvis
908 1224 1017 1259 alioqui

188 1267 273 1294 ﬂuxu:
300 1267 471 1303 fragilisque
497 1270 607 1295 naturae
632 1268 750 1295 simus:
770 1271 857 1303 atque
881 1277 896 1295 e
923 1269 1018 1297 tribus

184 1319 292 1346 unum,
310 1314 361 1339 aut
377 1320 443 1339 cum
461 1315 516 1346 est,
533 1314 643 1346 manet,
661 1314 712 1339 aut
727 1320 795 1339 cum
813 1315 891 1340 mota
907 1315 936 1340 et
952 1322 1018 1340 con-

185 1357 272 1383 vulsa
287 1358 342 1391 est,
355 1356 384 1383 in
403 1356 549 1392 integrum
566 1356 743 1393 restituitur,
755 1359 806 1384 aut
821 1365 887 1385 cum
904 1358 1019 1385 absces-

186 1400 236 1436 sit,
254 1400 427 1435 revertitur;
445 1410 502 1429 non
519 1409 604 1429 secus
621 1410 654 1429 ac
671 1401 787 1437 plantae,
799 1410 863 1437 qua:
879 1402 1018 1430 manibus

184 1454 238 1482 per
252 1445 310 1473 vim
326 1445 356 1473 in
372 1445 521 1474 diversum
537 1448 646 1480 tractae,
659 1446 748 1474 simul
765 1449 853 1482 atque
864 1447 1016 1475 dimittun-

184 1492 245 1524 tur,
262 1491 362 1518 statim
378 1491 414 1518 ad
431 1499 504 1525 sese,
522 1491 708 1526 primamque
724 1499 809 1519 suam
825 1493 961 1519 naturam
978 1501 1019 1520 re-

186 1538 321 1570 currunt,
348 1535 437 1571 idque
464 1535 519 1563 sibi
546 1537 697 1572 proprium
718 1544 783 1563 esse
799 1538 969 1570 ostendunt,
986 1540 1019 1564 ut

185 1579 283 1607 invitae
300 1580 420 1616 quidem
437 1580 636 1612 inﬂectantur,
654 1589 711 1608 non
733 1580 828 1608 invitas
844 1583 942 1609 autem
959 1582 1018 1609 eri-

186 1626 303 1660 gantur.
319 1624 429 1651 Vitium
447 1624 524 1652 enim
541 1627 586 1652 est
601 1627 707 1652 natura
722 1625 842 1660 quidem
864 1626 893 1653 in
917 1634 1017 1662 prom-
1034 1636 1055 1669 ρ

185 1671 250 1705 ptu,
267 1671 296 1696 et
311 1668 406 1697 facilis
423 1669 459 1697 ad
476 1668 589 1696 malum
605 1677 721 1703 cursus,
742 1672 771 1697 et
794 1670 885 1698 funda
900 1671 929 1698 in
946 1679 1018 1706 prie-

187 1721 256 1749 ceps
272 1713 383 1747 labens,
401 1716 451 1741 aut
480 1713 568 1741 etiam
600 1714 712 1741 festuca
733 1715 867 1749 quaedam
893 1723 957 1751 quae
981 1716 1018 1743 ad

187 1757 348 1786 scintillam
365 1761 392 1786 et
407 1760 527 1786 ventum
545 1758 629 1786 facile
644 1759 834 1786 succenditur
853 1762 881 1787 et
902 1760 1017 1787 inﬂam-

187 1805 296 1837 matur,
323 1805 353 1830 ct
382 1811 440 1830 una
469 1811 536 1830 cum
568 1811 622 1830 suo
652 1803 711 1831 fetu
738 1804 914 1832 absumitur.
940 1806 1017 1833 426

186 1846 319 1875 Flamma
343 1847 450 1884 quippe
475 1847 602 1875 materia)
627 1848 704 1876 fetus
728 1851 783 1883 est,
805 1857 838 1876 ac
864 1850 1018 1877 materiam

185 1891 294 1928 ipsam,
311 1900 369 1920 non
386 1892 470 1920 aliter
486 1894 574 1928 atque
590 1892 741 1928 improbos
756 1892 891 1921 homines
907 1894 1017 1930 impro-

188 1935 279 1971 bitas,
295 1936 436 1972 absumit,
449 1937 630 1973 tandemque
645 1945 712 1965 cum
729 1946 782 1965 suo
798 1937 937 1966 alimento
955 1947 1018 1967 eva-

187 1981 291 2009 nescit.
304 1981 334 2009 Si
349 1981 416 2017 quis
430 1984 529 2009 tamen
541 1982 577 2010 ad
593 1982 662 2010 boni
674 1982 800 2018 alicujus
813 1983 945 2011 habitum
959 1992 1021 2020 per-

185 2026 309 2062 venerit,
323 2035 415 2062 eoque
431 2027 549 2062 penitus
565 2027 697 2055 imbutus
713 2027 813 2063 fuerit,
829 2027 900 2056 huic
911 2028 974 2064 jam
990 2029 1019 2056 in

183 2069 293 2098 vitium
308 2071 367 2099 labi
383 2071 534 2099 difﬁcilius
549 2072 613 2106 erit,
632 2079 720 2107 quam
742 2072 777 2099 ab
801 2072 886 2100 initio
909 2073 1020 2101 bonum

1177 981 1253 1008 τασιν
1268 983 1324 1018 (60)
1340 981 1388 1009 ἐπο
1394 981 1492 1018 ιησάμε

1512 993 1527 1009 α
1543 983 1568 1009 οἱ
1584 980 1714 1019 ὁμόδοξοι
1731 984 1797 1020 (70).

1109 1044 1148 1072 Δ¹.
1166 1044 1271 1081 Θερμὸς
1288 1045 1301 1071 ὸ
1319 1043 1414 1079 ζῆλος,
1430 1047 1516 1083 πρᾶον
1542 1045 1573 1072 τὸ
1597 1047 1717 1083 Πνεῦμα,
1745 1044 1902 1085 φιλάνθρω-

1073 1099 1122 1116 πον
1138 1090 1155 1123 ἡ
1173 1089 1277 1126 ἀγάπη,
1295 1089 1401 1126 μᾶλλον
1415 1088 1437 1116 δ’
1460 1089 1720 1128 αὐτοφιλανθρωπία
1732 1100 1738 1106 '
1766 1091 1902 1130 μακρόθυ-

1075 1144 1125 1169 μον
1143 1135 1159 1168 ἡ
1177 1133 1266 1164 ἐλπίς.
1282 1135 1310 1161 '0
1327 1134 1411 1168 ζῆλος
1427 1133 1547 1167 ἀνάπτει,
1563 1135 1594 1162 τὸ
1616 1137 1727 1172 Πνεῦμα
1741 1135 1864 1173 πραΰνει,
1879 1137 1898 1171 ἡ

1073 1177 1150 1209 ἐλπὶς
1171 1178 1309 1214 ἀναμένει,
1378 1179 1467 1216 ἀγάπη
1485 1179 1574 1207 συνδεῖ
1588 1181 1655 1216 (71),
1671 1180 1716 1207 καὶ
1733 1179 1783 1208 οὐκ
1797 1180 1827 1216 ἰᾷ
1840 1190 1902 1208 σκε-

1073 1221 1200 1257 δασθῆναι
1229 1223 1261 1250 τὸ
1294 1223 1319 1250 ὲν
1343 1224 1411 1259 ἡμῖν
1437 1222 1534 1260 καλὸν,
1558 1224 1603 1251 καὶ
1619 1224 1641 1251 εἰ
1656 1223 1803 1259 σκεδαστῆς
1823 1224 1902 1262 ἐσμεν

1073 1268 1189 1306 φύσεως,
1207 1267 1251 1295 καὶ
1267 1270 1350 1305 τριιῖιν
1367 1269 1404 1302 'ev,
1422 1268 1439 1303 ἢ
1456 1268 1524 1296 οὖσα
1542 1268 1626 1305 μένει,
1649 1269 1666 1304 ἢ
1683 1270 1822 1305 κινηθεῖσα
1836 1270 1902 1298 καθ-

1075 1312 1189 1347 ίσταται,
1205 1313 1222 1347 ἢ
1244 1312 1400 1344 ἀπελθοῦσα
1424 1313 1561 1341 ἐπάνεισι·
1587 1314 1706 1352 καθάπερ
1729 1316 1783 1342 τῶν
1809 1316 1900 1354 φυτῶν

1074 1357 1089 1384 ἂ
1107 1357 1153 1394 βίᾳ
1168 1357 1246 1395 χερσῖ
1264 1358 1473 1394 μετασπώμενα,
1500 1358 1547 1385 εἶτ’
1572 1358 1703 1397 ἀφιέμενα
1724 1359 1793 1397 πρὸς
1821 1359 1905 1387 ἑαυτὰ

1073 1401 1155 1428 πάλιν
1194 1401 1378 1440 ἐπανατρέχει
1415 1402 1460 1429 καὶ
1496 1405 1547 1437 τήν
1580 1403 1692 1441 πρώτην
1721 1403 1821 1431 ἑαυτῶν
1851 1403 1904 1443 φύ-

1074 1457 1113 1473 σιν
1128 1448 1196 1482 (72),
1213 1447 1257 1474 καὶ
1273 1445 1393 1474 δείκνυσι
1411 1448 1443 1474 τὸ
1465 1447 1576 1483 οἰκεῖον,
1604 1448 1649 1486 βίᾳ
1679 1448 1727 1485 μὶν
1753 1447 1902 1476 ἀποκλινό-

1075 1502 1152 1528 μενοι,
1169 1491 1200 1519 οὐ
1219 1491 1265 1528 βίᾳ
1280 1490 1309 1518 δὲ
1325 1492 1522 1529 άνορθούμενα.
1544 1492 1627 1520 Φύσει
1646 1493 1693 1529 μὲν
1707 1493 1757 1531 γὰρ
1783 1492 1898 1532 πρόχει-

1074 1546 1120 1572 ρον
1134 1536 1190 1572 (73)
1217 1537 1234 1570 ἡ
1262 1536 1352 1572 κακία,
1373 1536 1418 1564 καὶ
1434 1536 1522 1568 πολὺς
1539 1536 1582 1565 ἐπὶ
1597 1537 1629 1565 τὸ
1644 1540 1737 1576 χεῖρον
1755 1537 1770 1564 ὁ
1785 1536 1902 1576 δρόμος,

1074 1580 1137 1619 ῥοῦς
1151 1581 1219 1608 κατὰ
1233 1583 1353 1619 πρανοῦς
1367 1581 1486 1619 τρέχων,
1502 1582 1520 1616 ἢ
1544 1582 1656 1618 καλάμη
1670 1592 1711 1613 τις
1736 1582 1806 1620 πρὸς
1830 1592 1904 1611 σπιν-

1078 1629 1148 1660 θῆρα
1175 1625 1220 1652 καὶ
1246 1626 1346 1662 ἄνεμον
1371 1625 1470 1663 ῥᾳδίως
1497 1626 1677 1663 ἐξαπτομένη,
1700 1627 1745 1654 καὶ
1769 1626 1900 1665 γινομένη

1075 1670 1154 1709 φλὸξ,
1169 1669 1214 1697 καὶ
1231 1669 1461 1707 συνδαπανωμένη
1477 1673 1516 1707 τῷ
1532 1671 1626 1708 οἰκείῳ
1655 1673 1712 1709 (74)
1740 1672 1901 1710 γεννήματι.

1073 1716 1130 1751 Πῦρ
1154 1714 1204 1752 γὰρ
1234 1713 1303 1750 ὕλης
1332 1715 1464 1752 γέννημα,
1490 1716 1534 1742 καὶ
1561 1714 1665 1751 δαπανᾷ
1685 1716 1735 1750 τήν
1751 1715 1834 1752 ὕλην,
1860 1716 1902 1748 ὡς

1071 1759 1136 1789 τοὺς
1151 1759 1250 1790 κακοὺς
1267 1760 1284 1794 ἡ
1301 1759 1391 1794 κακία,
1407 1760 1452 1787 καὶ
1471 1762 1505 1797 τῇ
1527 1762 1615 1799 τροφῇ
1645 1761 1853 1799 συναπέρχεται.
1869 1760 1904 1788 Ei

1074 1802 1103 1831 δὲ
1123 1815 1164 1835 τις
1194 1804 1219 1831 ἐν
1246 1803 1298 1839 ἕξει
1328 1804 1414 1832 καλοῦ
1440 1816 1513 1836 τινος
1539 1805 1655 1843 γένοιτο,
1681 1806 1727 1833 καὶ
1747 1806 1793 1834 ἀπ’
1819 1805 1903 1833 αὐτοῦ

1073 1849 1218 1883 ποιωθείη,
1247 1850 1279 1876 τὸ
1310 1852 1467 1886 μεταπεσεῖν
1498 1848 1705 1887 ἐργωδέστερον,
1735 1850 1753 1885 ἢ
1781 1850 1903 1889 γενέσθαι

1075 1894 1120 1921 ἀπ’
1143 1893 1234 1932 ἀρχῆς
1259 1894 1370 1931 ἀγαθόν.
1391 1893 1501 1929 Ἐπιιδή
1519 1894 1564 1922 καὶ
1580 1894 1673 1933 χρόνῳ
1763 1894 1809 1923 καὶ
1825 1893 1904 1933 λόγῳ

1077 1936 1223 1976 βεϐαιωθὶν
1252 1938 1322 1966 ἆπαν
1345 1938 1440 1975 καλὸν,
1465 1939 1543 1979 φύσις
1578 1939 1746 1974 καθίσταται,
1783 1938 1901 1978 καθάπερ

1074 1983 1119 2011 καὶ
1143 1985 1160 2018 ἡ
1182 1983 1207 2010 ὲν
1230 1985 1298 2020 ἡμῖν
1325 1983 1426 2022 ἀγάπη,
1451 1985 1510 2021 μεθ’
1535 1985 1569 2019 ἧς
1586 1984 1752 2021 λατρεύομεν
1766 1986 1802 2022 τῇ
1818 1982 1903 2017 ὅντως

1075 2029 1175 2066 ἀγάπῃ,
1190 2028 1235 2055 καὶ
1250 2029 1283 2063 ἣν
1300 2029 1494 2066 ἠγαπήσαμεν,
1509 2029 1554 2056 καὶ
1568 2029 1669 2061 παντὸς
1682 2031 1731 2058 τοῦ
1749 2029 1810 2068 βιου
1833 2039 1902 2067 προ-

1076 2074 1255 2109 εοτησάμεοα.

184 2115 259 2143 ﬁeri.
272 2115 516 2151 Quandoquidem
533 2116 644 2144 bonum
660 2125 757 2151 omne,
773 2119 904 2153 tempore
921 2127 954 2145 ac
969 2119 1081 2146 ratione
1096 2119 1316 2152 conﬁrmatum,
1327 2121 1440 2147 naturae
1454 2120 1512 2147 vim
1527 2119 1651 2154 obtinet,
1663 2119 1744 2148 velut
1758 2119 1820 2148 haec
1833 2127 1905 2159 quo-

187 2168 244 2196 que
264 2159 371 2188 animis
396 2160 505 2188 nostris
529 2160 628 2196 inﬁxa,
645 2161 786 2196 Charitas,
803 2169 871 2189 cum
896 2170 954 2198 qua
980 2171 1077 2191 veram
1093 2162 1267 2191 charitatem
1282 2163 1419 2199 colimus,
1436 2166 1464 2192 et
1479 2172 1569 2200 quam
1593 2163 1737 2192 charitate
1760 2163 1904 2202 complexi

185 2212 303 2238 sumus,
320 2206 408 2240 atque
423 2205 514 2232 totius
528 2204 592 2232 vitae
608 2205 762 2240 praesidem
778 2207 808 2233 et
821 2205 1046 2235 moderatricem
1062 2207 1147 2235 nobis
1163 2207 1336 2236 statuimus.

221 2248 255 2276 Il.
277 2248 332 2276 Ubi
357 2251 428 2277 sunt
451 2249 552 2286 igitur,
574 2249 624 2285 qui
644 2258 689 2277 res
705 2252 832 2283 nostras,
849 2253 909 2278 tam
934 2251 1017 2287 bene,

1110 2251 1146 2278 B'-
1163 2253 1219 2279 Ποῦ
1234 2251 1325 2279 τοίνυν
1342 2252 1368 2279 οἱ
1383 2253 1416 2279 τὰ
1439 2253 1560 2290 ἡμέτερα
1581 2254 1727 2291 τηροῦντες
1751 2250 1903 2289 ἰπιμελῶςν

186 2301 277 2330 quam
294 2293 371 2322 male
386 2303 417 2322 se
432 2294 585 2328 habentes,
603 2294 734 2322 studiose
750 2303 783 2322 ac
800 2295 956 2331 diligenter
970 2296 1016 2323 ob-

184 2339 313 2372 servant,
327 2347 385 2367 non
397 2341 429 2367 ut
439 2339 587 2375 judicent,
600 2340 650 2367 sed
668 2341 700 2367 ut
714 2339 900 2375 improbent;
919 2349 970 2368 nec
988 2343 1021 2368 ut

183 2382 270 2411 nobis
280 2383 481 2419 gratulentur,
494 2383 545 2412 sed
558 2386 591 2411 ut
606 2383 767 2418 insultent;
786 2387 815 2412 et
827 2386 859 2412 ut
868 2384 946 2413 bona
956 2386 1020 2421 qui-

185 2428 252 2456 dem
281 2428 513 2464 calumnientur,
540 2428 617 2457 mala
646 2431 747 2457 autem
779 2429 899 2465 tragicis
925 2430 1022 2459 verbis

221 2489 352 2553 @Alias
369 2489 443 2518 XIII.
468 2491 537 2523 Quae
561 2490 718 2531 autem_23
742 2493 911 2531 erat,_nunc
926 2492 1019 2519 25.—

221 2535 227 2553 ι
249 2528 292 2553 ita
315 2527 383 2553 cost
406 2528 631 2553 praecedentem.
647 2534 726 2553 circa
750 2527 881 2553 medium
905 2535 1015 2553 annum

185 2525 292 2562 lirabita
315 2527 383 2561 post
406 2528 631 2562 praecedentem,
647 2527 726 2555 circa
750 2527 881 2555 medium
905 2535 1016 2557 annum

181 2561 293 2634 3735.8)_
308 2595 454 2633 Εἱρηνικός
486 2597 521 2634 γ’.
550 2597 597 2626 Sic
626 2597 757 2634 postulat
788 2607 885 2627 rerum
915 2599 1016 2634 series,

184 2639 260 2671 quas
285 2634 315 2671 in
341 2634 514 2671 praecedenti
538 2634 648 2662 Monito
672 2634 875 2670 exposuimus.
898 2636 932 2664 In
957 2636 1014 2671 ed.,

183 2667 331 2706 Εἰρηγικδς
342 2667 383 2705 β’-

221 2702 279 2739 (69)
295 2702 437 2731 Σύστασιν.
453 2706 502 2732 Or.
520 2706 545 2739 1,
562 2703 666 2733 στάσιν.

187 2738 280 2801 δο(70)
296 2739 330 2768 Οἱ
353 2738 494 2776 ὁμόδοξοι.
517 2738 587 2779 Reg.
613 2741 665 2777 hu,
681 2743 710 2770 et
724 2741 810 2770 Coisl.
836 2743 862 2778 1,
885 2742 912 2769 οἱ
935 2740 1014 2780 inped-

236 2785 272 2801 οι,
414 2782 427 2795 η

205 2782 272 2802 οέοι.
414 2782 427 2795 ⁴

225 2808 283 2850 (71)
296 2810 328 2850 ᾞ
344 2809 436 2850 ἀγᾴπη
457 2808 645 2850 (Meamne
667 2813 754 2850 verba
777 2812 806 2841 in
831 2813 902 2850 Reg.
920 2814 970 2849 hu,
986 2817 1015 2843 et

184 2843 278 2887 Orig,
289 2843 514 2887 transferuntur
527 2848 605 2887 intra
617 2850 686 2887 post
694 2847 816 2887 φύσεως.

216 2878 275 2916 (72)
288 2881 336 2909 Καὶ
349 2882 403 2917 τὴν
419 2879 535 2916 πρώτην
550 2878 651 2912 ἓαυτῶν
663 2878 759 2924 γύὶτιν.
774 2878 842 2917 Hanc
860 2885 968 2916 desunt
983 2886 1013 2916 in

1076 2295 1104 2322 εὖ
1119 2306 1147 2323 τε
1162 2295 1206 2323 καὶ
1223 2296 1261 2327 ὡς
1277 2296 1376 2334 ἑτέρως
1392 2295 1502 2335 ἔχοντα,
1524 2296 1578 2335 οὐχ
1601 2295 1647 2324 ’ίνα
1672 2296 1810 2335 κρίνωσιν,
1839 2294 1905 2324 ἀλλ’

1072 2339 1119 2368 ’ίνα
1134 2341 1299 2368 κακίσωσιν·
1317 2340 1374 2369 οὐδ’
1387 2341 1434 2370 ἵνα
1449 2343 1629 2377 ωνησθῶσιν,
1643 2341 1708 2370 ἀλλ’
1718 2340 1756 2370 ἵν’
1779 2340 1904 2381 ὶφησθῶ-

1076 2395 1113 2421 σι,
1139 2386 1184 2413 καὶ
1206 2386 1239 2413 τὰ
1264 2387 1312 2423 μὶν
1327 2386 1399 2415 καλὰ
1414 2387 1651 2426 συκοφαντήσωσι,
1665 2386 1699 2414 τὰ
1711 2385 1740 2414 δὲ
1755 2384 1845 2425 φαῦλα
1857 2384 1903 2414 ἐκ.

1076 2429 1289 2468 τραγῳδήσωσι,
1313 2431 1358 2459 καὶ
1381 2430 1530 2470 ἀπολογίαν
1555 2429 1642 2469 ἔχωσι
1664 2433 1718 2459 τῶν
1734 2430 1841 2459 οἰκείων
1856 2440 1953 2494 και-ξπ

1072 2492 1169 2565 Οἶδέ)
1181 2527 1345 2570 Πρόχιιρον.
1361 2530 1457 2570 0r.__1,_
1470 2529 1631 2570 πρᾴχειρρς,
1647 2530 1763 2570 Dillius,
1775 2541 1791 2557 ιι
1805 2530 1903 2570 Qum:
1931 2505 1934 2511 Ι

1072 2573 1162 2610 quam
1178 2566 1257 2593 enim
1281 2566 1312 2593 in
1337 2566 1459 2610 proclivi
1483 2566 1661 2610 sit"vi'tium_,
1678 2567 1843 2610 ingensque
1865 2566 1903 2595 ad

1072 2601 1185 2643 malum
1214 2610 1319 2630 cursus
1338 2601 1460 2644 pateat,
1484 2604 1571 2645 atque
1601 2603 1685 2632 undae
1699 2601 1745 2644 .in
1764 2601 1901 2641 'p'rmops

1072 2637 1223 2678 celerrime
1254 2637 1364 2678 labenti
1389 2638 1485 2678 simile
1511 2641 1573 2678 sit,
1590 2640 1757 2678 autetiam
1784 2638 1903 2678 {eitum

1072 2674 1212 2709 cuipiam,
1229 2681 1293 2709 quas
1314 2675 1350 2702 ad
1372 2674 1533 2703 scintillam
1549 2677 1579 2703 et
1592 2676 1714 2703 ventum
1737 2675 1817 2704 facili
1840 2682 1902 2704 mo-

1071 2711 1171 2737 mento
1197 2711 1399 2773 sutccenditur,
1425 2711 1605 2747 ﬂammaque
1632 2711 1747 2746 eﬁ‘ecta,
1771 2718 1832 2741 una
1850 2711 1904 2740 do-

1071 2753 1165 2773 mum.
1179 2755 1193 2770 »
1209 2754 1224 2773 e
1239 2754 1265 2773 c.

1071 2753 1165 2779 mum,
1179 2755 1193 2770 »
1209 2753 1265 2773 etc.

1116 2781 1162 2819 74)
1178 2781 1227 2819 Τῷ
1240 2780 1344 2819 οῗκείῳ.
1361 2782 1431 2819 Reg,
1447 2782 1499 2819 bu,
1515 2783 1545 2810 et
1559 2782 1607 2819 Or,
1625 2783 1651 2816 1,
1665 2784 1706 2818 τῷ
1717 2780 1794 2819 ιδιῳ.

1068 2815 1229 2881 “ﬂauam
1246 2815 1351 2855 χρόνῳ.
1376 2815 1429 2846 81ἶέ
1448 2818 1538 2854 Regg.
1554 2827 1581 2854 ιδ,
1598 2818 1650 2853 hu,
1667 2815 1696 2847 et
1709 2818 1757 2847 0r.
1770 2815 1800 2847 ’1.
1816 2820 1904 2848 Deest
