4110 6416
340 381 495 447 1153

1465 379 1756 448 ORATIO
1801 380 2122 446 ΧΧΙῙΙ.--
2152 388 2252 447 DE
2296 384 2493 447 PACE
2543 387 2647 448 IlI.

3599 388 3756 451 1151

338 524 470 591 κῶν,
508 518 576 573 τὰ
621 522 728 573 τῶν
780 513 1022 587 πλησίον
1073 517 1357 593 τραύματα
1412 521 1563 592 (76);
1616 515 1725 573 εἷ’θε
1773 515 1994 579 δικαίως

2118 527 2479 593 exaggerent,
2504 527 2676 594 atque
2700 524 2772 578 ab
2799 522 3005 579 alienis
3030 522 3297 596 lapsibus
3323 526 3760 581 excusationem

338 608 614 684 κρίνοντες
642 607 654 662 l
688 608 784 664 'Hv
812 606 913 683 γὰρ
946 603 1006 661 ἂν
1035 626 1086 661 τι
1118 606 1209 661 καὶ
1238 606 1421 683 χολῆς
1471 603 1693 684 ὄφελος,
1723 609 1858 662 κατὰ
1895 608 1993 676 τὴν

339 696 636 773 παροιμίαν
671 698 803 769 (77),
838 694 885 751 εἴ
935 690 1093 772 φόϐῳ
1137 699 1249 751 τῶυ
1303 694 1515 773 ἐχθρῶν
1569 696 1815 771 ὑπῆρχεν
1863 698 1994 751 εἴναι

342 783 813 863 ἀσφαλεστέρους⁸
873 789 966 838 νῦν
1032 784 1089 838 δὶ
1152 784 1285 857 μετὰ
1340 792 1437 855 τῆς
1486 782 1709 860 ἔχθρας,
1752 785 1842 839 καὶ
1894 792 1995 854 τῆς

342 874 734 945 ἐπισκοτούσης
785 878 903 935 τοῖς
964 872 1254 949 λογισμοῖς
1306 873 1520 947 κακίας,
1580 874 1664 952 ὑφ’
1714 874 1782 943 ἧς
1814 871 1939 929 οὖδὶ
1969 875 1996 929 ὁ

343 963 511 1040 ψόγος
571 961 688 1038 ἔχει
734 964 797 1018 τὸ
848 959 1182 1033 ἀξιόπιστον.
1234 968 1347 1018 Ποῦ
1394 962 1573 1018 τοίνυν
1631 968 1683 1017 οῖ
1716 967 1997 1036 μισοῦντες

343 1053 533 1124 ἐπίσης
564 1053 654 1107 καὶ
684 1052 915 1123 θεότητα
944 1051 1034 1107 καὶ
1066 1054 1215 1125 ἡμᾶς
1242 1071 1256 1121 ;
1288 1058 1450 1107 τοῦτο
1498 1053 1599 1129 γὰρ
1659 1054 1731 1106 ὧν
1784 1053 1996 1127 πάσχο-

348 1164 441 1216 μεν
474 1143 535 1197 τὸ
564 1140 1172 1218 μεγαλοπρεπέστατον,
1219 1140 1302 1195 ὅτι
1338 1141 1471 1215 μετὰ
1518 1146 1650 1197 Θεοῦ
1688 1139 1997 1196 κινδυνεύο-

345 1251 460 1305 μεν.
509 1234 622 1288 Ηοῦ
671 1252 803 1286 ποτε
849 1233 986 1304 ἡμῖν
1039 1232 1091 1285 οἱ
1138 1234 1245 1285 τῶν
1278 1229 1426 1285 ἰδίων
1459 1236 1623 1307 πρᾶοι
1654 1229 1855 1307 κριταὶ,
1888 1252 1995 1285 των

344 1319 402 1376 δὲ
451 1319 759 1396 ἀλλοτρίων
810 1315 1052 1397 ἀκριϐεῖς
1100 1319 1390 1392 ἐξετασταὶ,
1436 1318 1527 1374 ’ἕνα
1572 1320 1839 1375 κάνταῦθα
1870 1320 1999 1393 ψεύ-

344 1408 541 1465 δωνται
574 1412 671 1478 τὴν
705 1407 961 1479 ἀλήθειαν
990 1429 1003 1479 ;
1041 1414 1149 1464 [Ιοῦ
1175 1430 1308 1465 ποτε
1337 1412 1472 1481 ἡμῖν
1504 1410 1555 1464 οἱ
1605 1411 1671 1465 τὰ
1718 1408 2001 1483 τραύματα

348 1498 593 1575 ἔχοντες,
624 1498 713 1553 καὶ
742 1500 876 1561 τοὺς
913 1498 1196 1572 μώλωπας
1231 1496 1579 1568 ὀνειδίζοντες
1604 1518 1617 1568 ;
1654 1500 1706 1554 οἱ
1734 1499 1800 1553 τὰ
1829 1519 1999 1574 προσ-

347 1589 606 1662 κόμματα
665 1585 1037 1664 διασύροντες,
1090 1589 1179 1643 καὶ
1236 1590 1305 1643 τὰ
1361 1590 1631 1662 πτώματα
1688 1588 1841 1645 αὐτοὶ
1896 1589 2000 1643 πά-

349 1695 611 1753 σχοντες;
673 1679 727 1733 οἱ
772 1683 850 1750 τῷ
905 1672 1159 1753 βορϐόρῳ
1204 1675 1703 1754 ἐγκαλινδούμενοι,
1754 1679 1844 1733 καὶ
1882 1680 1997 1741 τοῖς

345 1764 565 1828 σπίλοις
613 1768 772 1839 ἡμῶν
825 1764 1353 1844 ἇπευφραινόμενοις
1407 1766 1459 1821 οἱ
1506 1774 1625 1829 ταῖς
1674 1764 1857 1830 δοκοῖς
1906 1790 1999 1822 τυ-

2108 610 2261 665 vitiis
2279 610 2403 666 suis
2426 617 2689 682 quaerant
2711 613 2738 667 Ἰ
2762 613 2997 669 Utinam
3025 613 3551 685 rectejudicarentl
3592 615 3761 671 Esset

2107 700 2265 754 enim
2288 699 2487 771 aliqua
2508 702 2685 757 etiam
2712 702 2850 758 bilis
2875 701 3119 771 utilitas,
3156 707 3219 757 ut
3239 707 3322 758 est
3347 706 3401 757 in
3428 704 3763 775 proverbio,

2109 787 2158 843 si
2191 788 2565 845 inimicorum
2599 794 2757 845 metu
2792 791 3083 846 cautiores
3140 791 3507 847 efficeremur
3536 808 3551 847 :
3603 808 3761 847 nunc

2106 883 2300 933 autem
2330 895 2464 933 cum
2496 879 2627 933 odio
2659 882 2716 935 et
2746 880 2928 935 animi
2962 881 3359 952 improbitate,
3396 898 3525 953 quas
3549 882 3763 937 rationi

2108 966 2382 1022 tenebras
2414 968 2686 1031 offundit,
2717 973 2774 1024 et
2804 970 2877 1023 ob
2911 986 3086 1041 quam
3120 986 3193 1025 ne
3226 970 3574 1042 vituperatio
3632 971 3762 1042 qui-

2107 1056 2241 1111 dem
2275 1056 2454 1111 ullam
2488 1058 2891 1113 auctoritatem
2924 1058 3124 1128 hﬂbft,
3158 1059 3228 1113 ad
3255 1059 3645 1130 judicandum
3669 1076 3766 1115 ac-

2109 1145 2343 1201 cedunt.
2377 1144 2481 1201 Ubi
2517 1151 2655 1202 sunt
2684 1146 2886 1219 igitur,
2918 1147 3019 1219 qui
3052 1147 3420 1204 divinitatem
3462 1148 3679 1221 pariter
3710 1153 3768 1204 et

2110 1251 2215 1290 nos
2246 1235 2549 1291 oderunt?
2573 1236 2689 1292 Hoc
2719 1237 2875 1292 enim
2909 1254 2977 1292 ex
3006 1238 3305 1305 omnibus,
3331 1254 3457 1309 qua
3481 1238 3765 1309 patimur,

2109 1323 2582 1380 illustrissimum
2616 1330 2675 1381 et
2718 1325 3375 1398 magniﬁcentissimum
3436 1331 3547 1395 est,
3607 1328 3765 1399 quod

2110 1429 2243 1467 cum
2276 1413 2390 1469 Deo
2424 1414 2848 1486 periclitamur.
2887 1415 2990 1471 Ubi
3023 1420 3182 1483 sunt,
3219 1416 3317 1486 qui
3350 1433 3591 1471 suorum
3625 1417 3762 1487 qui-

2111 1502 2243 1558 dem
2276 1504 2570 1559 mansueti
2602 1508 2657 1559 et
2689 1504 2903 1575 placidi
2928 1504 3162 1573 judices
3220 1510 3377 1575 sunt,
3432 1503 3757 1561 alienorum

2111 1597 2307 1647 autem
2340 1593 2521 1649 severi
2554 1609 2849 1659 censores,
2881 1599 2946 1648 ut
2977 1593 3070 1648 hic
3102 1609 3337 1665 quoque
3362 1593 3560 1649 fucum
3612 1594 3762 1650 veri-

2108 1681 2213 1735 tati
2248 1680 2461 1736 faciant
2487 1680 2515 1736 ?
2538 1681 2644 1736 Ubi
2668 1686 2827 1753 sunt,
2852 1682 2948 1753 qui
2973 1682 3192 1737 vibices
3214 1682 3382 1737 nobis
3405 1683 3615 1754 probro
3637 1699 3767 1739 ver-

2106 1773 2263 1835 tunt,
2295 1785 2430 1825 cum
2462 1768 2576 1842 ipsi
2604 1768 2846 1825 vulnera
2904 1769 3203 1825 habeant?
3248 1769 3356 1835 Qui
3404 1768 3758 1826 offendicula

344 1853 711 1932 ιρλώττοντες,
740 1854 831 1909 καὶ
860 1854 927 1910 τὸ.
956 1856 1136 1933 κάρφη
1183 1854 1567 1932 προφέροντες,
1603 1856 1634 1909 ἃ
1668 1858 1805 1929 μήτε
1838 1856 1999 1912 λυπεῖ

2118 1862 2313 1913 nostra
2343 1859 2664 1930 exagitant,
2697 1875 2830 1913 cum
2863 1857 3115 1929 turpiter
3172 1858 3287 1928 ipsi
3336 1855 3769 1930 prolabantur?

346 1908 493 1999 im
539 1908 843 2019 sane,
875 1908 1047 2016 Mx;
1075 1908 1382 2020 ³)ίιιλὲπένΓ
1406 1908 1999 2015 ὰπᾼᾶξιευοίσόῆᾲάέᾶᾀέ

2118 1908 2313 1913 _---__
2348 1908 2664 1930 ---ὋηηἿ
2703 1908 2830 1913 -__
2870 1908 3104 1929 ___r_--_
3174 1908 3287 1928 τ--
3338 1908 3711 1930 μην-πη-
3750 1908 3762 1911 -

2118 1948 2218 2012 Qui
2254 1947 2501 2002 maculis
2534 1948 2751 2003 nostris
2791 1948 3072 2019 gaudent,
3133 1963 3269 2001 cum
3330 1946 3444 2018 ipsi
3495 1947 3553 2001 in
3613 1964 3775 2003 coeno

342 2031 762 2109 ἀποφυσηθῆναι
790 2039 858 2102 τῆ
870 2054 893 2094 ς
924 2027 1100 2107 ὄψεως
1112 2076 1123 2088 .

2109 2036 2484 2092 volutentur?
2516 2036 2623 2104 Qui
2657 2038 2908 2092 festucas
2941 2036 3111 2092 nobis
3144 2036 3450 2106 objiciunt,
3484 2053 3628 2109 quas
3668 2053 3778 2092 nec

344 2123 670 2178 insidentes
704 2140 983 2196 magnum
1018 2125 1279 2179 dolorem
1314 2124 1587 2193 afferunt,
1623 2129 1679 2181 et
1709 2125 1877 2181 facile
1907 2125 2117 2198 depelli
2150 2131 2325 2198 atque
2369 2126 2553 2181 efﬂari
2586 2128 2656 2182 ab
2687 2126 2872 2182 oculis
2903 2129 3171 2198 possunt,
3208 2142 3342 2180 cum
3384 2125 3619 2181 interim
3650 2127 3769 2199 ipsi

354 2210 613 2267 trabium
646 2212 799 2268 mole
830 2212 1095 2284 Oppressi
1125 2212 1383 2285 caligent
1405 2212 1491 2267 “‘2

427 2304 497 2354 Γ’.
532 2302 698 2374 Δεῦρο
742 2298 1039 2374 μετάσχετε
1087 2304 1194 2354 τῶν
1256 2298 1585 2376 ἀπορῥητων
1640 2305 1747 2355 τῶν
1807 2300 2004 2373 ἡμετέ-

357 2405 499 2463 ρων’
534 2384 808 2458 καλοῦμεν
861 2387 1001 2459 ὑμᾶς
1053 2387 1127 2449 είς
1176 2388 1239 2442 τὸ
1291 2386 1588 2463 συνέδριον,
1621 2390 1709 2443 καὶ
1742 2389 2003 2463 μισούμε-

355 2497 479 2530 νοι·
540 2477 807 2551 χρώμεθα
865 2473 1169 2545 διαιτηταῖς
1224 2482 1341 2539 τοῖς
1391 2477 1629 2553 ἐχθροῖς,
1680 2476 1749 2549 (ὣ
1777 2482 1876 2548 τῆς
1910 2479 2002 2533 αὐ-

350 2563 584 2634 θαδείας,
615 2565 652 2634 ἢ
685 2572 786 2635 τῆς
816 2565 1116 2642 παρρησίας
1159 2568 1203 2638 ί)
1226 2564 1299 2620 ’ίν’
1330 2567 1603 2637 ἀπέλθητε
1650 2567 2002 2643 ᾐσχυμμὲνοι

356 2651 448 2707 καί
476 2652 799 2727 ἡττημένοι,
833 2653 907 2728 (τί
942 2655 1150 2709 τούτων
1182 2658 1294 2729 (78)
1353 2654 1781 2731 παραδοξότερον
1810 2662 1848 2728 ;)
1910 2678 2006 2730 μα-

350 2742 532 2805 θόντες
589 2744 751 2817 ἡμῶν
798 2744 896 2812 τὴν
948 2744 1152 2819 ὑγίειαν
1202 2745 1251 2818 ἐξ
1304 2747 1377 2799 ὧν
1428 2746 1881 2821 ἠῤῥωστήσαμεν.
1932 2745 2003 2801 Οὐ

355 2830 459 2904 γὰρ
486 2830 609 2906 περὶ
663 2830 919 2902 θεότητος
970 2830 1360 2909 διηνέχθημεν,
1410 2833 1535 2889 ἀλλ’
1598 2835 1729 2909 ὑπὲρ
1764 2836 2003 2906 εὐταξίας

357 2917 778 2991 ἠγωνισάμεθα·
842 2919 957 2976 οὐδ’
1016 2923 1277 2999 ὁποτέραν
1337 2920 1419 2978 δεῖ
1460 2928 1567 2979 τῶν
1600 2920 1855 2980 ἀσεϐειῶν
1894 2928 2005 2998 (79)

355 3003 568 3060 ὲλὲσθαι
606 3006 819 3080 μᾶλλον
852 3007 1369 3088 ἧμφισϐητήσαμεν,
1419 3011 1524 3066 εἷίτε
1570 3013 1671 3081 τήν
1721 3019 2004 3090 συναιροῦ-

355 3115 447 3147 ca;
482 3095 631 3167 Θεὸν,
679 3096 713 3165 ἢ
761 3099 862 3167 τήν
912 3098 1234 3171 τίμνουσαν,
1287 3099 1391 3157 εἴτε
1422 3104 1535 3175 (80)
1567 3102 1628 3156 τὸ
1661 3108 1879 3177 Πνεῦμα
1913 3104 2009 3177 μό-

352 3204 443 3237 νον
502 3183 608 3239 ἆπὸ
661 3193 761 3256 τῆς
810 3188 995 3258 θεῖκῆς
1041 3188 1251 3261 οὐσίας,
1301 3188 1406 3246 εἴτε
1451 3191 1541 3246 καὶ
1592 3194 1704 3265 (81)
1750 3194 1841 3249 τὸν
1882 3194 2006 3249 Υὶὸν

352 3272 491 3357 πρὸς
538 3278 616 3346 τῷ
670 3275 965 3350 Πνεύματι,
1013 3279 1112 3349 τὴν
1167 3279 1291 3354 μίαν
1338 3287 1554 3357 μοῖραν,
1584 3282 1619 3351 ἧ
1652 3283 1748 3346 τὰς
1781 3279 1876 3338 δύο
1909 3290 2009 3353 τῆς

2188 2304 2283 2359 ΙΙΙ.
2318 2303 2485 2375 Agite
2529 2303 2729 2375 igitur,
2789 2306 2975 2358 estote
3030 2319 3377 2358 arcanorum
3427 2307 3766 2359 nostrorum

2113 2393 2469 2465 participes;
2502 2394 2574 2448 ad
2604 2392 2915 2448 concilium
2952 2409 3074 2461 vos,
3136 2392 3314 2447 etiam
3356 2392 3537 2461 exosi,
3593 2409 3767 2447 voca-

2116 2499 2288 2549 mus;
2322 2482 2556 2537 arbitris
2587 2482 2861 2537 hostibus
2892 2481 3132 2549 utimur,
3164 2481 3220 2552 (ο
3254 2481 3548 2553 insignem
3611 2499 3771 2538 arro-

2115 2572 2397 2644 gantiam,
2429 2571 2517 2626 vel
2549 2572 2744 2643 potius
2792 2571 3066 2626 fiduciam
3094 2570 3131 2641 Σ)
3186 2575 3249 2625 ut
3306 2571 3523 2641 pudore
3555 2570 3769 2626 suffusi

2113 2660 2367 2731 victique
2401 2659 2705 2728 recedatis,
2739 2660 2876 2732 (quo
2910 2660 3051 2731 quid
3086 2660 3277 2731 magis
3312 2675 3529 2714 novum
3567 2676 3631 2713 ac
3664 2659 3774 2714 mi-

2116 2767 2243 2804 rum
2278 2750 2418 2821 ﬁngi
2450 2750 2709 2821 potest?)
2752 2749 2987 2821 cognita
3035 2748 3346 2818 nimirum,
3402 2765 3471 2803 ex
3522 2763 3587 2802 eo
3637 2748 3768 2820 ipso

2117 2840 2270 2910 quod
2303 2839 2735 2911 aagrotavimus,
2770 2844 2971 2894 nostra
3002 2838 3271 2893 sanitate.
3304 2838 3428 2892 Non
3487 2838 3644 2892 enim
3695 2838 3768 2892 de

2117 2928 2752 2999 deitatedissensimus,
2778 2928 2877 2983 sed
2902 2927 3123 2983 ordinis
3149 2944 3214 2983 ac
3238 2925 3563 2997 discipline
3588 2943 3768 2983 causa

2117 3016 2467 3073 certavimus
2494 3035 2506 3086 ;
2540 3034 2647 3073 nec
2679 3018 2750 3073 de
2780 3033 2845 3073 eo
2878 3017 3033 3071 inter
3064 3033 3168 3071 nos
3199 3016 3495 3071 contentio
3522 3015 3769 3087 exstitit,

2121 3110 2251 3161 utra
2282 3106 2557 3178 impietas
2588 3106 2784 3178 potius
2843 3106 2992 3161 427
3058 3104 3327 3177 eligenda
3381 3108 3557 3171 esset,
3608 3120 3772 3171 eane,

2120 3213 2249 3268 quae
2280 3196 2462 3251 Deum
2506 3196 2823 3261 contrahit,
2870 3212 2945 3251 an
3005 3194 3100 3248 illa
3158 3210 3286 3266 quas
3342 3193 3433 3249 vel
3490 3194 3777 3265 Spiritum

2122 3290 2392 3342 sanctum
2426 3286 2728 3353 duntaxat,
2760 3284 2850 3339 vel
2884 3284 3098 3340 Filium
3134 3298 3369 3356 quoque
3403 3282 3599 3354 ipsum
3660 3300 3781 3339 una

353 3354 613 3456 ασεϐείας.
661 3368 838 3456 Ταῦτα
866 3365 1003 3456 ⁸γὰρ,
1056 3367 1129 3431 ὡς
1178 3366 1229 3423 ἐν
1278 3371 1389 3443 (82)
1438 3354 1723 3456 κεφαλαίῳ
1785 3371 1999 3448 περιλα.

2121 3392 2255 3430 cum
2285 3374 2509 3446 Spiritu
2532 3392 2565 3430 a
2592 3374 2787 3429 divina
2810 3374 3067 3429 essentia
3088 3354 3400 3428 distrahit:
3427 3372 3773 3439 alteramne,

352 3444 487 3536 ϐεῖν,
538 3451 606 3505 τὰ
647 3456 735 3505 νῦν
780 3452 1217 3528 ἀρῥωστήματα·
1276 3455 1462 3527 ἐπειδὴ
1513 3444 1796 3521 ἆναϐάσεις
1853 3444 1905 3515 ἓν
1934 3461 2003 3536 τῇ

350 3535 545 3613 καρδίᾳ
598 3538 832 3602 τίθενται
888 3542 1024 3614 (83),
1084 3543 1190 3618 οὐχ
1252 3544 1571 3620 ὁμολογίας,
1646 3546 1772 3603 ἀλλ’
1846 3548 2011 3623 ἀρνή-

351 3648 485 3689 σεως
517 3627 628 3697 (84)
661 3647 671 3656 ·
710 3625 835 3681 οὐδὲ
864 3628 1171 3704 θεολογίας,
1200 3630 1347 3686 ἀλλὰ
1381 3632 1755 3711 βλασφημίας,
1795 3635 2005 3698 Ἀλλος

346 3716 448 3790 γὰρ
480 3713 653 3770 ἄλλου
685 3711 1104 3793 φιλοτιμότερος
1136 3719 1185 3772 ἐν
1217 3725 1295 3792 τῷ
1323 3720 1551 3794 πλούτῳ
1588 3730 1690 3793 τῆς
1738 3722 2003 3792 ἀσεϐείας,

348 3801 529 3880 ὣσπερ
582 3801 905 3877 δεδοικότες,
961 3806 1021 3861 οὐ
1060 3809 1122 3862 τὸ
1152 3804 1384 3882 ἀσεϐεῖν,
1419 3809 1565 3866 ἀλλὰ
1596 3812 1657 3867 τὸ
1692 3811 1885 3888 μέτρια
1913 3812 2003 3867 καὶ

347 3892 541 3965 ἐτέρων
571 3890 1075 3971 φιλανθρωπότερα.

2116 3464 2380 3535 inquam,
2416 3480 2488 3518 an
2523 3470 2835 3533 utramque
2856 3460 3176 3533 impietatis
3208 3464 3433 3530 partem
3461 3459 3773 3531 amplecte-

2123 3568 2337 3608 remur.
2377 3551 2442 3605 Hi
2473 3552 2653 3617 enim,
2687 3555 2750 3604 ut
2780 3551 2837 3604 in
2861 3566 3069 3621 genere
3101 3549 3315 3617 dicam,
3340 3548 3587 3619 hujusce
3620 3552 3770 3604 tem-

2122 3640 2362 3710 pestatis
2397 3638 2583 3693 morbi
2616 3643 2793 3704 sunt;
2827 3655 2962 3692 cum
3013 3637 3250 3708 quidam
3311 3638 3431 3692 sint
3478 3637 3774 3710 homines,

2119 3728 2217 3799 qui
2254 3727 2625 3781 escensiones
2659 3727 2713 3780 in
2749 3728 2922 3781 corde
2980 3743 3085 3781 suo
3143 3726 3433 3796 ponunt”,
3467 3743 3584 3780 non
3642 3742 3777 3781 con-

2116 3815 2413 3878 fessionis,
2458 3815 2558 3869 sed
2618 3814 3037 3885 abjurationis:
3104 3830 3215 3869 non
3276 3813 3613 3886 theologia),
3669 3816 3773 3870 sed

2114 3903 2515 3976 blasphemiae.
2548 3903 2712 3958 Alius
2743 3902 2899 3958 enim
2930 3904 3040 3959 alio
3073 3904 3128 3958 in
3185 3902 3511 3974 impietatis
3561 3904 3777 3974 opibus

345 3981 645 4039 liberalior
674 4000 739 4040 ac
770 3987 1063 4057 profusior
1090 3993 1198 4057 est,
1235 3989 1475 4061 perinde
1509 3996 1684 4064 atque
1714 4010 1827 4049 non
1858 3993 1917 4049 id
1952 3996 2237 4063 metuant,
2275 4009 2343 4049 ne
2388 3993 2589 4065 impiis
2618 3993 2915 4049 erroribus
2945 4010 3074 4050 sese
3103 3993 3529 4063 constringant,
3564 3993 3664 4049 sed
3699 4008 3773 4049 ne

346 4071 456 4128 hac
487 4072 548 4127 in
582 4090 642 4128 re
673 4075 1089 4133 moderatiores
1121 4082 1294 4151 atque
1324 4079 1701 4139 humaniores
1732 4084 1871 4151 sint,
1905 4100 2083 4157 quam
2114 4085 2323 4139 caeteri.

419 4160 492 4217 Δ’.
521 4161 710 4233 Ἡμεῖς
742 4158 789 4216 δ’
822 4163 930 4240 οὐχ
960 4164 1156 4228 οὕτως.
1206 4164 1362 4223 Ἀλλ’
1412 4167 1544 4245 ὑπὲρ
1599 4170 1691 4243 μὶν
1742 4171 1998 4243 θεότητος

343 4252 757 4328 συμφρονοῦμὲν
789 4272 848 4307 τε
876 4253 966 4308 καὶ
1000 4249 1393 4330 συμϐαίνομεν,
1428 4258 1534 4335 οὐχ
1580 4262 1740 4329 ἧττον
1786 4262 1821 4331 ἢ
1865 4260 2001 4337 πρὸς

344 4337 534 4407 ἑαυτὴν
581 4340 616 4409 ἠ
656 4340 883 4428 θεότης,
931 4342 976 4397 εί
1030 4345 1107 4417 μὴ
1137 4346 1279 4422 μέγα
1306 4351 1467 4402 τοῦτο
1502 4349 1693 4419 εἴπεῖν,
1720 4350 1810 4405 καὶ
1843 4351 1999 4428 γεγό-

340 4448 506 4499 ναμεν
557 4427 750 4504 χεῖλος
799 4426 855 4483 ἓν
909 4432 998 4486 καὶ
1047 4436 1201 4509 φωνὴ
1260 4435 1378 4507 μία,
1428 4435 1712 4509 ἐναντίως,
1745 4440 1781 4509 ἢ
1829 4426 1880 4495 οἳ
1904 4426 1994 4496 τὸν

2184 4173 2274 4230 IV.
2310 4173 2519 4229 Nostra
2560 4176 2755 4229 autem
2814 4189 2931 4227 non
2989 4172 3189 4227 eadem
3248 4174 3336 4225 est
3394 4170 3561 4226 ratio.
3612 4171 3761 4228 Nam

2110 4263 2268 4335 quod
2302 4263 2368 4317 ad
2404 4262 2766 4317 divinitatem
2803 4260 3032 4332 attinet,
3066 4276 3180 4315 non
3204 4258 3404 4314 minus
3429 4276 3606 4331 quam
3632 4261 3762 4331 ipsa

2109 4369 2309 4408 secum
2346 4351 2643 4418 divinitas,
2677 4352 2789 4406 nisi
2824 4367 3104 4423 magnum
3139 4349 3251 4403 hoc
3275 4349 3435 4404 dictu
3479 4349 3578 4417 sit,
3610 4351 3766 4405 inter

2110 4457 2215 4497 nos
2248 4441 2652 4496 consentimus
2685 4444 2861 4512 atque
2902 4439 3360 4506 concordamus;
3420 4437 3765 4511 labiumque

341 4514 546 4593 πύργον
570 4513 991 4590 οἰκοδομοῦντες
1047 4508 1110 4574 τὰ
1160 4522 1446 4598 πρότερον.
1498 4526 1560 4579 Οἱ
1617 4508 1712 4599 μὲν
1763 4527 1866 4604 γὰρ
1907 4528 1995 4584 ἐπὶ

2118 4545 2291 4583 unum
2324 4533 2380 4583 et
2407 4545 2517 4583 vox
2548 4544 2665 4583 una
2705 4544 2915 4583 sumus
2938 4529 2980 4595 ²,
3039 4531 3242 4582 contra
3273 4532 3472 4582 tamen
3497 4534 3670 4599 atque
3703 4527 3763 4594 ii,

341 4608 492 4677 κακῷ
548 4604 941 4682 συνεφρόνουν·
993 4609 1130 4680 ἡμῖν
1182 4607 1241 4663 δὶ
1293 4610 1379 4665 ἐπὶ
1434 4614 1593 4667 παττὶ
1637 4614 1903 4689 βελτίστῳ
1935 4616 1999 4670 τὰ

340 4700 441 4763 τῆς
473 4693 757 4767 ὁμονοίας,
783 4692 855 4747 ἵν’
886 4695 1235 4770 ὁμόθυμαδὸν
1265 4697 1317 4753 ἐν
1362 4698 1439 4754 ἐνὶ
1479 4700 1707 4774 στόματι
1758 4700 1997 4773 δοξάζω-

345 4804 439 4856 μεν
470 4781 562 4838 τὸν
598 4785 828 4859 Πατέρα,
883 4785 973 4840 καὶ
1020 4787 1111 4841 τὸν
1162 4788 1309 4856 Υἱὸν,
1361 4788 1450 4843 καὶ
1480 4791 1542 4844 τὸ
1574 4788 1724 4867 ἅγιον
1755 4797 1992 4866 Πνεῦμα,

340 4870 431 4927 καὶ
458 4877 620 4927 τοῦτο
681 4872 913 4949 λέγηται
960 4876 1083 4952 περὶ
1132 4879 1314 4951 ἡμῶν,
1365 4876 1447 4933 ὅτι
1499 4873 1670 4943 ὅντως
1703 4881 1731 4936 ὁ
1780 4883 1908 4945 Θεὸς
1940 4880 1992 4937 ἰν

337 4962 475 5035 ἡμῖν
508 4960 671 5032 ἑστιν,
706 4964 733 5018 ὁ
762 4962 887 5027 τοὺς
912 4964 1160 5029 δνοῦντας
1190 4965 1348 5021 αὐτὸν
1392 4970 1500 5040 (85)
1544 4966 1708 5052 ⁶ἑνῶν,
1758 4970 1849 5025 καὶ
1909 4968 1997 5027 δο-

410 5062 455 5097 ”
482 5061 687 5117 Matth.
718 5080 820 5129 vn,
853 5064 905 5119 4.
986 5067 1002 5101 ¹
1040 5066 1188 5121 Psal.
1223 5084 1460 5133 Lxxxm,
1483 5070 1536 5123 6.
1616 5070 1637 5105 ²
1667 5070 1808 5126 Gen.
1843 5088 1921 5140 x1,
1955 5072 2005 5125 1.

552 5159 627 5212 Τὰ
674 5164 779 5237 τῷν
826 5161 1061 5237 πλησίον
1091 5162 1395 5237 τραῦματα.
1430 5165 1613 5237 Elias,
1635 5166 1701 5220 τὰ
1732 5171 1837 5221 τῶν
1890 5165 1993 5222 ἀλ-

336 5224 572 5304 λοτρίων
605 5232 893 5305 πτώματα.
924 5224 1135 5293 Plures.
1155 5224 1322 5293 codd.
1356 5252 1460 5310 pro
1485 5224 1768 5314 τραῦματα
1792 5241 1995 5314 legunt

336 5300 671 5354 πταίσματα.

336 5320 671 5373 πταισματα.

554 5374 695 5427 Κατὰ
722 5374 821 5453 την
853 5375 1186 5453 παραιμίαν.
1209 5401 1239 5429 ‹‹
1276 5378 1346 5435 Ut
1375 5385 1464 5453 est
1508 5382 1573 5453 in
1610 5382 1935 5453 proverbio.
1964 5405 1992 5433 »

338 5448 729 5529 .c‘_Usurpatu_r
770 5448 895 5529 boc_
926 5448 1321 5529 proverbium,
1352 5476 1373 5504 ι
1411 5448 1627 5529 ἱῐιῳιὶἴ
1652 5453 1832 5529 ﬁlias,
1863 5477 1889 5503 η
1914 5456 1993 5529 de

335 5514 451 5571 illis
473 5514 574 5587 qui
604 5519 739 5592 inde
770 5514 1011 5591 capiunt
1038 5514 1372 5592 utilitatem,
1396 5514 1550 5579 unde
1580 5514 1994 5583 utilitas'nulla

332 5603 433 5643 exs
478 5589 801 5646 ectabatur.
827 5589 855 5641 ›ἱ

334 5604 521 5751 “(’¥8)
558 5658 619 5714 Τί
665 5659 855 5716 τούτω)

332 5658 619 5788 τοὲζῗ).Τί
665 5659 892 5716 τούτων.
954 5663 1095 5737 Reg.
1154 5665 1278 5734 bm,
1335 5669 1457 5725 tres
1508 5666 1694 5737 Colb.,
1743 5670 1888 5740 Jes.,
1934 5665 1990 5723 τί

2110 4617 2210 4689 qui
2241 4616 2452 4671 turrim
2486 4616 2624 4670 olim
2657 4617 3055 4671 exstruebant.
3088 4615 3172 4669 Illi
3208 4615 3364 4668 enim
3418 4615 3477 4669 in
3539 4614 3763 4671 malum

2108 4703 2546 4775 conspirabant,
2584 4719 2689 4757 nos
2722 4708 2916 4758 autem
2950 4703 3021 4757 ob
3056 4701 3453 4773 pulcherrima
3509 4719 3763 4774 quaeque

2108 4790 2482 4847 concordiam
2515 4791 2788 4859 colimus,
2821 4796 2885 4845 ut
2914 4790 3226 4845 unanimes
3276 4794 3449 4861 atque
3492 4807 3611 4846 uno
3659 4808 3760 4847 ore

2107 4881 2359 4945 Patrem,
2390 4884 2447 4935 et
2480 4880 2712 4947 Filium,
2743 4886 2797 4936 et
2826 4879 3108 4953 Spiritum
3142 4883 3414 4935 sanctum
3468 4878 3757 4952 gloriﬁce-

2108 4987 2262 5039 mus,
2310 4969 2487 5042 idque
2510 4970 2581 5026 de
2611 4970 2781 5026 nobis
2813 4970 3179 5043 praedicetur,
3212 4969 3366 5040 quod
3397 4984 3531 5025 vere
3558 4968 3619 5025 in
3656 4986 3760 5028 no-

2177 5167 2287 5238 (79)
2318 5166 2432 5217 Τῶν
2462 5158 2741 5238 ἀσεϐειῶν.
2777 5165 3112 5238 ΟΧΟΠη-τήν
3146 5157 3411 5238 ἀσέϐειαν,

2175 5235 2282 5308 (80)
2317 5238 2558 5309 ’ἨμητὴνΛ
2586 5237 2909 5309 τέμνουσαν,
2961 5235 3085 5309 εἴτε,
3134 5242 3244 5292 etc.
3280 5236 3479 5309 Plures
3530 5241 3760 5302 codices

2103 5304 2341 5379 habent,
2366 5304 2805 5381 Δεἷίτετεμνὸυσαν
2834 5309 2923 5362 καὶ
2954 5304 3269 5381 τέμνουσαν,
3307 5304 3431 5379 εἰει-ε,
3460 5314 3575 5381 βω.

2196 5383 2283 5447 81)
2318 5376 2441 5453 Εἴτε
2470 5376 2581 5436 καί.
2614 5382 2711 5437 Sic
2742 5383 2940 5453 plures
2972 5376 3138 5438 codd.
3172 5376 3348 5436 Deest
3379 5376 3468 5435 καί
3499 5383 3559 5439 in
3592 5383 3683 5440 ed.

2195 5454 2281 5523 82)
2316 5452 2423 5525 Ἑν.
2458 5458 2627 5508 Deest
2660 5454 2717 5508 in
2746 5452 2891 5525 Reg.
2928 5455 3046 5525 bm,
3076 5458 3139 5525 et
3172 5453 3267 5507 0r.
3304 5454 3354 5507 1.

2172 5521 2285 5593 (83)
2318 5521 2584 5579 Τίθενται.
2619 5521 2895 5591 Μοηῐᾶοῖ,
2944 5521 3291 5593 διατίθενται.

2316 5594 2647 5669 ξΑρνήσεως.
2676 5596 2855 5669 _Co_isl.
2891 5598 2942 5667 1,
2977 5592 3222 5669 ἄρνησις.

2191 5665 2283 5727 85)
2315 5665 2597 5727 Ἐνοῦντας
2630 5666 2815 5723 αὐτόν.
2846 5665 3021 5724 Deest
3042 5666 3201 5721 αὐτον
3234 5665 3293 5720 in
3327 5665 3629 5725 nonnullis
3660 5685 3750 5726 co-

2096 5736 2351 5795 dicibns.
2374 5738 2549 5797 Coisl.
2588 5740 2610 5794 1
2645 5739 2844 5813 habet,
2876 5738 3155 5803 αἰνοῦντας
3184 5736 3369 5795 αἰνῶν.
