4110 6424
433 396 587 456 1155

1679 382 1742 444 S.
1793 382 2165 444 GREGOBII
2211 377 2607 443 THEOLOGI

3704 376 3859 447 1136

432 532 521 587 bis
554 530 631 585 sit
662 535 810 585 Deus
833 530 874 594 ³,
909 544 1005 582 eos
1037 544 1069 581 a
1102 527 1318 598 quibus
1350 523 1569 588 unitur,
1606 522 1835 586 unicus,
1870 524 1923 573 et
1960 536 2078 581 eos,

2206 516 2364 588 ξάζων
2400 516 2524 577 τοὺς
2559 513 2899 584 δοξάζοντας·
2935 512 3022 568 xui
3079 515 3153 587 μὴ
3208 508 3431 590 λέγηται
3483 510 3680 588 μὸνον,
3715 513 3860 572 ἀλλὰ

433 639 466 677 a
493 620 710 692 quibus
743 617 931 690 gloria
962 616 1235 680 afﬁcitur,
1270 613 1455 687 gloria
1502 610 1797 677 afﬁciens;
1820 624 1923 663 nec
1953 616 2079 663 tan-

434 714 559 765 tum
592 708 963 781 praedicetur,
997 706 1095 761 sed
1130 704 1301 759 etiam
1338 702 1631 758 credatur.
1692 698 1907 754 Verum
1950 698 2080 753 aliis

432 800 502 853 de
534 799 710 853 rebus
740 796 1034 853 contentio
1065 794 1218 849 inter
1248 810 1353 847 nos
1387 791 1534 846 fuit:
1594 788 1745 843 male
1794 788 1971 842 etiam
2023 786 2079 840 id

432 888 693 960 quidem,
729 904 845 942 non
876 885 1033 941 enim
1093 882 1396 937 inficiabor
1446 886 1574 949 (nec
1634 879 1791 934 enim
1851 874 2081 931 diabolo

432 977 658 1033 aditum
697 974 882 1030 ullum
914 977 1014 1029 aut
1044 987 1274 1042 ansam,
1308 986 1414 1025 nec
1443 967 1730 1039 improbis
1755 964 1974 1038 linguis
2020 964 2082 1018 li-

430 1067 687 1123 centiam
707 1063 835 1120 dari
856 1062 1164 1134 Oportuit);
1193 1077 1306 1115 non
1333 1064 1531 1114 tamen
1566 1062 1982 1128 tanta,quanta
2009 1052 2083 1108 iis

432 1156 682 1220 videtur,
714 1154 815 1224 qui
849 1169 941 1208 res
972 1155 1205 1206 nostras
1237 1165 1339 1222 per
1368 1148 1732 1203 calumniam
1790 1144 2082 1199 insectan-

431 1250 547 1302 tur.
575 1244 720 1301 Nam
741 1259 875 1298 cum
900 1240 1025 1296 fieri
1043 1257 1155 1295 non
1179 1243 1399 1311 posset,
1424 1236 1563 1309 quin
1613 1235 1839 1306 aliquid
1882 1248 2083 1304 pecca-

432 1350 652 1401 remus,
687 1336 751 1388 ut
794 1330 1085 1397 homines,
1147 1334 1415 1384 nostrum
1473 1326 1581 1381 hoc
1635 1331 1893 1380 erratum
1952 1324 2081 1391 fuit,

434 1425 588 1497 quod
621 1421 803 1477 nimio
835 1420 1088 1493 pastoris
1119 1433 1315 1473 amore
1346 1416 1535 1472 affecti
1567 1431 1799 1483 sumus,
1863 1430 1967 1469 nec
2018 1429 2086 1470 ex

431 1513 663 1569 duobus
694 1509 945 1575 eximiis,
976 1512 1109 1563 uter
1128 1506 1315 1578 magis
1339 1506 1698 1576 expetendus
1722 1507 1901 1570 esset,
1922 1518 2084 1574 repe-

431 1603 546 1657 rire
579 1600 903 1674 potuimus,
939 1597 1326 1669 quoadusque
1357 1595 1416 1649 in
1449 1594 1559 1649 hoc
1588 1592 1990 1658 convenimus,
2024 1596 2088 1646 ut

434 1696 751 1760 utrumque
783 1688 908 1760 pari
939 1687 998 1741 in
1030 1685 1205 1741 laude
1227 1690 1283 1739 et
1304 1681 1692 1738 admiratione
1712 1697 2082 1753 poneremus.

434 1781 551 1836 Hoc
584 1784 851 1835 nostrum
883 1776 1106 1831 crimen
1140 1779 1246 1829 est.
1281 1773 1400 1827 Hoc
1446 1772 1700 1838 nomine,
1763 1769 1863 1841 qui
1911 1768 2083 1837 volet,

436 1887 544 1925 nos
576 1869 946 1935 condemnet,
1001 1868 1103 1920 aut
1158 1862 1441 1918 absolvat.
1501 1860 1619 1915 Hoc
1679 1859 2081 1914 haereticorum

436 1957 818 2031 praesidiuum
852 1960 960 2011 est.
994 1956 1235 2023 Pr0pter
1266 1951 1375 2006 hoc
1408 1948 1551 2005 nihil
1575 1948 1826 2013 habetis,
1850 1947 2081 2003 etiamsi

436 2046 689 2103 maxime
718 2044 990 2117 cupiatis.
1026 2044 1238 2108 Muscas,
1271 2040 1464 2111 inquit
1496 2038 1613 2107 ille,
1673 2054 1799 2092 cum
1859 2039 1919 2092 in
1964 2036 2091 2093 oleo

432 2139 758 2193 moriuntur
786 2151 850 2189 ac
874 2140 1211 2205 putrescunt,
1246 2132 1418 2202 ipsius
1455 2128 1786 2183 suavitatem
1840 2143 2090 2183 corrum-

2190 604 2278 660 xui
2332 604 2673 674 πιστεὺηται.
2707 602 2889 659 Ἀλλά
2938 602 2993 659 δὲ
3046 604 3186 659 ἔστιν
3242 605 3373 680 ὑπὲρ
3427 606 3499 658 ὧν
3561 602 3864 681 διηνέχθη-

2195 714 2311 766 μεν·
2362 698 2540 755 κακῶς
2591 693 2683 765 μὲν
2738 693 2826 747 καὶ
2893 693 3017 768 περὶ
3065 692 3297 764 τούτων,
3356 692 3416 747 οὐ
3463 694 3570 769 γὰρ
3622 693 3859 768 ἀρνήσο-

2197 804 2290 856 μαι
2323 782 2517 859 (ἐχρῆν
2546 783 2649 858 γὰρ
2685 779 2957 855 μηδεμίαν
2992 778 3196 836 διδόναι
3227 782 3308 854 τῷ
3336 787 3567 855 πονηρῷ
3619 780 3862 855 πάροδον

2191 874 2225 940 ἦ
2260 867 2436 941 λαϐήν
2476 875 2609 945 (86),
2649 868 2789 943 μηδέ
2835 877 2953 933 ταῖς
3005 877 3271 947 πονηραῖς
3318 872 3598 947 γλώσσαις
3652 871 3863 927 ἐλευθε-

2194 961 2355 1037 ρίαν),
2389 961 2534 1028 πλὴν
2571 960 2633 1015 οὐ
2665 966 2947 1032 τοσοῦτον,
2979 960 3108 1015 ὅσον
3138 949 3288 1015 δοκεῖ
3334 966 3451 1023 τοῖς
3496 962 3568 1016 τὰ
3620 962 3863 1035 ἡμέτερα

2194 1046 2607 1106 διαϐάλλουσιν·
2670 1048 2889 1118 Ἐπειδή
2969 1050 3072 1125 γὰρ
3149 1048 3254 1105 ἔδει
3312 1071 3366 1105 τι
3441 1050 3532 1105 καὶ
3617 1051 3860 1125 ἁμαρτά-

2192 1160 2299 1194 νειν
2341 1141 2472 1213 (87),
2523 1134 2678 1200 ὄντας
2728 1140 3066 1215 ἀνθρώπους,
3115 1139 3277 1194 τοῦτό
3327 1138 3466 1194 ἐστιν
3519 1140 3551 1194 ’ὁ
3606 1138 3863 1194 ἐπταίσα-

2197 1250 2314 1302 μεν,
2352 1227 2472 1283 λίαν
2515 1226 2907 1305 φιλοποίμενες
2938 1230 3053 1301 (88)
3084 1228 3406 1303 γεγόναμεν,
3437 1228 3525 1284 καὶ
3583 1228 3689 1283 οὐκ
3736 1226 3859 1303 ἔχο-

2198 1337 2293 1390 μεν
2336 1316 2506 1389 εὑρεῖν
2560 1317 2770 1392 ἀγαθῶν
2818 1314 2914 1372 δύο
2960 1317 3023 1371 τό
3063 1318 3443 1394 αἱρετώτερον,
3479 1312 3587 1380 ἕως
3642 1312 3865 1387 συνέϐη-

2199 1427 2294 1479 μεν
2324 1405 2604 1484 ἀμφότερα
2642 1405 2835 1475 ἐπίσης
2877 1407 3191 1479 θαυμάζειν.
3224 1411 3394 1461 Τοῦτο
3449 1409 3617 1480 ἡμῶν
3668 1407 3734 1461 τὸ
3784 1403 3864 1481 ἔγ-

2193 1492 2405 1566 κλημα’
2443 1495 2566 1569 περὶ
2598 1495 2803 1549 τούτων
2850 1498 3001 1568 ἡμᾶς
3050 1496 3077 1549 6
3132 1494 3475 1570 βουλόμενος
3525 1494 3861 1563 εὐθυνὲτωῆ

2196 1586 2419 1663 ἀφιέτω·
2476 1589 2637 1639 τοῦτο
2695 1589 2802 1638 τῶν
2856 1584 3142 1660 αἱρετικῶν
3190 1587 3224 1653 ἡ
3277 1584 3567 1663 ἀσφάλεια·
3622 1584 3762 1658 ὑπὲρ
3812 1581 3866 1637 δὲ

2192 1678 2354 1728 τοῦτο
2400 1671 2578 1742 οὐδὲν,
2643 1671 2756 1727 οὐδ’
2807 1672 2866 1727 ἃν
2927 1670 3135 1750 σφόδρα
3195 1670 3490 1747 βούλησθε.
3542 1677 3720 1729 Μυῖαι
3772 1692 3863 1725 σα-

2194 1767 2443 1837 πριοῦσιν
2539 1761 2746 1829 ἔλαιον,
2824 1762 2986 1840 φησὶν
3066 1763 3093 1816 6
3173 1762 3360 1833 εἰπὼν,
3443 1758 3867 1837 ἐννεκροὺμεναί

2195 1873 2253 1906 τε
2322 1853 2412 1906 xui
2487 1852 2873 1923 ἰνσηπόμεναι·
2932 1853 2999 1906 τὰ
3063 1849 3120 1905 δὲ
3189 1851 3332 1907 καλὰ
3381 1853 3409 1906 6
3468 1851 3673 1927 φθόνος
3739 1852 3862 1925 βου-

2196 1940 2418 2011 λήσεται
2498 1944 2614 2015 μὲν,
2676 1941 2737 1997 οὐ
2797 1938 3081 2010 δυνήσεται
3141 1939 3218 1998 δέ.
3271 1943 3493 1996 Πάντων
3544 1942 3657 2016 γὰρ
3710 1940 3859 2015 ἰσχυ-

2201 2033 2447 2107 ρότατον,
2517 2034 2593 2095 ὡς
2686 2037 2765 2105 τῷ
2839 2030 3041 2108 Ἔσδρᾳ
3119 2031 3287 2106 κάμοὶ
3368 2030 3540 2106 δοκεῖ,
3619 2034 3656 2101 ἡ
3727 2029 3863 2100 ἀλή-

2202 2126 2337 2193 Θεια,

431 2252 570 2315 ριιηι
590 2245 610 2277 ⁴
644 2258 659 2297 :
692 2241 841 2296 livor
869 2239 1103 2310 quidem
1135 2254 1222 2307 ea,
1255 2253 1386 2307 quae
1418 2241 1576 2290 recta
1607 2239 1767 2303 sunt,
1801 2234 2035 2289 inﬁcere
2064 2232 2235 2301 volet,
2264 2233 2364 2287 sed
2400 2249 2511 2286 non
2548 2232 2775 2301 poterit.
2812 2232 3072 2287 Omnium
3104 2233 3303 2285 etenim
3336 2246 3524 2285 rerum
3554 2229 3863 2300 fortissima

429 2340 510 2389 est
534 2332 754 2394 veritas,
792 2336 858 2385 ut
886 2328 1033 2384 mihi
1063 2332 1121 2383 et
1152 2326 1344 2381 Esdree
1373 2326 1607 2380 videtur
1631 2326 1670 2380 ⁵.

504 2420 657 2478 428
688 2419 755 2474 V.
788 2419 904 2475 Nos
929 2418 1110 2489 igitur
1138 2415 1375 2487 quidem
1408 2414 1655 2469 dissidia
1686 2423 1881 2468 nostra
1931 2412 2083 2466 inter

432 2526 539 2567 nos
570 2508 1033 2580 composuimus,
1067 2522 1133 2561 ac
1162 2520 1606 2575 componemus.
1639 2502 1754 2557 Nec
1777 2502 1933 2556 enim
1959 2500 2082 2555 fieri

431 2602 644 2673 potest,
677 2604 742 2652 ut
770 2596 875 2651 filii
909 2594 1253 2667 parentibus
1283 2593 1482 2663 inique
1503 2594 1607 2663 jus
1639 2594 1857 2653 dicant,
1910 2590 2084 2644 inter-

428 2689 698 2745 veniente
741 2683 1061 2759 praesertim
1093 2683 1393 2738 communi
1453 2682 1761 2746 Trinitate,
1823 2696 1924 2749 pro
1968 2694 2087 2749 qua

434 2777 587 2835 bello
617 2775 981 2849 impetimur,
1016 2778 1073 2828 et
1103 2778 1339 2844 propter
1361 2787 1536 2841 quam
1562 2768 1779 2824 bellum
1801 2768 1957 2823 haud
1985 2784 2083 2839 ge-

435 2883 652 2923 remus.
685 2866 804 2937 Ego
837 2863 996 2934 pacis
1027 2878 1273 2932 sponsor
1306 2877 1459 2928 sum,
1501 2858 1769 2914 tantillus
1819 2856 2087 2911 videlicet

430 2961 609 3012 tantm
640 2956 744 3021 rei,
777 2953 1055 3024 quoniam
1092 2958 1242 3005 Deus
1274 2950 1603 3004 humilibus
1633 2948 1734 3002 dat
1774 2947 2023 3019 gratiam
2042 2944 2087 3012 ⁸,

433 3045 720 3102 sublimes
749 3048 946 3098 autem
980 3057 1166 3111 usque
1196 3040 1269 3094 ad
1300 3045 1519 3094 terram
1552 3036 1885 3109 deprimit".
1937 3034 2085 3100 Quid

429 3134 597 3189 vobis
626 3131 775 3187 illud
809 3131 1086 3203 proderit,
1111 3146 1142 3183 ο
1166 3144 1511 3184 communes
1544 3129 1724 3181 nostri
1756 3126 2087 3197 pacificato-

432 3222 556 3278 res?
569 3222 975 3276 Paciﬁcatores
996 3234 1253 3289 namque
1271 3216 1621 3288 estis,idque
1633 3215 1898 3270 beneﬁcii
1916 3214 2084 3271 nobis

2263 2415 2336 2465 E'.
2371 2410 2453 2465 Τὰ
2485 2410 2578 2481 μὶν
2612 2406 2701 2462 οὖν
2736 2409 2977 2483 ἡμέτερα
3019 2410 3181 2481 ἡμεῖς
3236 2407 3287 2462 ἓν
3342 2410 3476 2480 ἡμῖν
3527 2406 3719 2467 αὐτοῖς
3768 2403 3855 2459 καὶ

2193 2496 2581 2570 διαλελύμεθα,
2606 2497 2695 2551 xui
2725 2495 3109 2570 διαλυσόμεθα.
3146 2498 3217 2552 Οὐ
3249 2499 3353 2572 γὰρ
3386 2496 3504 2551 οἷόν
3546 2517 3610 2551 τε
3658 2492 3853 2549 παῖδας

2192 2586 2421 2663 πατράσι
2476 2585 2687 2641 δικάσαι
2751 2592 2930 2649 κακῶς
2980 2590 3117 2660 (89),
3174 2585 3263 2641 xui
3331 2588 3444 2659 ἅμα
3497 2593 3603 2654 τῆς
3667 2590 3853 2652 κοινῆς

2191 2674 2419 2752 Τριάδος
2472 2678 2881 2749 μεσιτευούσης,
2916 2676 3047 2753 ὑπὶρ
3098 2679 3163 2745 ἧς
3213 2674 3634 2749 πολεμούμεθα,
3668 2674 3757 2730 καὶ
3789 2670 3852 2728 δι’

2192 2767 2253 2834 ἣν
2283 2765 2344 2819 οὐ
2375 2763 2787 2839 πολεμήσομεν.
2823 2767 2965 2840 Ἐγὼ
2996 2773 3095 2835 τῆς
3129 2765 3349 2835 εἰρήνης
3394 2765 3672 2841 ἐγγυητὴς
3722 2765 3853 2834 (90),

2196 2856 2223 2909 6
2259 2856 2452 2927 μικρὸς
2482 2858 2580 2909 10'3
2622 2855 2887 2909 τοσαύτου
2936 2857 3284 2930 πράγματος,
3345 2851 3533 2922 ἐπειδὴ
3584 2855 3852 2911 ταπεινοῖς

2197 2942 2388 2999 δίδωσι
2443 2946 2605 3019 χάριν
2665 2945 2692 2998 ὁ
2753 2945 2967 3014 Κύριος,
3026 2949 3274 2999 ταπεινοῖ
3331 2942 3377 2999 δ’
3438 2943 3693 3018 ὑψηλοὺς
3749 2938 3853 3001 ἕως

2194 3041 2297 3110 γῆς
2337 3036 2473 3105 (91).
2505 3035 2656 3106 Ὑμῖν
2694 3032 2750 3088 δὶ
2776 3034 2828 3089 τί
2856 3039 3018 3089 τοῦτο
3064 3040 3182 3096 τοῖς
3234 3038 3438 3095 κοινοῖς
3496 3035 3662 3105 ἡμῶν
3710 3026 3855 3085 διαλ-

2197 3121 2459 3190 λακταῖςς
2521 3120 2847 3177 διαλλακταὶ
2907 3123 3009 3199 γὰρ
3073 3123 3210 3191 ἐστε,
3272 3122 3359 3177 xui
3411 3121 3684 3182 ἀκουσίως

2194 3216 2356 3265 τοῦτο
2414 3212 2719 3286 χαρίζεσθε.
2782 3212 2858 3269 Οὐ
2914 3214 3018 3287 γὰρ
3073 3213 3226 3285 ὑμεῖς
3288 3206 3541 3284 εὐσεϐεῖς,
3602 3211 3647 3266 εἰ
3701 3203 3852 3264 κακοί

432 3311 603 3366 inviti
635 3309 932 3365 confertis.
956 3306 1083 3363 Non
1102 3308 1259 3361 enim
1287 3323 1385 3361 vos
1408 3311 1715 3377 propterea
1732 3306 1808 3376 pii
1834 3304 1996 3371 estis,
2029 3305 2079 3359 si

2206 3301 2319 3372 περί
2349 3321 2401 3354 τι
2436 3301 2626 3375 μικρὸν
2656 3303 2690 3370 ἣ
2748 3306 2930 3373 μεῖζον
2976 3304 3138 3373 ἡμεῖς
3177 3304 3289 3375 (93)
3315 3321 3326 3334 ’
3370 3298 3496 3355 ἀλλ’
3544 3303 3713 3374 ἡμεῖς
3760 3295 3849 3369 μὲν

436 3401 576 3474 quid
602 3416 711 3455 nos
732 3398 930 3468 aliqua
949 3398 1008 3450 in
1034 3414 1093 3452 re
1112 3395 1197 3451 vel
1223 3412 1399 3467 parva
1416 3393 1502 3449 vel
1528 3409 1739 3465 magna
1760 3410 2086 3465 peccemus;

432 3507 540 3546 nos
573 3488 811 3561 quidem
843 3487 916 3542 ob
946 3485 1154 3540 vitium
1187 3485 1343 3539 haud
1375 3482 1677 3549 laudandi,
1712 3483 1758 3537 si
1793 3483 1931 3554 quid
1956 3500 2087 3555 pec-

433 3596 659 3647 cemus,
688 3594 791 3633 vos
823 3582 1018 3631 autem
1044 3574 1434 3629 nihilominus
1463 3572 1624 3644 impii
1652 3570 2091 3643 estis,quamvis

436 3685 543 3724 nos
573 3681 885 3740 peccemus
917 3682 931 3728 ;
965 3663 1079 3718 nisi
1113 3663 1289 3717 etiam
1321 3678 1388 3716 eo
1422 3660 1636 3732 magis,
1671 3662 1828 3730 quod
1890 3661 2090 3716 laben-

432 3758 593 3812 tibus
625 3754 958 3810 acerbiores
989 3751 1150 3808 estis.
1185 3753 1375 3821 Atque
1433 3754 1499 3805 ut
1550 3766 1657 3805 nos
1705 3749 1984 3804 omnibus
2032 3749 2091 3805 in

441 3847 619 3902 rebus
652 3843 964 3898 unanimes
995 3857 1124 3896 esse
1158 3838 1552 3911 perspiciatis,
1586 3855 1654 3893 ex
1683 3854 1868 3910 eoque
1890 3854 2092 3910 perpe-

436 3942 601 3989 tuam
662 3933 839 3988 etiam
895 3930 1047 3985 hanc
1107 3929 1480 3984 concordiam
1541 3930 1660 3983 fore
1725 3927 2092 3999 intelligetis,

435 4021 673 4078 tametsi
705 4021 887 4091 hujus
918 4020 998 4074 rei
1031 4018 1203 4072 fidem
1230 4019 1376 4087 jam,
1414 4024 1477 4070 ut
1508 4016 1735 4087 opinor,
1793 4016 1957 4071 vobis
2004 4032 2092 4086 ea,

436 4130 563 4184 quas
595 4110 806 4165 videtis
837 4107 1105 4172 fecerint,
1140 4107 1357 4178 probus
1390 4105 1669 4160 nimirum
1700 4121 1766 4160 ac
1807 4105 2095 4176 benignus

435 4207 624 4273 pater,
658 4205 715 4255 et
746 4198 906 4255 filius
936 4197 1290 4267 obsequens,
1323 4212 1439 4250 una
1468 4195 1761 4259 sedentes,
1796 4198 2096 4248 mutuum-

436 4306 554 4361 que
584 4290 699 4345 sibi
729 4286 878 4360 ipsis
908 4290 1325 4341 ornamentum
1356 4285 1666 4339 afferentes
1692 4306 1704 4347 ;
1739 4282 2092 4353 aquibus,si

439 4379 539 4450 qui
572 4379 632 4433 in
676 4376 840 4432 vobis
894 4372 1307 4429 benevolentiae
1365 4371 1803 4440 concordiaque
1861 4371 2092 4427 fomites

511 4501 534 4536 ⁸
563 4504 590 4555 Ι
618 4500 749 4557 Cor.
783 4515 899 4566 xxv,
932 4492 1022 4552 25.

2197 3390 2297 3444 οὐκ
2352 3389 2621 3444 ἔπαινετοὶ
2669 3396 2768 3459 τῆς
2818 3391 3027 3465 κακίας,
3083 3391 3230 3466 εἷ’περ
3276 3411 3327 3445 τι
3376 3390 3665 3463 πταίομεν,
3702 3387 3849 3459 ὑμεῖς

2199 3476 2256 3534 δὲ
2307 3479 2460 3534 οὐδὲν
2504 3482 2664 3548 ἧττον
2717 3474 2948 3552 ἀσεϐεῖς,
2999 3480 3096 3535 κᾶν
3148 3481 3312 3553 ἡμεῖς
3360 3479 3777 3553 ἁμαρτάνωμεν,
3809 3471 3851 3528 εὶ

2203 3570 2280 3642 μὴ
2311 3568 2400 3623 καὶ
2446 3566 2682 3640 μᾶλλον,
2735 3567 2845 3640 ὅσῳ
2894 3568 2983 3623 καὶ
3032 3569 3335 3623 πταιόντων
3379 3567 3496 3623 ἰστὶ
3548 3565 3852 3643 βαρύτεροι.

2202 3657 2302 3714 Καὶ
2329 3655 2401 3711 ’ἶν’
2455 3654 2633 3725 εἰδῆτε
2689 3658 2754 3711 τὰ
2802 3659 2977 3712 πάντα
3023 3656 3467 3734 συμφρονοῦντας
3516 3659 3625 3729 (94)
3687 3657 3851 3726 ἡμᾶς,

2199 3746 2290 3801 καὶ
2324 3745 2412 3801 διὰ
2462 3746 2669 3800 τούτων
2730 3747 2812 3800 ’ὁτι
2863 3747 2953 3800 καὶ
3002 3747 3084 3801 ἀεὶ
3140 3748 3596 3823 συμφρονήσομεν
3656 3744 3853 3818 μάθητε

2201 3838 2423 3891 πέπεικε
2485 3836 2599 3907 μὶν,
2653 3836 2726 3896 ὡς
2776 3837 2953 3909 οἶμαι,
3005 3834 3186 3891 καὶτὸ
3221 3836 3525 3911 ὁρώμενον,
3558 3834 3740 3907 πατὴρ
3772 3829 3849 3885 εὐ-

2203 3926 2442 4001 γνώμων
2501 3928 2634 3999 (95),
2687 3925 2776 3979 καὶ
2826 3930 2955 3986 παῖς
3008 3925 3285 3996 εὐπειθὴς,
3317 3922 3592 3995 ἀλλήλοις
3625 3921 3848 3998 συγκαθο

2205 4014 2457 4087 εζόμενοι
2516 4015 2606 4068 καὶ
2656 4016 3106 4090 συμπρέποντεςο
3159 4014 3248 4068 καὶ
3299 4011 3351 4067 εἷ’
3390 4034 3443 4067 τι
3494 4013 3742 4089 ζώπυρον
3801 4006 3848 4060 ἐν

2206 4103 2333 4175 ὑμῖν
2396 4103 2643 4178 ὑπῆρχεν
2688 4102 2896 4164 εὐνοίας
2944 4123 3000 4156 τε
3043 4102 3132 4157 καὶ
3184 4101 3505 4175 συμπνοίας,
3565 4098 3732 4156 τοῦτο
3770 4096 3849 4151 ἀν·

2206 4193 2456 4265 άψαντες,
2512 4193 2743 4246 πειθέτω
2794 4189 2851 4245 δὲ
2897 4192 2987 4245 καὶ
3040 4191 3067 4246 ὀ
3119 4190 3309 4266 λόγος.
3359 4196 3463 4245 Τοῦ
3641 4191 3734 4263 μὲν
3764 4185 3846 4239 οὗν

2202 4280 2496 4352 ἀκηκόατε,
2546 4279 2636 4334 καί
2683 4280 2747 4334 τὸ
2797 4284 2977 4353 θαῦμα
3027 4278 3228 4357 ἕνηχον
3286 4277 3363 4335 ἔτι
3554 4285 3675 4341 ταῖς
3704 4278 3849 4350 ἐμαῖς

2203 4370 2431 4430 ἀκοαῖς·
2482 4369 2573 4422 καὶ
2629 4367 2729 4423 οἶδ’
2778 4370 2861 4423 ’ὀτι
2918 4376 3100 4443 μεῖζον
3152 4370 3203 4425 ἐν
3252 4371 3379 4443 ὑμῖν
3409 4374 3506 4424 τοῦ
3539 4369 3613 4431 εἰς
3644 4370 3735 4423 τὸν
3765 4361 3849 4419 ἀέ-

1101 4497 1122 4530 ‘
1152 4495 1337 4551 Ecole.
1369 4512 1425 4564 x,
1462 4496 1512 4550 1.
1589 4495 1611 4530 ⁸
1640 4494 1717 4550 ΙΙΙ
1748 4495 1914 4551 Esdr.
1950 4512 2025 4564 IV,
2056 4496 2147 4551 35.
2225 4499 2245 4532 ⁵
2279 4501 2399 4553 Jac.
2436 4515 2513 4565 1v,
2544 4499 2598 4552 6.
2676 4499 2695 4532 ⁷
2726 4498 2879 4554 Psal.
2913 4516 3098 4567 CXLVI,
3128 4501 3182 4555 6.

515 4633 628 4706 (86)
683 4631 751 4686 Ἢ
818 4624 1014 4700 λαϐήν.
1084 4629 1258 4685 Deest
1322 4629 1380 4684 in
1453 4628 1723 4701 pluribus
1782 4628 1984 4701 Regg.,
2042 4632 2099 4685 et
2130 4634 2174 4699 D
2210 4626 2423 4706 δικάσαι
2456 4631 2673 4706 retulit,
2709 4648 2774 4686 ac
2805 4633 3057 4688 reddidit
3089 4649 3101 4687 :
3128 4654 3154 4684 ci
3188 4637 3251 4688 ut
3283 4636 3555 4705 parentes
3586 4628 3722 4684 ﬁliis
3750 4623 3851 4680 ini-

442 4706 1033 4862 (,)r(.8;j:ﬁpap1dveiv.
1090 4773 1229 4846 Reg.
1281 4771 1385 4839 hu,
1434 4777 1555 4828 tres
1603 4770 1790 4844 Colb.,
1820 4778 1878 4828 et
1915 4771 2011 4828 Or.
2045 4773 2097 4841 1,

443 4849 701 4903 ἁμαρτεῖν
712 4887 723 4900 .

482 4868 786 4993 μῗὲὧεῖίαν
840 4914 1259 4993 φιλᾉοπᾲοίμενες,
1289 4918 1402 4970 etc.
1432 4913 1554 4993 Hic‘
1583 4914 2100 4993 aperte_\_liden_tur

443 4986 798 5049 dissensisse
828 4986 1131 5055 Catholici,
1160 4988 1388 5043 diverso
1435 4989 1735 5055 pastorum
1776 4986 2012 5056 (Meletii
2042 4991 2101 5043 et

444 5063 698 5134 Paulini)
743 5062 937 5134 studio
987 5062 1234 5132 abrepti.
1269 5063 1349 5113 Ex
1396 5058 1628 5113 duobus
1679 5074 1933 5129 namque
1980 5059 2099 5134 exi-

447 5136 584 5191 miis
614 5130 949 5206 pastoribus
998 5130 1399 5206 reperirebon
1426 5134 1702 5206 poterant
1733 5134 1863 5206 uter
1911 5130 2102 5202 magis

447 5200 808 5278 expetendus
838 5200 1211 5278 esset.__Unde
1252 5203 1371 5278 haec
1425 5200 1812 5278 intelligenda
1834 5206 1971 5256 sunt
2002 5200 2101 5278 ge-

445 5272 694 5333 neratim
728 5276 797 5331 de
828 5275 1163 5342 Catholicis,
1196 5274 1293 5345 qui
1326 5273 1434 5327 hac
1464 5273 1535 5329 de
1565 5272 1744 5328 causa
1774 5272 2103 5328 Constanti-

436 5348 643 5420 nopoli
677 5346 1138 5420 dissentiebant;
1185 5363 1301 5401 non
1334 5361 1467 5400 vero
1499 5346 1570 5400 de
1602 5345 2001 5415 Nazianzenis,
2038 5348 2104 5401 ut

446 5418 596 5477 falso
630 5422 793 5487 putat
806 5418 998 5487 _Elias.

518 5483 906 5566 (89)..)1αῖδρις·
950 5486 1183 5566 πατράσι
1214 5483 1454 5566 ’δικάσαι
1514 5490 1720 5566 κακῶς,
1781 5508 1810 5540 ι(
1870 5487 1967 5566 υι-
1998 5487 2103 5566 ﬁlii

441 5556 798 5686 parentibus
830 5558 1029 5630 inique
1062 5556 1166 5632 'jus
1198 5560 1415 5642 dicant.
1451 5581 1478 5609 ››
1511 5559 1605 5615 Sic
1634 5560 1825 5631 primo
1854 5563 2105 5615 verterat

493 5631 663 5686 illius
684 5667 698 5686 .
755 5628 852 5681 sed
913 5637 1111 5686 postea
1165 5633 1353 5686 Ellam
1412 5635 1672 5686 secutus.
1722 5636 1845 5686 tam
1902 5637 2105 5686 contra

493 5630 698 5706 “13085
755 5628 852 5681 88d
913 5628 1111 5699 postea
1165 5633 1353 5687 Eliam
1412 5628 1672 5706 secutus,
1722 5636 1845 5706 tam
1902 5637 2107 5688 contra

438 5703 770 5780 syntaxim,
805 5712 981 5769 quam
1031 5710 1233 5768 contra
1280 5718 1403 5761 rem
1440 5704 1656 5783 ipsam,
1708 5705 1782 5761 ad
1828 5710 2104 5780 parentes

2209 4718 2323 4774 que
2346 4705 2448 4773 jus
2478 4703 2695 4757 dicant.
2723 4726 2751 4752 »

2240 4769 2393 4914 ἥξω)
2436 4774 2763 4849 Ἐγγυητής.
2816 4775 2910 4831 Sic
2960 4792 3163 4831 omnes
3221 4776 3389 4831 codd.
3438 4778 3503 4830 In
3553 4773 3669 4843 ed.,
3700 4769 3847 4843 ἐγγυ-

2207 4865 2331 4905 της.

2251 4909 2392 5005 391)
2422 4917 2566 4978 Ἕως
2597 4919 2720 4992 γῆς.
2755 4917 2955 4974 Plures
2986 4919 3189 4991 Regg.,
3223 4917 3397 4974 Coisl.
3431 4916 3485 4988 3,
3518 4916 3614 4972 Or.
3649 4918 3699 4985 1,
3730 4909 3846 4985 ἄχρι

2245 5008 2334 5057 ης-
2612 5035 2640 5053 .

2207 5009 2395 5131 γηξ92>
2429 5060 2524 5133 Καὶ
2555 5035 2845 5121 ἀκουσίως.
2882 5060 3020 5133 Reg.
3053 5060 3156 5127 hu,
3190 5060 3234 5114 εἰ
3265 5056 3551 5133 ἀκουσίως.

2281 5128 2395 5204 (93)
2425 5131 2640 5206 Ἡμεῖς.
2675 5133 2768 5188 Sic
2814 5128 3019 5206 aeggt,
3050 5150 3103 5201 a,
3137 5133 3259 5200 bm,
3291 5132 3395 5202 hu,
3428 5130 3603 5188 Coisl.
3633 5131 3689 5200 2,
3715 5128 3845 5189 Jes.,

2210 5202 2319 5260 etc.
2353 5202 2418 5257 In
2450 5205 2567 5271 ed.,
2601 5202 2774 5275 ὑμεῖς.

2282 5276 2395 5347 (94)
2464 5274 2937 5352 Συμφρονοῦντας.
3019 5275 3157 5347 Reg.
3228 5276 3350 5345 bm,
3424 5274 3846 5351 συμφωνοῦντας,

2212 5370 2239 5397 ι(
2274 5347 2612 5403 concordes;
2634 5347 2667 5398 ⁷»

2284 5417 2400 5502 (95)
2428 5418 2613 5502 Πατὴρ
2656 5416 3008 5502 ,εὐγνώμωνη
3049 5422 3159 5502 etc.
3206 5416 3419 5502 Billius
3460 5434 3473 5473 :
3506 5439 3549 5499 «_
3582 5411 3849 5502 candidi}?

2212 5484 2399 5563 pater,
2428 5514 2454 5539 υ
2490 5484 2598 5546 etc'.
2652 5484 2901 5555 Quinam
2951 5484 3046 5546 hic
3097 5489 3503 5563 designentur,
3536 5490 3596 5544 in
3648 5484 3849 5545 Monito

2202 5562 2433 5616 dictum
2467 5568 2556 5617 est
2591 5580 2646 5617 n.
2684 5563 2734 5616 3.

2307 5635 2399 5707 96)
2430 5635 2562 5689 Τοῦ.
2598 5635 2738 5707 Reg.
2772 5635 2892 5707 bm,
2920 5635 3103 5707 τουτο,

2307 5705 2399 5778 97)
2426 5707 2568 5763 Ἔτι.
2603 5701 2743 5783 Reg.
2776 5704 2969 5784 Cypra,
2999 5701 3131 5761 ἐστί.
