4110 6422
352 388 505 456 H57

1468 381 1765 447 ORATIO
1807 374 2019 445 XXIII.
2047 418 2123 431 -—
2149 386 2251 448 DE
2300 383 2498 451 PACE
2542 388 2649 452 Ill.

3609 390 3769 457 “58

349 551 415 607 ρα
439 526 719 603 χεθὲντος,
763 522 827 577 τὸ
876 519 928 575 ἐν
977 523 1096 582 ταῖς
1155 523 1360 607 ψυχαῖς
1406 518 1798 591 ἀποκείμενον·
1833 520 1995 591 ἡμῶν

2137 527 2298 589 erant,
2332 525 2676 581 exsuscitati
2707 528 2891 591 sunt;
2936 530 3133 583 tamen
3182 528 3239 584 id
3294 545 3528 601 quoque
3572 547 3766 587 sermo

347 606 404 673 δὶ
434 615 724 672 ἀκούσεσθε
763 609 956 677 πάλιν,
1007 608 1053 664 εί
1095 606 1262 663 πάλιν
1309 610 1522 664 ποθεῖτε
1547 626 1565 644 ·
1610 608 1700 662 καὶ
1733 607 1777 661 εί
1814 609 1888 680 μή
1919 628 2000 679 τῳ

343 708 479 782 πρὸς
510 701 785 772 ἀπόδειξιν
836 699 995 754 ἱκανᾶ
1030 699 1097 753 τὰ
1128 695 1552 770 δημοσιωθέντα
1582 694 1878 765 πολλάκις,
1909 697 2000 750 καὶ

345 797 398 851 οἱ
428 791 748 867 πειρασμοὶ,
796 789 886 844 καὶ
936 788 988 843 οἱ
1039 786 1297 858 λιθασμοὶ
1346 789 1482 859 (98),
1536 785 1629 847 οὓς
1676 806 1735 840 τε
1763 782 1871 855 ἤδη
1906 806 2001 840 πι-

345 885 643 956 πόνθαμιν,
702 880 792 935 καὶ
851 878 933 939 οἷς
978 876 1407 951 ηὐτρεπίσμεθα,
1457 874 1519 930 οὐ
1566 876 1629 929 τὸ
1674 876 1863 929 παθεῖν
1908 878 2005 944 ζη-

353 974 503 1048 μίαν,
546 971 610 1025 τὸ
661 967 718 1024 δὶ
769 969 846 1041 μή
898 956 1085 1021 παθεῖν
1117 963 1393 1040 κρίνοντες
1420 983 1432 996 °
1465 963 1554 1018 καὶ
1582 963 1829 1035 τοσούτῳ
1864 962 2005 1035 μᾶλ-

350 1061 467 1135 λον,
524 1060 637 1132 ὅσῳ
684 1062 793 1112 τῶν
864 1056 995 1129 ὑπὲρ
1070 1058 1305 1129 Χριστοῦ
1375 1050 1639 1107 κινδύνων
1712 1052 2005 1129 γεγεύσμε-

352 1154 417 1206 θα
449 1153 583 1224 (99),
616 1149 691 1203 ὧν
722 1146 812 1201 καὶ
843 1164 1049 1216 καρπον
1078 1144 1297 1217 ἄριστον
1344 1141 1707 1218 ἠνεγκάμεθα,
1757 1143 1856 1210 τήν
1909 1145 2007 1196 τοῦ

354 1239 495 1295 λαοῦ
522 1235 682 1293 τοῦδε
712 1233 1057 1304 συναύξησιν.

2112 613 2482 680 persuadeat.
2534 612 2705 670 lllum
2749 616 2987 686 quidem
3014 618 3139 687 jam
3173 618 3466 687 audiistis,
3500 620 3768 692 meisque

2112 699 2356 755 auribus
2389 718 2729 757 sermonum
2761 702 2951 775 ipsius
2980 704 3290 760 admiratio
3320 707 3642 762 etiamnum
3677 709 3766 763 in-

2112 794 2283 843 sonat
2318 806 2331 843 :
2382 806 2488 845 nec
2520 790 2724 846 dubito
2755 792 2897 861 quin
2945 793 3141 863 majus
3190 792 3333 848 illud
3388 796 3485 862 sit,
3518 799 3671 867 quod
3708 799 3767 853 in

2114 878 2330 932 animis
2352 880 2564 934 vestris
2587 880 2951 937 reconditum
2977 886 3086 951 est,
3111 898 3290 952 quam
3316 886 3469 955 quod
3494 884 3554 939 in
3577 903 3770 942 aerem

2116 965 2315 1021 fusum
2344 983 2356 1021 :
2391 984 2497 1023 nos
2519 975 2712 1024 autem
2739 986 2946 1025 rursus
2977 970 3252 1035 audietis,
3276 972 3325 1027 si
3358 990 3565 1029 rursus
3594 991 3772 1047 expe-

2115 1054 2277 1123 titis;
2317 1062 2373 1111 et
2402 1057 2450 1112 si
2484 1058 2575 1111 cui
2610 1059 2872 1113 nondum
2905 1060 2977 1113 ad
3013 1060 3411 1130 probationem
3447 1063 3771 1133 sufﬁciunt,

2116 1159 2246 1214 quae
2281 1161 2682 1217 saepenumero
2712 1148 2944 1217 publice
2975 1150 3287 1219 prmdicata
3317 1156 3478 1218 sunt,
3510 1152 3569 1206 id
3601 1154 3774 1224 perﬁ-

2118 1233 2275 1289 ciant
2304 1236 2656 1291 tentationes
2687 1236 2801 1291 illis
2830 1252 2898 1291 ac
2928 1236 3336 1309 lapidationes,
3370 1256 3519 1311 quas
3550 1246 3608 1296 et
3646 1244 3772 1313 jam

356 1328 729 1404 pertulimus,
760 1330 817 1383 et
863 1325 1118 1397 perferre
1174 1322 1363 1395 parati
1420 1338 1650 1391 sumus,
1684 1338 1801 1377 non
1858 1321 2211 1378 detrimento
2238 1323 2521 1380 ducentes
2564 1324 2703 1395 pati,
2737 1326 2836 1380 sed
2887 1326 3081 1397 potius
3131 1344 3245 1382 non
3299 1329 3418 1400 pati
3452 1346 3466 1385 :
3499 1330 3678 1402 idque
3707 1348 3774 1388 eo

358 1418 567 1491 magis,
599 1416 755 1488 quod
788 1412 1207 1487 periculorum,
1238 1428 1365 1483 qua
1396 1428 1497 1481 pro
1528 1411 1753 1466 Christo
1785 1410 2130 1482 tolerantur,
2154 1416 2397 1484 gustum
2429 1413 2715 1484 cepimus,
2741 1430 2810 1471 ex
2839 1416 3053 1485 quibus
3083 1417 3261 1472 etiam
3292 1418 3580 1489 optimum
3614 1426 3774 1477 retu-

356 1509 536 1564 limus
567 1507 846 1569 fructum,
878 1518 1090 1574 nempe
1121 1500 1320 1572 populi
1355 1500 1530 1571 hujus
1559 1501 2009 1557 incrementum.

429 1595 491 1663 ζ’.
548 1592 609 1647 Τί
667 1592 760 1646 οὗν
823 1589 1120 1667 βούλεσθες
1174 1588 1434 1643 Πὲπεισθε
1480 1592 1663 1657 τοῦτο,
1723 1586 1813 1642 καὶ
1855 1585 2007 1642 οὐδὲν

358 1680 438 1738 δεῖ
486 1680 824 1757 πραγμάτων
874 1681 1030 1750 ἡμῖν,
1076 1675 1200 1731 οὐδὶ
1250 1674 1531 1752 θεολογίας
1599 1674 1873 1752 δευτέρας,
1919 1676 2010 1730 καὶ

359 1769 597 1850 φείδεσθε
644 1772 746 1838 τῆς
796 1768 935 1841 ἐμῆς
993 1765 1283 1837 ἀσθενείας,
1338 1766 1424 1843 ὑφ’
1467 1766 1535 1835 ἧς
1569 1766 1694 1838 ὑμῖν
1728 1763 1820 1820 καῖ
1844 1770 2012 1820 ταῦτα

364 1861 527 1934 μόλις
571 1860 914 1937 φθέγγομαις
962 1858 997 1925 ἢ
1044 1852 1145 1925 δεῖ,
1195 1856 1433 1929 καθάπερ
1480 1860 1597 1916 ταῖς
1634 1855 1874 1930 βαρείαις
1902 1858 2009 1908 τῶν

360 1951 560 2017 ἀκοῶν,
612 1946 882 2008 πολλάκις
930 1946 1021 2001 τὸν
1073 1944 1232 1999 αὐτὸν
1283 1944 1501 2018 ἐνηχεῖν
1563 1942 1754 2015 λόγον,
1798 1942 1891 1997 ’ίνα
1935 1948 2015 2015 τῷ

364 2037 613 2111 ἰπιμόνῳ
642 2040 773 2110 γοῦν
804 2042 906 2103 τῆς
928 2040 1134 2111 ρωνῆς,
1168 2033 1243 2094 εἰς
1275 2034 1388 2087 ὦτα
1421 2029 1751 2103 λαλήσωμεν
1785 2031 2017 2086 ἀκουόν-

362 2147 511 2196 των;
573 2124 781 2181 δοκεῖτὲ
841 2145 937 2196 μοι
992 2125 1083 2177 τὸν
1143 2120 1309 2196 λόγον
1360 2120 1749 2195 προκαλεῖσθαι
1800 2118 1890 2175 διὰ
1917 2122 2017 2190 τῆς

366 2216 622 2291 ἡσυχίας.
659 2213 755 2269 Καὶ
787 2214 891 2288 γὰρ
921 2214 1021 2281 τὴν
1056 2212 1269 2279 σιωπήν
1297 2210 1675 2286 συγκατάθεσιν
1727 2211 1884 2278 εἶναι,
1936 2207 2017 2265 δι-

368 2303 548 2360 δάσκει
579 2303 669 2357 καὶ
699 2305 734 2371 ἡ
764 2300 1033 2377 παροιμία
1196 2298 1401 2354 Οὐκοῦν
1428 2296 1643 2368 δέξασθε
1695 2294 1859 2374 λόγον
1909 2299 2014 2370 άμ-

367 2392 631 2472 φοτὲρων,
681 2390 741 2445 ἐκ
786 2394 911 2463 μιᾶς
961 2392 1149 2463 ψυχῆς
1198 2388 1289 2442 καὶ
1339 2388 1454 2449 ἑνὸς
1486 2387 1776 2459 στόματος.
1810 2388 2015 2462 ’Άχθο-

372 2505 466 2557 μαι
500 2479 577 2551 δὲ,
610 2480 692 2535 ὅτι
730 2488 804 2552 μὴ
838 2477 917 2533 Exi
945 2499 996 2533 τι
1030 2477 1157 2553 ὅρος
1186 2482 1293 2531 τῶν
1329 2475 1554 2549 ὑψηλῶν
1586 2475 1849 2542 ἀνελθὼν,
1876 2472 2017 2549 μηδὶ

367 2572 552 2649 φωνὴν
614 2564 796 2625 λαϐὼν
841 2574 943 2637 τῆς
988 2565 1275 2638 ἰπιθυμίας
1306 2565 1478 2636 ἀξίαν,
1508 2572 1667 2620 πᾶσιν
1702 2566 1846 2638 ὁμοῦ
1900 2570 2016 2625 τοῖς

368 2664 624 2736 φρονοῦσι
681 2661 861 2718 κακῶς
917 2660 1085 2711 ταῦτα
1140 2656 1469 2732 φθέγγομαι,
1527 2654 1709 2729 ὣσπερ
1767 2653 1818 2709 ἑν
1850 2659 2018 2727 κοινῷ

368 2750 574 2825 θεάτρῳ
618 2752 687 2821 τῇ
748 2746 1042 2819 οἰκουμένῃ
1272 2743 1387 2797 Υἱοὶ
1435 2744 1757 2817 ἀνθρώπων,
1789 2740 1894 2805 ἱίως
1924 2739 2021 2797 πό-

364 2860 423 2893 τε
474 2834 857 2913 βαρυκάρδιοι,
911 2837 1027 2892 ’Ἱνα
1086 2833 1139 2888 τί
1202 2833 1445 2907 ἀγαπᾶτε
1516 2832 1873 2904 ματαιότητα,
1930 2834 2019 2887 καὶ

374 2931 583 2994 ζητεῖτε
630 2922 845 2998 ψεῦδος,
890 2924 952 2978 οὗ
1007 2923 1153 2997 μίαν,
1205 2919 1318 2977 οὐδ’
1365 2920 1545 2990 διπλὴν
1579 2921 1833 2991 θεότητος
1863 2921 2018 2998 φύσιν

375 3016 705 3089 εἰσάγοντες,
755 3013 882 3067 ἀλλ’
930 3011 1057 3081 ἤτοι
1105 3016 1252 3087 τρεῖς
1298 3009 1700 3083 ἀπεξενωμένας
1750 3008 2018 3081 ἀλλήλων

375 3104 464 3157 καὶ
497 3101 912 3174 διεσπασμένας,
962 3102 1024 3157 οὐ
1073 3100 1378 3173 θαυμαστὸν
1430 3097 1487 3155 δὶ
1535 3098 1725 3168 εἰπεῖν,
1784 3099 1875 3154 καὶ
1919 3121 2021 3172 μα-

2045 1814 2091 1880 Β

2191 1591 2285 1646 VI.
2333 1591 2483 1655 Quid
2528 1591 2710 1664 igitur
2737 1593 2916 1649 vultis
2938 1593 2964 1647 Ἰ
2996 1595 3188 1651 Vosne
3218 1595 3329 1652 hoc
3359 1598 3651 1656 convictos
3684 1605 3773 1658 te-

2120 1684 2241 1746 net,
2271 1686 2330 1735 et
2359 1680 2505 1735 nihil
2537 1698 2685 1752 opus
2716 1686 2823 1748 est,
2859 1687 2924 1737 ut
2958 1700 3063 1738 nos
3095 1684 3204 1739 hac
3234 1686 3305 1740 de
3338 1702 3397 1741 re
3437 1704 3772 1759 gravemur,

2122 1784 2227 1822 nec
2252 1769 2573 1823 secundam
2608 1770 2678 1824 de
2709 1771 2923 1825 deitate
2954 1772 3275 1828 orationem
3311 1774 3654 1843 habeamus,
3678 1796 3779 1835 no-

2124 1861 2378 1927 strasque
2396 1858 2723 1913 inﬁrmitati
2745 1860 3007 1931 parcitis,
3024 1876 3151 1931 quae
3171 1866 3334 1918 tanta
3349 1869 3454 1933 est,
3471 1870 3535 1920 ut
3549 1867 3640 1921 vix
3658 1868 3778 1925 haec

2122 1944 2253 2017 ipsa
2280 1946 2442 2001 vobis
2467 1946 2750 2017 eloquar?
2778 1955 2866 2003 An
2893 1950 3086 2021 potius
3110 1956 3359 2021 Oportet,
3376 1959 3533 2009 velut
3551 1956 3780 2027 gravio-

2126 2036 2290 2089 ribus
2315 2035 2579 2106 auribus,
2595 2038 2868 2091 eumdem
2894 2054 3223 2094 sermonem
3247 2040 3460 2111 saepius
3482 2044 3780 2114 insonare,

2127 2129 2192 2178 ut
2222 2124 2502 2179 diuturna
2522 2124 2728 2180 saltem
2760 2128 2917 2181 vocis
2939 2129 3307 2183 contentione
3330 2129 3387 2185 in
3412 2133 3778 2191 audientium

2127 2229 2299 2268 aures
2328 2213 2564 2268 tandem
2598 2215 2750 2270 429
2785 2214 3147 2286 loquamur?
3185 2216 3294 2271 Sed
3330 2234 3423 2273 me
3453 2219 3561 2275 hac
3588 2229 3784 2280 vestra

2127 2303 2322 2372 quiete
2351 2307 2410 2357 et
2439 2301 2671 2358 silentio
2703 2304 2773 2358 ad
2818 2304 3130 2360 dicendum
3184 2305 3430 2363 invitare
3479 2310 3779 2367 videmini.

2127 2390 2275 2447 Nam
2306 2391 2604 2446 silentium
2640 2393 2923 2463 parcemia
2966 2410 3201 2465 quoque
3242 2412 3596 2454 consensum
3652 2416 3784 2456 esse

2127 2482 2313 2536 docet.
2349 2480 2598 2536 Proinde
2630 2480 2939 2553 utriusque
2969 2499 3299 2539 sermonem
3333 2502 3403 2540 ex
3434 2504 3551 2542 una
3582 2490 3784 2545 anima

2128 2575 2307 2640 atque
2336 2585 2405 2623 ex
2436 2586 2553 2624 uno
2585 2586 2683 2624 ore
2714 2570 2975 2641 accipite.
3013 2570 3159 2626 lllud
3193 2573 3431 2629 demum
3467 2576 3781 2633 molestum

2129 2662 2241 2726 est,
2296 2659 2451 2728 quod
2502 2656 2641 2725 haec,
2693 2658 2752 2713 in
2808 2659 3120 2715 sublimem
3176 2665 3487 2732 quemdam
3524 2670 3783 2722 montem

2130 2752 2386 2809 evectus,
2411 2763 2727 2818 vocemque
2751 2748 3041 2804 desiderio
3076 2766 3271 2819 parem
3303 2758 3531 2818 nactus,
3555 2756 3625 2809 ad
3658 2773 3783 2810 om-

2132 2851 2235 2890 nes
2257 2852 2357 2891 eos
2379 2836 2578 2900 simul,
2594 2837 2691 2907 qui
2712 2838 2785 2892 de
2806 2836 3083 2909 religione
3102 2838 3557 2912 malesentiunt,
3575 2844 3633 2898 in
3660 2844 3787 2899 uni-

2130 2942 2297 2980 verso
2328 2925 2491 2991 orbe,
2522 2928 2679 2979 velut
2708 2927 3007 2981 communi
3047 2929 3301 2999 quodam
3350 2931 3600 2999 theatro,
3650 2951 3787 3006 pro-

2132 3012 2291 3084 loqui
2315 3029 2539 3084 nequeo
2566 3031 2577 3067 :
2610 3014 2745 3069 Filii
2775 3015 3081 3084 hominum,
3108 3034 3382 3089 usquequo
3402 3023 3562 3089 gravi
3585 3022 3789 3079 corde?

2138 3103 2200 3159 υι
2223 3102 2355 3172 quid
2383 3102 2624 3173 diligitis
2654 3106 2974 3162 vanitatem.
3008 3110 3059 3159 et
3083 3109 3335 3176 quam'itis
3363 3110 3714 3166 mendacium
3742 3112 3790 3178 ⁸,

378 3192 610 3264 κομένας
644 3186 974 3267 ὑπερϐολαῖς
1005 3192 1094 3246 καὶ
1131 3189 1435 3264 ἆλλείψεσιν
1459 3208 1473 3222 °
1504 3191 1539 3259 ἢ
1589 3190 1713 3261 μίαν
1769 3191 1883 3263 μὶν,
1932 3211 2022 3262 μι-

2137 3192 2279 3246 dum
2312 3209 2424 3246 non
2456 3209 2656 3254 unam,
2710 3209 2815 3248 nec
2863 3193 3193 3266 simplicem
3248 3197 3484 3254 deitatis
3516 3206 3788 3257 naturam

378 3288 663 3352 κροπρεπῆ
698 3279 755 3335 δέ
780 3301 901 3334 τινα
930 3280 1019 3335 καὶ
1064 3280 1276 3347 στενὴν,
1322 3279 1421 3334 οὐκ
1467 3276 1697 3354 ἔχουσαν
1756 3280 1818 3333 τὸ
1871 3279 2032 3354 μεγά-

385 3370 496 3426 λων
531 3370 663 3425 είναι
697 3370 893 3445 ἀρχὴν,
928 3369 1108 3445 ὥσπερ
1141 3368 1203 3423 οὐ
1235 3366 1572 3439 δυνηθεῖσαν,
1603 3370 1639 3437 ἢ
1687 3368 1750 3422 οὐ
1797 3367 2031 3439 θελήσα-

383 3481 475 3513 σαν
505 3478 518 3490 ⁶
547 3459 637 3513 καὶ
668 3464 826 3513 τοῦτο
859 3458 1056 3531 διχῶς,
1087 3456 1121 3525 ἤ
1155 3455 1244 3512 διὰ
1272 3459 1489 3534 φθόνον,
1520 3460 1554 3526 ἢ
1596 3455 1685 3511 διὰ
1734 3453 1902 3533 φόϐον
1926 3477 1938 3490 ⁸
1969 3459 2032 3511 τὸ

391 3550 506 3621 μὶν,
534 3545 625 3600 ’ίνα
667 3548 741 3617 μή
774 3565 823 3598 τι
857 3546 1127 3617 ὁμότιμον
1161 3548 1562 3618 συνεισάγηται,
1612 3546 1675 3599 τὸ
1706 3542 1784 3610 δὲ,
1811 3543 1902 3599 ⁹ίνα
1954 3546 2030 3617 μή

384 3635 579 3711 ἐχθρὸν
609 3634 697 3688 καὶ
734 3632 1087 3707 μαχόμενον;
1140 3632 1325 3686 Καίτοι
1374 3632 1485 3703 ὅσῳ
1526 3633 1855 3709 τιμιώτερον
1903 3631 2034 3695 Θεδς

381 3725 716 3797 κτισμάτων,
774 3721 1021 3794 τοσούτῳ
1074 3719 1644 3796 μεγαλοπρεπέστερον
1697 3724 1766 3795 τῇ
1841 3722 2033 3796 πρώτῃ

378 3814 542 3883 αἰτίᾳ,
576 3812 829 3880 θεότητος
863 3810 999 3865 εἶναι
1048 3811 1251 3887 ἀρχὴν,
1303 3812 1336 3880 ἣ
1387 3810 1702 3882 κτισμάτων
1731 3829 1743 3841 ·
1798 3809 1889 3865 καὶ
1943 3808 2033 3864 διὰ

376 3901 635 3970 θεότητος
675 3901 846 3973 μέσης
880 3898 1055 3954 ἐλθεῖν
1090 3898 1177 3955 ἐπὶ
1205 3922 1263 3955 τν
1291 3900 1580 3972 κτίσματα,
1632 3900 1666 3967 ἣ
1716 3898 2029 3954 τούναντίον

375 3994 476 4063 (3),
525 3989 735 4044 τούτων
779 3985 947 4043 ἕνεκεν
1004 3990 1303 4059 ὑποστῆναι
1347 3989 1597 4060 θεότητα,
1647 3989 1676 4043 ὃ
1736 3985 1887 4043 δοκεῖ
1913 3992 2030 4050 τοῖς

380 4076 500 4131 λίαν
534 4077 892 4150 ὶξεταστικοῖς
922 4099 983 4132 τε
1007 4079 1100 4133 καὶ
1143 4079 1459 4150 μετεώροις.

2142 3280 2442 3348 inducitis,
2478 3298 2676 3336 verum
2712 3287 2813 3337 aut
2842 3289 2960 3339 tres
3012 3300 3046 3339 a
3091 3301 3153 3340 se
3184 3285 3431 3343 invicem
3464 3289 3686 3345 alienas
3734 3293 3794 3346 et

2142 3370 2478 3440 distractae,
2502 3387 2608 3426 nec
2640 3372 2855 3427 mirum
2887 3374 2936 3427 si
2967 3373 3234 3444 dixerim,
3263 3376 3585 3432 defectibus
3615 3379 3793 3435 etiam

2143 3465 2202 3514 et
2222 3460 2560 3514 excessibus
2584 3467 2943 3530 pugnantes;
2979 3468 3078 3516 aut
3100 3479 3277 3517 unam
3303 3465 3562 3535 quidem,
3588 3469 3685 3522 sed
3711 3469 3796 3537 je-

2136 3548 2346 3617 junam
2370 3552 2426 3601 et
2450 3554 2785 3618 angustam,
2808 3565 2934 3619 qua;
2958 3565 3069 3603 non
3095 3550 3329 3615 habeat,
3355 3557 3420 3606 ut
3443 3570 3795 3624 magnorum

2142 3649 2323 3687 causa
2346 3634 2441 3703 sit,
2466 3634 2705 3703 perinde
2728 3639 2902 3705 atque
2928 3634 3015 3689 vel
3041 3652 3155 3690 non
3180 3639 3453 3707 potuerit,
3476 3639 3561 3694 vel
3593 3640 3797 3697 nolue-

2144 3723 2266 3776 rit:
2320 3722 2498 3792 idque
2546 3721 2770 3791 duplici
2820 3724 2891 3777 de
2940 3740 3140 3789 causa,
3187 3741 3395 3797 nempe
3424 3727 3510 3782 vel
3545 3730 3617 3783 ob
3650 3729 3799 3784 invi-

2142 3810 2324 3871 diam,
2342 3809 2430 3865 vel
2454 3810 2525 3864 ob
2549 3814 2771 3865 metum
2794 3828 2807 3867 :
2830 3810 2973 3866 illud
2997 3812 3258 3883 quidem,
3283 3831 3355 3869 ne
3378 3816 3517 3887 quid
3541 3818 3800 3888 aequale;

2145 3896 2254 3952 hoc
2275 3914 2429 3961 vero,
2454 3914 2525 3952 ne
2546 3898 2682 3968 quid
2717 3898 3021 3955 inimicum
3056 3906 3114 3957 et
3146 3918 3418 3973 pugnans
3443 3905 3804 3961 inducatur?

2144 3986 2368 4057 Itaque,
2396 3993 2617 4058 quanto
2652 3991 2802 4043 Deus
2834 3991 3011 4045 rebus
3042 3996 3277 4046 creatus
3308 3995 3618 4063 antecedit,
3641 4000 3805 4050 tanto

2145 4077 2352 4145 utique
2383 4076 2585 4147 prima:
2606 4092 2795 4131 causa
2828 4079 3304 4149 magniﬁcentius
3324 4085 3433 4148 est,
3457 4081 3804 4152 divinitatis,

382 4184 559 4240 quam
594 4184 788 4224 rerum
822 4175 1173 4235 creatarum,
1207 4169 1561 4241 principium
1591 4185 1740 4233 esse,
1774 4183 1840 4223 ac
1879 4184 1985 4240 per
2032 4165 2443 4236 interpositam
2475 4166 2753 4220 deitatem
2787 4168 2857 4221 ad
2893 4183 2985 4222 res
3033 4172 3254 4223 creatas
3284 4171 3500 4239 venire,
3533 4188 3708 4241 quam
3743 4178 3811 4227 ut

384 4263 606 4325 contra,
642 4256 853 4312 harum
886 4274 1085 4325 causa,
1119 4259 1307 4315 deitas
1335 4259 1576 4314 condita
1618 4257 1815 4327 fuerit,
1847 4255 2352 4328 quemadmodum
2398 4253 2753 4310 sublimibus
2785 4256 2936 4326 istis,
2970 4252 3267 4328 nimisque
3298 4258 3367 4312 ad
3402 4258 3807 4331 indagandum

384 4346 693 4418 propensis
726 4346 939 4419 placet.

456 4435 527 4489 Z'.
586 4432 651 4488 El.
712 4434 808 4505 μὲν
866 4433 972 4509 γὰρ
1031 4432 1360 4509 ἐμέλλομεν,
1415 4435 1543 4490 Υἱοῦ
1598 4436 1690 4489 καὶ
1723 4433 2023 4507 Πνεύματοε

2223 4433 2345 4489 VII.
2381 4433 2609 4489 Etenim
2643 4432 2693 4488 si
2720 4433 2845 4489 Filii
2873 4443 2930 4490 et
2958 4435 3214 4507 Spiritus
3245 4437 3433 4492 sancti
3464 4437 3812 4509 dignitatem

381 4524 481 4591 τὴν
529 4522 677 4592 ἀξίαν
729 4520 1160 4595 ὁμολογοῦντες,
1214 4524 1247 4591 ἢ
1287 4525 1499 4599 ἄναρχα
1530 4527 1696 4577 ταῦτα
1722 4523 1976 4597 εἰσάγειν,
2007 4524 2041 4590 ἣ

384 4612 460 4673 εἰς
493 4611 675 4687 ὶτὲραν
726 4610 904 4685 ἀρχὴν
957 4609 1192 4685 ἀνάγειν,
1245 4609 1366 4673 δέος
1415 4609 1475 4665 ἄν
1503 4613 1568 4678 ἦν
1602 4606 1772 4671 ὅντως
1809 4612 1883 4682 μή
1918 4611 2039 4663 ἀτι-

387 4702 565 4773 μασθῇ
626 4700 779 4771 Θεὸς,
834 4700 869 4767 ἣ
922 4696 1238 4771 κινδυνεύσῃ
1294 4700 1420 4771 παρ’
1477 4700 1638 4771 ἡμῶν
1670 4700 1734 4753 τὸ
1775 4698 2035 4754 ἀντίθεον.

384 4790 447 4844 Εἰ
510 4787 567 4845 δὲ
623 4788 749 4843 ὅσον
811 4787 871 4842 ἂν
926 4786 1137 4863 ἑξαίρῃς
1195 4790 1273 4861 (4)
1318 4788 1409 4842 τὸν
1444 4787 1588 4857 Υἱὸν,
1638 4788 1762 4855 ὴτὸ
1793 4790 2037 4857 Πνεῦμα,

456 4926 477 4960 ⁸
509 4924 662 4981 Psal.
698 4941 775 4993 Iv,
808 4924 863 4980 3.

459 5084 574 5156 (98)
631 5081 693 5136 Oi
753 5079 1036 5155 λιθασμοί.
1102 5084 1424 5157 Lapidibus
1493 5083 1728 5141 nonnisi
1785 5084 1844 5139 in
1905 5084 2050 5141 urbe

388 5156 1040 5229 Constantinopolitana
1071 5156 1288 5229 petitus
1317 5166 1407 5213 est
1436 5158 1782 5229 Gregorius,
1816 5173 1881 5211 ac
1915 5174 2045 5229 pro-

388 5228 525 5283 inde
557 5228 706 5283 hanc
737 5228 1087 5284 Orationem,
1124 5234 1256 5300 post
1285 5252 1312 5279 ‹‹
1347 5228 1792 5300 lapidationem,
1816 5250 1845 5277 »
1876 5230 2049 5356 majus

389 5301 449 5355 in
478 5316 543 5354 ea
577 5300 869 5356 meminit.
898 5301 1160 5356 habitam
1192 5301 1373 5356 fuisse
1404 5306 1671 5356 constare
1702 5301 1892 5356 debet.
1974 5318 2049 5356 on

389 5301 449 5355 in
478 5316 543 5354 ea
577 5300 869 5365 meminit,
898 5301 1160 5357 habitam
1192 5301 1373 5358 fuisse
1404 5306 1671 5358 constare
1702 5301 1892 5357 debet.
1926 5300 2049 5356 Non

388 5388 527 5443 ergo
561 5371 851 5443 Nazianzi,
887 5378 952 5428 ut
979 5372 1187 5428 volunt
1218 5373 1371 5429 Elias
1402 5378 1459 5429 et
1500 5372 1729 5441 Billius,
1761 5372 1861 5429 sed
1899 5376 2049 5429 Con-

390 5442 773 5515 stantinopoli
810 5446 1190 5515 pronuntiata
1222 5449 1331 5501 est.

460 5514 573 5585 (99)
614 5512 973 5587 Γεγεύσμεθα.
1034 5517 1172 5590 Reg.
1234 5516 1337 5584 hu,
1395 5516 1493 5573 Cir.
1556 5516 1607 5587 1,
1665 5518 1801 5582 etc.,
1859 5513 2050 5589 γεγεύ-

438 5595 531 5648 εθα
544 5627 556 5640 .

394 5606 869 5732 μεῗῧᾟαροιμία.
902 5658 997 5715 Sic
1029 5660 1401 5732 proverbium
1432 5658 1591 5717 istud
1621 5675 1635 5716 :
1673 5680 1704 5711 «
1738 5657 1847 5729 Qui
1878 5660 2050 5728 tacet,

393 5728 728 5789 consentire
758 5729 1010 5791 videtur.
1029 5728 1066 5783 ἲ»

2153 4523 2520 4585 conﬁtentes.
2545 4539 2644 4577 eos
2665 4522 2750 4578 vel
2787 4524 3057 4595 principii
3080 4530 3346 4594 expertes
3376 4526 3815 4597 induceremus,

2147 4611 2236 4664 vel
2285 4611 2355 4665 ad
2399 4612 2651 4665 alterum
2685 4612 3044 4682 principium
3077 4614 3447 4680 referremus,
3481 4616 3814 4674 timendum

2148 4714 2349 4753 revera
2393 4703 2570 4764 esset,
2616 4713 2688 4752 ne
2746 4698 2900 4753 Deus
2951 4703 3295 4771 contemptu
3328 4702 3677 4774 afﬁceretur,
3712 4711 3817 4761 aut

2147 4786 2264 4842 Deo
2296 4786 2658 4841 contrarium
2693 4784 2917 4855 aliquid
2963 4786 3355 4843 inveheretur.
3406 4789 3554 4845 Cum
3612 4798 3812 4849 autem

2232 5083 2304 5154 (2)
2337 5083 2412 5155 Τῇ
2447 5078 2758 5155 οἴκουμᾶνῃ.
2793 5081 2967 5138 Coisl.
3087 5088 3188 5151 τῆς
3219 5080 3563 5155 οἰκουμένης.

2232 5102 2304 5154 ιζ)
2348 5102 2375 5133 ιν
2447 5102 2758 5154 οικουμενῃ.
2793 5102 2967 5138 υοιει.
3002 5102 3054 5137 σ.
3087 5102 3188 5151 της
3219 5102 3563 5155 οικουμενης.

2228 5156 2301 5226 (3)
2332 5102 2412 5209 ‘li‘
2440 5152 2775 5233 τούταντίον,
2823 5160 2946 5233 etc.
2986 5154 3117 5233 Haec
3165 5162 3310 5223 erat,
3352 5156 3815 5233 juxtauNiceph.

2155 5225 2260 5282 lib.
2290 5244 2415 5290 νιιι,
2446 5243 2497 5283 c.
2529 5228 2584 5295 8,
2609 5225 2891 5297 sacrilega
2920 5229 3271 5283 Arianorum
3303 5225 3430 5298 vox,
3457 5228 3672 5287 Filium
3706 5225 3819 5291 sci-

2157 5298 2292 5353 licet
2341 5304 2733 5374 propterpos
2780 5298 2999 5374 factum
3046 5298 3444 5374 velpcreatum
3497 5302 3700 5374 fuisse,
3754 5313 3821 5362 ut

2160 5387 2267 5446 nos
2292 5368 2567 5446 Deus'per
2596 5368 2814 5446 ipsum,
2838 5369 2997 5446 velut
3024 5387 3126 5441 per
3145 5372 3606 5446 instrumentum
3631 5368 3817 5446 quod-

2159 5442 2317 5508 dam,
2351 5440 2609 5507 crearet;
2644 5441 2799 5495 unde
2853 5440 2900 5495 si
2951 5440 3101 5497 Deus
3150 5442 3417 5499 homines
3462 5440 3665 5501 creare
3714 5464 3817 5502 no-

2158 5513 2387 5575 luisset,
2418 5530 2531 5568 non
2563 5516 2821 5568 creasset
2853 5512 3090 5568 Filium.

2176 5586 2309 5671 ,(4)
2378 5583 2644 5659 Ἐξαίρῃς.
2717 5583 2897 5656 Regg.
2970 5588 3089 5657 bm,
3159 5586 3261 5657 hu,
3329 5590 3387 5642 et
3451 5586 3548 5643 Or.
3619 5586 3671 5664 1,
3740 5585 3821 5660 ιε-

2160 5674 2313 5734 «Pic-
