4110 6426
344 412 492 481 “ﬁl

1457 404 1750 474 ORATIO
1794 400 2005 473 XXIII.
2034 443 2106 454 —
2138 402 2239 469 DE
2288 402 2482 469 PACE
2528 402 2637 470 Ill.

3606 407 3764 471 “69

339 556 458 610 tur.
486 550 635 607 Illud
666 549 823 607 enim
855 564 1098 621 parcum
1129 553 1187 603 et
1206 547 1503 619 jejunum,
1528 546 1638 602 hoc
1668 544 2015 612 confusum;
2049 541 2194 597 illud
2223 542 2535 598 Judaicum
2566 559 2833 615 prorsus,
2855 542 2966 598 hoc
2996 540 3318 609 ethnicum,
3341 558 3406 599 ac
3440 542 3764 601 multorum

337 642 585 697 deorum
616 638 843 694 cultum
876 636 1168 693 redolens.

407 728 480 784 0'.
508 730 707 782 Σκοπῶ
748 722 805 779 δὲ
858 724 1095 793 κάκεῖνο,
1159 722 1248 778 καὶ
1288 720 1426 785 ’ίσως
1479 721 1578 778 οὐκ
1626 718 1985 791 ἀπαιδεύτως,

2173 719 2263 775 ΙΧ.
2297 720 2449 784 Quin
2481 719 2590 776 hoc
2622 738 2881 794 quoque,
2914 736 3018 777 nec
3049 719 3261 776 inscite
3309 720 3556 778 fortasse
3586 725 3766 795 atque

336 814 462 872 οὐδὲ
492 816 743 888 ἀμαθῶς,
803 811 951 869 ἀλλὰ
991 813 1081 868 καὶ
1132 810 1252 867 λίαν
1314 812 1754 885 ἐπεσκεμμὲνως,
1787 809 1869 864 ὅτι
1902 808 1987 863 σοὶ

338 906 431 979 μὲν
464 902 712 965 κίνδυνος
764 900 891 957 οὐδὲ
944 904 1018 964 εἷς
1069 903 1326 975 γεννητὸν
1378 900 1650 975 είσάγοντι
1695 901 1787 954 τὸν
1845 898 1987 954 Υίόν.

334 993 411 1052 Οὐ
442 993 546 1069 γὰρ
584 994 659 1066 μὴ
693 992 837 1065 πάθῃ
864 1012 917 1045 τι
949 995 1153 1066 γεννῶν
1189 991 1216 1044 6
1243 989 1539 1065 ἀγὲννητος
1586 994 1693 1044 τῶν
1748 1008 1992 1061 σωματι-

332 1087 442 1137 κῶν
469 1103 528 1136 τε
556 1080 646 1135 καὶ
676 1079 900 1153 ὑλικῶν,
934 1078 1017 1133 ὅτι
1053 1076 1196 1152 μηδε
1228 1082 1407 1152 σῶμα,
1454 1078 1545 1133 καὶ
1575 1082 1733 1132 τοῦτο
1778 1077 1834 1130 αἱ
1882 1097 1993 1131 κοι-

334 1171 422 1225 ταὶ
490 1169 613 1245 περὶ
672 1173 807 1224 Θεοῦ
862 1172 1288 1245 παραχωροῦσιν
1349 1165 1674 1239 ὑπολήψεις.
1731 1167 1892 1219 Ὥστε
1938 1163 1989 1218 τί

337 1255 652 1338 φοϐνύμεθα
710 1253 882 1335 φόϐον
944 1254 1006 1311 οὗ
1059 1257 1133 1330 μὴ
1186 1254 1296 1310 ἔστι
1347 1250 1537 1333 φόϐος,
1568 1254 1657 1309 xvi
1689 1248 1987 1325 ἀσεϐοῦμεν

335 1347 609 1417 διακενῆς,
642 1346 672 1403 6'
703 1344 769 1416 δὴ
805 1346 1059 1420 λέγεται;
1109 1347 1266 1418 Ἐμοὶ
1316 1342 1373 1399 δὶ
1416 1342 1660 1405 κίνδυνος
1708 1345 1989 1415 ζημιωθῆ-

333 1459 423 1493 ναι
475 1436 726 1506 θεότητα,
776 1434 822 1491 εἰ
868 1436 931 1489 τὸ
988 1433 1192 1505 κτίσμα
1272 1430 1717 1509 παραδεχοίμην.
1768 1431 1839 1486 Οὐ
1888 1431 1987 1507 γὰρ

334 1527 462 1588 Θεὸς
515 1527 578 1580 τὸ
628 1522 969 1597 κτιζὸμενον,
1020 1520 1147 1577 οὐδέ
1190 1520 1503 1577 δεσποτικὸν
1550 1521 1614 1575 τὸ
1658 1517 1988 1592 ὁμόδουλον,

333 1615 429 1670 κᾶν
455 1616 521 1669 τὰ
544 1618 735 1689 πρῶτα
765 1611 992 1691 φέρηται
1026 1609 1277 1672 δουλείας
1308 1610 1396 1665 καὶ
1428 1610 1671 1676 κτίσεως,
1708 1610 1796 1663 καὶ
1826 1613 1987 1663 τοῦτο

337 1703 498 1777 μόνον
550 1701 1066 1780 φιλανθρωπεύηται
1102 1695 1479 1775 ὑϐριζόμενον.
1507 1700 1563 1752 Ὀ
1594 1700 1693 1774 γὰρ
1719 1705 1817 1767 τῆς
1845 1697 1990 1775 ὀφει-

334 1792 577 1866 λομένης
606 1792 917 1867 ἀποστερῶν
943 1797 1134 1862 τιμῆς,
1168 1788 1229 1842 οὐ
1264 1787 1478 1862 μᾶλλον
1502 1793 1638 1860 τιμᾷ
1664 1788 1744 1858 τῷ
1773 1784 1989 1859 διδομέ-

333 1904 436 1954 νῳ,
466 1880 501 1951 ἥ
535 1882 782 1954 ἀτιμάζει
803 1884 882 1951 τῷ
913 1877 1299 1957 ἀφαιρουμὲνῳ
1328 1880 1375 1949 (l
1395 1882 1465 1949 1),
1498 1876 1593 1932 xliv
1627 1874 1990 1949 προσποίησιν

336 1966 438 2045 ἔχῃ
486 1972 600 2043 (12)
630 1971 799 2041 τιμῆς
830 1969 891 2022 τὸ
923 1967 1215 2042 γενόμενον
1252 1970 1383 2039 (13).

2101 809 2394 880 imperite,
2428 810 2527 865 sed
2552 826 2835 882 perquam
2870 809 3046 865 etiam
3085 810 3407 880 prudenter
3428 815 3483 865 et
3509 810 3765 866 circum-

2102 902 2299 969 specte
2333 914 2563 953 mecum
2596 903 2824 970 reputo,
2841 897 2949 953 tibi
2980 898 3217 970 quidem
3250 897 3398 953 nihil
3429 898 3673 970 periculi
3698 917 3767 955 ex

2103 1003 2169 1041 eo
2200 987 2525 1054 imminere,
2579 987 2625 1042 si
2681 986 2890 1042 Filium
2941 987 3206 1059 genitum
3256 988 3601 1044 asserueris.
3638 988 3765 1046 Non

2102 1076 2259 1131 enim
2313 1076 2631 1131 verendum
2664 1079 2772 1144 est,
2828 1093 2898 1131 ne
2931 1074 3232 1148 ingenitus
3282 1075 3505 1148 aliquid
3537 1093 3762 1149 eorum,

2102 1181 2230 1236 qua:
2279 1166 2624 1236 corporibus
2656 1182 2722 1221 ac
2774 1164 3028 1220 materiae
3086 1165 3461 1232 conveniunt,
3497 1166 3556 1221 in
3607 1167 3759 1222 431

2100 1254 2394 1326 gignendo
2427 1256 2704 1326 patiatur,
2738 1270 2872 1309 cum
2906 1270 2978 1309 ne
3010 1271 3223 1326 corpus
3270 1255 3509 1326 quidem
3544 1255 3641 1324 sit,
3675 1256 3764 1310 id-

2101 1361 2215 1417 que
2245 1346 2332 1399 vel
2364 1361 2708 1399 communes
2732 1343 2873 1415 ipsaa
2906 1344 2976 1398 de
2997 1343 3110 1399 Deo
3140 1343 3410 1399 notiones
3440 1343 3609 1400 facile
3631 1362 3765 1401 con-

2100 1434 2338 1489 cedunt.
2382 1432 2590 1503 Quare,
2622 1433 2765 1505 quid
2802 1432 2973 1488 nobis
3022 1433 3292 1488 timorem
3327 1433 3632 1506 ﬁngimus,
3664 1435 3767 1503 ubi

2101 1540 2217 1578 non
2250 1526 2339 1578 est
2369 1522 2564 1592 timor,
2596 1538 2663 1576 ac
2712 1520 2838 1577 sine
2869 1538 3067 1592 causa,
3105 1526 3169 1577 ut
3215 1521 3389 1594 vulgo
3432 1522 3548 1578 dici
3595 1522 3766 1590 solet,

2098 1610 2267 1682 impii
2297 1628 2507 1666 sumus
2528 1610 2556 1665 *ἲ
2588 1613 2654 1665 At
2682 1627 2815 1665 vero
2848 1609 2993 1665 mihi
3024 1610 3354 1681 periculum
3398 1615 3507 1680 est,
3542 1628 3616 1667 ne
3644 1613 3767 1668 dei-

2099 1701 2239 1755 tatis
2259 1700 2556 1771 jacturam
2589 1698 2821 1767 faciam,
2855 1698 2905 1754 si
2935 1703 3266 1755 creaturam
3306 1699 3619 1756 admisero.
3652 1701 3767 1758 Nec

2100 1789 2282 1856 enim,
2314 1788 2416 1860 qui
2464 1792 2715 1853 creatur,
2757 1788 2915 1844 Deus
2957 1792 3087 1856 est;
3120 1804 3225 1844 nec
3278 1789 3377 1860 qui
3426 1806 3764 1860 conservus,

2100 1878 2410 1945 Dominus,
2443 1877 2768 1949 quamlibet
2816 1876 3038 1949 alioqui
3089 1877 3313 1950 primas
3361 1878 3515 1935 inter
3570 1895 3767 1936 servos

2100 1970 2158 2023 et
2189 1983 2282 2022 res
2328 1972 2556 2022 creatas
2587 1966 2755 2036 ferat,
2792 1969 2967 2038 atque
3014 1966 3125 2022 hac
3174 1983 3293 2023 una
3341 1984 3403 2022 re
3447 1967 3506 2022 in
3558 1972 3767 2025 contu-

342 2061 518 2116 melia
548 2059 868 2115 humanius
912 2058 1212 2128 aliquanto
1264 2062 1564 2112 tractetur.
1588 2057 1735 2112 Nam
1769 2056 1868 2128 qui
1902 2072 2037 2112 eum
2089 2056 2283 2112 debito
2331 2056 2551 2112 honore
2602 2055 2855 2122 fraudat,
2889 2073 3003 2111 non
3054 2056 3245 2128 magis
3302 2056 3523 2128 ipsum,
3554 2074 3659 2129 per
3703 2057 3764 2113 id

340 2149 497 2221 quod
548 2148 779 2214 tribuit,
812 2148 1031 2203 honore
1079 2146 1280 2213 afﬁcit,
1314 2163 1489 2216 quam
1524 2163 1626 2217 per
1656 2146 1734 2214 id,
1770 2147 1924 2218 quod
1969 2144 2163 2216 eripit,
2199 2144 2585 2216 ignominiam
2633 2144 2686 2201 ei
2734 2143 2940 2215 inurit,
2972 2148 3273 2216 utcunque
3302 2161 3396 2201 res
3426 2162 3494 2201 ea
3522 2146 3764 2203 honoris

338 2240 594 2311 speciem
622 2243 682 2293 et
710 2238 1017 2292 obtentum
1047 2235 1278 2291 habeat.

410 2328 464 2384 Γ.
498 2326 596 2380 Καὶ
648 2321 702 2379 εἷ’
753 2345 840 2378 σοι
882 2321 1173 2379 πλάττεται
1232 2320 1377 2392 πάθη
1411 2322 1533 2399 περὶ
1584 2323 1682 2391 τὴν
1715 2323 1986 2398 γέννησιν,

2166 2322 2231 2377 Χ.
2284 2323 2446 2389 Quod
2493 2321 2544 2378 si
2595 2322 2899 2395 passiones
2948 2322 3103 2378 circa
3155 2324 3595 2396 generationem
3653 2324 3760 2380 tibi

334 2416 503 2488 κάμοὶ
552 2412 676 2489 περὶ
725 2414 825 2481 τὴν
874 2411 1083 2466 κτίσιν·
1140 2409 1265 2466 οὐδὲ
1310 2411 1413 2487 γὰρ
1444 2411 1505 2466 τὸ
1535 2410 1991 2484 κτιζόμενον(14)

334 2506 551 2566 ἀπαθῶς
606 2500 729 2557 οἴδα
777 2496 1118 2573 κτιζόμενον.
1180 2500 1244 2558 Εἰ
1300 2499 1359 2555 δὲ
1402 2501 1477 2574 μὴ
1508 2501 1825 2576 γεγέννηται
1857 2501 1993 2555 κατὰ

333 2594 391 2647 σε
421 2595 535 2666 (15)
572 2588 713 2663 μηδὲ
763 2586 968 2645 ἕκτισαι
1016 2590 1152 2643 κατὰ
1196 2590 1288 2644 τὸν
1321 2587 1503 2659 ἀληθῆ
1538 2587 1698 2665 λόγον
1734 2590 1867 2662 (16),
1904 2585 1989 2643 δέ-

336 2681 418 2751 ξαι
450 2684 547 2735 τοῦ
579 2678 747 2755 λόγου
778 2700 862 2733 σοι
891 2679 954 2733 τὸ
985 2677 1329 2750 λειπόμενον,
1370 2678 1398 2731 6
1433 2682 1630 2751 μικροῦ
1658 2679 1721 2732 τὸ
1745 2676 1864 2732 ’ίσον
1902 2676 1990 2734 λέ-

335 2790 449 2843 γειν
480 2768 706 2842 τολμῶν
740 2766 829 2823 διὰ
854 2770 953 2836 τῆς
984 2767 1359 2842 προσηγορίας
1390 2772 1489 2821 τοῦ
1518 2767 1811 2839 κτίσματος
1855 2769 1989 2840 (17).

342 2858 441 2912 Σοὶ
477 2859 571 2929 μὲν
604 2858 695 2912 οὖν
729 2854 882 2911 οὐδὲν
925 2855 1365 2931 ἀνεπιχείρητον,
1400 2854 1525 2910 οὐδὲ
1566 2853 1880 2928 ἀτόλμητον
1913 2860 1992 2927 τῷ

342 2950 492 3016 κακῷ
545 2942 816 3021 βραϐευτῇ
875 2945 964 2999 καὶ
1023 2943 1278 3015 διαιτητῇ
1322 2952 1422 3013 τῆς
1455 2944 1746 3014 θεότητος·
1799 2944 1861 2999 ού
1891 2945 1991 3020 γὰρ

351 3033 500 3108 εἶχές
549 3032 736 3097 ἄλλως
788 3032 1117 3107 εὐδοκιμεῖν,
1162 3033 1197 3103 ἦ
1252 3034 1457 3107 μακρὰν
1515 3028 1799 3089 ἐκϐάλλων
1864 3035 1990 3088 Θεὸν

351 3119 681 3193 δεσποτείας,
728 3122 908 3197 ὥσπερ
941 3123 1157 3178 ἐνταῦθα
1206 3124 1258 3178 οἱ
1309 3123 1614 3196 τυραννικοὶ
1644 3123 1735 3178 τὸν
1767 3122 1993 3198 τρόπον,

350 3213 440 3266 καὶ
498 3209 873 3267 πλεονεκτικοὶ
920 3213 1047 3276 τοὺς
1094 3212 1525 3287 ἀσθενεστέρους.
1584 3214 1724 3289 Ἐγὼ
1771 3210 1828 3267 δὲ
1870 3213 1993 3286 μίαν

348 3302 554 3379 φωνὴν,
580 3302 681 3370 τήν
713 3300 878 3371 αὐτὴν
907 3302 995 3357 καὶ
1048 3302 1308 3376 σύντομον
1360 3301 1681 3381 φθέγξομαι.
1730 3302 1891 3378 Τριὰς
1921 3303 1995 3365 ὡς

348 3387 573 3459 ἀληθῶς
605 3392 639 3459 ἠ
686 3392 870 3467 Τριὰς,
912 3390 1159 3469 ἀδελφοί.
1218 3391 1380 3467 Τριὰς
1427 3390 1505 3457 δὲ,
1552 3391 1613 3446 οὐ
1664 3391 1998 3467 πραγμάτων

345 3477 543 3533 ἀνίσων
572 3481 685 3550 (18)
728 3481 1101 3555 ἀπαρίθμησις
1258 3480 1311 3535 τί
1360 3479 1586 3550 κωλύει,
1629 3480 1718 3535 καὶ
1780 3477 1995 3550 δεκάδα,

346 3567 436 3622 καὶ
468 3564 812 3637 δκατοντάδα,
844 3566 933 3620 καὶ
992 3566 1226 3642 μυριάδα
1276 3567 1560 3641 ὀνομάζειν
1618 3569 1752 3639 μετὰ
1802 3567 1995 3622 τοσού-

342 3677 452 3711 των
486 3656 901 3727 συντιθεμὲνην;
938 3653 1124 3709 πολλὰ
1154 3657 1254 3731 γὰρ
1305 3658 1371 3710 τὰ
1426 3655 1800 3728 ἀριθμούμενα
1857 3658 1996 3734 (19),

346 3744 435 3799 καὶ
496 3742 671 3799 πλείω
727 3742 975 3817 τούτων),
1032 3742 1157 3798 ἀλλ’
1184 3740 1319 3798 ’ίσων
1352 3744 1441 3799 καὶ
1473 3744 1757 3816 ὁμοτίμων
1793 3744 1999 3816 σύλλη-

345 3836 456 3908 ψις,
496 3833 721 3904 ἒνούσης
753 3840 850 3903 τῆς
878 3833 1258 3908 προσηγορίας
1289 3834 1355 3888 τὰ
1384 3832 1641 3906 ἡνωμένα
1671 3832 1731 3888 ἐκ
1766 3833 1997 3911 φύσεως,

346 3922 435 3977 καὶ
468 3922 567 3976 οὐκ
620 3922 793 3993 ὶώσης
842 3919 1193 3991 σκεδασθῆναι
1248 3921 1464 3999 ἀριθμῷ
1514 3920 1766 3995 λυομένῳ
1817 3923 1884 3977 τὰ
1918 3924 1993 3996 μὴ

349 4009 609 4083 λυόμενα.

2101 2411 2299 2483 ﬁngis,
2340 2428 2447 2483 ego
2494 2428 2727 2482 quoque
2785 2411 2939 2466 idem
2997 2411 3155 2467 circa
3210 2412 3567 2468 creationem
3616 2412 3763 2469 mihi

2102 2501 2344 2572 ﬁngam.
2379 2499 2525 2555 Nam
2576 2516 2647 2554 ne
2695 2500 2753 2554 id
2807 2500 3069 2571 quidem,
3123 2501 3281 2572 quod
3329 2506 3583 2571 creatur,
3617 2502 3763 2559 citra

2104 2588 2439 2660 passionem
2488 2592 2740 2643 creatur.
2793 2588 2952 2653 Quod
3008 2588 3057 2643 si
3111 2605 3216 2644 nec
3265 2590 3501 2661 genitus
3553 2594 3663 2659 est,
3696 2596 3763 2647 ut

2105 2678 2230 2749 ipse
2261 2677 2464 2745 sentis,
2498 2694 2603 2732 nec
2636 2681 2889 2747 creatus,
2924 2678 3081 2750 quod
3132 2678 3346 2734 veritas
3374 2678 3570 2746 sentit,
3603 2680 3759 2751 quod

2103 2766 2209 2821 tibi
2241 2766 2536 2838 reliquum
2570 2770 2677 2833 est,
2710 2766 2928 2837 accipe,
2965 2766 3067 2837 qui
3101 2784 3203 2839 per
3232 2772 3508 2823 creaturae
3546 2785 3760 2824 nomen

2105 2873 2170 2912 eo
2202 2873 2348 2927 pene
2380 2856 2635 2911 audacias
2676 2856 3034 2927 prorumpis,
3068 2860 3132 2910 ut
3160 2855 3317 2911 idem
3371 2857 3552 2912 dicas.
3585 2858 3664 2913 Ac
3696 2862 3760 2912 tu

2104 2947 2365 3016 quidem,
2400 2944 2552 2999 male
2600 2945 2837 3000 deitatis
2876 2946 3061 3015 judex
3109 2950 3284 3017 atque
3331 2946 3568 3013 arbiter,
3613 2946 3759 3002 nihil

2105 3036 2456 3089 intentatum
2508 3034 2810 3105 relinquis,
2844 3033 2989 3089 nihil
3040 3051 3154 3089 non
3184 3035 3398 3103 audes;
3433 3052 3549 3091 non
3600 3035 3759 3092 enim

2106 3122 2220 3179 alia
2250 3123 2471 3178 ratione
2503 3140 2713 3179 nomen
2745 3128 2914 3178 tuum
2948 3123 3244 3179 illustrare
3290 3128 3545 3196 poteras,
3580 3142 3759 3197 quam

2107 3214 2251 3276 si,ut
2273 3212 2372 3284 qui
2394 3212 2715 3281 tyrannicis
2743 3217 2883 3268 sunt
2910 3214 3192 3281 moribus,
3226 3219 3401 3287 atque
3433 3215 3505 3270 ad
3539 3214 3761 3272 alienas

2107 3301 2415 3361 facultates
2464 3302 2794 3374 eripiendas
2843 3302 3140 3374 propensi,
3174 3304 3524 3359 inﬁrmiores
3572 3303 3761 3359 homi-

2107 3409 2232 3459 nes,
2266 3392 2466 3447 eodem
2500 3396 2563 3445 tu
2613 3408 2845 3463 quoque
2878 3393 3050 3447 modo
3087 3393 3266 3446 Deum
3321 3392 3394 3447 ab
3428 3392 3674 3463 imperio
3704 3395 3763 3447 et

2106 3479 2503 3537 dominatione
2531 3479 2732 3549 procul
2764 3481 3160 3535 submoveres.
3183 3481 3300 3551 Ego
3330 3486 3552 3546 contra,
3582 3497 3761 3536 unam

2103 3584 2323 3635 vocem,
2357 3583 2605 3636 eamque
2634 3568 2862 3622 brevem
2896 3573 2954 3624 et
2998 3568 3494 3640 compendiosam,
3550 3568 3760 3638 habeo,

2110 3656 2368 3712 Trinitas
2400 3670 2527 3709 vere
2576 3654 2833 3711 Trinitas
2865 3662 2974 3727 est,
3010 3658 3238 3713 fratres.
3284 3657 3544 3712 Trinitas
3593 3674 3765 3729 porro

2115 3762 2230 3799 non
2261 3743 2639 3815 inaequalium
2675 3761 2866 3799 rerum
2899 3746 3261 3802 enumeratio
3291 3751 3381 3803 est
3409 3746 3574 3818 (quid
3606 3746 3764 3802 enim

2106 3831 2325 3903 alioqui
2359 3832 2683 3904 prohibeat,
2717 3832 2881 3903 quin,
2915 3840 2972 3890 et
3001 3836 3303 3901 decadem,
3326 3839 3384 3891 et
3413 3834 3762 3903 centuriam,

2106 3941 2172 3979 ac
2204 3921 2525 3994 myriadem
2558 3921 3018 3990 nomineinus,si
3052 3942 3186 3980 cum
3218 3928 3303 3980 tot
3333 3925 3597 3981 numeris
3614 3941 3771 3981 com-

2108 4011 2407 4083 ponatur?
2438 4010 2621 4065 Multa
2651 4011 2889 4083 quippe,
2916 4012 3220 4084 multoque
3251 4012 3344 4068 his
3375 4012 3545 4084 plura
3572 4012 3630 4069 in
3665 4029 3771 4069 nu-

346 4117 575 4157 merum
608 4101 876 4173 cadunt);
910 4102 1010 4158 sed
1045 4102 1356 4173 aequalium
1388 4106 1443 4158 et
1475 4102 1695 4158 honore
1727 4103 1957 4174 parium
2004 4100 2351 4174 complexio,
2382 4117 2515 4155 cum
2550 4099 2775 4156 scilicet
2806 4118 3016 4157 nomen
3048 4118 3136 4171 ea,
3169 4118 3299 4173 quae
3348 4107 3559 4158 natura
3606 4104 3773 4158 unita

348 4194 510 4257 sunt,
543 4195 873 4257 connectat,
907 4208 1033 4258 nec,
1068 4209 1195 4264 quea
1226 4193 1578 4248 solutionem
1610 4193 1900 4261 nesciunt,
1936 4192 2227 4248 deﬂuente
2259 4205 2504 4244 numero
2536 4188 2813 4261 dissipari
2844 4191 3018 4245 sinat.

416 4283 517 4355 IAV'V.
553 4276 711 4335 Οὕτω
744 4282 1070 4355 φρονοῦμεν,
1102 4279 1191 4334 καὶ
1223 4279 1398 4343 οὕτως
1422 4277 1643 4355 ἔχομεν,
1679 4278 1817 4334 ὥστε
1847 4278 1998 4343 ὅπως

350 4356 445 4429 μὶν
480 4354 597 4432 ἔχει
629 4360 741 4432 (20)
758 4354 939 4414 ταῦτα
983 4360 1119 4436 πρὸς
1167 4358 1391 4431 ἄλληλα
1422 4354 1661 4436 σχέσεώς
1690 4380 1749 4415 τε
1778 4360 1868 4415 καὶ
1906 4361 2000 4416 τά·

349 4446 502 4516 ξεως,
534 4444 671 4520 αὐτῇ
706 4446 845 4520 μόνῃ
873 4452 941 4521 τῇ
969 4446 1155 4521 Τριάδι
1187 4455 1490 4525 συγχωρεῖν
1542 4446 1739 4504 εἰδέναι
1770 4449 1860 4505 καὶ
1919 4450 1999 4513 οἷς

346 4533 406 4589 ἂν
435 4536 471 4604 ἡ
503 4535 670 4610 Τριὰς
702 4533 1033 4609 ἀποκαλύψῃ
1061 4537 1508 4611 κεκαθαρμένοις,
1540 4534 1576 4605 ἤ
1603 4542 1718 4609 νῦν,
1766 4536 1802 4606 ἤ
1851 4538 2001 4593 ὕστε-

348 4643 439 4699 ρον
469 4643 483 4657 ·
536 4622 690 4679 αὐτοὶ
744 4621 803 4678 δὲ
862 4623 985 4697 μίαν
1018 4622 1111 4678 καί
1132 4626 1233 4694 τὴν
1266 4625 1432 4694 αὐτὴν
1466 4622 1659 4681 εἰδέναι
1692 4625 1847 4702 φύσιν
1882 4626 1999 4681 θεό-

343 4732 535 4782 τητος,
595 4710 841 4788 ἀνάρχῳ,
898 4713 988 4767 καὶ
1038 4715 1309 4788 γεννήσει,
1353 4712 1443 4767 καὶ
1482 4712 1707 4789 προόδῳ
1737 4720 2001 4791 γνωριζο-

350 4800 543 4873 μένην,
597 4800 675 4863 ὡς
728 4804 806 4873 νῷ
859 4804 938 4874 τῷ
996 4800 1047 4857 ἐν
1096 4802 1379 4877 ἡμῖν,καὶ
1409 4799 1581 4879 λόγῳ,
1610 4802 1701 4858 καὶ
1731 4803 1999 4878 πνεύματι

417 5007 534 5081 (11)
591 5010 1028 5086 Ἀφαιρουμινῳ.
1085 5011 1264 5087 Regg.
1324 5012 1446 5083 bm,
1506 5012 1611 5081 bu,
1670 5011 2009 5091 ὑφαίρουμὲ-

347 5098 731 5296 ξῖ(12)¹Εχῃ.
778 5152 872 5209 Sic
921 5154 1100 5227 Regg.
1133 5156 1255 5227 bm,
1288 5155 1392 5227 hu,
1426 5158 1485 5212 et
1531 5155 1627 5212 Or.
1683 5158 1733 5214 1.
1780 5159 1844 5214 In
1893 5160 2009 5232 ed.,

405 5280 638 5347 γιειτδ

724 5292 983 5369 ινόμενονἷ
1018 5297 1196 5369 Cois].
1226 5297 1277 5361 1,
1308 5295 1369 5349 τὸ
1402 5292 1712 5369 διδόμενον.

383 5360 684 5445 η(14)‹›ἀδ

771 5366 995 5440 γὰρίτὸ
1047 5366 1389 5440 κτιζόμενον,
1442 5366 1826 5427 Combefisius
1886 5390 2012 5430 ver-

355 5436 525 5514 titiu
561 5451 653 5514 ιιρῷ
681 5436 738 5490 id
774 5436 1011 5514 quidem
1066 5436 1221 5514 quod
1272 5444 1449 5514 creat,
1481 5442 1629 5498 citra
1680 5443 2012 5514 passionem

353 5510 529 5632 ιιι-εἲς.
554 5486 905 5631 ntCaateFum
954 5511 1014 5566 id
1064 5486 1255 5569 l‘lusius
1302 5513 1362 5567 in
1411 5486 1507 5569 όν.
1538 5486 1629 5569 x;
1644 5486 2017 5587 οΐῖῑὸἇῆιᾶἷὲ

353 5594 461 5636 exn
491 5592 580 5634 ica
611 5595 700 5633 ur.

451 5649 879 5728 LQLi‘qéWj‘tm
910 5650 1057 5728 κατὰ⁸
1077 5651 1152 5728 σε,
1183 5654 1278 5728 Sic
1308 5655 1478 5728 codd.
1512 5657 1599 5713 Ita
1628 5656 1772 5728 legit
1800 5675 1867 5716 ac
1896 5677 2016 5717 ver-

353 5719 693 5782 tit'Billius.
724 5719 900 5781 Deest
933 5724 1071 5781 κατὰ
1100 5723 1158 5781 σι
1185 5726 1247 5784 in
1276 5726 1370 5785 ed.

679 5849 942 5916 ΡΑτειω..
990 5853 1101 5917 Gn.
1148 5854 1392 5919 XXXV.

2183 4279 2275 4334 Χῐ.
2309 4278 2402 4334 Sic
2433 4279 2835 4346 sentimus,sic
2866 4279 3061 4336 animo
3091 4279 3281 4336 all‘ecti
3313 4296 3542 4349 sumus,
3574 4280 3659 4337 ita
3685 4284 3774 4336 ta-

2111 4386 2269 4438 men,
2302 4373 2386 4439 ut,
2445 4385 2625 4440 quam
2688 4368 3031 4425 relationem
3087 4374 3265 4443 atque
3322 4369 3593 4426 ordinem
3650 4370 3773 4427 haec

2112 4458 2265 4513 inter
2317 4474 2379 4514 se
2437 4457 2711 4529 habeant,
2744 4458 3014 4515 Trinitati
3073 4459 3186 4530 ipsi
3244 4458 3374 4528 soli,
3407 4476 3472 4516 ac
3529 4464 3779 4532 purgata

2112 4552 2307 4601 mente
2349 4546 2715 4614 hominibus,
2747 4549 2985 4617 quibus,
3018 4547 3105 4603 vel
3154 4548 3213 4603 in
3268 4548 3377 4604 hac
3431 4549 3567 4615 vita,
3598 4548 3686 4605 vel
3718 4548 3779 4603 in

2110 4638 2411 4705 posterum
2465 4634 2725 4689 Trinitas
2775 4636 2834 4690 id
2886 4636 3239 4707 patefecerit,
3275 4638 3635 4693 noscendum
3685 4653 3775 4693 re-

2108 4721 2470 4793 linquamus.
2504 4722 2620 4777 Nos
2674 4726 2871 4778 autem
2905 4739 3084 4778 unam
3133 4728 3191 4780 et
3219 4725 3489 4781 eamdem
3538 4725 3778 4781 deitatis

2111 4816 2384 4868 naturam
2434 4815 2761 4879 teneamus,
2818 4828 2945 4883 quas
2998 4829 3068 4869 ex
3115 4813 3386 4886 principii
3435 4818 3689 4887 experte,
3722 4816 3783 4873 et

2193 5018 2307 5093 (16)
2338 5018 2483 5095 [fata
2512 5017 2600 5095 τὸν
2650 5018 2837 5095 ἀΛηθῆ
2884 5016 3069 5095 Λόγον.
3120 5021 3210 5077 Sic
3260 5025 3398 5095 Reg.
3449 5021 3552 5095 hu,
3604 5021 3779 5080 Coisl.

2122 5091 2316 5173 l,_etc.
2350 5091 2481 5148 Haac
2514 5092 2729 5147 desunt
2774 5091 2834 5147 in
2868 5091 3030 5160 edit.,
3065 5091 3399 5165 quamvis}.
3428 5093 3596 5152 Billio
3644 5096 3779 5153 red-

2120 5167 2307 5305 dlialzl)
2340 5232 2665 5307 κτίσματος.
2699 5232 2873 5307 Coisl.
2910 5235 2934 5290 1
2986 5235 3167 5305 addit,
3200 5234 3285 5290 ὁτι
3339 5231 3481 5307 μηδὲ
3528 5232 3658 5291 εἴδει
3709 5233 3783 5291 ἐνὶ

2121 5304 2593 5377 κατασκευάζεται,
2644 5328 2672 5355 ‹‹
2726 5306 2881 5378 quod
2941 5323 3047 5363 nec
3107 5304 3205 5362 uni
3265 5304 3463 5365 formai
3522 5309 3783 5367 instrua-

2120 5384 2312 5519 tulig)
2341 5445 2590 5519 Ἀνίσων.
2624 5446 2833 5519 Billius
2865 5464 2878 5502 :
2911 5470 2941 5498 «
2972 5449 3355 5507 diversarum.
3386 5473 3414 5501 ››

2221 5450 2312 5519 18)
2341 5450 2590 5503 Ἀνίσων.
2624 5450 2833 5503 Billius
2865 5464 2878 5502 :
2911 5470 2941 5498 «
2972 5450 3355 5507 diversarum.
3386 5473 3414 5501 ››

2347 5518 2435 5601 Td
2458 5516 2857 5601 ἀριθμούμενα.
2889 5520 2981 5576 Sic
3010 5522 3189 5595 Regg.
3225 5524 3347 5592 bm,
3381 5523 3485 5596 hu,
3515 5527 3572 5580 et
3599 5522 3694 5579 0r.
3730 5522 3781 5576 1.

2124 5590 2299 5649 Deest
2325 5590 2393 5645 τά
2422 5591 2480 5645 in
2497 5590 2652 5646 'edit.

2196 5665 2313 5739 (20)
2340 5663 2523 5740 Ἔχει.
2559 5664 2644 5719 Ita
2672 5665 2814 5737 Reg.
2846 5661 2950 5737 hu,
2983 5666 3041 5720 et
3072 5665 3169 5723 Or.
3203 5666 3253 5723 1.
3284 5665 3420 5739 Alii,
3451 5662 3573 5741 ἔχῃ.

3376 5863 3453 5929 31
