4110 6486
444 429 597 490 “63

1687 433 1751 494 S.
1799 435 2172 496 GREGORII
2219 433 2614 499 THEOLOGI

3710 451 3866 515 1164

437 565 827 637 generatione,
876 571 932 622 et
980 565 1350 638 processione
1397 567 1755 640 agnoscitur,
1813 569 2077 638 quemad

2210 567 2355 637 (ὅσον
2389 568 2593 624 εἰκάσαι
2640 575 2755 632 τοῖς
2805 572 3086 644 αἰσθητοῖς
3136 575 3202 630 τὰ
3253 576 3440 647 νοητὰ,
3486 580 3574 634 καὶ
3615 588 3734 645 τοῖς
3771 607 3868 657 μι-

437 656 678 711 modum
709 655 765 710 id
819 656 974 728 quod
1010 656 1177 711 nobis
1224 657 1396 722 inest,
1440 662 1652 723 mente,
1703 673 1992 722 sermone,
2029 675 2096 711 ac

437 747 646 818 Spiritu
683 745 837 803 432
870 744 1220 818 intelligitur
1249 746 1558 817 (quantum
1591 746 1826 817 quidem
1861 764 1927 801 ex
1961 764 2094 801 sen-

432 835 728 906 sibilibus,
761 852 850 904 ea,
883 853 1009 906 quae
1060 835 1255 890 animo
1287 839 1342 889 et
1388 835 1610 890 ratione
1660 834 2090 907 intelliguntur,

430 929 608 998 atque
639 942 707 981 ex
737 925 929 998 parvis
965 923 1219 980 maxime
1249 923 1536 991 coniicere
1569 941 2093 996 possumus,quan-

427 1013 744 1086 doquidem
801 1013 960 1069 nulla
992 1013 1182 1083 imago
1231 1013 1534 1068 veritatem
1588 1013 1822 1084 assequi
1856 1015 2090 1086 potest),

427 1102 616 1175 ipsam
668 1120 867 1158 secum
901 1103 1270 1169 concordem,
1323 1119 1555 1173 semper
1606 1103 1898 1168 eamdem,
1935 1119 2088 1157 sem-

428 1209 530 1265 per
585 1194 920 1265 perfectam,
983 1191 1308 1265 qualitatis,
1377 1193 1748 1263 quantitatis,
1809 1193 2091 1263 temporis

428 1287 742 1353 expertem,
795 1282 1141 1344 increatam,
1183 1285 1359 1352 atque
1407 1279 1722 1350 ejusmodi,
1775 1284 1838 1334 ut
1888 1297 1990 1335 nec
2039 1281 2091 1335 ei

425 1371 752 1444 quidquam
803 1387 1066 1444 unquam
1115 1371 1386 1436 defuerit,
1437 1386 1543 1424 nec
1588 1369 1928 1424 defuturum
1989 1371 2086 1436 sit,

423 1459 1100 1533 incomprehensibilem,
1134 1477 1441 1531 nunquam
1475 1476 1537 1514 se
1567 1460 1956 1525 deserentem,
1982 1475 2089 1514 nec

424 1550 790 1606 deserturam
816 1568 829 1606 :
853 1549 1096 1621 vitas'ﬁet
1123 1549 1326 1619 vitam,
1350 1547 1580 1602 lumina
1604 1551 1659 1602 et
1689 1546 1912 1616 lumen,
1936 1548 2091 1604 bona

424 1643 481 1696 et
509 1639 753 1709 bonum,
789 1637 1007 1711 glorias
1038 1641 1094 1693 et
1121 1638 1394 1710 gloriam,
1425 1653 1626 1692 verum
1677 1641 1735 1691 et
1761 1637 2085 1703 veritatem,

426 1746 493 1785 ac
523 1728 800 1800 spiritum
829 1727 1114 1796 veritatis,
1147 1730 1349 1783 sancta
1380 1730 1436 1782 et
1465 1727 1780 1798 ipsammet
1809 1727 2087 1782 sanctita-

425 1824 544 1876 tem
575 1839 586 1875 :
624 1821 806 1875 Deum
841 1819 1374 1890 unumquodque,si
1407 1819 1721 1890 separatim
1755 1819 2086 1874 considere-

426 1913 543 1977 tur,
598 1913 791 1965 mente
839 1907 1126 1976 videlicet,
1159 1925 1227 1963 ea
1277 1926 1402 1980 qua:
1453 1908 1712 1978 separari
1764 1913 2084 1978 nequeunt,

424 2003 736 2070 separante
767 2017 780 2054 :
808 2003 987 2052 Deum
1020 2015 1227 2054 rursus
1261 1997 1378 2051 haec
1411 1997 1604 2064 tria,si
1641 1997 1879 2068 quidem
1914 1993 2090 2052 simul

420 2088 934 2159 intelligantur,ob
967 2088 1242 2142 eumdem
1278 2092 1501 2141 motum
1533 2092 1590 2140 et
1622 2087 1886 2140 eamdem
1917 2093 2082 2141 natu-

423 2194 547 2232 ram
584 2194 596 2231 :
631 2195 760 2232 eam
813 2178 1098 2232 rationem
1150 2176 1488 2241 habentem,
1523 2181 1588 2229 ut
1637 2192 1742 2228 nec
1797 2193 1973 2246 supra
2024 2192 2084 2230 se

423 2267 750 2338 quidquam
785 2265 1104 2337 reliquerit,
1137 2270 1236 2320 aut
1277 2263 1433 2320 aliud
1471 2265 1795 2334 quidquam
1849 2281 2085 2334 supera-

424 2356 535 2423 rit;
573 2355 716 2409 nihil
750 2355 904 2410 enim
939 2360 1100 2410 erat:
1139 2371 1244 2410 nec
1274 2370 1480 2410 rursus
1512 2353 1834 2425 quidquam
1871 2359 2002 2424 post
2023 2371 2084 2408 se

422 2445 697 2501 relictura
729 2448 831 2499 aut
877 2447 1229 2516 superatura
1256 2444 1334 2498 sit
1368 2468 1381 2509 ;
1414 2441 1557 2496 nihil
1610 2442 1763 2497 enim
1817 2444 2080 2498 futurum

419 2541 511 2590 est
542 2553 555 2604 ;
591 2552 697 2590 nec
728 2533 980 2606 denique
1011 2549 1209 2588 secum
1263 2532 1481 2602 aliquid
1514 2531 1734 2603 mquale
1766 2531 2079 2599 admittat;

419 2623 567 2679 nihil
601 2622 758 2677 enim
790 2627 878 2678 est
909 2638 977 2676 ex
1008 2621 1283 2676 omnibus
1315 2623 1491 2675 rebus
1525 2621 1757 2686 creatis,
1793 2624 1848 2674 et
1875 2620 2079 2690 servis,

420 2719 477 2768 et
508 2712 1019 2787 participantibus,
1055 2728 1121 2766 ac
1149 2708 1632 2781 circumscriptis,
1667 2711 1824 2780 quod
1855 2708 2078 2764 increa-

421 2809 541 2858 tam
591 2802 779 2867 illam,
833 2806 892 2857 et
943 2801 1266 2868 dominam,
1302 2804 1358 2853 et
1415 2798 1850 2870 participatam,
1907 2804 2080 2870 atque

419 2893 711 2950 inﬁnitam
763 2899 1034 2947 naturam
1075 2893 1446 2959 assequatur.
1480 2887 1697 2943 Verum
1748 2887 1862 2942 alia
1907 2888 2078 2960 longo

2204 663 2358 731 κροῖς
2388 661 2452 711 τὰ
2483 665 2730 733 μέγιστα,
2770 659 2956 732 ἐπειδὴ
2991 663 3239 738 μηδεμία
3287 666 3445 722 εἷ’κὼν
3497 671 3676 747 φθάνει
3729 675 3868 744 πρὸς

2201 747 2299 814 τήν
2359 745 2662 821 ἀλήθειαν),
2723 749 2887 819 αὐτὴν
2939 752 3102 826 ἑαυτῇ
3163 745 3580 830 συμϐαίνουσαν,
3632 760 3714 816 ἀεὶ
3762 765 3861 832 τὴν

2203 833 2390 902 αὐτὴν,
2446 837 2525 890 ἀεὶ
2576 837 2808 907 τελείαν,
2871 841 3083 910 ἄποιον,
3146 845 3372 913 ἄποσον,
3419 846 3676 924 ἄχρονον,
3710 850 3861 907 ἄκτι-

2204 942 2350 990 στον,
2414 922 2813 999 ἀπερίληπτον,
2889 927 3086 985 οὔποτε
3132 929 3420 989 λείπουσαν
3473 939 3584 1010 (21)
3643 939 3860 1013 ἑαυτῆς,

2203 1007 2324 1065 οὔτε
2360 1013 2646 1086 λείψουσαν
2677 1037 2688 1049 ·
2726 1019 2864 1084 ζωὰς
2896 1019 2985 1072 καὶ
3017 1022 3183 1094 ζωὴν,
3221 1027 3375 1100 φῶτα
3403 1007 3492 1079 καί
3542 1007 3677 1104 φῶς,
3729 1007 3863 1106 ἀγαξ

2202 1099 2267 1162 θὰ
2319 1101 2406 1155 καὶ
2457 1101 2678 1176 ἀγαθὸν,
2725 1102 2879 1175 δόξας
2930 1108 3018 1162 καὶ
3069 1099 3247 1181 δόξαν,
3299 1099 3563 1182 ἀληθινὸν,
3603 1115 3692 1170 καί
3724 1099 3861 1189 ἀλή-

2201 1199 2367 1257 θειαν,
2401 1192 2489 1244 καὶ
2536 1198 2750 1266 πνεῦμα
2791 1197 2890 1264 τῆς
2941 1197 3220 1267 ἀληθείας,
3281 1203 3410 1276 ἅγια
3457 1203 3544 1258 καὶ
3578 1205 3861 1281 αὐτοαγιό·

2198 1299 2336 1348 τητα
2360 1298 2372 1311 ·
2408 1282 2536 1334 Θεὸν
2567 1278 2811 1352 ἕκαστον,
2847 1284 2905 1338 ἂν
2941 1295 3209 1362 θεωρῆται
3247 1290 3435 1361 μόνον,
3461 1297 3562 1347 τοῦ
3601 1299 3692 1348 νοῦ
3741 1315 3856 1370 χω-

2201 1368 2448 1443 ρίζοντος
2480 1372 2543 1424 τὰ
2573 1371 2895 1448 ἀχώρισταο
2946 1377 3073 1435 Θεὸν
3124 1380 3190 1432 τὰ
3235 1380 3378 1453 τρία,
3430 1389 3543 1454 μετ’
3591 1368 3858 1455 ἀλλήλων

2198 1456 2464 1550 νοούμενα
2516 1465 2593 1530 τῷ
2648 1468 2828 1534 ταυτῷ
2874 1472 2974 1533 τῆς
3021 1469 3285 1538 κινήσεως
3334 1471 3423 1524 καὶ
3472 1479 3572 1541 τῆς
3607 1475 3814 1550 φύσεως
3842 1494 3853 1506 ·

2199 1544 2320 1601 οὕτε
2345 1547 2475 1623 ὑπὲρ
2509 1548 2702 1619 ἑαυτήν
2733 1572 2784 1605 τι
2829 1553 3257 1627 καταλιποῦσαν,
3303 1558 3336 1627 ἤ
3392 1544 3693 1636 ὑπερϐᾶσαν
3750 1563 3858 1620 ἄλ-

2199 1631 2265 1688 λο
2294 1656 2344 1688 τι
2368 1654 2380 1668 ⁸
2415 1635 2476 1690 οὐ
2509 1638 2612 1713 γὰρ
2646 1641 2708 1706 ἦν
2736 1658 2748 1671 ⁸
2796 1637 2919 1697 οὔτε
2972 1646 3088 1715 μεθ’
3146 1646 3339 1716 ἑαυτήν
3388 1671 3439 1702 τι
3495 1649 3854 1726 καταλείψου-

2199 1745 2291 1777 σαν
2341 1728 2474 1796 (22),
2533 1724 2570 1795 ἤ
2633 1724 3120 1804 ὑπερϐησομένην·
3185 1734 3284 1790 οὐκ
3340 1735 3484 1792 ἔσται
3542 1740 3677 1816 γάρ’
3731 1724 3854 1798 οὔτε

2201 1814 2316 1907 μεθ’
2369 1813 2564 1907 ἑαυτῆς
2621 1838 2671 1870 τι
2743 1818 3201 1897 παραδεχομὲνην
3263 1813 3572 1900 ὁμότιμονλ
3615 1813 3697 1884 οὐ
3748 1831 3850 1907 γᾶρ

2198 1903 2489 1980 ἐφικνεῖταί
2558 1928 2611 1960 τι
2678 1912 2786 1962 τῶν
2836 1917 3090 1978 κτιστῶν,
3140 1913 3228 1968 καὶ
3281 1912 3516 1986 δούλων,
3576 1918 3662 1973 καὶ
3726 1903 3854 1992 μέτζ

2205 1993 2464 2067 εγέῦντων,
2515 1995 2601 2050 xxi
2663 2005 3044 2074 περιγραπτῶν
3077 2009 3175 2072 τῆς
3211 2005 3482 2078 ἀκτίστου,
3513 2007 3601 2062 καὶ
3663 2006 3852 2065 δεσπο-

2203 2092 2380 2150 τςκῆς,
2415 2085 2503 2138 καὶ
2549 2085 2958 2158 μεταληπτικῆς
3011 2093 3146 2164 (23),
3196 2094 3282 2147 καὶ
3339 2095 3564 2171 ἀπείρου
3617 2098 3850 2176 φύσεως.

2195 2173 2267 2226 Τὰ
2314 2174 2408 2244 μὲν
2458 2175 2560 2248 γὰρ
2611 2175 2783 2246 πάντη
2836 2178 3047 2254 πόρῥω,
3078 2182 3145 2235 τὰ
3177 2179 3234 2237 δὲ
3264 2190 3447 2247 ποσῶς
3476 2184 3850 2257 πλησιάζοντα

2195 2263 2282 2317 καὶ
2316 2262 2688 2332 πλησιάσοντα
2713 2283 2724 2296 ⁸
2776 2267 2866 2320 καὶ
2918 2274 3083 2324 τοῦτο
3124 2270 3186 2325 οὐ
3220 2272 3394 2350 φύσει,
3429 2274 3574 2331 ἀλλὰ
3616 2281 3853 2350 μεταλή-

2194 2356 2306 2424 ψει,
2364 2353 2454 2406 καὶ
2512 2355 2731 2425 πηνίκα,
2783 2356 2906 2410 ὃταν
2956 2361 3020 2412 τὸ
3071 2358 3359 2418 δουλεῦσαι
3409 2368 3521 2439 (24)
3550 2365 3733 2429 καλῶς

2193 2439 2401 2512 Τριάδι,
2433 2443 2564 2518 ὑπὲρ
2595 2446 2694 2512 τήν
2721 2443 2966 2501 δουλείαν
3001 2448 3223 2522 γένηται
3251 2470 3263 2483 ⁸
3299 2451 3448 2528 εἷ’περ
3477 2457 3551 2527 μή
3577 2439 3849 2513 καὶτοῦτο

2195 2530 2322 2620 αὐτὸ
2465 2531 2741 2608 ἐλευθερία
2800 2536 2889 2589 καὶ
2952 2539 2986 2606 ἡ
3038 2538 3286 2614 βασιλεία
3535 2545 3597 2600 τὸ
3647 2551 3848 2620 γνῶναι

2191 2618 2375 2683 καλῶς
2412 2618 2746 2699 δεφποτείαν,
2782 2622 2927 2678 ἀλλά
2961 2628 3036 2698 μῆ
3072 2628 3256 2706 φ·3ρειν
3304 2631 3370 2685 τὰ
3418 2618 3700 2705 διεστῶτα,
3753 2641 3846 2692 νοῦ

2190 2712 2558 2781 ταπεινότητι.
2596 2712 2692 2774 Οἷς
2743 2710 2799 2768 δὲ
2842 2715 2904 2769 τὸ
2955 2713 3239 2773 δουλεῦσαι
3301 2720 3580 2793 τοσοῦτον,
3634 2723 3844 2797 πηλίκη

2188 2799 2394 2853 τούτων
2430 2803 2464 2868 ἡ
2492 2797 2809 2870 δεσποτεία;
2843 2804 2932 2857 καὶ
2966 2805 3011 2859 εἰ
3042 2806 3103 2861 τὸ
3135 2813 3333 2883 γνῶναι
3369 2813 3703 2887 μακαριότης
3733 2817 3848 2890 (26)

2190 2884 2431 2955 πηλίκον
2465 2888 2526 2942 τὸ
2557 2889 2958 2963 γινωσκόμενον
2986 2912 2998 2961 ;

419 2999 663 3055 prorsus
695 2982 768 3035 ab
799 2998 864 3035 ca
896 2978 1202 3034 intervallo
1247 2977 1491 3044 distant,
1527 2976 1640 3032 alia
1690 2977 1928 3048 propius
1962 2978 2399 3047 quodammodo
2451 2979 2520 3032 ad
2571 2996 2699 3034 eam
2751 2983 3058 3049 accedunt,
3093 2990 3268 3056 atque
3318 3004 3628 3046 accessura
3677 2996 3849 3047 sunt:

417 3071 598 3143 idque
630 3087 742 3125 non
776 3071 827 3122 vi
865 3074 1107 3135 naturae,
1141 3068 1242 3123 sed
1275 3067 1496 3138 gratim,
1531 3083 1741 3136 nempe
1773 3083 1902 3120 cum
1936 3068 2190 3122 servitus
2220 3067 2485 3121 Trinitati
2531 3074 2683 3124 recte
2716 3071 3184 3145 praestita,supra
3214 3078 3553 3134 servitutem
3588 3097 3854 3136 assurre-

424 3160 575 3215 xerit
607 3175 619 3215 :
654 3158 766 3214 nisi
801 3164 992 3212 tamen
1025 3157 1132 3212 hoc
1166 3171 1400 3227 quoque
1429 3155 1626 3226 ipsum
1661 3153 1902 3210 libertas
1933 3160 1989 3209 et
2021 3171 2263 3224 regnum
2284 3161 2393 3220 est,
2427 3156 2889 3214 dominationem
2925 3165 3102 3232 probe
3133 3179 3578 3236 agnoscere,nec
3611 3186 3694 3240 ea,
3721 3187 3848 3241 qua:

418 3250 574 3305 inter
603 3265 664 3304 se
695 3248 972 3303 distincta
999 3251 1157 3316 sunt,
1191 3262 1293 3316 per
1323 3243 1501 3298 animi
1535 3242 1920 3315 abjectionem
1953 3244 2308 3298 confundere
2340 3261 2407 3298 ac
2446 3246 2813 3315 permiscere.
2855 3250 3025 3306 Porro
3068 3255 3285 3324 quibus
3317 3261 3573 3325 tantum,
3609 3264 3848 3330 tamque

421 3337 812 3394 honoriﬁcum
842 3340 932 3391 est
963 3335 1257 3400 serviisse,
1291 3337 1512 3406 quanta
1540 3333 1776 3387 tandem
1811 3331 2022 3387 horum
2055 3331 2378 3388 dominatio
2425 3337 2720 3390 censenda
2763 3338 2900 3392 est?
2933 3341 2999 3395 Et
3030 3357 3163 3396 cum
3197 3345 3451 3417 cognitio
3502 3347 3630 3419 ipsa
3676 3349 3861 3404 besti-

429 3428 572 3482 tudo
603 3427 704 3494 sit,
738 3430 1064 3498 quantum,’
1087 3441 1302 3497 quaeso,
1333 3422 1476 3478 illud
1510 3427 1618 3491 est,
1653 3423 1804 3492 quod
1839 3422 2256 3494 cognoscitur?

499 3515 615 3572 ΧΗ.
653 3516 769 3572 Hoc
818 3515 988 3570 nobis
1021 3530 1300 3585 magnum
1349 3511 1494 3567 illud
1547 3510 1892 3583 mysterium
1925 3510 2085 3579 vult;
2121 3513 2163 3578 C

425 3605 533 3663 hoc
569 3611 771 3661 nostra
803 3605 860 3659 iu
891 3605 1216 3673 Patrem,et
1247 3601 1483 3673 Filium,
1513 3607 1569 3657 et
1602 3601 1885 3672 Spiritum
1919 3618 2085 3656 sanc-

419 3699 569 3766 tum,
625 3711 689 3749 ac
737 3710 1050 3750 commune
1100 3709 1336 3759 nomen,
1398 3692 1542 3746 fides
1590 3697 1646 3745 et
1695 3691 2078 3762 regeneratio,

415 3783 623 3840 atbeize
682 3783 973 3854 abjuratio
1031 3788 1088 3837 et
1129 3781 1364 3836 deitatis
1424 3779 1730 3835 confessio.
1765 3779 1909 3834 Nam
1971 3780 2081 3835 hoc

411 3887 726 3928 commune
757 3871 902 3927 illud
938 3887 1150 3927 nomen
1182 3875 1290 3925 est.
1325 3869 1606 3933 Quocirca
1635 3869 1812 3922 trium
1851 3868 2075 3939 aliquid

2275 3509 2376 3565 IB'.
2412 3514 2579 3565 Τοῦτο
2611 3514 2746 3584 ἡμῖν
2797 3514 2860 3568 τὸ
2898 3514 3034 3592 μέγα
3077 3522 3376 3596 μυστήριον
3409 3521 3662 3598 βούλεται
3693 3541 3706 3556 ⁶
3737 3523 3864 3579 τοῦ-

2194 3617 2276 3666 το,
2311 3599 2345 3667 ἡ
2399 3599 2474 3660 εἷς
2533 3600 2762 3678 Πατέρα,
2815 3603 2903 3657 καὶ
2957 3607 3103 3675 Υἱὸν,
3157 3609 3244 3664 καὶ
3296 3611 3466 3686 ἅγιον’
3496 3618 3732 3688 Πνεῦμα,
3763 3615 3856 3670 καὶ

2190 3687 2254 3740 τὸ
2311 3689 2494 3742 κοινὸν
2555 3686 2751 3764 ὄνομα,
2803 3693 2980 3756 πίστις
3037 3696 3127 3751 καὶ
3194 3699 3570 3775 ἀναγέννησις,
3628 3702 3850 3780 ἄρνησις

2191 3774 2368 3868 ἀθείας
2587 3780 2676 3834 καὶ
2736 3780 3012 3858 ὁμολογία
3059 3774 3340 3858 θεότητος.
3412 3774 3579 3847 Τοῦτο
3637 3774 3740 3868 γὰρ
3781 3795 3847 3849 τὸ

2188 3866 2366 3919 κοινὸν
2427 3862 2620 3939 ὄνομα.
2683 3873 2844 3924 ’Ώστε
2897 3872 2961 3927 τὸ
3016 3875 3293 3948 ἀτιμάζειν
3341 3901 3392 3934 τι
3443 3887 3550 3936 τῶν
3607 3862 3772 3958 τριῶν
3806 3883 3845 3953 ἤ

2187 3955 2467 4044 χωρίζειν,
2503 3957 2781 4030 ἀτιμάζειν
2832 3959 2940 4014 ἐστί
2989 3965 3088 4031 τήν
3137 3964 3457 4044 ὁμολογίαν,
3508 3971 3570 4025 τὸ
3618 3955 3710 4044 μὲν
3741 3974 3841 4040 τήν

2185 4043 2555 4119 ἀναγέννησιν,
2603 4048 2667 4101 τὸ
2719 4046 2774 4103 δὲ
2812 4052 2910 4118 τήν
2965 4052 3195 4124 Οετίτητα
3220 4076 3231 4088 ”
3264 4058 3326 4111 τὸ
3363 4059 3457 4130 μὲν
3489 4061 3586 4128 τὴν
3623 4062 3841 4131 θέωσιν,

2180 4133 2243 4185 τὸ
2290 4130 2357 4222 ,δὲ
2407 4135 2507 4202 τὴν
2569 4134 2783 4192 ἐλπίδα.
2843 4140 3032 4214 Ὁρᾶτε
3088 4144 3176 4196 οἷα
3234 4146 3517 4220 χαρίζεται
3586 4151 3719 4222 ἡμῖν
3780 4130 3844 4205 τὸ

2183 4221 2398 4294 Πνεῦμα
2447 4223 2898 4300 θεολογούμενον,
2949 4229 3037 4284 καῗ
3089 4232 3180 4286 οἶα
3214 4239 3408 4308 ζημιοῖ
3457 4221 3842 4312 ἀθετοῦμενον.

2182 4310 2287 4405 ’ῐξῶ
2318 4311 2420 4405 γάρ
2455 4311 2630 4387 λέγειν
2661 4315 2750 4368 τὸν
2781 4311 2973 4405 φόϐον,
3026 4320 3113 4374 καὶ
3162 4323 3260 4391 τήν
3314 4310 3697 4400 ἠπειλημένην
3752 4329 3842 4405 ὀρ-

2177 4399 2305 4472 γῆν,
2338 4399 2400 4453 οὐ
2424 4405 2540 4462 τοῖς,
2570 4407 2826 4474 τιμῶσιν,
2877 4404 2936 4459 ἀ)
2954 4405 3024 4461 λὰ
3065 4416 3183 4472 τοῖς
3233 4411 3610 4486 ἀτιμάζουσιν.
3663 4422 3838 4473 Ταῦτα

2176 4488 2250 4550 ὡς
2283 4487 2332 4541 ἐν
2370 4488 2602 4582 βραχέσι
2633 4491 3072 4582 πεφιλοσόφηται
3105 4502 3242 4576 πρὸς
3278 4503 3417 4575 ὑμᾶς
3463 4509 3575 4580 (28)
3625 4504 3833 4582 δογμα-

2172 4581 2363 4644 τικῶς,
2423 4577 2554 4633 ἀλλ’
2608 4580 2707 4636 οὐκ
2754 4582 3121 4660 ἀντιλογικῶς
3152 4609 3164 4622 ⁸
3201 4577 3836 4665 ἁλιευτικῶς,ἀλλ³τούκ

393 4675 756 4748 disputandi,
807 4675 908 4733 sed
961 4675 1208 4732 docendi
1264 4673 1478 4738 modo,
1513 4689 1626 4727 non
1676 4671 2059 4736 Aristotelico,

2192 4666 2664 4741 Αριστοτελικῶς⁶
2700 4681 3110 4750 πνευματικῶς,
3159 4679 3286 4735 ἀλλ’
3337 4682 3400 4736 οὐ
3448 4705 3836 4762 κακοπραγμο-

387 4766 488 4821 sed
541 4766 892 4839 piscatorio;
937 4782 1052 4820 non
1106 4763 1371 4835 improbe
1423 4777 1488 4815 ac
1535 4763 1900 4831 veteratcrie,
1953 4763 2054 4817 sed

2203 4754 2891 4851 txfoc'fxxlnqmqtixtbq,
2923 4762 3052 4819 ἀλλ’
3102 4765 3202 4822 οὐκ
3258 4767 3567 4846 ἀγοραίως·
3628 4754 3832 4851 ὦφέλι-

386 4854 809 4927 spiritualiter;
842 4873 956 4912 non
1009 4853 1493 4920 circumforaneae,
1528 4851 1628 4906 sed
1681 4852 2052 4906 concionato-

2192 4866 2306 4917 ιως,
2367 4845 2493 4900 ἀλλ’
2550 4846 2648 4901 οὐκ
2678 4846 3058 4916 ἐπιδεικτικῶς
3082 4875 3094 4888 ο
3125 4854 3214 4910 ⁸ίνα
3243 4845 3414 4932 γνῶτε
3440 4861 3502 4915 τὸ
3533 4861 3663 4916 αὐτὸ
3689 4845 3827 4938 ippo-

383 4944 469 5000 rie
499 4948 555 4998 et
585 4944 1018 5012 ecclesiastice;
1054 4960 1170 4998 non
1203 4942 1275 4998 ad
1309 4939 1784 5006 ostentationem,
1805 4941 1904 4996 sed
1941 4941 2051 4994 uti-

2195 4939 2384 4996 οῢντας
2413 4936 2582 5008 ἡμᾶς,
2615 4936 2666 4989 οἱ
2693 4939 2812 4992 καθ’
2861 4942 3020 5014 ἡμῶν
3065 4941 3536 5023 δημηγοροῦντες,
3570 4951 3658 5004 καὶ
3709 4936 3826 5006 ἀπα-

409 3966 804 4027 contemnere,
865 3965 967 4016 aut
1027 3975 1330 4032 separare,
1393 3957 1822 4012 confessionem
1883 3953 2074 4027 ipsam

405 4053 776 4106 contemnere
825 4055 940 4115 est,
984 4048 1092 4103 hoc
1143 4052 1249 4114 est,
1286 4045 1812 4118 regenerationem,
1865 4046 2072 4099 divini-

405 4143 608 4208 tatem,
641 4137 1090 4204 deiﬁcationem,
1125 4153 1312 4208 spem.
1351 4135 1553 4190 Videte
1585 4133 1786 4205 qualia
1818 4133 2072 4205 Spiritus

406 4228 600 4295 nobis,
632 4245 763 4283 cum
796 4227 977 4283 Deum
1013 4226 1205 4298 ipsum
1237 4225 1649 4296 prmdicamus,
1673 4223 1988 4294 largiatur;
2015 4230 2072 4279 et

402 4316 622 4387 quibus
654 4317 828 4371 rebus
859 4332 965 4371 nos
999 4314 1260 4381 mulctet,
1287 4329 1416 4367 cum
1450 4313 1749 4383 spernitur
1788 4329 1853 4366 ac
1887 4313 2071 4382 rejici-

403 4413 516 4459 tur.
553 4405 716 4461 Mitto
749 4405 906 4460 enim
938 4404 1131 4458 dicere
1176 4407 1458 4457 terrorem
1490 4407 1664 4471 atque
1708 4401 1862 4456 433
1895 4401 2066 4468 iram,

401 4497 574 4564 cujus
607 4494 784 4550 minae
813 4510 928 4549 non
960 4495 1019 4548 in
1076 4491 1350 4561 cultores,
1387 4491 1487 4546 sed
1521 4490 1579 4544 in
1631 4496 2065 4562 contemptores

397 4585 1018 4658 intenduntur.Atque
1050 4585 1170 4639 haec
1201 4584 1371 4639 nobis
1403 4583 1473 4637 ad
1506 4599 1606 4637 vos
1640 4582 1909 4649 breviter,
1946 4600 2060 4638 non

2191 5153 2200 5164 .
2230 5082 2339 5150 (26)
2479 5080 2540 5133 τὸ
2581 5087 2781 5168 γνῶναι
2819 5089 3177 5168 μακαριότης,
3211 5098 3320 5168 etc.
3353 5095 3577 5152 Alludit
3605 5095 3821 5168 Grego-

2157 5153 2280 5234 rius
2314 5155 2382 5234 ad
2420 5153 2541 5234 haec
2571 5153 2828 5212 Joannis
2847 5153 3020 5217 verba
3051 5153 3191 5229 xvii,
3223 5167 3257 5220 3
3290 5185 3300 5222 :
3327 5191 3354 5216 «
3392 5169 3521 5224 Haec
3573 5153 3661 5225 est
3696 5153 3818 5226 Eti-

2154 5229 2272 5280 tem
2309 5229 2425 5312 vita
2455 5233 2688 5295 aeterna,
2721 5236 2790 5312 ut.
2815 5242 3256 5312 cognoscantte
3287 5239 3478 5312 solum
3512 5241 3693 5298 Deum
3725 5261 3820 5298 ve-

2154 5303 2396 5386 rumuet
2428 5313 2602 5367 quem
2661 5303 3120 5386 mis-isti'Jesum
3175 5309 3496 5386 Christum,
3526 5337 3552 5363 »
3587 5315 3642 5368 in
3695 5332 3812 5386 qua
3858 5345 3872 5356 ο

2150 5373 2483 5458 cognitione
2514 5373 2786 5458 consistit
2833 5384 2986 5435 certe
3029 5397 3165 5435 vera
3216 5373 3536 5451 beatitudo,
3572 5373 3806 5458 quaa‘in

2149 5446 2365 5496 aeterna
2397 5444 2514 5494 vita
2544 5444 2850 5513 reperitur.

2149 5583 2158 5592 .
2379 5514 2642 5600 ’ίᾼρνησις
2669 5514 2993 5600 “deciate”:
3039 5524 3346 5595 Abjuratio
3399 5526 3626 5595 atheiae,
3677 5544 3806 5600 seu,

2146 5586 2486 5654 impietatis,
2520 5592 2636 5654 Qua
2666 5586 2822 5645 Deus
2852 5591 3096 5650 tollitur.
3123 5586 3147 5644 ἶ»

2215 5656 2327 5738 (28)
2378 5653 2829 5738 Πεφιλοσόφῂηται
2877 5663 3013 5738 πρὸς
3066 5665 3229 5738 ὑμᾶς.
3291 5669 3422 5726 Haec
3479 5670 3697 5728 desunt
3746 5670 3809 5729 in

2141 5725 2282 5800 Reg.
2315 5727 2437 5797 bm,
2466 5725 2523 5785 et
2554 5729 2650 5787 0r.
2673 5725 2734 5790 ’1ζ

457 5089 567 5159 (21)
603 5084 816 5145 Οόποτε
848 5088 1161 5152 λείπουσαν,
1195 5091 1304 5142 etc.
1340 5109 1368 5138 «
1401 5087 1537 5150 Qum
1579 5084 1693 5140 sibi
1739 5102 2044 5156 nunquam

386 5157 591 5228 defuit,
624 5179 729 5217 nec
761 5164 1031 5218 defutura
1065 5166 1169 5216 est.
1204 5181 1231 5208 η

457 5227 1059 5305 (22)7Καταλείψουσαν.
1093 5235 1184 5305 Sic
1228 5230 1365 5305 Reg.
1399 5227 1501 5292 hu,
1536 5233 1594 5305 et
1619 5227 1716 5305 Or.
1755 5228 1804 5281 1.
1839 5227 1930 5284 Sic
1962 5229 2040 5284 le-

381 5296 560 5375 gitet
586 5296 872 5375 expressit
905 5304 1126 5358 Billius.
1161 5303 1223 5358 In
1255 5296 1371 5375 edi,
1405 5296 1856 5375 καταλείπουσαν.

451 5373 566 5455 (2?)
582 5371 1068 5455 rMe'jcaManxﬁc.‘
1090 5376 1181 5429 Sic
1208 5371 1494 5455 plerique
1541 5372 1708 5455 codd.
1763 5371 1900 5442 Reg.
1936 5373 2036 5455 bu,

377 5441 547 5532 Coisl.
579 5449 763 5532 2,0r.
802 5441 862 5532 "1,
914 5441 1289 5532 μζεταληπτῆίς.
1329 5447 1388 5498 In
1443 5443 1572 5497 Par.
1625 5443 1742 5504 ed.,
1799 5441 2036 5513 μεταλυ-

371 5521 589 5585 πικῆς,
627 5516 980 5585 [mendose].

358 5586 652 5705 hgﬁl‘m
705 5581 1028 5642 δουλεῦσαιο
1086 5586 1224 5658 Reg.
1283 5586 1384 5652 bu,
1435 5588 1492 5639 et
1539 5583 1635 5639 Or.
1674 5585 1722 5651 1,
1771 5587 1849 5654 τῷ
1908 5581 2032 5639 8ου-

349 5674 676 5856 Σέξῗὲιηίαῖ
737 5726 779 5793 ἡ
852 5716 1116 5796 βασιλιία.
1167 5727 1260 5783 Sic
1316 5727 1452 5804 Reg.
1512 5725 1612 5781 hu.
1673 5728 1920 5801 Deestr‘,
1967 5729 2026 5786 in
