4110 6450
337 428 454 492 116

1453 428 1745 493 ORATIO
1789 429 2111 491 XXIII.—
2149 431 2251 488 DE
2297 428 2497 489 PAGE
2540 427 2649 490 III.

3601 430 3760 491 1166

331 562 735 637 νηγυρίζοντες,
786 561 875 616 καὶ
924 566 1086 616 τοῦτο
1140 562 1300 633 μόνον
1353 563 1731 634 ὁμονοοῦντες,
1780 557 1834 614 ἓν
1895 559 1991 630 ἐμ-

2109 561 2241 616 liter
2271 561 2428 616 dicta
2453 562 2571 616 sint
2604 580 2617 629 ;
2651 563 2831 634 utqui
2853 565 3162 619 adversum
3180 579 3286 618 nos
3316 564 3626 620 conciones
3647 564 3761 619 ha-

331 651 684 723 πνεομένους,
759 649 810 704 ἕν
891 653 1184 712 πνὲοντας’
1264 651 1353 706 καὶ
1435 653 1532 722 μὴ,
1625 651 1861 722 καθάπερ
1941 648 1991 702 οἱ

334 740 730 812 λιμώττοντες,
810 740 1232 815 σπερμολογῆτε
1305 741 1371 794 τὰ
1448 739 1615 814 μικρᾶ
1683 741 1866 810 ἡμῶν,
1918 733 1992 790 εἷ’-

334 850 390 883 τε
444 828 757 900 πταίσματα
824 830 934 902 χρὴ
998 828 1201 904 λέγειν,
1263 826 1368 882 εἴτε
1440 827 1529 881 καὶ
1587 826 1846 901 παίγνια⁹
1918 825 1992 886 ὡς

446 935 454 948 ·
505 925 604 986 τῆς
655 919 821 991 ἄκρας
879 916 1325 991 κακοδαιμονίας,
1385 918 1461 989 μὴ
1530 916 1580 970 ἐν
1639 921 1756 977 τοῖς
1835 912 1993 975 ἰδίοις

331 1009 424 1083 ῖσχ
549 1012 572 1037 ⁷
611 1008 692 1061 (τὸ
741 1004 976 1084 ἄσφαλὶς
1027 1005 1201 1082 ἔχειν,
1259 1005 1384 1061 ἀλλ’
1439 1005 1490 1060 ἐν
1518 1011 1636 1067 τοῖς
1670 1005 1864 1079 ὶτὲρων
1901 1024 1993 1056 σα-

333 1098 485 1170 Θροῖς
520 1099 654 1169 (29)-

413 1363 506 1418 1Γ’.
541 1359 682 1418 Ἰδοὺ
735 1359 908 1432 δεξιὰς
961 1359 1181 1434 δίδομεν
1233 1359 1509 1431 ἀλλήλοις
1572 1360 1622 1414 ὲν
1655 1365 1774 1421 ταῖς
1808 1358 1996 1432 ὑμετὲ-

344 1472 462 1526 ραις
497 1447 702 1524 ὄψεσιν.
735 1448 871 1504 Ἰδοὺ
919 1458 1018 1518 τῆς
1064 1448 1292 1525 Τριάδος
1339 1450 1404 1503 τὰ
1455 1447 1602 1525 ἔργα,
1651 1456 1751 1517 τῆς
1784 1448 1994 1520 ὁμοίιος

331 1543 466 1612 ἡμῖν
531 1538 894 1612 δοξαζομένης
950 1559 1008 1593 τε
1085 1537 1174 1593 καί
1249 1538 1748 1614 προσκυνουμένης.
1824 1541 1993 1591 Τοῦτο

339 1630 479 1702 ὑμᾶς
516 1628 920 1704 χρηστοτὲρους
958 1631 1180 1699 ποιήσει
1213 1630 1326 1700 (30)
1379 1628 1467 1682 καὶ
1516 1625 1989 1701 ὀρθοδοξοτὲρους.

332 1723 419 1780 Ὡς
480 1715 677 1796 ὄφελόν
733 1738 796 1792 γε
851 1717 939 1771 καὶ
1000 1717 1414 1788 ἀκουσθείημεν,
1486 1717 1575 1770 καὶ
1631 1715 1840 1791 γένοιτο
1892 1717 1990 1783 τὴν

337 1807 547 1882 ἡμέραν
602 1807 826 1876 ταύτην,
879 1806 1087 1881 ἡμέραν
1140 1805 1380 1880 γενέσθαι
1431 1803 1664 1872 κλητήν,
1700 1804 1876 1879 ἁγίαν,
1917 1805 1990 1876 μή

337 1895 665 1971 ἀντιλογίας,
718 1894 844 1949 ἀλλ’
895 1895 1254 1969 εὐρυχωρίας·
1313 1896 1386 1966 μὴ
1435 1898 1741 1969 πειρασμοῦ
1779 1893 1992 1966 μνημό-
2025 1933 2073 1996 Β

337 2005 515 2056 συνον,
551 1983 675 2039 ἀλλ’
702 1985 893 2058 ἱορτην
924 1983 1204 2037 ἐπινίκιον·
1234 1981 1325 2036 ἵνα
1357 1985 1416 2036 τὸ
1466 1985 1613 2053 ἡμᾶς
1665 1987 1992 2059 συμφρονεῖν

335 2071 634 2142 ἀλλήλοις,
682 2073 770 2126 καὶ
825 2077 1022 2144 μικροῦ
1072 2078 1241 2125 πᾶσαν
1294 2073 1391 2139 τήν
1427 2071 1778 2143 οἰκουμένην,
1834 2072 1902 2140 ἧς
1932 2071 1998 2125 τὰ

340 2163 432 2235 μὲν
487 2163 650 2236 ὑγιῶς
702 2163 838 2236 εἶχε,
892 2163 958 2214 τὰ
1007 2159 1064 2214 δὲ
1111 2166 1202 2214 νῦν
1254 2156 1494 2214 ἀπέλαϐε
1540 2162 1638 2228 τὴν
1675 2160 1900 2236 ὑγίειαν,
1931 2162 1997 2214 τὰ

336 2251 395 2306 δὲ
444 2252 700 2325 ὑγιαίνειν
755 2249 1004 2324 ἄρχεται,
1063 2255 1229 2304 τοῦτο
1279 2251 1367 2303 καὶ
1413 2250 1538 2322 ὑμῖν
1574 2247 1746 2304 αἶίτιον
1778 2251 1996 2325 γένηται

340 2337 636 2411 σωτηρίας,
721 2336 809 2390 καὶ
884 2335 1258 2398 ἀναπλάσεως.
1347 2338 1412 2389 Ὤ
1488 2338 1648 2412 Τριᾶς
1705 2337 1846 2412 ἁγία,
1907 2337 1994 2390 καὶ

340 2427 714 2500 προσκυνητὴ,
747 2425 835 2478 καὶ
873 2424 1222 2498 μακρόθυμεῐ
1265 2425 1616 2498 μακρόθυμος
1665 2426 1768 2500 γὰρ
1817 2427 1852 2494 ἡ
1910 2423 1998 2478 ἐπὶ

343 2519 602 2569 τοσοῦτον
654 2515 998 2589 ἀνασχομένη
1057 2518 1162 2567 τῶν
1219 2515 1277 2568 at
1330 2515 1659 2585 τεμνόντων.
1719 2517 1784 2567 Ὠ
1813 2516 1995 2589 Τριὰς,

345 2606 413 2672 ἧς
461 2603 564 2678 ἐγὼ
611 2603 978 2674 κατηξιώθην,
1029 2603 1118 2656 καὶ
1172 2601 1375 2678 λάτρης
1407 2605 1563 2669 εἶναι,
1595 2602 1683 2656 καὶ
1717 2606 1883 2676 κῆρυξ
1941 2602 2000 2657 ἐκ

349 2691 606 2753 πλείονος
666 2691 1059 2765 ἀνυπόκριτοςί
1120 2694 1186 2745 Ὧ
1243 2694 1402 2767 Τριὰς
1460 2695 1494 2761 ἡ
1547 2691 1675 2746 πᾶσί
1725 2696 1837 2766 (31)
1869 2714 2001 2747 ποτε

348 2782 803 2856 γνωσθησομένη,
853 2786 969 2842 τοῖς
1023 2781 1115 2852 μὲν
1147 2780 1216 2854 τῇ
1252 2779 1543 2853 ἐλλάμψει,
1575 2787 1693 2842 τοῖς
1725 2779 1780 2836 δὲ
1810 2781 1878 2855 τῇ
1907 2803 1998 2835 xo-

352 2869 538 2925 λάσειί
600 2872 796 2945 Δὲχοιο
853 2870 942 2924 καὶ
1001 2869 1225 2932 τούτους
1283 2871 1677 2944 προσκυνητᾶς,
1739 2871 1866 2932 τοὺς
1907 2875 1998 2924 νῦν

352 2955 630 3035 ὑϐριστὲςο
709 2959 797 3013 καὶ
881 2956 1086 3030 μηδένα
1166 2961 1598 3032 ζημιωθείημεν,
1671 2959 1840 3032 μηδὲν
1894 2967 2002 3015 τῶν

350 3047 675 3121 ἐλαχίστων,
707 3047 801 3101 κᾶν
838 3046 932 3119 ἐμὲ
961 3069 1010 3101 τι
1056 3051 1399 3119 ζημιωθῆναι
1435 3046 1545 3102 δέοι
1579 3052 1690 3122 (32)
1749 3053 1847 3118 τῆς
1897 3051 1999 3124 χά-

353 3155 530 3212 ριτος·
573 3136 635 3190 οὐ
665 3139 766 3211 γὰρ
791 3136 986 3208 τολμῶ
1017 3142 1274 3191 τοσοῦτον
1309 3137 1432 3192 ὅσον
1463 3140 1489 3192 ὁ
1523 3137 1856 3200 Ἀπόστολος

350 3226 691 3302 φθέγξασθαι.
1475 3222 1481 3228 ’

2105 651 2277 716 betis,
2311 657 2367 706 et
2395 650 2455 706 in
2490 651 2738 722 publicis
2771 653 3155 708 conventibus
3183 669 3286 707 vos
3313 652 3474 724 ipsos
3496 652 3760 722 jactatis,

2105 744 2281 810 atque
2313 740 2369 793 in
2405 739 2513 794 hoc
2563 757 2677 794 uno
2724 741 3041 796 concordes
3087 740 3254 808 estis,
3305 758 3409 796 nos
3441 741 3597 796 idem
3627 758 3765 798 sen-

2106 829 2236 896 tire,
2273 829 2474 884 eodem
2511 830 2682 884 modo
2722 829 3025 901 inspirari,
3062 831 3218 885 idem
3270 830 3493 902 spirare
3540 829 3760 885 intelli-

2085 920 2295 989 gatis;
2345 934 2470 985 nec,
2525 924 2589 973 ut
2636 918 2737 989 qui
2793 920 2947 974 fame
2995 927 3365 990 premuntur,
3411 918 3621 990 exigua
3660 935 3763 974 no-

2105 1012 2247 1070 stra,
2282 1007 2402 1061 sive
2433 1012 2692 1078 peccata,
2726 1007 2844 1064 sive
2892 1008 3121 1064 ludicra
3151 1009 3402 1074 dicenda
3455 1013 3614 1076 sunt,
3649 1007 3766 1064 col-

2105 1096 2301 1168 ligatis
2332 1100 2506 1167 atque
2538 1097 2595 1150 in
2628 1096 2838 1168 vulgus
2887 1098 3199 1168 spargatis.
3233 1097 3519 1152 Extrema;
3551 1097 3766 1168 quippe

2104 1183 2352 1239 miseria:
2383 1189 2495 1250 est,
2529 1202 2643 1240 non
2676 1185 2928 1256 propriis
2959 1185 3204 1254 viribus,
3235 1186 3336 1241 sed
3369 1184 3623 1242 aliorum
3649 1185 3765 1242 im-

2109 1273 2426 1328 becillitate
2458 1273 2562 1327 niti
2595 1278 2772 1346 atque
2801 1274 3113 1330 conﬁdere.
3483 1333 3486 1335 _
3583 1319 3586 1324 .

2175 1361 2318 1416 XIII.
2352 1364 2434 1416 En
2468 1367 2706 1418 mutuas
2748 1363 3004 1432 dextras,
3056 1363 3530 1434 inspectantibus
3578 1363 3762 1431 vobis,

2096 1450 2430 1524 jungimus.
2467 1453 2543 1506 En
2579 1452 2720 1523 quid
2753 1451 3034 1515 Trinitas,
3063 1469 3241 1523 quam
3276 1469 3382 1508 nos
3413 1468 3578 1523 aeque
3607 1452 3762 1508 cele-

2105 1540 2348 1595 bramus
2379 1545 2436 1595 et
2468 1540 3087 1608 adoramus,eﬂ‘ecerit.
3107 1541 3224 1596 Hoc
3253 1557 3355 1596 vos
3388 1541 3761 1613 benigniores

2105 1628 2438 1700 rectiusque
2471 1630 2540 1684 de
2572 1629 2853 1702 religione
2883 1630 3200 1685 sentientes
3231 1629 3466 1685 efﬁciet.
3523 1628 3760 1686 Utinam

2105 1733 2245 1772 sane
2278 1718 2685 1780 exaudiamur.
2719 1722 2896 1790 atque
2928 1719 3024 1773 hic
3053 1718 3200 1786 dies,
3234 1717 3335 1790 qui
3363 1722 3605 1774 vocatur
3631 1735 3765 1774 san-

2105 1812 2256 1871 ctus,
2291 1807 2391 1860 ﬁat
2421 1808 2567 1872 dies,
2590 1824 2704 1862 non
2738 1807 3351 1877 contradictionis,sed
3381 1806 3716 1863 latitudinis
3745 1824 3760 1875 ;

2106 1912 2218 1950 non
2252 1896 2595 1950 temtationis
2629 1900 3105 1962 monumentum,
3159 1896 3261 1951 sed
3288 1894 3647 1967 triumphale
3676 1897 3764 1952 fe-

2108 1989 2261 2039 stum
2290 2002 2302 2053 ;
2337 1989 2402 2038 ut
2434 1990 2639 2039 mutua
2679 1989 2881 2040 nostra
2910 1985 3238 2054 concordia,
3289 1985 3589 2057 totiusque
3615 1999 3762 2056 pene

2107 2080 2392 2129 terrarum
2427 2074 2604 2144 orbis,
2639 2075 2738 2144 qui
2787 2074 3001 2145 partim
3043 2075 3168 2146 jam
3220 2079 3354 2130 ante
3404 2091 3585 2130 sanus
3615 2081 3758 2142 erat,

2109 2163 2320 2234 partim
2353 2163 2663 2217 sanitatem
2697 2179 2854 2217 nunc
2887 2164 3122 2234 recepit,
3149 2163 3362 2234 partim
3416 2178 3596 2218 sanus
3628 2179 3760 2219 esse

2107 2252 2337 2322 incipit,
2367 2241 2539 2306 vobis'
2562 2267 2797 2322 quoque
2829 2251 3038 2307 salutis
3086 2256 3266 2323 atque
3313 2252 3759 2308 instaurationis

2107 2356 2285 2394 causa
2316 2339 2409 2395 sit.
2445 2340 2488 2394 Ο
2521 2344 2743 2406 sancta,
2805 2344 2862 2396 et
2910 2341 3231 2411 adoranda,
3291 2344 3349 2396 et
3405 2340 3762 2414 longanimis

2107 2427 2402 2484 Trinitas!
2436 2429 2789 2501 longanimis
2820 2430 2975 2484 enim
3008 2445 3090 2500 es,
3125 2446 3252 2501 qua
3285 2447 3406 2499 eos;
3462 2448 3496 2486 a
3543 2431 3762 2502 quibus

2108 2518 2414 2587 scinderis,
2457 2517 2662 2572 tandiu
2695 2518 2930 2574 toleras.
2963 2522 3008 2573 Ο
3045 2518 3325 2584 Trinitas,
3357 2519 3528 2589 cujus
3559 2522 3760 2590 ego,ut

2108 2607 2298 2662 cultor
2325 2624 2390 2662 ac
2423 2608 2688 2662 sincerus
2719 2624 2904 2679 praeco
2936 2608 3510 2680 essemJampridem
3541 2609 3761 2682 dignus

2111 2696 2346 2750 habitus
2377 2713 2506 2749 sum
2537 2695 2549 2749 i
2587 2696 2629 2751 Ο
2679 2697 2936 2752 Trinitas
2969 2699 3242 2752 omnibus
3271 2693 3610 2769 aliquando,
3669 2698 3759 2754 vel

2111 2803 2211 2856 per
2239 2785 2756 2856 illuminationem,
2785 2786 2872 2841 vel
2925 2803 3026 2858 per
3076 2804 3304 2859 poenam
3343 2788 3754 2859 agnoscenda!

2111 2874 2342 2929 Utinam
2391 2874 2494 2929 hos
2527 2891 2780 2946 quoque,
2813 2876 2913 2946 qui
2946 2893 3101 2930 nunc
3133 2875 3505 2931 contumeliis
3536 2880 3592 2932 te
3626 2876 3759 2931 afﬁ-

2111 2964 2290 3029 ciunt,
2317 2965 2650 3019 adoratores
2681 2965 2954 3035 accipias,
2988 2982 3092 3020 nec
3151 2981 3530 3036 quemquam,
3586 2981 3657 3021 ne
3687 2982 3757 3020 ex

2114 3050 2372 3105 minimis
2405 3051 2641 3121 quidem
2676 3052 3134 3119 amittamus,vel
3158 3053 3336 3108 etiam
3365 3054 3415 3108 si
3442 3052 3587 3108 mihi
3622 3069 3754 3125 pro-

2112 3145 2309 3210 pterea
2339 3139 2538 3210 aliqua
2568 3140 3014 3211 gratiaejactura
3043 3141 3308 3197 facienda
3334 3141 3438 3196 sit:
3458 3158 3571 3198 non
3603 3142 3761 3198 enim

2111 3234 2340 3283 tantum
2377 3229 2568 3283 dicere
2598 3231 2803 3299 audeo,
2838 3235 3124 3300 quantum
3159 3229 3472 3302 Apostolus
3505 3232 3546 3286 θ.

422 3318 518 3371 ΙΔ’.
552 3313 708 3371 Ἀλλ’
765 3314 827 3368 οὐ
878 3319 1043 3368 ταῦτα
1091 3313 1222 3392 φίλα
1274 3316 1442 3387 ὑμῖν;
1486 3319 1846 3392 σπαράσσεται
1879 3315 1996 3387 δὲὴ

2187 3317 2325 3371 XIV.
2360 3317 2507 3381 Quid
2533 3318 2560 3372 ?
2593 3323 2722 3373 Haec
2741 3319 2907 3374 vobis
2940 3320 3137 3375 minus
3167 3325 3336 3391 grata
3363 3323 3523 3388 sunt,
3556 3337 3622 3376 ac
3655 3321 3761 3376 Iin-

344 3402 590 3478 γλῶσσα,
645 3404 735 3457 καὶ
794 3402 978 3458 ὠδίνει
1033 3406 1132 3471 τήν
1183 3405 1532 3482 ἀειτίρῥησιν;
1585 3407 1859 3480 ὈψόμεΟα
1911 3408 1999 3461 καὶ

343 3494 544 3562 ταύτην
591 3495 741 3563 ποτὲ,
802 3493 836 3561 ἢ
897 3495 980 3554 οἷς
1024 3491 1237 3564 μᾶλλον
1299 3498 1459 3566 ἡμῶν
1523 3496 1703 3569 σχολὴ
1738 3498 1996 3569 περίεστι·

343 3582 666 3659 γνωσόμεθα
721 3581 809 3635 καὶ
854 3583 920 3636 τὰ
965 3583 1153 3653 κομψὰ
1205 3583 1356 3653 ὑμῶν
1406 3587 1735 3656 γεννήματα,
1776 3585 1810 3652 ἢ
1845 3584 2000 3655 ἐξαμ-

350 3668 640 3744 ϐλώματα,
701 3667 914 3724 ἐπειδὰν
970 3670 1037 3722 τὰ
1093 3669 1175 3723 ὠὰ
1230 3675 1336 3723 τῶν
1377 3669 1614 3725 ἀσπίδων
1650 3671 1902 3746 ῥήξαντες
1961 3673 1996 3740 ἢ

351 3760 730 3836 συντρίψαντες
779 3759 933 3833 λόγῳ
983 3756 1208 3831 σκληρῷ
1253 3759 1342 3812 καὶ
1374 3760 1666 3831 ἀντίτόπῳ,
1701 3758 1855 3836 οὔρια
1887 3765 1999 3834 (34)

350 3851 441 3904 καὶ
474 3851 726 3921 ἀνεμιαῖα
775 3853 939 3902 ταῦτα
993 3846 1312 3922 ἐλέγξωμεν,
1364 3850 1451 3902 καὶ
1481 3848 1573 3903 τὸν
1604 3848 1655 3903 ἐν
1685 3850 1868 3911 αὐτοῖς
1898 3853 1998 3918 τῆς

353 3933 596 4000 ἀσεϐείας
640 3937 1013 4010 κρυπτόμενον
1057 3933 1366 4010 βασιλίσκον
1425 3937 1500 3999 εἷς
1562 3938 1720 4009 μέσον
1777 3938 2001 4013 ἀγάγω-

357 4049 451 4099 μεν
483 4030 615 4101 (35)·
671 4028 716 4081 εἱ
764 4026 854 4080 καὶ
910 4023 1248 4099 βασιλίσκον,
1279 4024 1426 4080 ἀλλὰ
1453 4026 1640 4103 νεκρόν
1674 4048 1731 4081 τε
1760 4029 1847 4082 καὶ
1883 4029 2000 4082 ἀτε-

355 4116 450 4186 λῆ,
503 4116 592 4171 καὶ
645 4115 920 4185 ἀκίνητον,
962 4119 1079 4175 ταῖς
1109 4111 1294 4168 ὠδῖσιν
1326 4115 1731 4188 ἐναποθανόντα,
1765 4117 1852 4171 καὶ
1881 4117 2005 4193 πρὶν

351 4207 679 4280 γεννηθῆναι
728 4204 824 4259 οὐκ
875 4200 1000 4259 ὄντα
1049 4207 1184 4277 (36),
1234 4206 1351 4258 καθ’
1398 4207 1535 4278 ὑμᾶς
1587 4205 1775 4278 εἰπεῖν,
1815 4207 1904 4261 ἳνα
1951 4229 2005 4262 τι

360 4294 552 4368 μικρὸν
588 4293 712 4366 ὑμῖν
743 4293 830 4348 καί
864 4293 1211 4370 χαρίσωμαι·
1268 4293 1328 4348 οὖ
1364 4293 1575 4367 μᾶλλον
1632 4297 1859 4368 μισητὸν
1906 4304 2006 4366 τῆς

2110 3424 2226 3479 gua
2255 3407 2674 3477 distorquetur,
2709 3412 2763 3462 et
2792 3408 3253 3463 confutationem
3277 3407 3575 3480 parturit?
3604 3409 3764 3464 Hanc

2110 3512 2344 3566 quoque
2375 3495 2690 3565 aliquando
2723 3495 3073 3559 videbimus,
3108 3512 3240 3550 cum
3272 3496 3437 3550 vobis
3470 3495 3602 3567 plus
3632 3495 3761 3564 otii,

2109 3600 2287 3654 quam
2320 3583 2511 3649 nobis,
2548 3587 2817 3653 suppetat
2851 3599 2863 3648 ;
2900 3600 2965 3637 ac
2992 3583 3216 3654 lepidos
3248 3589 3307 3638 et
3336 3583 3630 3654 elegantes
3659 3600 3760 3639 ve—

2108 3677 2262 3726 stros
2295 3673 2469 3740 fetus,
2503 3671 2620 3725 imo
2653 3671 2891 3726 abortus
2923 3688 3368 3743 cognoscemus,
3400 3689 3536 3727 cum
3567 3673 3760 3745 ruptis

2108 3761 2380 3831 aspidum
2413 3759 2559 3826 ovis,
2591 3765 2694 3814 aut
2714 3759 2862 3814 dura
2891 3766 2946 3815 et
2977 3761 3164 3816 solida
3197 3762 3594 3833 disputatione
3625 3778 3760 3818 con-

2110 3849 2330 3913 fractis,
2364 3849 2527 3902 irrita
2555 3865 2622 3903 ea
2662 3854 2720 3902 et
2762 3851 2918 3904 434
2965 3852 3210 3905 evanida
3256 3865 3384 3906 esse
3429 3854 3626 3922 aperte
3656 3851 3754 3906 de-

2110 3936 2862 4004 monstraverimus,abditu
2875 3955 3048 4010 mque
3069 3938 3128 3992 in
3149 3939 3296 4010 ipsis
3318 3939 3638 4011 impietatis
3659 3940 3759 3994 ba-

2112 4027 2376 4081 siliscum
2410 4026 2468 4080 in
2492 4026 2753 4080 medium
2778 4027 3198 4097 protulerimus
3223 4045 3237 4096 ;
3273 4028 3611 4084 basiliscum
3635 4027 3765 4100 qui-

2113 4118 2246 4171 dem
2280 4115 2474 4182 illum,
2500 4119 2773 4170 caeterum
2806 4121 3130 4184 mortuum,
3161 4122 3218 4172 et
3256 4117 3663 4188 impertsctum
3693 4134 3760 4173 ac

2117 4211 2277 4261 motu
2312 4210 2627 4275 carentem,
2659 4205 2924 4276 ipsisque
2956 4210 3159 4277 partus
3188 4206 3490 4262 doloribus
3521 4207 3765 4262 immor-

2118 4301 2310 4362 tuum,
2346 4311 2433 4360 ac,
2469 4294 2812 4365 priusquam
2866 4295 3166 4368 gignatur,
3209 4313 3326 4352 non
3385 4294 3766 4352 exsistentem

356 4381 708 4456 συλλήψεως,
737 4384 772 4452 ἢ
808 4383 1040 4440 ἐλεεινὸν
1085 4391 1183 4453 τῆς
1233 4382 1593 4457 ἀμϐλώσεως.
1645 4391 1814 4441 Τοῦτο
1849 4385 1996 4442 δώσει

2121 4384 2284 4456 (libet
2315 4385 2470 4440 enim
2496 4384 2690 4440 verbis
2724 4386 2936 4441 vestris
2995 4386 3102 4452 uti,
3154 4390 3219 4441 ut
3272 4385 3538 4441 nonnihil
3571 4386 3770 4459 gratiis

353 4475 513 4542 ἡμῖν,
566 4469 668 4526 οἷδ’
714 4471 817 4544 ὅτι,
873 4475 900 4526 ὁ
953 4469 1078 4533 δοὺς
1137 4473 1224 4527 ἐπὶ
1276 4472 1473 4527 ἀσπίδα
1537 4475 1626 4528 καὶ
1696 4476 1996 4550 βασιλίσκω

2121 4475 2274 4545 apud
2305 4491 2405 4528 vos
2436 4474 2675 4543 ineam).
2708 4476 2779 4530 ob
2811 4478 3253 4548 conceptionem
3282 4493 3397 4531 non
3430 4475 3630 4531 minus
3660 4476 3769 4531 de-

356 4555 669 4632 ἐπιϐαίνειν,
717 4559 806 4614 καὶ
867 4565 1182 4634 περιπατεῖν
1234 4559 1413 4614 ἐπάνω
1473 4560 1646 4637 ὄφεων
1707 4584 1796 4618 και
1847 4584 1996 4638 σκορ-

2121 4563 2478 4628 testabilem,
2513 4578 2687 4630 quam
2729 4565 2800 4618 ob
2850 4564 3120 4620 abortum
3181 4564 3596 4620 miserabilem.
3653 4563 3773 4619 Hoc

355 4650 518 4704 πίων·
583 4649 640 4712 ὅς
687 4649 778 4704 καὶ
829 4650 1102 4723 συντρίψει
1159 4649 1249 4702 τὸν
1314 4655 1550 4703 Σατανᾶν
1609 4649 1659 4704 ἐν
1687 4651 1844 4725 τάχει
1903 4652 1996 4705 ὐπὲ

2121 4651 2310 4715 nobis,
2348 4650 2487 4703 mihi
2524 4650 2761 4720 credite,
2793 4651 3038 4707 daturus
3076 4656 3164 4707 est
3195 4651 3313 4721 ille,
3363 4650 3462 4722 qui
3513 4655 3772 4724 potesta-

357 4738 483 4800 τοὺς
513 4736 686 4801 πόδας
717 4742 899 4811 ἡμῶν,
952 4735 1058 4792 εἷ’τε
1101 4737 1175 4799 ὡς
1233 4738 1509 4813 ἀστραπὴν
1553 4736 1611 4791 ἐκ
1639 4743 1736 4792 τοῦ
1785 4737 1996 4814 οὐρανοί

2124 4748 2236 4794 tem
2262 4737 2430 4793 nobis
2453 4738 2614 4792 dedit
2637 4754 2814 4808 super
2836 4741 3098 4810 aspidem
3119 4743 3177 4794 et
3195 4739 3537 4796 basiliscum
3563 4738 3770 4794 ambu-

362 4827 594 4882 πεσόντα
626 4825 713 4882 διὰ
742 4829 838 4896 τήν
885 4826 1118 4882 παλαιὰν
1169 4824 1556 4902 λαμπρότητα,
1610 4824 1716 4881 εἷ’τε
1764 4828 1839 4889 ὡς
1891 4823 1996 4906 ὅφιη

2126 4827 2307 4887 landi,
2340 4830 2397 4880 et
2427 4825 2686 4880 caicandi
2723 4844 2902 4899 supra
2933 4832 3232 4900 serpentes
3263 4831 3322 4883 et
3349 4829 3685 4900 scorpiones
3707 4828 3772 4895 ¹⁰;

362 4915 629 4992 φεύγοντα
679 4914 768 4971 διὰ
818 4917 915 4984 τήν
965 4915 1185 4992 ὕστερον
1218 4912 1573 4985 σκολιότητα,
1603 4915 1692 4969 καὶ
1721 4917 1819 4985 τήν
1850 4916 1926 4977 εἷς
1954 4916 1996 4970 τί

2129 4917 2227 4988 qui
2259 4916 2435 4970 etiam
2468 4915 2886 4984 Satanam,vel
2950 4922 3232 4990 tanquam
3291 4917 3487 4988 fulgur
3541 4933 3573 4973 e
3627 4916 3774 4973 celo

361 5007 647 5083 χαμερπὶς
710 5004 1093 5078 μεταποίησιν,
1146 5002 1238 5058 (ίνα
1313 5003 1505 5080 μικρόν
1561 5025 1613 5058 τι
1668 5009 1776 5060 τῶν
1837 5009 1996 5060 κακῶε

2128 5006 2364 5078 lapsum
2393 5007 2462 5070 ιι,
2494 5005 2567 5060 ob
2601 5005 2910 5077 antiquum
2944 5007 3339 5079 splendorem,
3363 5005 3448 5063 'vel
3483 5005 3778 5078 serpentis

433 5135 454 5170 ⁸
484 5135 648 5190 Rom.
686 5150 764 5200 ιχ,
795 5135 851 5189 3.
931 5133 973 5168 ¹ο
1004 5132 1155 5189 Psal.
1187 5147 1280 5200 xc,
1313 5132 1410 5200 13;
1445 5132 1583 5187 Luc.
1617 5149 1673 5200 x,
1709 5133 1795 5188 19.
1876 5137 1918 5172 ¹¹
1954 5133 1996 5188 L

2125 5150 2181 5200 x,
2218 5131 2304 5187 18.

579 5256 829 5332 Σαθροῖς.
857 5256 1126 5332 βοί81ζ1,
1158 5259 1438 5332 σταθμοῖς.

2338 5249 2524 5332 φῧρια.
2557 5254 2818 5332 Coilei,
2850 5255 3062 5332 οῷραῒα3

434 5258 547 5400 (29)
579 5258 829 5329 Σαθροῖς.
864 5258 1038 5312 Coisl.
1073 5258 1126 5322 1,
1158 5259 1438 5326 σταθμοῖς.

457 5330 526 5383 30
575 5330 815 5397 Ποιήσει.
857 5330 995 5399 Reg.
1028 5329 1218 5400 Cypr.,
1250 5329 1497 5397 ποιήσοι.

436 5401 546 5460 (31)
581 5405 736 5455 Hist.
769 5402 916 5460 Jes..
948 5400 1146 5460 πάντη.

2219 5258 2308 5326 34)
2338 5258 2524 5328 Οὒρια.
2557 5258 2728 5312 Coisl.
2766 5258 2818 5324 1,
2850 5258 3062 5332 οὐραῖα.

2341 5327 2685 5416 Ἀχάγωμεν.
2712 5328 2856 5409 1³188.
2890 5329 2991 5396 hu,
3025 5329 3122 5384 ΟΡ.
3157 5329 3209 5398 1,
3236 5328 3475 5404 ἄγωμεν.

2221 5400 2290 5453 36
2344 5398 2459 5453 Ουκ
2487 5417 2629 5454 οντα.
2655 5403 2759 5454 Ηιο
2790 5407 2954 5456 notat
2972 5417 3190 5460 vocem.
3215 5418 3318 5456 seu
3350 5401 3475 5456 blas

436 5392 546 5471 (31')
581 5392 736 5471 Πᾶσὶ.
769 5392 1146 5471 Jes.,‘-iratv{1{.
1206 5392 1216 5398 '
1373 5392 1382 5397 ’

2197 5392 2310 5470 (36)
2344 5392 2459 5453 Οὐκ
2487 5392 2629 5454 ὅντα.
2655 5400 2759 5454 Hic
2790 5392 2954 5456 notat
2972 5392 3318 5469 vocem,'sei1
3350 5392 3782 5471 blasphemiam

439 5467 550 5544 (32)
583 5470 724 5525 Δὲοι.
758 5473 1040 5544 Combef.,
1074 5467 1185 5544 δὲῃ.
1337 5540 1374 5544 __
1444 5541 1481 5544 η
1565 5542 1577 5544 _
1613 5542 1619 5544 Α
1933 5543 1938 5544 γ
2131 5467 2504 5544 Arianorum,
2533 5471 2630 5539 qui
2665 5472 2737 5526 de
2769 5471 2912 5528 Filio
2943 5467 3214 5528 dicebant
3236 5489 3288 5526 :«
3317 5472 3441 5526 Non
3474 5467 3601 5544 erat
3629 5471 3784 5544 priu-

440 5474 531 5544 (32
583 5474 724 5525 Δὲοι.
758 5474 1040 5542 Combef.,
1074 5474 1185 5543 δὲῃ.

440 5474 551 5613 (33)
590 5544 754 5599 ’Ὁσον
806 5544 833 5596 ὁ
886 5540 1246 5614 Ἀπὸστολοᾳ
1285 5540 1515 5596 Αιιυᾱὶι
1564 5542 1658 5596 hic
1707 5543 1996 5614 Gregoriu:

2131 5474 2504 5541 Arianorum,
2533 5474 2630 5539 qui
2665 5474 2737 5526 de
2769 5474 2912 5528 Filio
2943 5474 3214 5528 dicebant
3236 5489 3288 5526 :«
3317 5474 3441 5526 Non
3474 5475 3601 5526 erat
3629 5474 3784 5542 priu-

2133 5559 2338 5613 squam
2370 5543 2729 5614 gigneretur,
2753 5547 2853 5597 aut
2881 5548 3240 5600 nasceretur.
3261 5566 3287 5593 »
3311 5546 3500 5609 Quare
3530 5539 3630 5594 οὐκ
3657 5536 3786 5614 333a

369 5611 459 5694 ad;
491 5611 612 5668 haec
661 5623 701 5668 Α
713 5615 920 5698 postoli
970 5618 1166 5698 verba,
1221 5613 1388 5668 Rom.
1421 5630 1497 5698 135‘,
1612 5630 1625 5698 ξ
1655 5637 1685 5665 ‹‹
1735 5611 2020 5698 Optabam
2132 5611 2876 5698 vi'detur'sic‘reddendum
2910 5633 2980 5671 :«
3014 5633 3130 5672 non
3181 5615 3580 5672 exsistentem.
3607 5632 3636 5663 »
3669 5611 3783 5670 Bil-

368 5685 526 5818 gnim
558 5703 664 5770 ego
713 5684 840 5814 ipsi:
873 5687 1186 5743 anathema
1215 5701 1344 5742 esse
1374 5703 1407 5742 a
1436 5684 1666 5742 Christo
1697 5684 1803 5760 pro
1833 5687 2025 5744 fratri-
2133 5687 2250 5744 lius
2285 5702 2298 5741 :
2324 5705 2355 5737 «
2387 5684 2762 5742 exstinctum.
2798 5707 2820 5741 ι

414 5775 485 5815 us
515 5775 685 5818 meis.
711 5777 738 5811 ι
775 5776 806 5817 e
833 5775 882 5817 ο.

414 5775 485 5815 us
515 5758 685 5828 meis,
711 5758 757 5811 ι’
775 5763 882 5817 etc.

2197 5257 2213 5470 Ξ
