4110 6422
332 432 489 490 U73

1198 429 1490 489 ORATIO
1540 428 1853 488 XXIV.—
1889 428 1966 486 ΙΝ
2011 427 2339 488 LAUDEM
2385 427 2446 486 S.
2497 428 2897 489 CYPltlANl.

3604 434 3761 495 “74

329 559 419 616 xui
457 557 735 633 μέγιστον,
767 559 828 613 τὸ
865 580 940 632 μη
970 558 1196 613 κατόπιν
1228 561 1337 631 (59)
1371 560 1563 633 ἑορτῆς
1593 555 1992 633 δραμεῖν,μηδὶ

2107 560 2365 632 spatium
2397 560 2686 618 desiderio
2711 561 3134 621 laborantibus.
3158 564 3416 622 Alterum
3440 569 3552 636 est,
3583 566 3762 640 idque

326 648 616 725 μαρτύρων
702 649 1083 723 μυσταγωγίας
1154 648 1572 723 ἀπυλειφθῆναιν
1632 648 1720 700 καὶ
1767 653 1865 714 τῆς
1927 645 1978 700 ἐν

321 741 502 793 τεῦθεν
557 735 917 812 ἐγγινομένης
970 739 1104 807 ἡμῖν
1155 743 1360 812 τρυφῆς
1413 755 1470 789 τε
1516 736 1605 788 καὶ
1651 734 1982 808 ἀναψύξεως.

331 828 476 902 Ἐγὼ
509 827 610 900 γὰρ
641 825 821 880 τᾶλλα
855 826 948 897 μὲν
984 823 1250 898 ὁμολογῶ
1295 825 1496 885 παντὸς
1543 823 1676 878 εἶναι
1725 825 1985 887 νωθέστε-

327 937 458 988 ρος’
491 915 580 970 καὶ
635 914 809 968 πάντα
852 914 1016 968 πόθον
1069 915 1456 985 ἀπεσεισάμην,
1505 912 1594 989 ἀφ’
1652 911 1713 966 οὗ
1771 917 1986 986 Χριστῷ

323 1005 714 1076 συνεταξάμην,
771 1005 862 1057 καὶ
917 1001 1066 1056 οὐδὲν
1130 1004 1272 1076 αἱ,οεῖ
1333 1023 1398 1075 με
1451 1007 1559 1056 τῶν
1618 1000 1717 1055 ὅσα
1783 1001 1986 1077 τερπνὰ

323 1101 445 1155 τοῖς
477 1093 667 1154 ἄλλοις
719 1093 806 1147 xui
855 1090 1324 1167 περισπούδαστα·
1375 1090 1435 1143 οὐ
1478 1090 1719 1151 πλοῦτος
1765 1092 1793 1144 ὁ
1837 1091 1983 1144 κάτω

325 1183 626 1258 συρόμενος
675 1181 765 1236 καὶ
822 1180 1308 1257 περιτρεπόμενος,
1371 1178 1432 1233 οὐ
1485 1179 1716 1253 γαστρὸς
1766 1177 1979 1249 ἡδοναὶ,

321 1273 413 1327 καὶ
465 1272 630 1347 κόρος
680 1272 859 1346 πατὴρ
914 1265 1145 1344 ὕϐρεως,
1205 1268 1303 1323 οὐκ
1353 1267 1510 1336 ἐσθὴς
1557 1265 1774 1341 μαλακή
1808 1289 1865 1322 τι
1895 1269 1983 1321 καὶ

315 1360 700 1436 περιρρέουσα,
761 1359 822 1414 οὐ
883 1357 1052 1422 λίθων
1118 1355 1385 1433 διαϐγειαι
1443 1357 1533 1412 xui
1590 1358 1830 1432 χάριτες,
1885 1357 1984 1410 οὐκ

314 1450 455 1518 ἀκοή
491 1447 848 1523 γοητεύουσα,
879 1447 976 1501 ουκ
1007 1443 1272 1523 ὄσφρησις
1304 1444 1699 1515 ικθηλύνουσα,
1755 1446 1816 1500 οὑ
1848 1445 1980 1521 κρό-

315 1560 404 1594 τοι
440 1535 632 1610 δήμων
689 1537 777 1591 xui
827 1535 1064 1611 θεάτρων
1121 1536 1484 1607 ἐκμαίνοντες,
1529 1536 1602 1589 ὧν
1648 1533 1818 1590 πάλαι
1867 1540 1980 1596 τοῖς

323 1626 686 1703 βουλομένοις
737 1628 1258 1700 παρεχωρήσαμεν·
1322 1624 1431 1698 οὐχ
1487 1623 1584 1678 ὅσα
1630 1626 1727 1692 τῆς
1756 1624 1980 1698 πρώτης

316 1718 555 1790 γεῦσεως
590 1717 703 1787 (till)
733 1717 920 1786 ἡμῶν,
954 1714 1004 1783 ἐξ
1047 1717 1113 1782 ἧς
1162 1711 1556 1786 ἀπολώλαμεν,
1607 1710 1795 1788 ἔκγονα
1820 1732 1830 1743 ·
1883 1711 1980 1767 ἀλ-

317 1805 391 1859 λὰ
421 1805 509 1858 καὶ
542 1801 762 1870 πολλὴν
803 1803 1049 1872 εὐήθειαν
1083 1804 1479 1877 καταγινώσκω
1508 1807 1616 1856 τῶν
1668 1807 1978 1875 κρατεῖσθαι

317 1894 536 1955 τούτοις
583 1892 955 1967 ἀνεχομένων,
1006 1892 1095 1945 καὶ
1144 1893 1206 1944 τὸ
1252 1899 1351 1960 τῆς
1403 1895 1589 1966 ψυχῆς
1621 1891 1831 1966 εὐγενὶς
1866 1888 1978 1945 δια-

324 1983 559 2062 φθείρειν
593 1987 660 2055 τῇ
692 1981 812 2056 περῖ
845 1987 1011 2035 ταῦτα
1066 1979 1484 2055 μικροπρεπείᾳ,
1534 1979 1624 2034 καὶ
1675 1981 1749 2042 ὡς
1797 1979 1988 2034 ἑστῶσι

332 2072 768 2146 προστιθεμένων
849 2076 965 2132 τοῖς
1046 2070 1354 2148 φεῦγουσιν.
1435 2068 1676 2124 Ἐκείνου
1756 2067 1811 2123 δὲ
1869 2069 1986 2125 λίαν

327 2160 624 2230 ἀπλήστως
659 2158 773 2234 ἔχω
803 2159 893 2212 καὶ
950 2157 1305 2234 περιέχομαι,
1339 2160 1428 2212 καὶ
1457 2162 1555 2212 τοῦ
1586 2159 1791 2218 πάθους
1823 2157 1988 2230 ἐμαυ-

320 2251 414 2305 τὸν
467 2247 852 2323 ἀποδέχομαι·
911 2247 1198 2322 μαρτύρων
1245 2253 1432 2320 τιμαῖς
1477 2247 1863 2322 ἐπιτέρπομαι,
1897 2247 1986 2300 καὶ

326 2337 579 2407 ἀθλητῶν
635 2337 855 2410 α’ίμασιν
918 2335 1338 2411 ἐπαγάλλομαι’
1393 2335 1481 2390 καί
1541 2333 1727 2390 ἄλλων
1780 2336 1874 2407 μὶν
1935 2337 1985 2388 oi

327 2429 491 2484 ἆθλοι
547 2428 634 2482 καὶ
681 2428 743 2480 τὸ
797 2431 1033 2500 κρατεῖν,
1088 2425 1211 2496 ἐμοὶ
1245 2422 1302 2478 δὲ
1332 2425 1383 2478 οἱ
1414 2424 1684 2501 στέφανοι.
1717 2428 1982 2478 Τοσοῦτον

326 2518 669 2593 προαρπάζω
701 2517 799 2584 τήν
831 2515 1120 2586 εὐκοσμίαν
1152 2515 1285 2586 (61),
1318 2513 1408 2567 καὶ
1454 2512 1628 2574 οὕτως
1679 2512 1983 2583 οἷκειοῦμαι

328 2607 398 2662 τά
425 2606 826 2680 κατορθώματα
853 2606 863 2659 l

2096 649 2442 719 maximum,
2469 651 2622 722 quod
2648 668 2764 707 non
2793 657 2922 723 post
2955 653 3168 709 festum
3201 657 3579 723 accessimus,
3603 657 3757 712 489

2095 739 2425 810 seriusque,
2446 756 2622 811 quam
2646 747 2709 795 ut
2726 747 3050 814 martyrum
3074 743 3257 800 sacris
3278 746 3559 800 interesse
3581 762 3759 817 quea-

2095 845 2249 894 mus,
2301 845 2487 899 eoque
2543 830 2973 885 oblectamento
3031 832 3332 904 animique
3386 834 3758 901 jucunditate

2095 917 2230 984 frui,
2257 934 2383 987 quas
2415 917 2551 972 hinc
2583 920 2752 973 nobis
2780 929 3172 990 comparetur.
3203 921 3344 975 Nam
3379 923 3602 977 caeteris
3634 923 3760 993 qui-

2094 1008 2223 1060 dem
2260 1008 2314 1060 in
2351 1012 2525 1060 rebus
2558 1024 2650 1060 me
2696 1009 2904 1077 quovis
2953 1009 3190 1063 homine
3238 1011 3572 1082 segniorem
3629 1028 3757 1067 esse

2095 1111 2209 1147 non
2267 1095 2528 1160 inﬁeior;
2579 1113 2810 1150 omnem
2846 1096 2998 1150 enim
3034 1098 3415 1169 cupiditatem
3450 1099 3658 1171 abjeci,
3691 1117 3760 1156 ex

2093 1200 2208 1254 quo
2233 1183 2464 1236 Christo
2499 1200 2709 1238 nomen
2745 1184 2897 1252 dedi,
2923 1202 3114 1258 neque
3145 1203 3212 1242 ex
3242 1187 3522 1243 omnibus
3555 1189 3753 1255 rebus,

2094 1287 2220 1342 quas
2273 1271 2405 1327 aliis
2427 1273 2706 1341 jucunda:
2740 1279 2916 1345 atque
2945 1276 3278 1346 expetendae
3308 1275 3493 1331 videri
3540 1276 3755 1347 solent,

2093 1359 2212 1414 ulla
2243 1365 2480 1427 teneor;
2517 1378 2629 1416 non
2663 1362 2875 1432 opibus
2908 1381 3034 1434 quae
3068 1363 3232 1418 fluxos
3257 1368 3312 1419 et
3332 1365 3563 1420 caduca:
3591 1371 3752 1434 sunt,

2091 1464 2156 1502 ac
2188 1466 2426 1504 sursum
2461 1451 2854 1521 deorsumque
2890 1453 3220 1519 volvuntur,
3259 1469 3371 1508 non
3403 1455 3622 1509 ventris
3653 1471 3753 1510 vo-

2091 1537 2440 1609 luptatibus,
2475 1555 2582 1594 non
2608 1540 2934 1608 saturitate,
2961 1558 3085 1610 quae
3110 1540 3413 1596 libidinem
3436 1542 3608 1614 parit,
3634 1559 3751 1598 non

2091 1632 2249 1681 veste
2272 1627 2510 1683 molliet
2533 1628 2862 1695 dilﬂuente,
2891 1645 3004 1683 non
3040 1645 3408 1700 gemmarum
3441 1629 3754 1701 splendore

2092 1722 2149 1769 et
2179 1716 2388 1786 gratia,
2424 1734 2537 1770 non
2591 1717 2796 1771 auditu
2849 1718 3175 1789 praestigias
3227 1719 3584 1790 oﬂ'undente,
3636 1737 3754 1776 non

2093 1803 2306 1859 olfactu
2360 1806 2626 1858 animum
2677 1805 3073 1874 effeminante,
3106 1823 3221 1861 non
3256 1806 3412 1878 vulgi
3445 1823 3511 1862 ac
3543 1808 3757 1862 theatri

2017 1941 2064 2004 B
2098 1893 2428 1965 plausibus,
2465 1893 2562 1964 qui
2597 1895 2849 1948 furorem
2885 1895 3159 1963 excitant,
3207 1911 3354 1966 quos
3397 1896 3758 1967 jampridem

2098 1983 2167 2004 ἐξ-
2232 1983 2322 2004 ___:
2364 1984 2483 2004 -2---
2519 1986 2595 2004 __:
2636 1983 2911 2004 .1___'_‘I-_£A
2952 1983 3287 2004 Αρη-ἳ--..ιυ..
3342 1984 3496 2004 L-_,_l
3557 2001 3710 2004 ,Δικαία

2098 1983 2192 2050 iis,
2226 1983 2324 2054 qui
2359 1984 2486 2051 ejus
2519 1986 2595 2035 rei
2630 1983 2916 2037 desiderio
2949 1983 3309 2048 afficiuntur,
3342 1984 3497 2039 haud
3548 2001 3759 2057 grava-

2097 2072 2199 2126 tim
2249 2071 2620 2142 reliquimus,
2675 2089 2788 2125 non
2821 2072 3072 2143 denique
3098 2072 3189 2126 his
3222 2073 3499 2129 omnibus
3531 2090 3659 2145 quae
3689 2091 3758 2130 ex

2098 2161 2288 2232 primo
2321 2160 2418 2214 illo
2450 2164 2647 2231 gustu,
2676 2160 2776 2231 qui
2812 2160 2978 2216 nobis
3009 2160 3312 2216 interitum
3346 2162 3562 2230 attulit,
3581 2163 3758 2235 origi-

2099 2266 2228 2304 nem
2264 2253 2567 2303 traxerunt
2602 2267 2614 2303 :
2650 2249 2792 2320 quin
2827 2249 3020 2320 potius
3050 2265 3264 2322 magna
3295 2267 3392 2306 eos
3423 2250 3483 2306 in
3525 2251 3757 2306 stolidi-

2095 2343 2213 2391 tate
2240 2336 2457 2390 versari
2490 2337 2782 2402 existimo,
2818 2342 2916 2408 qui
2949 2338 3020 2392 ab
3055 2338 3396 2410 hujusmodi
3426 2341 3602 2396 rebus
3634 2357 3762 2397 sese

2094 2425 2244 2479 vinci
2277 2425 2606 2496 patiuntur,
2633 2442 2700 2480 ac
2735 2425 2830 2480 vili
2865 2433 2922 2481 et
2952 2428 3189 2482 sordido
3222 2428 3375 2482 circa
3406 2445 3504 2484 eas
3564 2431 3760 2484 studio

2096 2513 2465 2569 nobilitatem
2498 2516 2708 2568 animas
2731 2515 3020 2583 inficiunt,
3039 2516 3325 2588 ﬂuxisque
3343 2525 3398 2572 et
3428 2518 3759 2589 fugacibus;

2095 2603 2268 2673 quasi
2318 2603 2495 2657 certis
2547 2608 2603 2656 et
2650 2603 2986 2671 stabilihus,
3023 2609 3178 2660 totos
3210 2622 3272 2660 se
3302 2607 3602 2661 addicunt.
3640 2610 3757 2661 Hu-

328 2697 432 2767 jus
463 2711 596 2750 vero
628 2694 708 2749 rei
753 2691 1086 2763 inexplebili
1137 2692 1393 2762 quadam
1444 2689 1717 2745 aviditate
1765 2694 1985 2758 teneor,
2021 2707 2124 2744 nec
2177 2691 2246 2744 ab
2296 2706 2362 2744 ea
2410 2707 2670 2761 unquam
2725 2691 2916 2745 divelli
2972 2709 3234 2764 possum,
3271 2693 3531 2765 mihique
3579 2694 3758 2750 etiam

328 2783 488 2838 hunc
521 2782 790 2837 allectum
824 2781 1020 2835 inesse
1065 2778 1230 2834 facile
1277 2778 1497 2850 patior;
1547 2783 1867 2848 martyrum
1917 2777 2242 2833 honoribus
2292 2779 2571 2841 oblector,
2603 2779 2868 2850 pugilum
2920 2781 3228 2835 cruoribus
3281 2782 3545 2851 exsulto;
3579 2789 3757 2854 atque

328 2871 583 2928 aliorum
617 2870 852 2942 quidem
887 2870 1207 2925 certamina
1249 2872 1306 2923 et
1352 2866 1604 2921 victoria!
1636 2872 1796 2934 sunt,
1829 2883 2056 2921 coronaa
2089 2873 2284 2921 autem
2319 2883 2480 2921 mere.
2516 2867 2713 2938 Usque
2760 2883 2825 2922 eo
2875 2867 3122 2939 gloriam
3174 2869 3324 2924 hanc
3374 2871 3666 2943 praeripio,
3697 2875 3757 2928 et

325 2977 532 3017 eorum
563 2960 794 3031 egregia
829 2959 1086 3013 facinora
1118 2974 1246 3012 mea
1274 2973 1402 3012 esse
1432 2955 1582 3010 duco
1611 2954 1623 3009 l

404 3055 474 3105 A'.
500 3054 635 3102 Πᾶσι
685 3049 779 3120 μὶν
831 3044 896 3116 δὴ
955 3046 1183 3122 μάρτυσι
1223 3043 1672 3120 πακθηγυριστέον,
1706 3042 1794 3095 xui
1826 3047 1982 3096 πᾶσιν
2019 3047 2062 3112 C

333 3137 613 3192 ἀνοικτέον
662 3136 898 3209 ετοίμως
947 3137 1036 3189 xui
1085 3133 1360 3210 γλῶσσαν,
1407 3133 1498 3187 καὶ
1531 3134 1718 3201 ἀκοὴν,
1750 3131 1838 3185 καὶ
1871 3129 1986 3184 διά-

328 3249 504 3292 νοιαν,
563 3227 652 3280 καὶ
709 3225 965 3301 λέγοντάς
1025 3247 1074 3278 τι
1132 3222 1430 3298 προθύμως
1480 3222 1604 3297 περὶ
1665 3220 1837 3276 αὐτῶν
1898 3220 1985 3275 καὶ

327 3315 649 3382 ἀκούοντας,
706 3315 796 3369 καὶ
846 3315 1019 3367 πάντα
1068 3312 1277 3368 ἐλάττω
1334 3311 1656 3384 νομίζοντας
1710 3318 1808 3379 τῆς
1857 3309 1989 3364 ἐκεί-

326 3427 434 3460 νων
496 3404 803 3474 ἀθλήσεως.
865 3402 961 3456 Καὶ
1005 3403 1105 3478 γάρ
1157 3402 1331 3463 οὕτως
1380 3400 1518 3475 ἔχει,
1551 3398 1776 3455 πολλῶν
1811 3397 1983 3454 ὄντων

329 3496 466 3565 ἡμῖν
519 3493 594 3554 εἰς
645 3490 868 3566 ὁδηγίαν
919 3495 1016 3545 τοῦ
1073 3489 1386 3565 κρείττονος
1441 3490 1578 3561 (62),
1631 3489 1721 3542 xui
1761 3486 1986 3542 πολλῶν

323 3587 433 3637 τῶν
491 3582 628 3655 πρὸς
689 3582 882 3655 ἀρετὴν
935 3577 1342 3650 παιδευμάτων,
1396 3573 1564 3653 λόγου
1615 3580 1746 3649 (63),
1785 3576 1981 3648 νόμου,

325 3675 651 3748 προφητῶν,
715 3667 1056 3739 ἀποστόλων,
1116 3667 1292 3720 αὐτῶν
1347 3670 1456 3720 τῶν
1519 3669 1755 3741 Χριστοῦ
1808 3667 1981 3735 παθη-

328 3759 534 3833 μάτων,
564 3763 661 3813 τοῦ
692 3758 914 3831 πρώτου
957 3756 1226 3832 μάρτυρος
1276 3754 1364 3809 ἐπὶ
1411 3755 1501 3808 τὸν
1553 3753 1780 3829 σταυρὸν
1828 3753 1982 3808 ἀνελ-

323 3849 533 3919 θόντος,
565 3848 707 3922 κάμὲ
739 3846 1151 3922 συναγαγόντος,
1191 3842 1283 3898 *ἶνα
1311 3841 1651 3918 προσηλώσῃ
1692 3844 1790 3910 τὴν
1841 3842 1979 3914 ἐμὴν

320 3937 609 4013 ἁμαρτίαν,
669 3937 758 3991 καὶ
815 3936 906 3990 τὸν
960 3931 1080 4012 ὄφιν
1144 3927 1500 4008 θριαμϐεύσῃ,
1559 3930 1647 3986 xui
1698 3932 1761 3986 τὸ
1819 3930 1978 4002 ξύλον

318 4026 536 4101 ἀγιάσῃ,
585 4025 676 4080 καὶ
722 4026 822 4094 τήν
875 4023 1079 4094 ἡδονὴν
1128 4023 1343 4096 νικήσῃ,
1394 4020 1484 4076 xui
1528 4021 1620 4074 τὸν
1652 4017 1828 4093 Ἀδάμ
1859 4022 1981 4075 ἀνα-

319 4117 486 4189 σώσῃ,
537 4114 626 4168 xui
676 4115 772 4182 τὴν
821 4113 1002 4168 εἷ’κόνα
1049 4116 1314 4167 πεσοῦσαν
1362 4109 1786 4179 ἀνακαλέσηται·
1849 4130 1976 4164 τοσ-

320 4203 494 4258 ούτων
545 4199 714 4257 ὄντων
765 4203 899 4273 ἡμῖν
950 4202 1040 4256 xui
1070 4200 1359 4270 τοιούτων,
1393 4197 1547 4254 οὐδὲν
1581 4195 1805 4254 ἔλαττον
1839 4201 1974 4271 ἡμῖν

317 4293 394 4354 εἷς
448 4290 820 4366 παιδαγωγίαν
881 4294 993 4364 (64)
1072 4290 1124 4343 oi
1197 4290 1484 4364 μάρτυρες,
1544 4287 1978 4360 ὁλοκαυτώματα

317 4379 537 4456 λογικὰ,
572 4381 784 4453 θύματα
840 4379 1043 4446 τὲλεια,
1102 4379 1408 4456 προσφοραὶ
1469 4376 1673 4446 ὃεκταὶ,
1711 4384 1810 4446 τῆς
1845 4376 1978 4445 ἀλη-

316 4470 460 4532 θείας
504 4469 850 4545 κηρύγματα,
899 4472 996 4522 τοῦ
1044 4465 1276 4540 ψεύδους
1327 4464 1754 4539 στηλιτεύματα,
1798 4465 1976 4538 νόμου

316 4558 740 4632 συμπλήρωσις,
772 4561 868 4612 τοῦ
899 4578 960 4631 γε
991 4560 1374 4628 πνευματικῶς
1415 4557 1728 4627 νοουμένου,
1759 4553 1974 4623 πλάνης

315 4648 629 4715 κατάλυσις,
692 4647 876 4708 κακίας
941 4643 1205 4720 διωγμὸς,
1252 4644 1519 4719 ἁμαρτίας
1568 4642 1972 4717 κατακλυσμὸς,

312 4737 524 4810 κόσμου
555 4736 842 4813 καθάρσιον
858 4779 868 4793 .

387 4917 461 4972 Ε’.
499 4915 573 4970 Σὺ
606 4912 662 4969 δέ
724 4935 838 4986 μοι,
900 4911 1191 4986 Κυπριανὲ,
1251 4910 1313 4967 τό
1364 4909 1696 4982 τιμιώτατόν
1757 4907 1971 4982 μοικαὶ

313 5010 542 5080 πρᾶγμα
571 5003 658 5058 xui
691 4998 884 5076 ὄνομα,
917 5000 1084 5056 πλέον
1117 5001 1150 5070 ἢ
1177 5001 1315 5056 κατὰ
1341 4998 1467 5061 τοὺς
1516 4997 1720 5061 ἄλλους
1770 4997 1974 5075 μάρτυ-

318 5114 413 5171 ρας
469 5093 688 5171 (φθόνος
731 5093 835 5168 γὰρ
894 5087 1069 5152 οὐδεὶς
1125 5090 1273 5166 παρὰ
1327 5088 1613 5164 μαρτύρων
1665 5087 1973 5162 μάρτυσιν)’

392 5339 502 5409 (59)
531 5337 601 5390 Τὸ
637 5332 1004 5409 μήγκατόπιν,
1025 5338 1134 5389 etc.
1171 5333 1290 5388 Ηοο
1329 5332 1633 5405 proverbio
1676 5334 1977 5403 notantur,

320 5409 419 5481 qui
453 5406 644 5481 serius
673 5408 743 5462 ad
776 5406 1188 5481 remaliquam
1224 5409 1560 5481 occurrunt.

391 5484 506 5550 (60)
541 5479 799 5538 Γεύσεως.
833 5479 991 5551 (ΞΟΠ),
1025 5475 1075 5542 1,
1103 5475 1356 5551 ῥᾲεῦσεως,
1381 5500 1409 5527 ‹‹
1439 5477 1628 5548 prima
1660 5475 1979 5551 finitionem

324 5547 604 5608 nimirum
640 5556 871 5622 peccato
895 5547 1186 5622 originali,
1215 5566 1282 5604 ex
1305 5565 1419 5620 quo
1449 5552 1535 5604 tot
1566 5547 1718 5603 mala
1743 5548 1978 5618 ﬂuxere,

327 5624 984 5701 terrisqueincubuere.
1395 5692 1409 5701 _
1488 5690 1501 5701 ,
1686 5690 1701 5701 ,
1806 5690 1822 5701 _
1901 5690 1912 5701 ,

393 5690 870 5768 (61)Ἐύκοσμίαν.
932 5694 1111 5768 Regg.
1172 5709 1226 5759 a,
1278 5708 1331 5763 ο,
1378 5692 1436 5759 d,
1488 5690 1611 5764 bm,
1670 5690 1978 5747 duodecim

393 5708 504 5768 (61)
548 5708 870 5766 Ευκοσμιαν.
932 5708 1111 5810 ιξοεὲ.
1172 5709 1188 5747 ε

328 5767 514 5840 Golb.,
546 5768 641 5826 0r.
677 5769 728 5840 1,
759 5770 892 5838 etc.,
926 5761 1188 5836 ευδο,ίαν.

2175 3045 2271 3101 IV.
2311 3045 2585 3100 Omnium
2618 3046 2856 3116 quidem
2893 3050 3216 3119 martyrum
3270 3049 3553 3103 memoria
3603 3048 3754 3104 cele-

2099 3134 2322 3188 branda
2374 3139 2481 3199 est,
2531 3135 2946 3205 omnibusque,
2996 3142 3054 3190 et
3099 3135 3334 3207 linguas,
3386 3143 3442 3190 et
3473 3155 3665 3208 aures,
3699 3143 3757 3194 et

2102 3230 2324 3280 mentes
2359 3231 2626 3295 prompte
2657 3225 3003 3294 aperiendae,
3036 3230 3102 3280 ut
3133 3227 3201 3279 de
3240 3242 3440 3280 eorum
3476 3225 3755 3282 laudibus

2101 3313 2347 3369 libenter
2395 3313 2614 3381 aliquid
2667 3315 2926 3368 dicamus
2970 3321 3027 3368 et
3075 3314 3406 3378 audiamus,
3440 3315 3754 3384 omniaque

2099 3401 2213 3456 alia
2243 3419 2442 3456 eorum
2479 3403 2899 3466 certaminibus
2933 3403 3205 3458 inferiora
3235 3419 3362 3458 esse
3384 3420 3752 3462 censeamus.

2096 3490 2221 3544 Non
2254 3507 2385 3545 cum
2420 3491 2604 3544 multa
2636 3509 2739 3544 nos
2767 3492 2835 3544 ad
2873 3491 3129 3546 melioris
3177 3491 3305 3546 vitae
3349 3493 3609 3546 studium
3645 3495 3754 3547 du-

2096 3582 2250 3646 cant,
2312 3583 2490 3648 atque
2549 3579 2617 3631 ad
2655 3579 2924 3632 virtutem
2949 3580 3238 3646 erudiant,
3279 3581 3443 3645 ratio,
3476 3580 3586 3648 lex,
3622 3599 3754 3653 pro-

2097 3667 2303 3736 phetae,
2335 3665 2604 3737 apostoli,
2637 3667 2849 3720 Christi
2893 3667 3208 3733 cruciatus,
3230 3670 3753 3741 Christi,inquam,

2093 3755 2268 3827 primi
2301 3755 2593 3827 martyris.
2630 3756 2729 3826 qui
2764 3772 2994 3845 crucep)
3023 3759 3384 3827 conscendit,
3422 3776 3628 3831 meque
3662 3776 3754 3815 se-

2092 3861 2224 3898 cum
2258 3845 2445 3910 duxit,
2485 3849 2546 3898 ut
2579 3850 2880 3915 peccatum
2914 3862 3109 3900 meum
3148 3847 3431 3919 affigeret,
3454 3853 3509 3903 et
3538 3851 3607 3905 de
3640 3868 3758 3906 ser-

2093 3937 2264 4003 pente
2294 3931 2704 4002 tr:umpharet,
2739 3937 2795 3986 et
2826 3933 3196 3988 sanctitatem
3231 3933 3388 4005 ligno
3421 3936 3669 4002 aiferret,
3701 3942 3758 3993 et

2090 4019 2446 4091 voluptatem
2498 4021 2774 4086 vinceret,
2806 4028 2862 4075 et
2896 4022 3181 4076 Adamum
3218 4026 3418 4093 primas
3450 4024 3756 4080 incolumi-

2089 4112 2194 4164 tati
2231 4111 2582 4176 restitueret,
2617 4126 2683 4164 ac
2733 4109 3068 4180 prolapsam
3127 4109 3448 4183 imaginem
3510 4114 3758 4187 erigeret

2089 4204 2263 4270 atque
2288 4199 2670 4254 instauraret:
2688 4215 2822 4252 cum
2847 4203 2954 4263 tot,
2971 4199 3215 4268 inquam
3235 4203 3518 4271 tantaque
3541 4202 3753 4256 habea-

2088 4305 2247 4354 mus,
2281 4305 2394 4342 non
2430 4288 2629 4342 minus
2659 4293 2855 4342 tamen
2890 4292 2960 4342 ad
2992 4287 3166 4342 vitam
3230 4293 3382 4342 recte
3438 4290 3754 4347 instituen-

2086 4379 2222 4432 dam
2287 4378 2457 4432 nobis
2502 4376 2780 4431 utilitatis
2809 4376 3062 4431 afferunt
3092 4379 3398 4449 martyres,
3433 4377 3555 4433 haec
3586 4380 3753 4437 holo—

2087 4474 2290 4521 eausta
2321 4467 2545 4521 ratione
2605 4466 2872 4537 praedita,
2933 4465 3179 4520 victimae
3242 4467 3531 4538 per"ectae,
3591 4469 3754 4526 obla-

2083 4557 2272 4610 tiones
2334 4556 2448 4609 Deo
2506 4560 2686 4626 gratae
2742 4560 2796 4609 et
2841 4558 3111 4626 accepta},
3143 4553 3403 4610 veritatis
3437 4559 3750 4628 praeconia,

2083 4643 2375 4699 mendacii
2408 4645 2564 4698 440
2596 4644 3042 4714 proscissiones,
3074 4642 3241 4715 legis,
3276 4660 3404 4715 quae
3462 4645 3750 4716 spirituali

2081 4733 2256 4788 modo
2314 4731 2686 4802 intelligitur,
2721 4731 2989 4803 expletio,
3022 4731 3238 4787 erroris
3267 4734 3592 4805 oppressio,
3623 4735 3750 4790 vitii

2082 4822 2408 4879 insectatio,
2440 4822 2663 4890 peccati
2694 4822 3004 4884 diluvium,
3041 4821 3248 4876 mundi
3276 4822 3570 4880 lustratio.

2155 4910 2216 4964 V.
2251 4910 2399 4964 Tum
2420 4915 2499 4964 “tu
2536 4909 2703 4975 mihi,
2732 4909 3037 4981 Cypriane,
3072 4915 3129 4965 et
3159 4927 3221 4966 re
3253 4915 3311 4966 et
3340 4912 3579 4968 nomine
3606 4913 3749 4969 cha-

2083 4997 2339 5068 rissime,
2372 5015 2552 5069 supra
2582 5004 2820 5055 caeteros
2873 5004 3161 5071 martyres
3219 4999 3606 5059 celebrandus
3658 5019 3751 5061 oc-

2083 5087 2275 5145 curris
2332 5088 2461 5160 (nec
2487 5088 2645 5142 enim
2679 5089 2994 5145 verendum
3027 5092 3136 5159 est,
3171 5105 3243 5146 ne
3273 5094 3560 5164 martyres
3590 5107 3748 5150 mar-

2162 5332 2269 5402 (62)
2306 5329 2394 5390 Εἷς
2452 5328 2676 5406 ὁδηγίαν
2735 5334 2831 5406 τοῦ
2883 5329 3216 5406 κρεζττονος.
3252 5334 3457 5406 ((701183
3510 5350 3618 5392 nos
3675 5337 3746 5392 ad

2091 5402 2272 5459 Deum
2307 5402 2605 5478 vitamque
2641 5402 2936 5458 meliorem
2973 5404 3262 5459 ducant.»
3296 5405 3623 5478 Utrumque
3654 5424 3747 5462 so-

2091 5483 2191 5530 nat
2224 5494 2328 5529 vox
2358 5472 2575 5547 οδηγία.

2164 5549 2275 5618 (63)
2311 5544 2506 5619 λόγου.
2543 5548 2712 5619 Deest
2741 5546 2799 5600 in
2829 5545 3008 5619 Oxon.

2165 5615 2278 5691 (64)
2327 5615 2724 5690 [Ιαιδαγωγίαν.
2761 5640 2788 5666 ‹‹
2823 5619 2906 5671 Ad
2955 5616 3470 5688 institutionem,»
3522 5618 3745 5676 scilicet

2089 5692 2212 5746 tam
2247 5691 2378 5746 ﬁdei
2411 5708 2590 5762 quam
2625 5706 2874 5745 morum.
