4110 6436
347 457 500 520 H75

1601 457 1664 518 S.
1714 458 2086 518 Gl—lEGORlI
2132 456 2524 519 THEOLOGI

3615 458 3774 524 1176

345 591 572 664 tyribus
601 587 946 661 invideant),
979 591 1150 660 atque
1181 591 1239 643 et
1289 588 1503 646 virtute
1558 594 1662 645 tua
1718 591 2002 663 majorem

2121 587 2212 643 καὶ
2244 592 2338 643 σοῦ
2390 586 2756 667 διαφερόντως
2803 585 3051 661 ἤττημαί
3097 609 3156 643 τε
3204 594 3305 658 τῆς
3335 589 3552 666 ἀρετῆς,
3581 589 3671 645 καὶ
3700 594 3770 665 τῇ

343 681 403 736 in
437 681 674 736 modum
709 679 954 750 afﬁcior,
978 683 1034 734 et
1065 679 1344 734 memoria
1376 696 1619 750 recreor,
1645 697 1708 735 ac
1733 697 1847 752 prae
1871 697 2008 753 gau-

344 770 439 825 dio
471 770 636 839 quasi
671 768 1009 842 lymphatas
1041 769 1213 837 feror,
1246 773 1303 822 et
1333 770 1769 840 quodammodo
1803 770 1862 824 in
1911 787 2007 825 eo-

344 860 476 915 dem
513 864 704 914 tecum
739 858 1016 928 martyrio
1039 858 1793 930 versor,dimicationisque
1815 859 2009 914 socius

343 955 401 1004 et
431 948 726 1021 particeps
757 964 912 1014 sum,
947 963 1010 1000 ac
1041 950 1198 1001 totus
1231 948 1300 1001 ad
1334 952 1390 1002 te
1421 952 1657 1004 transeo
1691 966 1703 1002 :
1739 950 1857 1004 sive
1915 965 2006 1003 me

344 1039 450 1093 tibi
511 1039 776 1092 doctrina
828 1041 883 1091 et
914 1035 1248 1107 eloquentia
1280 1037 1569 1104 conciliet,
1603 1055 1720 1109 qua
1748 1043 1808 1093 tu
1843 1042 2005 1092 tanto

343 1125 601 1198 reliquos
634 1125 911 1180 mortales
943 1125 1232 1195 anteibas,
1260 1130 1480 1196 quanto
1512 1127 1735 1182 ratione
1769 1127 2007 1198 prsidita

348 1216 540 1271 brutis
574 1214 974 1269 animantibus
999 1217 1280 1285 prastant
1310 1214 1396 1285 (fit
1427 1216 1606 1280 enim,
1641 1216 1839 1271 nescio
1891 1232 2006 1287 quo

345 1309 764 1378 pacto,ut,non
798 1304 994 1358 minus
1024 1303 1177 1357 inter
1207 1304 1446 1374 eos,qui
1481 1306 1659 1359 studii
1697 1306 2002 1376 cujusdam

342 1398 517 1466 atque
575 1393 830 1448 instituti
890 1392 1126 1447 nomine
1181 1393 1336 1447 inter
1383 1410 1444 1449 se
1476 1395 1795 1464 conjuncti,
1828 1411 2004 1465 quam

342 1484 442 1555 qui
474 1483 781 1538 affinitatis
812 1486 868 1537 et
894 1483 1430 1553 consanguinitatis
1461 1483 1693 1538 vinculo
1739 1484 1893 1537 inter
1945 1501 2007 1538 se

339 1573 590 1628 devincti
649 1575 808 1639 sunt,
871 1588 1038 1627 amor
1081 1571 1422 1644 coalescat);
1460 1573 1569 1627 sivi
1601 1573 1655 1627 id
1690 1574 2004 1643 repentinis

339 1667 396 1717 et
426 1661 760 1717 admirabili
795 1660 1108 1716 mutationi
1140 1665 1280 1727 tum,
1305 1678 1433 1733 qua:
1466 1662 1580 1716 vim
1615 1679 1848 1718 omnem
1883 1679 2007 1718 ora-

338 1752 518 1808 tionis
550 1751 793 1819 excedit,
828 1749 1107 1821 omnique
1139 1749 1403 1821 exemplo
1463 1751 1836 1822 prazstantior
1893 1757 2005 1818 est,

339 1840 630 1912 assignari
681 1839 910 1894 debeat.
945 1839 1091 1893 Nam
1126 1838 1210 1892 sol
1245 1839 1420 1894 etiam
1454 1845 1586 1911 post
1618 1841 1856 1907 nubem,
1891 1857 2008 1911 qua

339 1930 505 2001 prius
537 1927 1302 1997 obducebatur,jucundior
1335 1925 1641 1995 illucescit;
1663 1932 1720 1983 et
1750 1945 1848 1983 ver
1876 1933 2009 1999 post

2122 680 2312 752 μνήμῃ
2339 679 2694 754 κουφίζομαι,
2728 677 2815 732 καὶ
2850 676 3029 754 ὥσπερ
3077 676 3261 740 ἔνθους
3305 679 3390 756 ὑφ’
3433 675 3633 748 ἡδονῆς
3683 680 3771 755 γί-

2115 789 2298 840 νομαι,
2331 767 2420 821 καί
2449 789 2570 821 τινα
2620 766 2821 843 τρόπον
2865 765 3076 838 σύνειμί
3122 789 3180 820 τε
3227 772 3295 840 τῇ
3350 769 3637 843 μαρτυρίᾳ,
3681 769 3772 823 καὶ

2115 861 2358 911 κοινωνῶ
2386 863 2484 926 τῆς
2520 854 2827 926 ἀθλήσεως,
2857 856 2945 910 καὶ
2989 855 3120 918 ’ὀλος
3335 857 3471 932 πρὸς
3529 858 3586 912 σὶ
3649 877 3774 931 μετ-

2119 946 2407 1018 ανίσταμαι
2433 964 2444 977 ·
2483 947 2628 1022 τάχα
2664 946 2756 1018 μὲν
2793 943 2882 998 διὰ
2908 946 3007 1014 τήν
3040 949 3147 999 τῶν
3175 945 3352 1021 λόγων
3388 945 3775 1017 οἰκείωσιν,οἷς

2116 1039 2374 1090 τοσοῦτον
2420 1039 2526 1089 τῶν
2588 1034 2773 1090 ἀλλων
2827 1033 3088 1108 ἐκράτεις,
3137 1034 3260 1088 ὅσον
3309 1035 3376 1089 τά
3424 1033 3628 1109 λογικά
3674 1043 3777 1104 τῆς

2116 1124 2324 1200 ἀλόγου
2369 1123 2579 1202 φύσεως
2633 1123 3056 1198 (συνεισέρχεται
3123 1125 3247 1198 γὰρ,
3301 1123 3399 1177 οὐκ
3442 1121 3545 1177 οἷδ’
3594 1122 3770 1193 ὅπως,

2117 1211 2342 1290 φίλτρον
2370 1218 2486 1274 τοῖς
2517 1214 2652 1266 κατά
2679 1235 2732 1267 τι
2792 1210 3240 1284 συναπτομένοις,
3291 1211 3398 1288 οὐχ
3447 1215 3608 1280 ἧττον
3660 1218 3777 1272 τοῖς

2117 1302 2338 1363 λοιποῖς
2385 1304 2720 1377 πράγμασιν,
2771 1301 2804 1369 ἢ
2854 1307 2972 1362 τοῖς
3003 1300 3126 1375 περὶ
3152 1301 3462 1376 ἀγχιστείαν
3496 1299 3772 1373 α’ίματος)·

2113 1393 2260 1466 τάχα
2309 1389 2365 1445 δὲ
2415 1389 2501 1445 διὰ
2547 1391 2610 1445 τὸ
2656 1397 2756 1459 τῆς
2813 1385 3127 1462 μεταϐολῆς
3178 1390 3368 1465 ἀθρόον
3400 1391 3572 1444 τεκαὶ
3607 1391 3776 1466 παρά-

2117 1478 2293 1550 δοξον,
2328 1481 2357 1535 ὅ
2387 1486 2629 1556 κρεῖττον
2664 1483 2776 1553 (66)
2808 1478 2978 1553 λόγου
3011 1479 3099 1533 καὶ
3133 1478 3591 1554 παραδείγματος.
3625 1481 3775 1534 Ἐπεὶ

2115 1569 2288 1645 γλυκὺ
2325 1571 2418 1643 μὶν
2470 1569 2628 1638 ἣλιος
2681 1569 2814 1641 μετά
2843 1567 3022 1647 νέφος,
3057 1569 3102 1640 ᾧ
3130 1567 3267 1629 τέως
3294 1568 3726 1623 συνεκαλύπτετο
3760 1589 3771 1600 ·

2116 1658 2342 1735 γλύκιον
2403 1657 2460 1713 δέ
2515 1660 2577 1714 τὸ
2637 1655 2752 1734 ἔαρ,
2811 1657 2892 1713 δτι
2957 1658 3090 1731 μετᾶ
3143 1662 3422 1733 χειμῶνος
3452 1660 3771 1735 κατήφειαν·

2116 1746 2286 1818 ἡδίων
2325 1745 2381 1803 δὲ
2415 1746 2680 1821 μειδιῶσα
2719 1746 2961 1822 γαλήνη,
3011 1747 3100 1801 καὶ
3151 1746 3393 1801 θάλασσα
3440 1746 3770 1820 ἡπλωμένη,

2114 1839 2205 1893 καὶ
2238 1844 2354 1899 ταῖς
2379 1839 2564 1900 ἀκταῖς
2606 1836 3014 1911 προσπαίζουσα
3047 1835 3180 1910 μετᾶ
3209 1835 3526 1908 πνευμάτων
3567 1835 3769 1905 στάσιν,

2117 1927 2206 1981 καὶ
2240 1924 2501 1982 ὠδίνοντα
2532 1929 2646 2000 (67)
2675 1925 2912 1999 κύματα.

338 2016 553 2072 hiemis
583 2016 883 2072 tristitiam
917 2014 1150 2070 dulcius
1180 2019 1303 2083 est;
1337 2016 1569 2071 suavior
1598 2015 1771 2071 etiam
1807 2022 2048 2088 apparet
2080 2018 2277 2074 ridens
2303 2017 2725 2089 tranquillitas,
2755 2022 2813 2072 et
2839 2032 3162 2088 expansum
3195 2031 3260 2071 ac
3292 2019 3565 2087 pacatum
3595 2031 3776 2078 mare,

338 2121 497 2172 cum,
530 2110 663 2177 post
692 2107 992 2160 ventorum
1024 2105 1375 2175 tumultum,
1404 2109 1461 2160 et
1487 2109 1885 2161 tumescentes
1917 2111 2150 2174 ﬂuctus,
2179 2106 2479 2162 littoribus
2512 2105 2741 2162 alludit.

400 2194 497 2250 Vl.
533 2194 634 2250 Hic
659 2194 1006 2266 Cyprianus,
1039 2210 1071 2248 ο
1101 2194 1209 2248 viri
1241 2198 1330 2263 (ut
1381 2198 1437 2248 et
1494 2194 1595 2264 qui
1656 2194 1866 2262 nostis,
1928 2212 1996 2251 ex

2180 2196 2239 2264 ζ’.
2275 2194 2443 2256 Οὗτος
2475 2194 2798 2270 Κυπριανὸς,
2834 2193 2879 2247 ὧ
2911 2188 3095 2267 ἄνδρες
3137 2188 3245 2263 (iv:
3293 2192 3343 2245 oi.
3395 2193 3488 2264 μὲν
3541 2188 3768 2259 εἰδότες,

329 2284 462 2356 ipsa
491 2284 1055 2338 commemoratione
1086 2284 1372 2354 majorem
1403 2283 1764 2355 voluptatem
1799 2284 1997 2356 capia-

330 2372 431 2441 tis,
465 2377 520 2427 et
552 2371 652 2444 qui
685 2372 987 2444 ignoratis,
1016 2372 1322 2427 historiam
1357 2373 1622 2428 omnium
1660 2379 1998 2430 nostrarum

334 2461 1153 2533 pulcherrimam,commune
1185 2461 1655 2518 Christianorum
1689 2465 1889 2534 decus,
1912 2470 1998 2520 at-

329 2568 442 2623 que
463 2555 877 2606 ornamentum
905 2550 1189 2621 discetis),
1215 2552 1331 2620 hic,
1357 2552 1624 2623 inquam,
1649 2555 1997 2625 Cyprianus,

330 2656 617 2712 magnum
649 2641 948 2712 quondam
980 2641 1554 2714 Carthaginensium,
1591 2659 1746 2698 nunc
1802 2647 1996 2698 autem

327 2730 513 2786 totius
545 2730 704 2785 orbis
737 2746 972 2797 nomen,
993 2730 1204 2802 opibus
1238 2731 1618 2803 conspicuus,
1642 2733 1901 2802 potentia
1931 2733 2000 2788 il-

329 2818 788 2892 lustris,genere
819 2819 1013 2874 clarus
1045 2820 1364 2892 (siquidem
1385 2820 1707 2876 maximum
1729 2821 2002 2877 nobilita-

329 2909 410 2964 tis
440 2913 858 2980 argumentum
891 2912 1346 2976 est,senatorem
1371 2926 1520 2977 esse,
1541 2909 2002 2982 primariamque

331 2997 395 3052 in
427 3013 494 3052 eo
525 2997 729 3052 ordine
755 2998 955 3053 sedem
987 2998 1291 3070 oblinere),
1313 2999 1420 3054 flos
1450 3000 1795 3070 iuventutis,
1815 2999 2006 3056 elabo-

336 3091 535 3142 ratum
587 3091 806 3142 naturae
866 3104 1036 3160 opus,
1099 3087 1374 3143 doctrinae
1430 3088 1819 3160 principatus,
1880 3095 2001 3144 tam

333 3175 780 3248 philosophicas,
801 3193 979 3248 quam
1013 3177 1273 3247 cujusvis
1306 3178 1548 3233 alterius
1579 3178 1808 3248 generis
1835 3178 2005 3232 disci-

335 3264 532 3338 plinas,
563 3264 740 3336 idque
773 3281 1128 3337 quacunque
1159 3269 1322 3336 parte
1354 3282 1452 3322 eas
1486 3272 1750 3338 spectare
1808 3265 2002 3322 volue-

336 3354 442 3422 ris;
468 3354 612 3409 adeo
669 3358 733 3409 ut
765 3355 821 3409 in
856 3358 1017 3426 eo,et
1046 3353 1342 3410 variarum
1376 3356 1593 3411 artium
1620 3356 1877 3428 cognitio
1904 3357 2008 3410 mi-

334 3444 581 3501 rabilior
610 3451 786 3513 esset,
808 3463 982 3517 quam
1017 3445 1389 3520 singularum
1421 3451 1622 3502 exacta
1666 3453 1722 3503 et
1753 3448 2007 3518 perfecta

335 3534 608 3601 scientia,
639 3540 696 3590 et
726 3553 935 3592 sursus
967 3535 1337 3608 singularum
1369 3537 1660 3608 exquisita
1699 3542 1756 3592 et
1813 3537 2005 3593 modis

2109 2281 2300 2354 ⁴ἡδίους
2334 2283 2563 2358 γένησθε
2612 2287 2720 2353 (68)
2764 2286 2833 2356 τῇ
2868 2283 3196 2355 ὑπομνήσει,
3259 2283 3310 2336 οἱ
3345 2279 3402 2336 δὲ
3432 2281 3772 2356 ἀγνοοῦντες,

2114 2372 2323 2446 μάθητε
2351 2374 2414 2428 τὸ
2439 2371 2734 2430 κάλλιστον
2767 2376 2874 2428 τῶν
2907 2373 3191 2447 ἡμετέρων
3245 2368 3629 2446 διηγημάτων,
3677 2371 3766 2424 καὶ

2108 2464 2207 2532 τὴν
2238 2464 2426 2530 κοινὴν
2463 2465 2797 2538 Χριστιανῶν
2833 2461 3195 2539 φιλοτιμίαν),
3242 2459 3397 2522 οὗτος
3444 2459 3665 2528 ἐκεῖνος,
3709 2459 3772 2514 τὸ

2114 2554 2250 2629 μέγα
2295 2553 2425 2606 ποτὲ
2471 2549 2864 2628 Καρχηδονίων
2918 2547 3110 2622 ὄνομα,
3162 2554 3251 2603 νῦν
3301 2547 3356 2603 δὲ
3385 2556 3485 2618 τῆς
3519 2549 3770 2620 οἰκουμέ-

2108 2663 2206 2711 νης
2268 2640 2504 2710 ἀπάσης,
2564 2642 2592 2695 ὁ
2649 2639 2877 2713 πλούτῳ
2928 2639 3253 2716 περιφανὴς,
3313 2637 3402 2692 καὶ
3488 2637 3768 2709 δυναστείᾳ

2109 2725 2498 2806 περίϐλεπτος,
2531 2729 2621 2784 καὶ
2673 2728 2815 2804 γένει
2865 2748 3143 2804 γνωριμος
3191 2723 3270 2801 (εἷ’
3290 2748 3350 2802 γε
3385 2728 3638 2801 μέγιστον
3693 2726 3770 2788 είς

2111 2819 2378 2894 εὐγενείας
2403 2816 2698 2891 ἀπόδειξιν,
2751 2816 3062 2894 συγκλήτου
3117 2815 3320 2891 βουλῆς
3373 2816 3626 2888 μετουσία
3682 2815 3772 2870 καὶ

2109 2907 2417 2985 προεδρία),
2465 2909 2528 2964 τὸ
2590 2915 2688 2978 τῆς
2738 2907 2994 2977 νεότητος
3047 2905 3228 2972 ἄνθος,
3285 2905 3347 2959 τὸ
3405 2912 3504 2974 τῆς
3555 2904 3768 2983 φύσεως

2112 2997 2337 3074 ἄγαλμα
2392 2999 2524 3070 (69),
2574 2997 2636 3051 τὸ
2689 3001 2795 3050 τῶν
2855 2995 3034 3072 λόγων
3079 2993 3300 3068 κράτος,
3350 2999 3456 3048 τῶν
3520 3015 3576 3049 τε
3631 2995 3769 3048 κατὰ

2113 3085 2465 3165 φιλοσοφίαν,
2517 3085 2606 3140 καὶ
2640 3084 2756 3140 ὅσοι
2787 3093 2887 3154 τῆς
2920 3082 3099 3153 ἄλλης
3132 3081 3484 3152 παιδεύσεως,
3517 3085 3606 3138 καὶ
3642 3083 3771 3138 τού-

2110 3199 2217 3233 των
2251 3173 2279 3230 ὅ
2318 3175 2506 3253 βούλει
2543 3176 2727 3251 μέρος·
2772 3176 2846 3238 ὡς
2886 3173 3097 3248 μᾶλλον
3137 3174 3230 3247 μὶν
3261 3174 3324 3228 τὸ
3356 3172 3610 3228 ποικίλον
3643 3174 3676 3243 ἢ
3711 3173 3777 3227 τὸ

2114 3264 2275 3342 ἄκρον
2310 3266 2361 3320 έν
2397 3266 2602 3337 έκάστῳ
2634 3265 3016 3336 θαυμάζεσθαι,
3054 3263 3266 3336 μᾶλλον
3300 3260 3357 3317 δὲ
3387 3263 3447 3316 τὸ
3479 3261 3770 3335 εὐδόκιμον

2115 3357 2165 3410 ἰν
2201 3357 2409 3426 ἑκάστῳ
2441 3361 2540 3423 τῆς
2570 3354 2693 3428 περὶ
2724 3353 2896 3407 πάντα
2924 3352 3272 3426 πολυμαθίας
3311 3354 3445 3426 (70)·
3471 3350 3631 3421 ἢ,’ίνα
3663 3349 3775 3406 διέ-

2115 3444 2197 3500 λω
2230 3445 2575 3521 σαφέστερον,
2607 3447 2714 3498 τῶν
2754 3443 2846 3516 μὲν
2875 3447 2952 3514 τῷ
2983 3441 3369 3514 ποικίλῳ,τῶν
3405 3439 3461 3496 δὲ
3489 3446 3568 3513 τῷ
3600 3443 3771 3518 ἄκρῳ,

2116 3533 2226 3589 ἔστι
2260 3531 2317 3588 δὶ
2347 3531 2420 3586 ὧν
2451 3533 2806 3611 ἀμφοτέροις,
2838 3537 2967 3586 πᾶσι
3000 3529 3057 3586 δέ
3087 3529 3299 3586 πάντων
3343 3529 3573 3607 ἐκράτει.

333 3624 614 3680 omnibus
650 3625 919 3681 absoluta
953 3626 1243 3697 perceptio
1275 3625 1408 3698 plus
1441 3627 1848 3682 admirationis
1881 3627 2140 3694 haberet,
2173 3642 2352 3699 quam
2384 3625 2678 3680 variarum
2722 3624 2939 3679 artium
2971 3621 3212 3678 collecta
3243 3622 3486 3677 scientia
3515 3638 3528 3676 :
3562 3620 3672 3687 vel,
3705 3626 3771 3677 ut

335 3714 614 3786 apertiori
646 3714 1022 3771 distinctione
1069 3716 1192 3771 haec
1240 3717 1546 3788 explicem,
1581 3717 1728 3774 alios
1781 3717 2118 3790 multiplici,
2151 3715 2298 3772 alios
2350 3715 2642 3787 profunda
2685 3730 2882 3770 rerum
2939 3712 3291 3786 cognitione,
3324 3711 3470 3768 alios
3520 3716 3774 3785 utraque

341 3800 537 3869 laude,
567 3819 772 3859 omnes
803 3808 1000 3858 autem
1030 3804 1271 3860 omnino
1303 3810 1626 3877 superaret.

411 3911 560 3965 441
597 3909 720 3964 VII.
751 3912 829 3965 Ac
860 3911 1253 3966 eruditionem
1286 3912 1524 3984 quidem
1557 3911 1691 3967 libri
1723 3912 1836 3984 ipsi
1881 3916 2002 3968 tes-
2033 3920 2077 3987 ο

336 4001 562 4070 tantur,
589 4016 734 4070 quos
765 3999 863 4055 ille
893 3999 1227 4072 complures
1259 4005 1316 4057 et
1345 4001 1673 4058 luculentas
1703 4019 1806 4074 pro
1840 4001 2010 4058 nobis

340 4088 710 4161 conscripsit,
770 4095 1156 4162 posteaquam
1217 4090 1345 4159 Dei,
1402 4092 1504 4163 qui
1534 4091 1734 4147 omnia
1764 4091 1921 4157 facit,
1953 4095 2009 4146 et

341 4181 537 4234 mutat
571 4179 640 4244 i‘,
675 4179 1060 4252 benignitate,
1095 4180 1422 4236 doctrinam
1457 4197 1626 4236 suam
1675 4180 1734 4233 in
1795 4180 2007 4235 melius

340 4267 667 4339 transtulit,
687 4274 863 4339 atque
895 4267 1279 4324 stoliditatem
1312 4268 1523 4324 rationi
1557 4269 1828 4339 subjecit.
1851 4269 2009 4332 Quis-

341 4372 478 4410 nam
507 4361 702 4410 autem
736 4357 873 4411 hinc
908 4356 1048 4410 mihi
1087 4358 1211 4427 jam
1271 4357 1489 4412 dicenti
1551 4359 1699 4413 ratio
1755 4359 2010 4413 tenenda

343 4441 440 4511 sit,
474 4449 532 4498 et
563 4460 678 4515 quo
713 4462 804 4501 me
835 4450 1081 4512 vertam,
1117 4446 1292 4518 plane
1321 4447 1582 4502 incertus
1613 4464 1768 4502 sum.
1792 4445 2009 4502 Vereor

343 4534 524 4599 enim,
550 4550 622 4588 ne
652 4535 830 4590 nimis
862 4534 1106 4607 longum
1139 4551 1204 4590 ac
1253 4552 1496 4608 prorsus
1529 4535 2006 4606 intempestivum

342 4637 676 4679 sermonem
734 4624 1006 4693 habeam,
1035 4625 1084 4680 si
1117 4624 1390 4699 Cypriani
1422 4625 1622 4682 omnia
1647 4641 2006 4682 commemo-

342 4713 526 4768 randa
557 4729 906 4786 suscepero;
939 4720 996 4771 et
1024 4731 1253 4784 rursus,
1286 4731 1358 4772 ne
1415 4716 1671 4772 maximo
1726 4732 1845 4781 eos,
1907 4714 2008 4786 qui

343 4801 581 4870 adsunt,
639 4803 990 4859 detrimento
1046 4804 1349 4873 mulctem,
1397 4805 1449 4861 si
1480 4805 1622 4878 quid
1655 4803 2004 4877 praeteriero.

346 4889 415 4946 Ut
438 4890 622 4962 igitur
651 4893 915 4950 medium
946 4894 1287 4966 quemdam,
1319 4893 1474 4950 inter
1503 4895 1787 4967 temporis
1817 4894 2006 4950 brevi-

413 5023 460 5058 “
485 5025 665 5081 Amos
694 5043 750 5093 v,
787 5026 842 5083 8.

409 5163 522 5305 (65)
552 5163 737 5226 ’Όλοτς⁴
770 5167 835 5224 In
868 5169 1188 5239 nonnullis,
1224 5168 1393 5233 ὅλως.

431 5236 523 5305 66)
553 5237 617 5289 ’Ὀ
644 5242 906 5305 κρεῖττον.
945 5243 1040 5299 Sic
1073 5247 1252 5305 Regg.
1282 5262 1334 5305 a.
1361 5261 1390 5300 c

431 5236 523 5318 66)
553 5237 617 5289 ’Ὀ
644 5242 906 5311 κρεῖττον.
945 5243 1040 5299 Sic
1073 5236 1252 5316 Regg.
1282 5262 1334 5312 a,
1361 5261 1410 5300 c.
1436 5245 1497 5314 d,
1520 5244 1620 5318 pb,
1647 5249 1753 5300 etc.
1788 5245 1849 5300 In
1882 5245 1999 5313 ed.,

335 5303 623 5377 κρείττων,

333 5375 518 5502 νᾷξξῐ)
550 5375 846 5435 Ὠδίνοντα.
901 5385 1194 5457 Interpres
1251 5386 1483 5441 videtur
1532 5387 1771 5460 legisse,
1825 5383 1998 5440 οἰδαί-

433 5520 528 5663 68)
560 5517 802 5604 Γένησθε.
840 5525 1039 5594 Savil.,
1071 5525 1330 5601 γένοισθε.

433 5592 502 5646 69
553 5596 661 5660 Της
692 5593 900 5663 φύσεως
949 5595 1189 5663 ἄγαλμα.
1226 5599 1330 5655 Ver

431 5592 523 5663 69)
553 5593 671 5675 T11:-
692 5593 900 5675 φύσεως
949 5592 1550 5675 ἄγαλμακνθιιῐιειοιιια
1602 5601 1805 5675 lingua
1855 5601 1998 5656 dici-

341 5672 477 5718 mus
510 5679 523 5717 :
553 5686 581 5713 «
613 5665 1062 5725 Cbmf-d'muv're
1095 5665 1164 5726 de
1195 5670 1251 5726 la
1282 5677 1508 5729 nature.
1537 5696 1565 5724 »

416 5736 528 5815 (7_O)
567 5734 960 5815 _Holup._10t'a:.
984 5809 998 5815 α
1023 5743 1112 5796 Sic
1141 5812 1153 5815 _
1180 5743 1377 5815 plures
1444 5746 1613 5801 codd.
1683 5743 1745 5800 In
1816 5745 1994 5815 Regg.

343 5811 398 5869 α.
449 5805 517 5872 ὀρθ
567 5805 690 5876 bm,
748 5805 850 5883 pb,
905 5805 1298 5885 πολυμαθέίας.
1357 5814 1421 5872 In
1479 5817 1595 5888 ed.,
1644 5805 1994 5892 φιλομαθίᾶξ,

2187 3914 2254 3966 Z'.
2291 3911 2414 3965 Τῶν
2477 3908 2572 3981 μὶν
2630 3904 2719 3962 οῦν
2776 3905 2955 3982 λόγων
3013 3904 3102 3960 καὶ
3158 3906 3209 3960 οἱ
3269 3903 3422 3981 λόγοι
3486 3922 3774 3978 μαρτυρες,

2123 3997 2222 4060 οίίς
2249 3995 2496 4059 πολλοὺς
2546 3997 2636 4052 καὶ
2687 3993 2979 4070 λαμπροὺς
3030 3993 3228 4055 ἐκεῖνος
3261 3993 3391 4066 ὑπὲρ
3419 3995 3578 4066 ἡμῶν
3627 4011 3780 4046 κατε-

2118 4082 2342 4161 ϐάλετο,
2374 4084 2560 4156 ἐπειδή
2622 4107 2685 4161 γε
2738 4087 3033 4160 μετήνεγκε
3082 4088 3214 4139 Θεοῦ
3265 4081 3647 4162 φιλανθρωπιᾳ
3674 4082 3774 4150 τὴν

2116 4174 2420 4249 παίδευσιν,
2485 4179 2584 4230 τοῦ
2641 4178 2931 4236 ποιοῦντος
2975 4174 3041 4228 τὰ
3087 4171 3261 4226 πάντα
3303 4172 3391 4227 καὶ
3449 4169 3775 4244 μετασκευά-

2120 4271 2326 4336 ζοντος,
2359 4265 2496 4341 πρὸς
2526 4263 2588 4318 τὸ
2627 4263 2840 4339 βέλτιον
2871 4264 3004 4337 (7i),
3056 4262 3252 4332 καὶτῷ
3301 4258 3457 4333 λόγῳ
3506 4261 3603 4329 τήν
3641 4258 3774 4314 ἀλο-

2117 4355 2240 4430 γίαν
2273 4354 2556 4410 ὐπέκλινεν
2582 4372 2595 4385 ·
2647 4353 2711 4406 τὸ
2762 4351 2818 4407 δὶ
2866 4351 3125 4418 ἐντεῦθεν,
3181 4351 3279 4405 οὐκ
3310 4349 3412 4404 οἷδ’
3445 4348 3596 4410 ὅπως
3626 4349 3774 4423 χρή-

2117 4465 2300 4517 σωμαι
2331 4447 2466 4515 (72),
2517 4447 2593 4514 τῷ
2649 4440 2804 4518 λόγῳ
2853 4441 2941 4496 καὶ
2974 4440 3052 4495 τίς
3101 4441 3366 4515 γένωμαι’
3416 4443 3533 4500 πῶς
3565 4438 3658 4510 μὶν
3697 4437 3772 4511 μή

2122 4534 2327 4608 μακρὸν
2364 4532 2626 4588 ἁποτείνω
2659 4530 2844 4606 λόγον,
2897 4529 2986 4585 καὶ
3036 4528 3317 4592 παντελῶς
3369 4527 3468 4602 ἔξω
3515 4531 3614 4582 τοῦ
3657 4547 3777 4581 και-

2120 4628 2239 4701 ροῦ,
2273 4623 2484 4678 πάντων
2512 4626 2617 4677 τῶν
2652 4624 2960 4696 Κυπριανοῦ
2997 4619 3366 4693 μεμνημένος·
3419 4620 3538 4678 πῶς
3591 4613 3648 4670 δὶ
3697 4615 3773 4687 μὴ

2115 4712 2183 4768 τὰ
2229 4713 2458 4787 μέγιστα
2508 4712 2776 4784 ζημιώσω
2822 4710 2947 4771 τοὺς
2995 4707 3265 4784 παρόντας
3311 4711 3430 4767 τοῖς
3481 4703 3778 4776 σιωπωμέ-

2115 4822 2255 4864 νοις.
2316 4805 2412 4856 "lv‘
2463 4799 2552 4855 οῦν
2591 4799 2758 4872 μέσην
2815 4795 3019 4872 βαδίσω
3049 4800 3146 4851 τοῦ
3176 4799 3388 4868 καιροῦ,
3423 4792 3512 4848 καὶ
3541 4796 3642 4847 τοῦ
3673 4789 3773 4846 πό-

2119 4892 2214 4947 θου
2241 4895 2346 4947 τῶν
2375 4883 2706 4959 ἀκουόντων,
2757 4886 2905 4943 οὓτω
2965 4906 3058 4960 μοι
3109 4882 3258 4940 δοκεῖ
3305 4880 3565 4952 ποιητέον
3621 4881 3773 4936 εἶναι’

2113 5194 2142 5222 ‹‹
2177 5169 2438 5226 discendi
2472 5167 2788 5241 cupiditas.
2819 5187 2841 5217 ι
3049 5237 3082 5241 _
3177 5239 3180 5241 Α
3225 5235 3237 5241 _
3444 5233 3456 5241 ,
3658 5229 3696 5241 ..

2186 5244 2298 5314 (71)
2343 5242 2482 5312 Πρὸς
2541 5229 2601 5294 τὸ
2663 5235 2902 5314 βέλτιον.
2965 5258 2990 5290 α
3049 5235 3383 5314 Doctrinam
3441 5233 3503 5314 in
3562 5229 3776 5313 melius

2112 5301 2441 5369 transtulit.
2468 5301 2495 5366 ᾧ)
2521 5314 2611 5368 Sic
2634 5301 2978 5367 vertendum
3004 5309 3434 5364 existimamus.
3458 5304 3590 5360 Haec
3617 5301 3774 5358 enim

2110 5388 2285 5441 verba
2318 5386 2625 5441 referimus
2658 5384 2729 5439 ad
2785 5382 3102 5455 μετήνεγκε,
3137 5381 3291 5455 quod
3325 5377 3599 5455 superius
3631 5373 3777 5446 legi-

2109 5463 2225 5514 tur.
2276 5457 2478 5512 Billius
2528 5461 2728 5513 autem
2777 5448 2844 5509 ea
2895 5448 3071 5508 refert
3127 5448 3198 5507 ad
3262 5448 3774 5523 μετασκευάζοντος,

2111 5530 2381 5600 quamvis
2415 5531 2474 5584 in
2507 5528 2791 5600 propheta
2819 5528 2997 5580 Amos
3045 5540 3159 5578 non
3191 5518 3526 5592 occurrant,
3555 5525 3613 5575 et
3643 5518 3772 5574 red-

2111 5598 2217 5666 dit,
2253 5624 2279 5649 ‹‹
2316 5608 2490 5672 atque
2508 5598 2583 5655 in
2617 5598 2828 5655 melius
2862 5601 3204 5672 commutat.
3232 5618 3259 5644 »

2181 5664 2656 5748 (72))(ῥήσωμαι.
2726 5672 2906 5742 Regg.
2969 5668 3026 5736 ά,
3086 5667 3186 5740 ph,
3247 5670 3304 5724 et
3365 5664 3460 5721 Or.
3522 5664 3572 5732 1,
3632 5678 3772 5734 κρη-

2109 5763 2296 5815 σομαι,
