4110 6450
402 433 559 495 H77

1271 436 1561 499 ORATIO
1604 438 1824 499 XXIV.
1860 472 1937 483 —
1968 439 2048 500 IN
2095 440 2419 503 LAUDEM
2466 444 2530 501 S.
2578 435 2975 502 CYPHIANI.

3668 435 3825 498 H78

394 563 467 618 τὰ
500 563 593 635 μὶν
630 560 774 618 ἄλλα
815 567 1065 638 παρεῖναι
1109 568 1227 626 τοῖς
1276 562 1498 638 εἰδόσιν,
1553 563 1882 621 ἐκδιδάσκειν
1926 566 2053 629 τοὺς

2171 574 2351 626 tatem
2382 574 2440 627 et
2468 572 2805 627 auditorum
2841 570 3249 642 cupiditatem,
3294 584 3532 624 cursum
3560 569 3815 627 teneam.

393 652 749 726 ἀγνοοῦντας,
800 652 947 726 εἴπερ
1009 650 1111 707 ε’ίσί
1162 674 1326 721 τινες,
1380 652 1457 707 ἵν’
1511 656 1810 733 ἀμφότεροι
1852 655 2063 732 εὐεργε-

2180 660 2300 714 haec
2335 660 2479 715 mihi
2522 661 2779 715 ineunda
2830 660 2975 715 ratio
3006 660 3281 714 videtur:
3325 662 3532 714 caetera
3580 657 3817 729 quidem

391 746 593 796 τῶνται
647 740 874 812 ὁμοίως,
924 742 1013 795 καὶ
1062 743 1114 795 οἱ
1170 739 1511 805 διδάσκοντες
1555 747 1622 797 τὲ
1673 743 1917 812 ἐκείνου,
1966 746 2056 799 καὶ

392 830 449 883 oi
514 831 869 901 μανθάνοντες
926 828 1138 900 ιξέπειδή
1198 831 1285 885 καὶ
1344 833 1405 885 τὸ
1471 836 1774 905 μεμνῆσθαι
1823 838 1919 888 τοῦ
1964 834 2053 887 ἀν-

394 915 545 993 δρὸς,
609 919 896 993 ἁγιασμὸς,
959 919 1048 973 καὶ
1109 918 1353 993 λέγιστον
1409 921 1482 982 εἰς
1540 922 1882 995 παράκλησιν
1934 923 2055 998 ἀρε-

386 1014 491 1075 τῆς
523 1008 551 1061 6
580 1004 793 1081 λόγος)’
831 1008 948 1069 ἑνὸς
983 1005 1039 1063 δὶ
1070 1009 1104 1077 ἢ
1140 1007 1233 1063 δύο
1284 1014 1390 1063 τῶν
1426 1009 1631 1065 ἐκείνου
1676 1008 1764 1065 διὰ
1801 1012 2051 1087 βραχέων

393 1095 826 1168 ἐπιμνησθῆναι,
859 1097 945 1151 xui
978 1097 1185 1152 τούτων
1228 1096 1329 1153 ὅσα
1380 1097 1519 1171 μηδὲ
1555 1097 1883 1173 βουλομένῳ
1915 1121 2050 1176 παρ-

396 1183 572 1239 ελθεῖν
607 1182 831 1238 δυνατόν
842 1230 852 1242 ,

2168 750 2491 803 scientibus
2523 750 2950 819 relinquam,ut
2976 749 3069 814 iis,
3096 748 3196 818 qui
3220 765 3287 802 ea
3316 748 3605 819 ignorant,
3639 747 3686 801 si
3719 747 3818 818 qui

2168 843 2365 893 tamen
2404 838 2547 893 tales
2580 843 3057 908 sunt,exponant,
3082 843 3259 908 atque
3289 853 3357 892 ex
3400 853 3467 891 ea
3496 853 3557 891 re
3586 836 3820 906 utrique

2166 944 2367 998 parem
2403 928 2716 984 utilitatem
2760 928 3013 998 capiant,
3074 931 3202 980 tum
3237 927 3337 998 qui
3386 924 3546 981 illius
3573 926 3819 981 virtutes

2164 1015 2398 1080 docent,
2431 1021 2556 1070 tum
2592 1015 2690 1087 qui
2743 1016 3059 1069 addiscunt
3110 1013 3608 1085 (quandoquidem
3640 1014 3819 1085 hujus

2163 1120 2399 1176 quoque
2427 1105 2537 1159 viri
2567 1105 2653 1159 vel
2687 1104 2813 1161 sola
2840 1103 3163 1159 recordatio
3216 1102 3528 1157 sanctitate
3557 1103 3816 1159 animam

2164 1192 2399 1261 imbuit,
2434 1193 2873 1265 maximumque
2914 1193 3144 1264 pondus
3173 1191 3245 1246 ad
3296 1191 3672 1247 excitandum
3704 1191 3816 1246 vir-

397 1275 545 1331 tutis
577 1276 841 1330 studium
876 1276 1051 1331 habet
1083 1277 1319 1348 oratio);
1353 1294 1458 1349 ego
1497 1294 1631 1334 vero
1662 1296 1730 1334 ex
1777 1279 1937 1335 illius
1981 1280 2155 1337 rebus
2187 1299 2371 1338 unum
2407 1287 2507 1337 aut
2535 1282 2783 1338 alterum
2831 1282 3081 1337 breviter
3125 1296 3435 1353 exponam,
3467 1297 3595 1352 qua
3642 1280 3817 1338 etiam

409 1363 589 1432 hujus
618 1363 847 1435 generis
878 1370 1038 1429 sunt,
1073 1371 1135 1419 ut
1164 1382 1250 1433 ea,
1288 1383 1358 1420 ue
1390 1367 1437 1421 si
1472 1370 1724 1423 maxime
1755 1370 1991 1440 quidem
2023 1368 2215 1438 velim,
2250 1372 2541 1442 praeterire
2572 1389 2803 1443 queam.

471 1452 551 1507 H'.
587 1453 990 1524 Μνησθήσομαι
1031 1450 1088 1507 δὶ
1136 1458 1233 1507 τοῦ
1283 1456 1550 1529 προτέρου
1607 1455 1746 1528 βίου,
1794 1456 1881 1510 καὶ
1928 1455 2050 1525 ἥτις

398 1537 547 1611 αὖτῷ
575 1539 761 1615 γέγονε
806 1540 1079 1612 σωτηρίας
1132 1539 1277 1614 ὁδὸς,
1314 1542 1401 1597 xui
1453 1544 1531 1604 τίς
1579 1546 1613 1613 ἡ
1644 1542 1865 1613 κλῆσις,
1896 1545 1983 1600 xui
2014 1548 2048 1615 ἡ

400 1628 538 1703 πρὸς
593 1628 656 1682 τὸ
711 1633 956 1705 κρεῖττον
1022 1632 1333 1701 μετάθεσις.
1392 1638 1597 1686 Ἐκεῖνο
1662 1634 1754 1704 μέν
1810 1655 1872 1708 γε
1931 1633 2049 1688 λίαν

397 1717 611 1793 ἀγεννὲς
669 1717 757 1771 καὶ
826 1720 1193 1794 μικρόψυχον,
1242 1718 1441 1775 ο”εσθαι
1491 1716 1903 1790 καθυϐηίζεσθαι
1959 1724 2050 1777 τὸν

396 1804 647 1875 ἀθλητὴν
680 1810 747 1880 τῇ
786 1810 973 1880 μνήμῃ
1014 1813 1119 1862 τῶν
1172 1809 1521 1885 σκαιοτέρων.
1573 1811 1723 1865 Ἐπεὶ
1774 1810 1916 1865 οὕτω
1964 1813 2053 1866 καὶ

2233 1460 2377 1515 VIII.
2412 1460 2611 1516 Dicam
2647 1477 2835 1533 porro,
2869 1476 2997 1532 quae
3030 1458 3240 1531 prioris
3272 1458 3461 1530 ipsius
3508 1458 3637 1513 vitae
3669 1458 3817 1514 ratio

2163 1548 2358 1616 fuerit,
2390 1566 2517 1621 quae
2549 1549 2757 1605 salutis
2788 1549 2897 1615 via,
2934 1566 3060 1621 quas
3087 1548 3333 1616 vocatio,
3368 1563 3497 1618 quas
3524 1547 3584 1602 in
3617 1546 3819 1602 melio-

2163 1653 2282 1693 rem
2307 1640 2435 1693 vitaa
2464 1643 2684 1694 statum
2717 1639 2982 1694 mutatio.
3035 1638 3319 1709 Equidem
3364 1654 3463 1692 eos
3494 1636 3812 1692 admodum

2164 1726 2354 1795 ignavi
2387 1732 2561 1800 atque
2593 1727 2803 1798 abjecti
2838 1726 3023 1782 animi
3054 1743 3182 1782 esse
3204 1725 3497 1793 existimo,
3532 1725 3633 1797 qui
3655 1742 3817 1781 mar-

2164 1817 2297 1888 tyri,
2330 1834 2525 1873 rerum
2560 1818 2759 1873 minus
2788 1816 3176 1872 laudabilium
3227 1814 3810 1881 commemoratione,

398 1894 616 1956 ΙΙαῦλος
674 1898 811 1968 ἡμῖν
866 1895 965 1951 οὐκ
1023 1896 1302 1959 ἐπαινετὸς
1336 1899 1363 1951 ὁ
1398 1897 1593 1973 μέγας,
1640 1899 1729 1953 καὶ
1781 1902 2052 1963 Ματθαῖος

2164 1907 2580 1961 contumeliam
2612 1906 2813 1961 inferri
2844 1906 3225 1961 arbitrantur.
3245 1904 3362 1960 Hac
3397 1904 3553 1959 enim
3584 1903 3811 1958 ratione

397 1982 705 2053 ὁτελώνης
755 1984 805 2039 έν
853 1990 970 2047 τοῖς
1022 1985 1317 2053 κακίστοις,
1369 1987 1457 2041 xui
1514 1989 1820 2064 Κυπριανὸς
1866 1989 2049 2048 αὐτός’

398 2072 428 2126 6
464 2072 559 2145 μὶν
590 2077 695 2126 τῶν
727 2074 1007 2148 προτέρων
1037 2075 1229 2129 ἑαυτοῦ
1263 2072 1524 2150 διωγμῶν
1565 2078 1941 2151 μεμνημένος,
1963 2079 2054 2134 καί

394 2166 496 2230 τῆς
554 2166 650 2216 τοῦ
713 2162 884 2232 ζήλου
946 2165 1311 2235 μεταθέσεως,
1365 2164 1439 2219 ’ἶν’
1496 2165 1556 2220 ix
1608 2164 1704 2222 τοῦ
1758 2167 2053 2243 παραλλή-

396 2247 501 2304 λου
548 2252 661 2325 (73)
723 2249 936 2324 μᾶλλον
1000 2249 1197 2325 δοζᾶσῃ
1253 2254 1345 2308 τὸν
1408 2254 1716 2329 εὐεργέτην
1778 2257 1805 2309 6
1860 2254 1917 2311 δὲ
1958 2255 2051 2311 τὸν

395 2336 651 2409 Τελώνην
714 2339 885 2412 ἑαυτῷ
941 2342 1250 2416 προστιθεὶς
1313 2342 1363 2396 ἐν
1415 2346 1483 2415 τῇ
1532 2348 1636 2397 τῶν
1670 2349 1925 2416 μαθητῶν
1958 2344 2054 2399 ἀπ-

399 2428 713 2502 αριθμήσει,
748 2428 925 2502 ὥσπερ
960 2428 1100 2484 ἄλλο
1146 2451 1199 2484 τι
1228 2435 1336 2484 τῶν
1379 2430 1577 2503 τιμίων
1611 2431 1900 2504 ἐπίσημον
1934 2435 1962 2487 6
1994 2431 2053 2488 δὲ

396 2515 490 2571 xui
542 2522 735 2593 μακρῷ
790 2516 942 2593 λόγῳ
983 2516 1317 2584 στηλιτεύων
1374 2520 1472 2587 τήν
1533 2522 1798 2597 προτέραν
1859 2522 2051 2577 ἑαυτοῦ

395 2606 610 2677 κακίαν,
658 2606 750 2662 ’ίνα
804 2608 895 2663 καὶ
951 2613 1111 2664 τοῦτο
1171 2614 1288 2681 Θεῷ
1346 2614 1761 2689 καρποφορήσῃ,
1820 2615 1919 2681 τήν
1976 2613 2053 2685 ἐξ·

400 2694 705 2770 αγόρευσιν,
738 2696 827 2751 καὶ
859 2696 1093 2760 πολλοῖς
1126 2695 1251 2759 ὁδὸς
1285 2698 1505 2773 γένηται
1535 2706 1636 2769 τῆς
1682 2700 2051 2778 χρηστοτέρας

398 2780 626 2847 ἐλπίδος
675 2789 782 2840 τῶν
832 2786 936 2840 ἀπὸ
980 2787 1169 2848 κακίας
1216 2786 1667 2867 ἐπιστρεφόντων.
1727 2790 1817 2853 Τίς
1876 2790 1967 2845 οὖν
2012 2794 2047 2861 ἡ

394 2881 578 2953 κακία,
640 2882 729 2936 καὶ
789 2889 1059 2953 σκοπεῖτε,
1120 2883 1219 2955 ὅση
1279 2884 1369 2939 καὶ
1426 2883 1595 2956 ἡλίκη
1653 2888 1715 2941 τὸ
1777 2887 2044 2963 μέγεθος·

398 2969 685 3043 Δαιμόνων
736 2972 803 3040 ἦν
855 2975 1208 3046 θεραπευτής,
1266 2974 1293 3028 6
1346 2978 1578 3049 Χριστοῦ
1613 2978 1861 3049 μαθητὴς
1895 2976 2045 3033 ὕστε-

399 3076 517 3133 ρον·
568 3060 658 3114 καὶ
699 3057 936 3131 διώκτης
982 3062 1330 3138 πικρότατος,
1365 3064 1391 3117 6
1436 3065 1599 3139 μέγας
1645 3071 1747 3133 τῆς
1788 3065 2049 3136 ἀληθείας

390 3146 728 3222 ἀγωνιστής
779 3151 867 3205 καὶ
924 3150 1076 3225 λόγῳ
1118 3154 1209 3207 xui
1258 3149 1404 3228 ἔργῳ
1446 3152 1726 3228 ταράσσων
1778 3156 1876 3224 τὴν
1910 3157 2047 3228 ἡμε-

2163 2009 2270 2049 nec
2301 2012 2552 2067 magnus
2584 1996 2708 2067 ipse
2743 1995 2957 2050 Paulus
2988 1994 3221 2049 laudem
3244 1997 3556 2058 mereatur,
3588 1997 3645 2048 et
3666 1992 3815 2048 Mat-

2162 2080 2351 2138 thmus
2382 2084 2733 2155 publicanus
2764 2084 2821 2138 in
2878 2082 3469 2139 sceleratissimorum
3500 2080 3812 2136 hominum

2164 2189 2408 2232 numero
2451 2172 2754 2228 habendus
2786 2172 2980 2241 fuerit,
3014 2187 3079 2225 ac
3106 2174 3307 2225 noster
3353 2170 3530 2225 etiam
3569 2168 3813 2242 Cypria-

2165 2282 2297 2321 nus.
2334 2263 2431 2318 Ille
2460 2262 2694 2333 quidem
2728 2260 3109 2333 pristinarum
3143 2276 3387 2314 suarum
3447 2258 3810 2330 persecutio-

2162 2369 2327 2417 num,
2360 2355 2416 2407 et
2446 2349 2655 2405 mutati
2685 2348 2791 2404 zeli
2814 2349 3171 2404 mentionem
3202 2348 3339 2403 facit
3371 2348 3510 2414 *5,ut
3536 2346 3811 2405 videlicet

2160 2458 2229 2498 ex
2280 2439 2590 2511 utriusque
2641 2437 2950 2493 collatione
2993 2438 3087 2493 Dei
3130 2436 3578 2493 beneficentiam
3619 2438 3809 2509 magis

2160 2528 2524 2586 concelebret
2554 2545 2567 2583 :
2604 2526 2749 2582 alter
2777 2543 2911 2582 vero
2944 2528 3002 2581 in
3034 2526 3459 2599 discipulorum
3500 2542 3807 2582 enumera-

2158 2620 2316 2675 tione
2346 2618 2460 2673 sibi
2504 2617 2618 2689 ipsi
2676 2618 2977 2671 Publz’cani
3030 2621 3512 2688 cognomentum,
3571 2615 3811 2687 perinde

2161 2714 2334 2780 atque
2364 2707 2523 2763 aliud
2565 2706 2861 2778 quoddam
2914 2704 3239 2761 nobilitatis
3289 2705 3523 2777 insigne
3551 2709 3609 2761 et
3638 2720 3807 2760 orna-

2160 2802 2449 2863 mentum,
2482 2795 2748 2867 adjungit
2780 2795 2823 2830 ¹⁸
2851 2812 2864 2862 ;
2896 2794 2993 2850 hie
3023 2794 3275 2866 denique
3327 2792 3647 2865 superioris
3676 2793 3807 2847 vitae

2158 2886 2585 2958 turpitudinem
2615 2884 2791 2957 longa
2832 2883 3091 2939 oratione
3145 2883 3491 2956 proszindit,
3525 2887 3592 2937 ut
3620 2882 3810 2953 ipsam

2159 2990 2389 3048 quoque
2422 2973 2708 3029 scelerum
2742 2972 3171 3027 confessionem
3221 2971 3336 3026 Deo
3391 2970 3654 3026 muneris
3684 2969 3810 3026 loco

2158 3065 2383 3129 offerat,
2416 3079 2481 3117 ac
2512 3060 2713 3117 multis
2746 3077 2971 3125 eorum,
3005 3060 3107 3131 qui
3136 3062 3207 3115 ab
3241 3060 3509 3132 improba
3538 3063 3595 3114 et
3643 3058 3809 3130 ﬂagi-

2157 3154 2309 3208 tiosa
2335 3151 2565 3207 vivendi
2599 3150 2822 3206 ratione
2855 3149 3119 3203 animum
3154 3152 3445 3215 revocant,
3492 3148 3564 3203 ad
3598 3147 3811 3205 melius

393 3235 553 3313 τέραν
610 3235 756 3310 ὁδὸν,
819 3237 907 3294 διὰ
962 3242 1024 3294 τὸ
1082 3240 1132 3295 έν
1196 3242 1526 3318 ἀμφοτέροις
1586 3242 1802 3319 κράτος,
1854 3244 2045 3321 ὀκρά-

2162 3242 2515 3315 sperandum
2547 3239 2641 3294 via
2668 3238 3041 3303 existat.Qua-2
3075 3236 3432 3309 igiturillius
3462 3236 3813 3311 improbitas

394 3345 577 3389 τιστος
610 3328 889 3405 ἀμφότερα
940 3332 1076 3401 μετὰ
1113 3335 1276 3385 τοῦτο
1327 3333 1689 3407 Χριστιανοῖς.
1740 3335 1905 3391 ’Ὀσον
1949 3356 2045 3390 κα-

388 3414 488 3468 κὸν
547 3414 636 3469 καὶ
693 3417 915 3492 γοητεία
968 3418 1184 3480 τούτοις
1242 3421 1639 3494 προστιθεμένη
1676 3465 1692 3493 ,
1750 3427 1857 3476 τῶν
1912 3422 2047 3477 ἐκεί-

393 3523 489 3557 νου
549 3506 659 3577 (74)
733 3506 795 3559 τὸ
870 3508 1351 3581 γνωριμώτατονί
1404 3508 1513 3580 ὅσῳ
1590 3508 1890 3585 δεινότερον
1957 3510 2049 3567 καί

392 3592 670 3662 ἀπληστία
700 3594 971 3667 σώματος,
1004 3596 1037 3663 ἢ
1065 3595 1156 3649 xui
1198 3596 1327 3657 τοὺς
1376 3595 1556 3651 τᾶλλα
1604 3599 1804 3673 σοφοὺς
1858 3599 2048 3672 ἰκμαί-

387 3700 495 3735 νειν
555 3678 807 3751 δύναται,
864 3704 953 3737 και
1011 3689 1198 3759 χεῖρον
1260 3692 1475 3762 φρονεῖν
1542 3687 1820 3763 βιάζεται,
1882 3689 2046 3753 καθά-

386 3789 489 3845 περ
548 3765 809 3845 ὑϐριστὴς
868 3770 1080 3840 πῶλος,
1130 3774 1221 3827 τὸν
1266 3774 1532 3849 λογισμὸν
1586 3777 2045 3851 συναρπάζουσαί

2164 3331 2355 3401 fuerit,
2390 3344 2686 3401 quamque
2719 3344 2933 3399 magna
2962 3330 3020 3382 et
3049 3326 3267 3396 gravis,
3298 3328 3603 3398 expendite
3636 3343 3649 3382 :
3686 3326 3809 3381 Dae-

2160 3437 2404 3477 monum
2436 3418 2627 3473 cultor
2657 3421 2801 3481 erat,
2838 3416 2938 3488 qui
2986 3416 3201 3471 Christi
3251 3420 3457 3487 postea
3486 3414 3813 3486 discipulus

2162 3511 2271 3567 fuit
2303 3528 2317 3577 ;
2347 3514 2404 3565 et
2433 3511 2773 3580 persecutor
2803 3504 3240 3572 acerbissimus,
3294 3504 3393 3575 qui
3427 3509 3629 3575 postea
3658 3505 3812 3561 442

2160 3615 2415 3671 magnus
2444 3595 2705 3651 veritatis
2737 3598 3139 3666 propugnator
3168 3594 3423 3661 exstitit;
3466 3599 3522 3649 et
3552 3594 3727 3648 verbo
3757 3598 3815 3650 et

2158 3703 2351 3761 opere,
2388 3688 2589 3756 utpote
2642 3684 2700 3738 in
2750 3689 2995 3754 utroque
3043 3682 3292 3755 pollens,
3341 3682 3498 3737 viam
3550 3687 3812 3738 nostram

2161 3776 2451 3841 turbabat,
2485 3772 2585 3845 qui
2617 3777 2820 3845 postea
2850 3776 3101 3843 utraque
3134 3786 3193 3827 re
3224 3772 3623 3844 peregregiam
3654 3770 3813 3827 Chri-

388 3860 597 3917 stianis
627 3878 864 3935 operam
898 3863 1075 3919 dedit.
1108 3864 1238 3919 Jam
1270 3869 1530 3937 quantus
1563 3882 1631 3920 ex
1660 3871 1783 3923 arte
1832 3869 2081 3940 magica,
2116 3885 2147 3923 a
2179 3882 2295 3939 qua
2326 3862 2699 3936 potissimum
2732 3862 2804 3916 ad
2837 3861 3141 3917 bominnm
3188 3861 3402 3916 famam
3449 3866 3812 3933 pervenerat,

391 3948 524 4004 huic
556 3948 710 4005 malo
735 3951 1012 4007 cumulus
1042 3953 1384 4008 accedebat!
1423 3958 1712 4024 quantum
1744 3954 1879 4011 item
1914 3955 2037 4011 haec
2070 3955 2321 4012 crimina
2348 3952 2728 4025 exaggerabat
2752 3951 3013 4023 corporis
3044 3948 3501 4022 intemperantia
3525 3952 3582 4005 et
3610 3948 3812 4018 libido,

386 4054 513 4109 qum
547 4043 768 4094 tantam
800 4040 913 4095 vim
946 4040 1142 4108 habet,
1178 4046 1241 4096 ut
1273 4044 1623 4115 quandoque
1670 4045 1964 4117 sapientes
2013 4046 2190 4101 etiam
2220 4044 2377 4098 viros
2411 4041 2607 4097 furore
2659 4039 2895 4107 efficiat,
2928 4040 3305 4111 deteriusque
3356 4037 3572 4095 sentire
3621 4042 3813 4111 cogat.

385 4125 620 4198 equulei
653 4126 970 4199 petulantia
1001 4134 1059 4183 et
1090 4130 1362 4186 indomiti
1398 4147 1575 4197 more,
1609 4134 1895 4187 rationem
1927 4148 2130 4189 secum
2162 4129 2483 4202 arripiens!

454 4219 526 4268 8'.
560 4214 715 4270 ’Ἡκει
750 4211 806 4268 δὲ
858 4218 993 4285 ἡμῖν
1044 4216 1126 4271 ἐπ’
1175 4217 1307 4273 αὐτὸ
1353 4218 1417 4273 τὸ
1463 4218 1756 4297 κεφάλαιον
1791 4220 1818 4273 6
1852 4216 2036 4297 λόγος.

385 4302 483 4356 Καὶ
542 4303 618 4374 μή
650 4302 785 4378 πρὸς
833 4303 901 4359 τὰ
946 4305 1138 4378 πρῶτά
1181 4328 1265 4369 τις
1328 4308 1466 4381 ὁρῶν
1522 4314 1867 4383 Κοδπριανοῦ,
1916 4315 2035 4373 ταῖς

380 4388 604 4461 ἡδοναῖς
648 4392 862 4463 έφιέτω·
921 4399 1038 4456 τοῖς
1096 4393 1151 4449 δὲ
1208 4394 1542 4459 τελευταίοις
1593 4398 2033 4475 σωφρονιζέσθω.

381 4481 650 4557 Παρθένος
673 4500 755 4543 τις
803 4482 870 4550 ἦν
916 4484 1025 4555 (75)
1076 4487 1181 4537 τῶν
1238 4485 1594 4562 εὐπατρίδων,
1643 4488 1731 4542 καὶ
1762 4488 2029 4561 κοσμίων,

455 4622 500 4658 ¹⁸
531 4623 551 4678 Ι
584 4621 738 4680 Tim.
771 4638 811 4690 ι,
846 4622 933 4678 13.
1011 4623 1056 4660 ⁸⁸
1088 4622 1295 4681 Matth.
1328 4642 1383 4695 x,
1415 4627 1469 4682 3.

2223 4223 2319 4276 1X.
2360 4220 2438 4273 Ad
2473 4219 2674 4290 ipsum
2706 4220 2899 4272 autem
2924 4217 3051 4288 jam
3084 4215 3223 4271 mali
3264 4219 3441 4288 caput
3495 4231 3556 4271 se
3586 4215 3811 4271 confert

2148 4310 2353 4366 oratio.
2389 4308 2505 4363 Nec
2535 4323 2671 4361 vero
2720 4306 3036 4377 quisquam
3086 4305 3309 4377 primas
3358 4306 3488 4359 vitm
3536 4304 3807 4377 Cypriani

2148 4403 2343 4471 partes
2372 4395 3035 4467 intuens,voluptatibus
3068 4394 3403 4467 indulgeat;
3436 4411 3638 4450 verum
3670 4393 3809 4448 ulti-

2145 4488 2257 4543 mis
2290 4488 2362 4542 ad
2395 4486 2742 4560 pudicitiam
2776 4488 3093 4540 revocetur.
3147 4482 3316 4556 Virgo
3363 4484 3630 4556 quaedam
3662 4486 3805 4549 erat,

415 4774 559 4859 .(73)
595 4770 989 4859 Παραλληλου.
1034 4775 1127 4832 Sic
1169 4776 1347 4851 Regg.
1381 4778 1503 4849 bm,
1536 4779 1636 4852 ph.
1670 4780 1734 4837 In
1766 4781 1859 4838 ed.
1892 4781 2039 4837 divi-

2162 4775 2256 4833 imv
2316 4776 2406 4832 xui
2453 4774 3171 4859 x‘oupgiv,meﬁnpsn6<'ptv
3219 4775 3320 4859 τήν
3362 4773 3505 4859 ὥραιν
3552 4778 3651 4830 τοῦ
3696 4775 3805 4859 σῴ-

378 4844 515 4915 sim,
546 4844 689 4917 παρ”
706 4844 983 4917 ἀλᾼλήλου.

444 4915 706 4987 (74)Τῶν
767 4915 993 4987 ἐκείνου,
1053 4922 1167 4975 etc.
1222 4920 1612 4978 Combefisius
1670 4922 1755 4978 sic
1806 4924 2033 4980 vertit:

374 5010 404 5039 α
438 4993 548 5046 Ars
579 4991 829 5062 magica,
860 5007 975 5062 qua
1005 4991 1258 5047 maxime
1295 4992 1354 5047 in
1405 4994 1676 5050 notitiam
1730 4994 2036 5052 hominum

370 5066 629 5134 venerat,
664 5067 883 5134 quanto
935 5062 995 5117 in
1034 5065 1166 5134 ejus
1215 5064 1387 5120 malis
1435 5066 1556 5122 haec
1606 5066 1826 5134 primas
1874 5072 2033 5123 tene-

371 5130 567 5211 hat?»
596 5130 899 5211 Improbat
947 5130 1496 5211 interpretationem
1550 5130 1719 5202 Billii,
1771 5138 1871 5208 qui
1922 5136 2034 5211 ὅσῳ

371 5199 672 5293 δεινότερον
694 5199 1073 5293 'jungit'cum
1106 5199 1230 5293 his.
1270 5208 1457 5293 verbis
1487 5226 1635 5293 quis
1684 5199 2031 5293 sfquuntuf,

367 5273 457 5348 καὶ
518 5273 797 5345 ἀπληοῖτία
818 5273 1129 5348 ⁷σώματος.
1175 5278 1235 5334 Si
1293 5273 1641 5336 admittatur
1698 5273 2032 5338 Cdmbeﬁsii

367 5347 846 5423 interpretatio,_
875 5347 990 5423 sic_
1028 5348 1119 5405 bis
1189 5350 1763 5423 interpunctionibus
1819 5353 2030 5409 distin-

407 5419 599 5499 nenda
638 5422 747 5499 erit
793 5419 1073 5499 phrasis:
1107 5423 1223 5499 Τῶν
1258 5419 1463 5476 ἐκείνου
1493 5424 1555 5499 16
1584 5423 2031 5499 γνωριμώτατον,

402 5511 480 5566 σῳ
512 5488 810 5566 δεινότερον
841 5508 853 5557 ;
883 5490 1249 5566 ﬂunqucniu,
1282 5501 1390 5551 etc.
1426 5513 1489 5551 ζα
1526 5488 1649 5561 Qua
1681 5488 1805 5551 drie
1838 5502 1895 5551 et
1926 5488 2029 5552 n0;

370 5563 838 5647 tior,.et‘q_u_anto
870 5564 940 5647 ad
966 5564 1162 5620 scelus
1192 5566 1551 5623 immanior?
1579 5568 1663 5622 Ad
1698 5568 1817 5622 hac
1849 5568 2029 5625 libido

368 5634 746 5702 insatiabilis,
771 5655 799 5683 ››
830 5641 941 5689 etc.

440 5707 558 5791 (75).
587 5704 853 5788 Παρθένος
891 5722 974 5763 τις
1022 5703 1113 5831 iv,
1146 5712 1256 5764 etc.
1292 5709 1356 5765 In
1404 5709 1579 5767 Coisl.
1615 5711 1733 5798 ιρι
1783 5711 2023 5831 Hervag.

440 5821 463 5831 η.
512 5793 595 5831 Blc
643 5778 883 5831 additur
913 5795 927 5831 :
962 5775 1045 5831 Κά
1084 5776 1171 5831 λει
1202 5774 1583 5831 περίϐλεπτος-
1615 5800 1725 5831 των
1766 5778 1968 5831 εὐίατα
1994 5814 2023 5828 -

440 5727 558 5791 μοὶ
587 5727 853 5788 ιιαρυενος
891 5727 974 5807 τις
1022 5727 1113 5831 Ἧι,
1146 5727 1256 5764 etc.
1292 5727 1356 5765 ιιι
1404 5727 1579 5767 υοιει.
1615 5727 1733 5798 ιρι
1783 5727 2023 5839 Hervag.

370 5776 463 5834 ed.
512 5793 595 5837 διο
643 5778 883 5837 additur
913 5821 927 5834 .
962 5775 1045 5833 Κά
1084 5776 1171 5835 λει
1202 5774 1586 5858 περίϐλεπτος,
1615 5800 1725 5838 των
1766 5778 1968 5861 εὐπατρ
1994 5814 2027 5828 -

2194 4871 2342 4933 ατοςι
2407 4844 2632 4933 ζηλωτὴ
2690 4844 2761 4933 ’δὲ
2797 4844 2940 4933 ’τὸνσ
2967 4844 3201 4933 τρόπον·
3412 4844 3525 4923 ’γὰρ
3587 4847 3802 4933 μορῗήν

2148 4872 2342 4976 ἵατος,
2407 4872 2632 4921 ςηΛωτη
2704 4872 2761 4903 οε
2816 4872 2940 4933 τον-
2967 4872 3201 4925 τροπον-
3260 4872 3362 4916 ’την
3424 4872 3525 4923 γαρ
3587 4872 3802 4933 μορῗην

2185 4922 2459 4999 ξιέραστος
2507 4924 2596 4993 ἦν,
2644 4919 2734 4975 xui
2783 4920 3208 5047 {ean‘dpwﬁv
3256 4917 3594 4994 ἀξιάγαστος.
3626 4923 3805 4973 Ταυτα

2148 4995 2247 5047 γὰο
2281 4997 2314 5047 ἢ
2348 4995 2510 5047 φήμη
2558 4989 2786 5047 διήγγελ
2833 5014 2880 5047 ε.
2909 5012 3003 5045 και
3050 4992 3141 5047 τὸν
3192 4992 3402 5046 νεανίαν
3455 4987 3799 5047 ἰξέπληττεν.

2183 4987 2315 5069 ἄρ’ἡ
2348 4995 2510 5072 φήμη
2533 4987 3003 5072 διήγγελλεξκῶ
3050 4987 3141 5072 τὸν
3166 4987 3402 5072 ξνεανίαν
3455 4987 3799 5072 ἰξέπληττεν,

2181 5059 2371 5142 ρζῦ-ντα⁸
2392 5059 2723 5142 μέν’κᾴλλος
2758 5064 3005 5142 ἐξαίσιον,
3048 5059 3402 5142 ἀκούοντα-δὲ
3431 5059 3632 5137 τρόπον
3666 5060 3793 5142 tepu-

2148 5135 2699 5211 μίιλλονβίΔκούετε,
2744 5135 3023 5211 παρθένοι,
3076 5140 3226 5211 etc._:
3256 5135 3490 5211 «Virgo
3526 5135 3804 5211 quadam

2143 5207 2268 5267 erat
2324 5207 2879 5282 pulchritudine_et
2933 5224 3145 5280 genere
3204 5207 3477 5279 insignis,
3523 5209 3801 5282 ingenua,

2145 5277 2443 5367 praestanti
2478 5282 2740 5367 corporis
2762 5277 2988 5367 forma,
3021 5282 3094 5335 ob
3126 5277 3358 5335 morum
3395 5277 3801 5367 excellentiam
3912 5288 3917 5293 ‘

2142 5349 2473 5436 imitatione
2512 5349 2709 5436 digna.
2745 5352 2967 5436 _Fo‘rma
3015 5368 3274 5436 namque
3304 5355 3446 5436 erat
3484 5349 3800 5436 'amabilis,

2141 5428 2323 5482 animi
2355 5430 2551 5481 autem
2578 5421 2796 5480 virtute
2828 5424 3001 5496 longe
3030 5421 3454 5496 admirabilior.
3484 5421 3803 5496 Haecfama

2143 5500 2473 5554 nuntiabat.
2508 5497 2824 5552 Confestim
2866 5492 3139 5566 juvenem
3190 5493 3498 5559 sauciavit,
3533 5493 3631 5564 qui
3683 5492 3800 5566 for-

2141 5587 2297 5626 mam
2331 5569 2477 5625 nulli
2512 5586 2709 5643 parem
2760 5564 3428 5643 conspiciebat;_verum
3460 5580 3593 5643 cum
3644 5564 3797 5643 pari-

2137 5643 2248 5699 bus
2280 5634 2655 5714 conjunctam
2704 5634 2970 5696 moribus
3019 5638 3317 5696 audiebat.
3354 5636 3585 5705 Audite,
3616 5634 3796 5711 virgi-

2140 5731 2265 5783 nes,
2288 5736 2317 5767 »
2350 5720 2463 5771 etc.
