4110 6434
372 394 527 455 1179

366 617 599 682 Audite,
656 616 936 688 virgines.
995 632 1061 671 ac
1103 615 1281 669 simul
1329 614 1634 679 exsultate,
1694 613 1812 668 imo
1844 612 2018 667 etiam

368 722 732 777 quaecunque
764 705 1107 777 pudicitiam
1146 705 1202 758 in
1239 703 1696 769 matrimonio,et
1728 702 2020 774 pudicitiae

372 800 639 851 amantes
662 795 884 850 colitis:
909 812 1042 849 nam
1068 795 1334 865 utrisque
1357 794 1654 848 communi
1677 798 2022 848 ornamento

368 890 453 940 est
486 885 600 941 ista
631 884 910 939 narratio.
950 883 1127 952 Virgo
1177 883 1292 935 hanc
1326 883 1512 936 forma
1559 886 1684 935 erat
1738 897 2021 952 perquam

362 975 591 1028 liberali
626 979 682 1028 et
712 974 963 1044 egregia.
1008 972 1251 1026 Accinat
1284 971 1421 1025 huic
1456 970 1760 1025 nobiscum
1796 969 1969 1023 David
2008 985 2021 1023 :

375 1063 563 1119 Omnis
604 1065 783 1133 gloria
830 1063 969 1131 ﬁliae
1021 1064 1165 1129 regis
1195 1063 1261 1115 ab
1314 1062 1462 1115 intus
1510 1061 1574 1130 1⁸,
1630 1076 1762 1113 vera
1811 1058 2025 1113 Christi

369 1170 606 1223 sponsa,
642 1151 1019 1223 pulchritudo
1055 1151 1378 1216 recondita,
1432 1150 1559 1203 viva
1591 1154 1808 1216 statua,
1843 1149 2026 1203 dona-

370 1243 521 1297 rium
554 1241 873 1312 sacrilegas
906 1257 1119 1295 manus
1154 1257 1267 1294 non
1301 1244 1591 1307 metuens,
1627 1238 1827 1292 fanum
1861 1237 2027 1292 inac-

373 1347 625 1397 cessum,
679 1330 888 1385 hortus
946 1329 1281 1396 conclusus,
1342 1329 1473 1383 fons
1528 1328 1797 1399 signatus
1858 1326 1903 1363 1⁸
1940 1327 2029 1397 (ut

373 1420 646 1476 Salomon
680 1435 912 1491 quoque
943 1418 1160 1488 aliquid
1207 1418 1318 1489 ipsi
1353 1418 1623 1488 accinat),
1657 1417 1765 1471 soli
1799 1416 2027 1471 Christo

374 1513 624 1565 servata.
658 1512 901 1579 Magnus
933 1508 1277 1579 Cyprianus,
1336 1507 1510 1569 unde,
1545 1510 1602 1561 et
1660 1522 1774 1577 quo
1833 1506 2027 1575 modo,

373 1598 527 1653 haud
558 1598 698 1667 scio,
750 1597 930 1669 hujus
961 1596 1204 1667 virginis
1254 1596 1411 1650 omni
1445 1612 1512 1649 ex
1560 1600 1723 1666 parte
1769 1600 1930 1658 tutae,
1964 1611 2030 1649 ac

373 1704 607 1742 morum
640 1687 922 1759 gravitate
962 1686 1215 1758 praeditas
1249 1702 1446 1740 amore
1506 1690 1709 1756 captus
1741 1688 1847 1739 est.
1882 1684 2028 1739 Nam

368 1793 646 1850 procaces
694 1780 751 1832 et
800 1775 951 1830 avidi
1001 1774 1174 1844 oculi,
1228 1792 1295 1829 ea
1325 1775 1525 1845 etiam,
1558 1791 1685 1844 quas
1745 1774 2030 1845 attingere

368 1866 533 1921 nefas
589 1868 697 1932 est,
768 1864 1085 1936 attingunt,
1145 1880 1430 1935 organum
1495 1880 1704 1935 nempe
1761 1862 2027 1918 omnium
2065 1899 2109 1963 Β

369 1954 881 2027 promptissimum
936 1958 1113 2024 atque
1164 1952 1597 2008 avidissimum.
1648 1952 1762 2007 Nec
1796 1956 2027 2006 tantum

370 2048 577 2115 captus
606 2047 713 2108 est,
749 2043 849 2097 sed
886 2044 1012 2113 ejus
1064 2058 1300 2113 quoque
1354 2041 1696 2113 pudicitiam
1746 2041 2026 2096 tentabat.

368 2133 412 2189 Ο
445 2132 805 2205 singularem
840 2131 1233 2199 stultitiam,si
1260 2131 1499 2202 quidem
1526 2132 1786 2185 futurum
1823 2147 2028 2202 spera-

367 2223 489 2293 bat,
524 2228 588 2277 ut
618 2238 745 2277 eam
780 2221 1075 2292 diriperet,
1110 2220 1198 2275 vel
1235 2221 1454 2292 potius,
1485 2237 1516 2274 ο
1542 2221 1837 2289 ingentem
1869 2219 2029 2276 illius

368 2311 825 2384 impudentiam,
859 2310 959 2383 qui
1014 2327 1105 2365 res
1156 2309 1497 2381 hujusmodi
1547 2310 1822 2377 audebat,
1856 2315 2030 2381 atque

371 2402 443 2457 ad
476 2401 811 2456 audendum
847 2399 1223 2471 impellebat!
1263 2398 1361 2454 Ille
1390 2399 1561 2454 etiam
1595 2399 1653 2454 in
1688 2399 2028 2472 paradisum

372 2493 655 2547 adversus
687 2507 844 2560 eum,
906 2490 1005 2561 qui
1039 2490 1266 2561 primus
1314 2490 1545 2545 efﬁctus
1595 2494 1703 2559 est,
1755 2490 1826 2544 ab
1858 2489 2027 2543 initio

369 2579 608 2651 irrepsit
638 2581 681 2615 ¹⁹
716 2595 727 2633 :
763 2583 819 2635 et
853 2579 1083 2635 medius
1114 2578 1268 2633 inter
1300 2578 1537 2652 angelos
1561 2583 1699 2645 stat,
1720 2578 1933 2633 Jobum
1956 2578 2027 2633 ad

372 2670 699 2724 cruciatum
734 2669 1088 2740 desposcens
1122 2669 1166 2711 ²ο
1199 2684 1212 2723 :
1250 2685 1314 2723 ac
1364 2672 1657 2740 postremo
1710 2667 2026 2723 Dominum

374 2758 596 2831 ipsum,
630 2758 726 2828 qui
759 2775 894 2813 eum
946 2774 1340 2830 oppressurus
1372 2762 1428 2812 et
1481 2762 1667 2812 morte
1712 2758 2028 2812 affecturus

373 2852 519 2918 erat,
553 2848 769 2903 adoriri
804 2864 915 2902 non
944 2847 1393 2918 dubitat,eique,
1411 2847 1510 2918 qui
1543 2846 1689 2901 nulli
1720 2846 2029 2902 tentationi

371 2937 661 2993 obnoxius
696 2942 805 3007 est,
853 2937 1237 2992 tentationem
1298 2938 1567 2992 admovet
1623 2938 1666 2973 ²¹
1723 2936 2028 3009 (quoniam

1614 391 1679 451 S.
1729 389 2102 450 GREGORII
2151 390 2548 451 THEOLOGI

368 527 616 599 patricio
648 542 859 599 genere
891 525 1434 597 uala,honestisque
1468 524 1723 580 mrribus
1758 522 2018 594 praedita.

2147 520 2407 590 Ἀκούετε,
2466 523 2743 599 παρθένοι,
2803 524 2893 578 καὶ
2954 523 3402 600 συναγάλλεσθε,

3636 401 3790 461 1180

3469 527 3679 602 μᾶλλον
3738 529 3793 585 δὲ

2130 608 2218 664 καί
2268 615 2372 664 τῶν
2435 611 2536 666 ὑπὸ
2598 612 2757 687 ζυγὸν
2818 612 2938 668 ὅσαι
2998 615 3274 692 σώφρονές
3322 618 3499 671 τεκαὶ
3549 617 3789 695 φιλοσώ-

2132 720 2325 775 φρονες
2359 702 2492 772 (76)·
2528 701 2708 754 κοινὸν
2759 702 2863 776 γὰρ
2922 704 3255 781 ἀμφοτέραις
3305 704 3677 779 καλλώπισμα
3729 709 3786 762 τὸ

2135 786 2404 863 διήγημα.
2462 790 2559 842 Καὶ
2619 792 2653 859 ἡ
2715 790 2980 865 παρθένος
3041 792 3186 861 καλή
3244 798 3324 865 τῷ
3379 791 3509 848 εἷ’δει
3564 791 3785 871 σφόδρα·

2135 875 2453 953 προσᾳδὲτω
2500 877 2667 952 ταύτῃ
2724 881 2842 953 μεθ’
2890 883 3050 953 ἡμῶν
3086 883 3113 936 6
3144 884 3287 944 θεῖος
3339 878 3529 951 Δαϐὶδ,
3580 887 3787 955 Πᾶσαή

2138 964 2310 1039 δόξα,
2366 966 2537 1043 λέγων
2576 1012 2589 1037 ,
2649 976 2747 1037 τῆς
2807 971 3069 1047 θυγατρὸς
3142 976 3239 1025 τοῦ
3321 970 3589 1047 βασιλέως
3659 972 3788 1029 ἔσω-

2138 1068 2222 1119 θεν
2260 1102 2273 1127 ,
2333 1056 2519 1131 νύμφη
2581 1059 2818 1133 Χριστοῦ
2893 1059 3141 1134 γνησία,
3201 1059 3410 1124 κάλλος
3483 1061 3737 1116 ἀπόθετον
3774 1107 3787 1132 ,

2138 1142 2361 1221 ἄγαλμα
2407 1141 2684 1222 ἔμψυχον,
2735 1148 2989 1221 ἀνάθημα
3048 1148 3270 1222 ἄσυλον,
3328 1151 3557 1224 τέμενος
3614 1151 3790 1206 ἀνεπί-

2138 1230 2300 1289 ϐατον
2339 1279 2352 1304 ,
2411 1238 2589 1305 κῆπος
2661 1235 3097 1310 κεκλεισμένος,
3155 1240 3310 1314 πηγὴ
3392 1238 3787 1317 ἐσφραγισμένη

2137 1322 2479 1399 (προσᾳδέτω
2533 1324 2636 1401 γάρ
2684 1347 2737 1379 τι
2767 1325 2856 1380 καὶ
2892 1325 3207 1401 Σολομὼν),
3263 1327 3417 1401 μόνῳ
3448 1331 3665 1404 Χριστῷ
3692 1350 3791 1398 τη-

2139 1412 2403 1489 ρουμένη.
2444 1413 2656 1483 Ταύτης
2690 1415 2717 1468 6
2753 1415 2917 1490 μέγας
2973 1414 3100 1483 ἥλω
3159 1418 3484 1492 Κυπριανὸς,
3546 1416 3645 1472 οὐκ
3698 1414 3797 1471 οἷδ’

2139 1502 2258 1566 ὅθεν
2285 1502 2373 1557 καὶ
2408 1502 2580 1573 ὅπως,
2614 1511 2712 1572 τῆς
2746 1505 2913 1559 πάντα
2944 1506 3221 1583 ἀσφαλοῦς
3259 1506 3348 1559 καὶ
3382 1505 3617 1579 κοσμίας
3666 1508 3794 1580 (77).

2140 1592 2389 1647 Ψαύουσι
2418 1594 2519 1669 γὰρ
2554 1592 2835 1671 ὀφθαλμοὶ
2884 1592 3071 1670 λίχνοι
3104 1594 3193 1649 καὶ
3234 1599 3342 1649 τῶν
3392 1595 3702 1669 ἀψαύστων,
3733 1596 3793 1650 τὸ

2140 1678 2571 1759 προχειρότατον
2605 1682 2851 1758 ὀργάνων
2914 1685 3026 1757 (78)
3075 1683 3165 1737 καὶ
3197 1683 3634 1753 ἀπληστότατον.
3701 1684 3793 1740 Καὶ

2140 1770 2246 1846 οὐχ
2275 1769 2400 1840 ἥλω
2434 1770 2623 1843 μόνον,
2656 1769 2803 1826 ἀλλὰ
2848 1770 2937 1825 καὶ
2980 1770 3191 1848 ἐπείρα.
3224 1778 3287 1826 Ὠ
3314 1779 3417 1841 τῆς
3450 1772 3719 1845 εὐηθείας,
3751 1772 3794 1826 εἰ

2138 1860 2340 1931 ταύτην
2404 1859 2658 1931 συλήσειν
2704 1858 2928 1933 ἤλπιζε,
2982 1860 3195 1934 μᾶλλον
3256 1859 3313 1916 δὲ
3358 1868 3461 1931 τῆς
3520 1863 3795 1937 ἀναισχυν-

2137 1950 2253 2013 τίας
2313 1954 2409 2005 τοῦ
2465 1950 2531 2005 τὸ.
2586 1954 2815 2005 τοιαῦτα
2862 1949 3188 2024 τολμῶντός
3218 1972 3276 2005 τε
3306 1951 3396 2005 καὶ
3436 1950 3648 2025 τολμᾷν
3681 1950 3791 2006 πεί-

2140 2042 2366 2102 θοντοςί
2420 2041 2659 2101 Ἐκεῖνος
2714 2038 2805 2095 καὶ
2852 2039 2927 2102 εἰς
2968 2041 3059 2094 τὸν
3110 2037 3437 2117 παράδεισον
3482 2040 3573 2096 ἀπ’
3620 2041 3791 2117 ἀρχῆς

2139 2127 2343 2205 παρέδυ
2372 2133 2483 2201 (79)
2515 2128 2651 2184 κατὰ
2695 2133 2793 2183 τοῦ
2842 2130 3063 2205 πρώτου
3115 2129 3460 2202 πλάσματος·
3511 2131 3601 2184 καὶ
3642 2130 3795 2203 μέσος

2140 2216 2386 2295 ἀγγέλων
2429 2216 2642 2273 ’ίσταται
2686 2218 2778 2272 τὸν
2834 2212 2959 2274 Ἰὼϐ
3009 2218 3326 2289 ὲξαιτήσων·
3359 2219 3452 2274 καὶ
3498 2219 3562 2273 τὸ
3608 2217 3792 2273 τελευ-

2140 2314 2311 2375 ταῖον,
2344 2309 2459 2363 κατ’
2509 2307 2675 2362 αὐτοῦ
2719 2304 2905 2380 τολμᾷ
2956 2311 3052 2361 τοῦ
3099 2309 3393 2381 Δεσπότου,
3424 2312 3522 2363 τοῦ
3569 2305 3795 2362 καταλύ-

2143 2419 2331 2459 σοντος
2391 2401 2505 2471 (80)
2564 2397 2723 2451 αὐτὸν
2781 2398 2872 2451 καὶ
2934 2398 3339 2460 θανατώσοντος
3372 2439 3387 2465 ,
3446 2397 3537 2452 καὶ
3613 2400 3794 2470 πεῖραν

2139 2487 2401 2563 προσάγει
2446 2492 2525 2559 τῷ
2573 2487 2883 2562 ἀπειράστῳ
2934 2484 3141 2559 (ἐπειδή
3178 2484 3427 2563 δεύτερον
3488 2483 3666 2559 Ἀδὰμ
3695 2482 3797 2539 εἶδε

2137 2582 2234 2632 τοῦ
2292 2581 2426 2632 Θεοῦ
2482 2576 2546 2630 τὸ
2603 2576 2977 2654 φαινόμενον),
3038 2576 3113 2637 ὡς
3171 2576 3261 2631 καὶ
3312 2580 3507 2631 τοῦτον
3564 2594 3798 2629 καταπα-

2140 2664 2364 2723 λαίσων.
2401 2666 2615 2741 ’Πγνόει
2647 2667 2775 2741 γὰρ,
2809 2664 2892 2720 ὅτι
2942 2670 3310 2741 περιπεσεῖται
3357 2665 3598 2737 θεότητι,
3632 2683 3795 2739 προσ-

2140 2754 2363 2831 δραμών
2398 2755 2803 2831 άνθρωπότητι.
2839 2754 2907 2811 Τί
2958 2752 3048 2809 οῦν
3100 2754 3431 2828 θαυμαστὸν,
3486 2755 3531 2809 εἰ
3578 2753 3667 2808 καὶ
3709 2749 3794 2806 διὰ

2140 2849 2455 2922 Κυπριανοῦ
2485 2851 2734 2920 πειρᾶται
2782 2850 2883 2915 τῆς
2935 2842 3088 2920 ἅγίας
3134 2846 3248 2918 (81)
3296 2848 3506 2921 ψυχῆς,
3559 2842 3647 2898 καὶ
3698 2844 3794 2895 τοῦ

2142 2933 2412 3013 ἀνεπάφου
2446 2935 2698 3007 σώματος
2727 2953 2739 3003 ;

373 3026 648 3095 alterum,
682 3027 742 3080 in
791 3030 1029 3081 externa
1087 3026 1187 3081 Dei
1251 3027 1415 3097 facie,
1447 3027 1602 3082 443
1654 3028 1944 3082 Adamum
1996 3026 2273 3098 videbat),
2307 3026 2475 3098 quasi
2523 3027 2717 3097 ipsum
2769 3041 3004 3098 quoque
3053 3028 3462 3097 superaturus.
3496 3014 3799 3080 Nesciebat

371 3116 531 3172 enim
565 3116 684 3171 fore
716 3120 779 3171 ut
809 3116 1239 3171 humanitatem
1292 3132 1627 3188 aggressus,
1662 3117 1721 3171 in
1754 3116 2114 3172 divinitatem
2158 3116 2459 3171 incideret.
2495 3115 2639 3181 Quid
2690 3115 2876 3187 igitur
2926 3115 3165 3182 mirum,
3201 3114 3251 3170 si
3299 3115 3427 3186 ipse
3475 3114 3651 3171 etiam
3698 3127 3798 3183 per

368 3205 726 3279 Cyprianum
759 3209 1019 3261 sanctam
1054 3205 1334 3273 animam,
1366 3210 1541 3276 atque
1572 3206 1856 3261 intactum
1888 3222 2100 3278 corpus
2132 3204 2515 3277 aggreditur?

449 3294 514 3348 Χ.
573 3297 853 3349 Caeterum
915 3297 1039 3366 ipse
1097 3294 1333 3365 quidem
1380 3310 1507 3349 eam
1558 3294 1931 3359 sollicitabat,
1965 3312 2030 3349 ac

2219 3296 2271 3349 Γ.
2308 3290 2461 3361 Πλὴν
2496 3292 2523 3345 6
2558 3292 2655 3365 μὶν
2706 3290 2915 3367 ἐπείρα,
2947 3291 3037 3345 καὶ
3090 3293 3408 3365 προαγωγῷ
3460 3296 3686 3367 χρῆται,
3736 3285 3794 3340 ού

376 3400 483 3457 pro
515 3383 742 3450 lenone,
774 3400 887 3438 non
906 3382 1101 3438 vetula
1131 3383 1384 3456 quadam
1440 3384 1786 3439 muliercula
1815 3385 1885 3439 ad
1919 3383 2029 3439 hu-

2147 3382 2346 3458 γυναίῳ
2399 3381 2502 3436 τινὶ
2560 3379 2781 3452 παλαιῷ
2836 3384 2943 3435 τῶν
3003 3381 3139 3453 πρὸς
3198 3384 3368 3434 ταῦτα
3423 3376 3793 3449 ἐπιτηδείων,

371 3471 642 3545 jusmodi
674 3489 767 3527 res
786 3471 1126 3540 idonea,sed
1152 3473 1415 3526 daemone
1435 3472 1691 3543 quodam
1716 3488 2028 3543 corporum

376 3579 443 3618 ac
471 3561 795 3635 voluptatis
827 3566 1083 3629 amante,
1108 3561 1314 3617 utitur.
1353 3560 1619 3617 Rebelles
1651 3560 1945 3633 siquidem
1977 3565 2034 3616 et

379 3652 589 3708 invidae
613 3655 934 3723 potestates
950 3651 1021 3706 ad
1041 3651 1505 3722 obeundahujus
1526 3650 1758 3723 generis
1774 3651 2035 3707 ministe-

374 3741 464 3798 ria
496 3741 710 3797 celeres
742 3757 870 3797 esse
900 3740 1112 3811 solent,
1138 3739 1357 3795 multos
1391 3740 1672 3796 nimirum
1697 3742 1879 3797 ruina:
1914 3758 2032 3796 suae

379 3831 573 3888 socios
603 3835 950 3902 querentes.
1001 3830 1188 3900 Hujus
1238 3847 1410 3903 porro
1462 3830 1730 3887 lenocinii
1786 3847 2032 3898 merces,

374 3921 625 3976 victimae
659 3929 709 3975 el
742 3919 1029 3976 libamina
1072 3925 1258 3987 erant,
1311 3920 1567 3975 afﬁnitas
1622 3937 1710 3992 ea,
1762 3937 1887 3992 quaa
1931 3937 2037 3991 per

380 4010 730 4081 sanguinem
766 4014 824 4065 et
858 4009 1280 4066 sacrificiorum
1331 4009 1591 4065 nidorem
1627 4027 1759 4065 cum
1793 4027 1858 4066 eo
1892 4027 2033 4065 con-

378 4099 654 4156 trahitur.
689 4101 891 4155 Talem
922 4099 1080 4155 enim
1110 4100 1185 4155 iis
1233 4100 1561 4155 mercedem
1597 4100 1769 4172 pendi
1803 4103 2034 4172 oporte-

380 4189 613 4261 bat,qui
643 4189 988 4259 hujusmodi
1014 4188 1296 4244 beneﬁcia
1325 4188 1810 4244 contulissent.“
1841 4188 2036 4261 puella

380 4278 560 4335 simul
592 4284 766 4350 atque
795 4278 1016 4334 malum
1048 4278 1360 4350 persensit,
1384 4283 1443 4333 ct
1471 4278 1719 4332 insidias
1750 4278 2037 4333 intellexit

380 4370 561 4441 (purae
601 4368 817 4423 etenim
873 4384 939 4423 ac
984 4367 1191 4421 divinae
1240 4366 1447 4421 animae
1516 4367 1732 4422 diaboli
1792 4366 2036 4423 technas

380 4457 684 4515 celerrime
713 4456 1183 4529 deprehendunt,
1218 4456 1546 4527 quamlibet
1599 4456 1820 4529 alioqui
1850 4457 2034 4513 versi-

379 4547 552 4620 pellis
587 4546 682 4602 ille
714 4550 810 4613 sit,
872 4549 1044 4617 atque
1077 4546 1134 4600 in
1193 4545 1503 4601 conatibus
1562 4546 1687 4601 suis
1740 4548 1938 4602 varius
1971 4564 2036 4603 ac

378 4636 730 4709 multiplex),
762 4636 905 4707 quid
942 4637 1097 4705 facit,
1133 4642 1188 4690 et
1218 4636 1357 4707 quid
1394 4637 1677 4692 adversus
1707 4638 1828 4692 vitii
1863 4638 2034 4709 opiﬁ-

377 4740 505 4781 cem
537 4725 779 4782 molitur
800 4726 827 4780 ?
854 4727 1184 4799 Desperatis
1206 4727 1481 4781 omnibus
1499 4725 1629 4782 aliis
1660 4727 2037 4798 remediis,ad

376 4814 562 4871 Deum
596 4816 879 4887 confugit,
915 4821 1088 4887 atque
1120 4815 1402 4870 adversus
1434 4815 1838 4872 detestabilem
1872 4834 2037 4873 amo-

378 4920 500 4959 rem
538 4922 821 4975 sponsum
848 4922 1024 4960 suum
1053 4907 1366 4977 patronum
1390 4920 1457 4959 ac
1480 4905 1844 4961 defensorem
1869 4924 2039 4962 assu-

2142 3470 2288 3526 ἀλλὰ
2338 3469 2613 3545 δαιμόνων
2658 3468 2765 3525 τινί
2809 3474 2918 3525 τῶν
2970 3469 3375 3546 φιλοσωμάτων
3427 3468 3523 3524 καὶ
3574 3463 3799 3547 φιληδό-

2140 3581 2269 3616 νων·
2304 3558 2491 3629 ἐπειδή
2535 3564 2755 3635 ταχεῖαι
2793 3560 2930 3633 πρὸς
2976 3559 3075 3628 τήν
3121 3562 3225 3613 τῶν
3278 3557 3545 3612 τοιούτων
3601 3558 3799 3629 ὑπηρε-

2144 3649 2259 3705 σίαν
2290 3652 2343 3705 αἱ
2382 3649 2737 3705 ἀποστατικαὶ
2789 3645 3045 3722 δυνάμεις
3096 3647 3183 3702 καὶ
3233 3644 3507 3726 φθονεραῖ,
3558 3641 3798 3704 πολλοὺς

2142 3740 2442 3803 κοινωνοὺς
2476 3744 2731 3810 ζητοῦσαι
2781 3742 2877 3793 τοῦ
2927 3739 3246 3811 πτώματος.
3280 3735 3382 3794 Καὶ
3412 3738 3439 3792 6
3487 3736 3674 3811 μισθὸς
3704 3737 3796 3801 τῆς

2143 3828 2513 3908 προαγωγίας,
2572 3828 2751 3883 θυσίαι
2806 3850 2865 3884 τε
2919 3827 3009 3883 καὶ
3064 3829 3176 3901 (8'2)
3235 3823 3485 3895 σπονδαὶ,
3518 3825 3606 3883 καὶ
3655 3818 3797 3908 ἡδι¹

2144 3906 2394 3993 αἱμάτων(
2442 3919 2531 3975 καὶ
2579 3919 2801 3990 κνίσσης
2860 3916 3150 3979 οῗκείωσις·
3208 3914 3493 3979 τοιούτους
3546 3914 3648 3991 γὰρ
3696 3906 3795 3966 ἔδει

2149 4009 2375 4083 μισθοὺς
2425 4012 2559 4065 εἶναι
2619 4014 2738 4071 τοῖς
2795 4008 2862 4063 τὰ
2902 4012 3126 4063 τοιαῦτα
3183 4006 3599 4082 χαριζομένοις.
3639 4008 3696 4058 Ἦ
3743 3995 3796 4054 δὲ

2145 4099 2221 4161 ὡς
2253 4096 2448 4172 ᾔσθετο
2488 4103 2583 4155 τοῦ
2631 4102 2825 4169 κακοῦ,
2875 4094 2965 4151 xui
3013 4097 3110 4165 τὴν
3160 4089 3463 4164 ἐπιϐουλὴν
3515 4094 3649 4170 ἐγνω
3685 4095 3794 4161 (τα-

2146 4189 2371 4265 χύτεραι
2425 4188 2529 4264 γὰρ
2584 4189 2639 4242 αἱ
2696 4186 2927 4262 καθαραὶ
2981 4185 3155 4262 ψυχαὶ
3212 4185 3302 4239 καὶ
3361 4182 3618 4245 θεοειδεῖς
3666 4177 3795 4255 πρὸς

2145 4280 2316 4353 θήραν
2353 4282 2450 4333 τοῦ
2495 4278 2866 4353 ἐνεργοῦντος,
2920 4275 3015 4330 κᾶν
3069 4275 3151 4330 δτι
3206 4273 3442 4348 μάλιστα
3492 4268 3795 4353 σοφιστικὸς

2145 4366 2182 4442 ᾖ
2225 4367 2313 4422 καὶ
2372 4352 2639 4429 ποικίλος
2680 4369 2780 4436 τὴν
2838 4364 3228 4441 ἐπιχείρησιν),
3282 4364 3336 4417 τί
3398 4368 3568 4431 ποιεῖ,
3615 4360 3702 4415 καὶ
3746 4352 3795 4408 τί

2146 4457 2523 4532 ἀντιτεχνᾶται
2582 4456 2663 4529 τῷ
2722 4453 3047 4531 δημιουργῷ
3110 4460 3210 4524 τῆς
3263 4452 3453 4515 κακίας
3511 4471 3526 4521 ;
3584 4448 3793 4507 Πάντων

2148 4547 2457 4621 ἀπογνοῦσα
2514 4549 2621 4601 τῶν
2683 4544 2894 4613 ἄλλων,
2960 4544 3047 4599 ἐπὶ
3100 4543 3191 4598 τὸν
3252 4542 3380 4597 Θεὸν
3438 4539 3794 4619 καταφεύγει,

2148 4635 2238 4691 καὶ
2272 4635 2579 4711 προστάτην
2611 4639 2849 4690 ποιεῖται
2902 4633 3038 4688 κατὰ
3084 4637 3181 4688 τοῦ
3238 4635 3471 4706 μισητώ
3493 4630 3661 4686 πόθου
3690 4624 3797 4697 (83)

2149 4728 2239 4782 τὸν
2274 4728 2467 4796 ὲαυνῆς
2508 4726 2764 4803 νυμφίον,
2810 4727 2870 4788 ὃς
2923 4724 3013 4779 καὶ
3066 4723 3349 4779 Σωσάνναν
3401 4722 3679 4799 ἰρῥύσατο,
3709 4714 3793 4770 καὶ

2152 4815 2355 4872 Θέκλαν
2412 4813 2663 4871 διέσωσεν
2697 4835 2710 4848 ·
2771 4815 2871 4885 τήν
2936 4814 3030 4887 μὲν
3085 4813 3193 4868 ἀπὸ
3242 4817 3449 4886 πικρῶν
3507 4803 3792 4887 πρεσϐυτέ-

2153 4927 2259 4983 ρων
2295 4908 2429 4979 (84),
2488 4907 2588 4976 τὴν
2650 4902 2709 4961 δὲ
2765 4905 2872 4961 ἀπὸ
2901 4902 3162 4981 τυράννου
3222 4909 3560 4979 μνηστῆρος,
3591 4897 3678 4955 καὶ
3705 4915 3791 4950 τυ-

450 5102 492 5136 ¹⁷
527 5101 674 5158 Psal.
707 5120 859 5173 κων,
897 5104 981 5160 14.
1063 5103 1105 5140 ¹⁸
1135 5102 1303 5160 Cant.
1336 5120 1412 5174 ιν,
1446 5105 1534 5159 12.
1616 5104 1660 5142 ιθ
1691 5104 1834 5161 Gen.
1867 5122 1952 5177 ιιι,
1985 5107 2030 5161 4.

2147 5106 2160 5142 ⁵
2187 5105 2295 5164 Job
2327 5124 2366 5180 1,
2397 5108 2433 5162 6
2465 5123 2597 5179 sqq.
2674 5105 2718 5142 ²¹
2750 5104 2960 5163 Matth.
2994 5121 3073 5171 Iv,
3106 5104 3132 5161 1
3167 5120 3299 5176 sqq.

592 5319 659 5395 '3":
692 5313 781 5395 xui
814 5316 1245 5395 φιλῌοσώφρονις.
1280 5318 1419 5395 Haec
1465 5320 1680 5376 desunt
1710 5321 1769 5377 in
1802 5321 1941 5395 Reg.
1976 5322 2033 5377 d.

599 5384 863 5461 Κοσμῖας.
900 5384 1126 5461 Ββε.’ἕ1,
1158 5391 1377 5461 ταμίας.

456 5457 568 5527 (78)
604 5457 893 5528 Ὀργάνων.
952 5457 1089 5531 Reg.
1114 5457 1174 5527 'c,
1205 5457 1310 5515 τῶν
1366 5460 1635 5537 ὀργάνων.
1670 5464 1822 5531 Pan,
1875 5457 2038 5538 ὄργα-

381 5542 562 5665 νοῖθςὶ)
596 5591 826 5665 ﬂigi-31).
862 5600 1002 5665 Reg.
1039 5617 1085 5654 c.
1117 5598 1311 5659 εἰσεδυ,

448 5660 559 5748 (ξφ)
605 5660 724 5743 Ἰξόῆ
773 5660 1190 5748 καῖῇὶίῦσοντος.
1241 5676 1334 5731 Sie
1383 5680 1520 5746 Reg.
1574 5676 1694 5748 bm,
1743 5682 1799 5734 et
1844 5678 1940 5733 0r.
1986 5679 2036 5732 1.

374 5730 539 5786 Deest
566 5731 671 5781 τοῦ
704 5733 767 5790 in
798 5739 943 5797 edit.

2218 5323 2330 5395 (81)
2360 5319 2571 5395 Ἀγίας.
2606 5320 2745 5395 Reg.
2766 5336 2833 5395 _c,
2866 5320 3047 5395 addit,
3081 5315 3311 5395 ἐκείνης,
3476 5385 3487 5395 _
3716 5375 3738 5395 “
3777 5375 3791 5394 κ

2362 5375 2569 5448 Quis-tati
2976 5375 3154 5465 Régg.
3188 5375 3251 5461 8,.
3275 5375 3543 5465 ιμ’-θυσίαι
3577 5375 3792 5465 σπονδᾳῖ

2148 5451 2233 5545 at"
2249 5451 2493 5545 αἱμάτων
2520 5464 2607 5519 καὶ
2647 5451 2961 5545 κνίσσηςλξ(
2993 5451 3132 5545 (ξυνᾶν
3157 5451 3466 5518 cruoribus
3496 5466 3553 5516 et
3581 5451 3791 5515 sacriﬁ-

2148 5536 2371 5594 ciorum
2406 5538 2609 5594 nidore
2638 5538 2705 5593 ﬁt
2737 5536 3085 5593 conciliatio.
3118 5555 3145 5583 ››

2219 5610 2329 5681 (83)
2362 5608 2559 5665 Πόθον).
2596 5610 2690 5665 Sic
2721 5610 2900 5681 Regg.
2928 5626 2981 5677 a,
3014 5623 3063 5678 c,
3097 5606 3155 5677 d,
3188 5605 3309 5672 bm,
3335 5603 3435 5676 ph,
3465 5603 3613 5672 Jes.,
3636 5598 3803 5653 Comi

2148 5681 2287 5745 bef.,
2316 5680 2430 5737 etc.
2467 5684 2527 5738 In
2560 5683 2674 5749 ed.,
2712 5680 2898 5737 πόθον.
2975 5743 2997 5749 Α
3076 5747 3085 5749 _
3746 5736 3759 5748 .

2219 5743 2329 5827 (84)
2370 5753 2507 5810 Ἀπὸ
2559 5743 2770 5831 πικρῶν
2827 5743 3226 5829 πρεσϐυτέρων.
3278 5745 3410 5804 Bill.
3439 5762 3502 5803 ;‹‹
3552 5764 3585 5804 a
3634 5743 3792 5800 savis
