4110 6416
352 405 503 467 1181

1210 397 1499 459 ORATIO
1544 394 1860 454 XXIV.—
1888 391 1967 451 IN
2013 391 2342 453 LAUDEM
2388 393 2452 453 S.
2501 395 2896 458 CYPRIANI.

3607 401 3765 461 1182

351 534 748 614 ραννιιιωτέρας
813 530 1014 605 μητρός
1251 527 1379 580 Τίνα
1433 529 1659 590 τοῦτον;
1738 521 1994 614 Χριστὸν,

2122 523 2245 614 mit,
2269 523 2373 614 qui
2406 528 2463 580 et
2492 526 2820 583 Susannam
2867 530 3073 586 mortis
3108 531 3363 604 periculo
3395 531 3680 601 liberavit,
3714 539 3768 588 et

349 611 408 688 ii:
464 626 552 680 καὶ
601 623 898 694 πνεύμασιν
951 619 1195 691 ἐπιτιμᾷ,
1242 617 1329 670 καὶ
1377 614 1617 691 κουφίζει
1674 611 1998 686 βαπτιζομέ-

347 735 494 780 νους,
526 712 614 767 καὶ
648 709 856 779 πεζεύει
888 708 1147 782 πέλαγος,
1178 707 1264 760 καὶ
1301 705 1540 778 λεγεῶνα
1569 701 1887 774 πνευμάτων
1919 705 1998 770 τῷ

353 806 502 879 βυθῶ
561 799 784 855 δίδωσι·
840 798 928 852 καὶ
989 797 1166 871 ῥύεται
1230 796 1322 866 μεν
1385 794 1433 846 ἐν
1511 791 1717 845 λακκιου
1793 787 1996 842 δίκαιον

477 859 484 874 .
1940 877 1945 879 .

351 877 539 948 λέουσι
571 892 896 963 προτεθέντα
933 888 1116 961 βορὰν,
1148 884 1234 938 καὶ
1268 887 1466 958 ’χειρῶν
1500 881 1704 934 ἐκτάσει
1735 881 1847 950 (86)
1871 877 1997 938 τους

351 985 522 1050 θῆοας
555 982 845 1049 νικήσαντα
871 999 883 1008 ·
916 977 1090 1050 ῥύεται
1128 972 1184 1027 ἓὶ
1236 975 1336 1026 ὑπὸ
1389 974 1589 1040 κήτους
1633 967 1999 1031 καταποθέντα

343 1069 556 1146 φυγάδα
581 1069 890 1143 προφήτην,
920 1067 1012 1118 κάν
1047 1070 1160 1124 τοῖς
1192 1061 1532 1134 σπλάγχνοις
1555 1061 1652 1128 τήν
1674 1059 1848 1112 πίστιν
1883 1055 1997 1110 δια-

347 1159 659 1229 σωσάμενον
690 1177 701 1188 ·
737 1157 893 1223 σώζει
925 1152 979 1208 δέ
1014 1151 1329 1227 ’Δσσυρίους
1355 1154 1465 1220 (87)
1499 1149 1548 1202 ἐν
1579 1146 1745 1225 φλογὶ
1779 1143 1997 1216 παῖδας,

345 1246 565 1324 ἀγγέλῳ
594 1249 693 1313 την
725 1246 894 1319 πυρὰν
930 1242 1254 1316 καταψύξεις,
1287 1240 1375 1294 καὶ
1409 1245 1522 1299 τοῖς
1554 1237 1696 1312 τρισὶ
1729 1235 1997 1311 παραζεύ-

347 1341 439 1408 ξας
466 1337 555 1390 τὸν
593 1335 864 1409 τέταρτον.

2110 611 2381 666 Theclam
2412 615 2697 682 servavit;
2733 617 2892 672 illam
2947 637 2980 674 a
3029 621 3194 675 saevis
3222 621 3578 686 senioribus,
3615 622 3764 677 hanc.

2111 718 2142 754 a
2176 707 2420 772 tyranno
2452 702 2638 772 ipsius
2675 723 2865 775 proco,
2908 715 2964 762 et
3015 725 3048 762 a
3095 715 3280 764 matre
3325 710 3513 765 adhuc
3545 712 3759 766 crude-

2109 789 2260 844 liori.
2295 792 2473 854 Quem
2510 795 2745 849 tandem
2782 795 2936 851 hunc
2957 815 3242 868 sponsum
3264 799 3292 853 ‘I
3315 799 3632 868 Christum,
3656 799 3757 870 qui

2109 883 2164 932 et
2196 880 2437 950 spiritus
2469 881 2748 954 increpat,
2783 891 2834 939 et
2868 902 2986 955 eos,
3021 887 3119 955 qui
3164 892 3524 960 mergantur,
3557 887 3753 944 suble-

2109 973 2201 1022 vat
2235 970 2299 1037 21’,
2334 972 2389 1023 et
2422 969 2665 1041 pedibus
2716 990 2874 1028 mare
2925 981 3194 1047 peragrat
3245 979 3311 1046 ²³,
3345 981 3402 1032 et
3439 976 3754 1048 spirituum

2110 1056 2396 1129 legionem
2430 1059 2486 1113 in
2521 1063 2873 1130 profundum
2910 1064 3090 1118 mittit
3121 1065 3182 1130 ⁸⁸,
3205 1067 3424 1138 quippe
3457 1067 3759 1136 etjustum

2108 1147 2294 1201 virum
2329 1165 2359 1202 e
2390 1148 2515 1202 lacu
2547 1150 2738 1222 eripit,
2775 1150 3040 1208 leonibus
3064 1155 3119 1208 in
3149 1170 3340 1208 escam
3374 1155 3669 1224 objectum
3692 1155 3762 1221 25,

2108 1253 2174 1290 ac
2215 1253 2318 1307 per
2367 1254 2650 1293 manuum
2697 1242 3094 1297 extensionem
3141 1243 3443 1299 victoriam
3504 1244 3577 1299 de
3623 1243 3762 1298 feris

2109 1331 2511 1393 consecutum,
2545 1333 2600 1382 et
2632 1329 2942 1400 fugitivum
2977 1331 3318 1403 prophetam
3350 1348 3385 1387 a
3427 1335 3552 1388 ceto
3589 1348 3758 1387 vora-

346 1435 497 1491 tuin,
531 1427 587 1480 in
622 1426 881 1497 ipsisque
915 1422 1236 1477 visceribus
1287 1421 1458 1474 fidem
1507 1418 1794 1488 integram
1850 1419 2200 1480 servantem,
2237 1414 2445 1469 liberat
2466 1416 2532 1481 εδ,
2564 1422 2622 1471 et
2654 1417 2708 1471 in
2742 1419 2979 1488 Assyria
3029 1437 3242 1492 pueros
3295 1421 3446 1476 inter
3493 1421 3763 1477 ﬂammas

346 1517 674 1573 incolumes
707 1522 916 1577 servat,
950 1513 1186 1566 flainma
1219 1510 1494 1564 nimirum
1530 1525 1631 1578 per
1663 1505 1938 1577 angelum
1973 1503 2330 1575 refrigerata,
2364 1521 2429 1559 ac
2457 1511 2663 1576 quarto
2694 1507 2884 1563 tribus
2916 1509 3034 1565 illis
3062 1511 3336 1580 adjuncto
3357 1511 3421 1565 ³⁷.

421 1606 525 1659 lA'.
557 1607 731 1656 Ταῦτα
789 1603 876 1654 καὶ
938 1599 1110 1653 πλείω
1170 1596 1375 1650 τούτων
1433 1594 1854 1671 ἐπιφημίζουσα,
1909 1591 1997 1645 καὶ

348 1694 446 1760 την
522 1691 787 1766 Παρθένον
877 1688 1086 1760 Μαρίαν
1164 1689 1274 1757 (80)
1344 1684 1654 1738 ἱκετεύουσα
1730 1683 2000 1756 βοηθῆσαι

351 1781 599 1854 παρθένῳ
661 1777 1055 1849 κινδυνευούσῃ,
1114 1777 1175 1829 τὸ
1230 1782 1328 1842 τῆς
1380 1772 1628 1840 νηστείας
1671 1770 1758 1824 καὶ
1791 1790 2002 1845 χαμευ-

351 1871 464 1932 νίας
521 1864 893 1945 προϐάλλεται
951 1867 1268 1942 φάρμακον·
1333 1865 1472 1933 ὁμοῦ
1537 1861 1630 1932 μὶν
1684 1861 1746 1913 τὸ
1797 1857 2003 1921 καλλος

2181 1591 2267 1646 ΧΙ.
2306 1592 2455 1660 Ilaec,
2491 1598 2665 1664 atque
2698 1595 2787 1650 his
2820 1596 2990 1668 plura
3039 1614 3530 1666 commemorans,
3564 1598 3765 1670 Virgi-

2110 1697 2365 1753 neinque
2396 1683 2637 1738 Mariam
2671 1685 2918 1756 supplex
2949 1687 3284 1757 obsecrans,
3320 1691 3383 1742 ut
3413 1686 3768 1759 periclitanti

2112 1769 2325 1841 virgini
2348 1788 2515 1843 opem
2551 1773 2955 1844 ferret,jejunii
2978 1779 3035 1831 et
3065 1775 3422 1830 chameuniae
3445 1775 3761 1848 pharmaco

2117 1876 2245 1914 sese
2279 1862 2604 1915 communit
2630 1888 2643 1929 ;
2675 1866 2797 1918 tum
2825 1864 3156 1934 quidem,ut
3179 1864 3376 1920 formas
3399 1869 3762 1920 venustatem

358 1960 691 2032 μαραίνουσα
734 1957 804 2018 ὡς
851 1951 1166 2024 ἐπίϐουλον,
1215 1953 1285 2005 ’ἐν’
1339 1953 1621 2024 ὑποσπασῃ
1664 1957 1761 2017 τῆς
1796 1947 2002 2026 φλογὸς

2122 1953 2396 2021 tanquam
2452 1951 2819 2018 insidiosam,
2867 1955 3228 2022 obscuraret,
3278 1955 3474 2024 sicque
3515 1955 3766 2010 ﬂammas

350 2051 450 2117 τήν
493 2049 655 2117 ὓλην,
685 2046 773 2100 καὶ
825 2043 1102 2115 δαπανησῃ
1157 2043 1219 2096 τὸ
1269 2047 1375 2096 τῶν
1429 2043 1610 2094 παθῶν
1649 2037 2004 2109 ὑπέκκαυμα·

354 2140 496 2211 ὁμοῦ
530 2136 586 2192 δὲ
633 2137 724 2191 τὸν
757 2135 884 2190 Θεὸν
914 2134 1208 2205 ἱλεουμένη
1247 2129 1334 2185 διὰ
1362 2138 1460 2199 τῆς
1493 2131 1727 2190 πίστεως
1776 2125 1865 2181 καί
1897 2129 2009 2199 (89)

352 2226 440 2283 διὰ
464 2235 565 2296 τῆς
596 2225 1007 2284 ταπεινώσεως·
1048 2220 1224 2276 οὐδενὶ
1270 2223 1371 2296 γαρ
1424 2219 1566 2273 οὕτω
1617 2223 1723 2272 τῶν
1771 2218 2008 2284 πάντων,

350 2318 424 2378 ὡς
475 2315 830 2384 κακοπαθείᾳ,
884 2311 1229 2382 θεραπεύεται
1278 2310 1406 2369 Θεὸς
1461 2311 1594 2380 (90),
1648 2307 1735 2360 καὶ
1786 2303 2004 2379 δάκρυσι

347 2406 410 2459 τὸ
460 2402 843 2480 φιλάνθρωπον
908 2396 1261 2453 ἀντιδίδοται.
1335 2400 1555 2458 Ποθεῖτε
1607 2394 1673 2445 τὰ
1705 2393 1849 2462 ἑξῆς,
1904 2388 2006 2444 οἶδ’

351 2494 456 2564 ὅτι,
504 2497 602 2547 τοῦ
654 2491 1014 2565 διηγήματος.
1071 2488 1364 2560 ’Δγωνιᾶτε
1417 2483 1518 2556 γὰρ
1574 2482 1704 2553 ὑπὲρ
1737 2483 1834 2548 τῆς
1865 2499 2005 2552 παρ-

346 2583 521 2649 θένου,
581 2580 670 2634 καὶ
726 2584 826 2633 τοῦ
877 2577 1100 2652 ἐραστοῦ
1146 2572 1201 2627 δὲ
1245 2573 1356 2647 οὐχ
1398 2573 1588 2640 ἦττον,
1734 2571 1807 2631 εἱς
1843 2569 2002 2622 κακὸν

349 2672 679 2750 ἀμφοτέροις
713 2671 739 2722 ὁ
771 2668 936 2730 πόθος
974 2665 1177 2734 ἔληξεν.
1223 2661 1405 2716 ’Δλλᾶι
1455 2663 1715 2736 θαρσεῖτε.
1771 2659 2006 2719 Πίστεως

346 2749 450 2838 γὰρ
484 2763 511 2814 ὁ
555 2761 720 2820 πόθος
772 2759 1024 2829 πρόξενος
1073 2755 1313 2830 γίνεται·
1379 2752 1467 2805 καὶ
1519 2749 1779 2825 παρθένον
1835 2749 2008 2818 ἑαυτῷ

351 2849 665 2924 μνηστεύων
728 2849 755 2900 ὁ
829 2845 1076 2921 ἐραστὴς,
1152 2843 1254 2896 ὑπὸ
1318 2844 1549 2916 Χριστοῦ
1614 2837 2004 2910 μνηστεύεται·

345 2923 437 2994 καί
482 2942 515 3007 ἡ
573 2939 665 3010 μὲν
713 2941 820 2989 τῶν
873 2934 1055 2995 πόθων
1106 2934 1218 3004 (Ol)
1268 2928 1401 3007 φλὸξ
1442 2923 1846 2997 ἀποσϐέννυται,
1879 2929 1913 2994 ἡ
1951 2923 2007 2979 δὲ

347 3031 447 3096 τῆς
480 3025 739 3096 ἀληθείας
791 3023 1101 3077 ἀνάπτεται.
1165 3025 1285 3080 Πῶς
1329 3019 1415 3072 καὶ
1469 3018 1585 3072 τίνα
1616 3013 1856 3087 τρὸπον;
1892 3017 2006 3069 Ἐν-

353 3117 521 3173 ταῦθα
569 3137 658 3185 μοι
705 3115 766 3168 τὸ
817 3117 914 3167 τοῦ
968 3117 1080 3182 (9‘2)
1131 3107 1478 3183 διηγήματος
1521 3104 1761 3175 ἣδιστον.
1807 3110 1944 3175 Νικᾷ
1973 3109 2006 3175 ἡ

352 3205 634 3280 παρθένος,
690 3209 894 3256 νικᾶται
956 3202 983 3254 ὁ
1037 3199 1268 3272 δαίμων.
1319 3199 1373 3250 Ὀ
1423 3195 1712 3271 πειραστὴς
1764 3193 2009 3267 πρόσεισι

354 3300 434 3366 τῷ
495 3294 712 3369 ἐραστῇ,
772 3289 1103 3362 καταμηνύει
1165 3290 1262 3356 την
1322 3291 1525 3356 ἧτταν·
1587 3290 2008 3360 περιφρονεῖται.

353 3381 704 3458 Δυσχεραίνει
779 3387 878 3448 τῆς
959 3377 1294 3450 ὑπεροψίας·
1369 3375 1620 3448 ἀμύνεται
1685 3375 1775 3427 τὸν
1848 3375 2004 3449 ὑπερ-

349 3475 545 3541 όπτην.
602 3473 664 3525 Ἠ
716 3466 890 3542 ἄμυνα
941 3465 998 3521 δὲ
1045 3467 1170 3534 τίς;
1210 3465 1301 3527 Εἷς
1334 3465 1490 3519 αὐτὸν
1527 3463 1865 3531 εἶσοικίζεται
1896 3465 2005 3535 (93)

346 3563 438 3618 τὸν
471 3561 606 3620 τέως
637 3557 987 3634 θεραπευτὴν,
1030 3554 1119 3608 ⁹ίνα
1168 3559 1319 3624 κακῷ
1366 3555 1428 3607 τὸ
1474 3554 1634 3606 κακὸν
1683 3552 2002 3624 ἐκκρουσθῇ⁹

348 3651 439 3706 καὶ
473 3648 642 3703 λύσσα
701 3647 903 3715 λύσσης
954 3644 1092 3717 *ίαμα
1150 3643 1389 3718 γένηται.
1454 3648 1558 3709 Τῆς
1607 3641 1874 3714 παρθένου
1911 3641 2006 3712 μὲν

353 3738 739 3814 ἀποκρούεται,
772 3735 1009 3810 καθάπερ
1056 3754 1108 3787 τι
1162 3731 1470 3806 μηχάνημα
1521 3730 1740 3804 τείχους
1797 3729 2004 3803 ὀχυροῦ

348 3829 439 3884 καὶ
471 3826 738 3904 γενναίου,
801 3824 971 3898 λόγου
1023 3821 1194 3898 φυγὰς
1251 3819 1338 3872 καὶ
1403 3818 1672 3887 δεήσεως·
1735 3823 1812 3889 τῷ
1869 3816 2003 3889 πέμ·

353 3921 512 3992 ψαντι
549 3913 606 3969 δὲ
661 3911 1045 3988 προσπαλαίει,
1108 3909 1176 3983 (ὥ
1223 3914 1318 3962 τοῦ
1370 3908 1642 3978 θαύματος
1671 3909 1707 3979 ί)
1753 3907 1886 3982 πρὸς
1916 3907 2006 3960 τὸν

358 4007 596 4083 βαλόντα
639 4003 802 4058 πάλιν
866 4001 1236 4077 ἄναστραερεῖς,
1286 3997 1375 4052 καῖ
1427 3996 1761 4072 συμπνίγων,
1823 3990 2002 4070 ὥσπερ

348 4097 473 4150 τινὰ
506 4093 686 4149 Σαοὺλ
720 4091 988 4167 δεύτερον.

2122 2040 2429 2094 materiam
2465 2041 2855 2110 subtraheret,
2889 2059 2954 2097 ac
3003 2043 3231 2097 libidini
3285 2043 3578 2097 formitem
3615 2047 3772 2099 444

2119 2127 2494 2195 absumeret;
2529 2133 2652 2184 tum
2685 2147 2817 2184 vero
2853 2135 2911 2184 ut
2944 2147 3044 2202 per
3074 2131 3247 2185 ﬁdem
3281 2137 3339 2186 et
3370 2131 3769 2186 humilitatem

2118 2217 2434 2287 propitium
2485 2217 2597 2271 sibi
2645 2223 2824 2272 Deum
2858 2219 3140 2274 redderet.
3178 2219 3378 2290 Neque
3423 2221 3580 2275 enim
3616 2221 3770 2276 Deus

2117 2304 2233 2359 ulla
2265 2322 2321 2359 re
2352 2304 2611 2375 perinde,
2643 2309 2816 2378 atque
2849 2307 3178 2363 voluntaria
3223 2308 3482 2380 corporis
3514 2308 3766 2364 afﬂicta-

2113 2393 2294 2458 tione,
2326 2393 2692 2462 conciliatur,
2725 2395 3117 2468 lacrymisque
3163 2397 3566 2454 misericordia
3593 2396 3764 2454 vicis-

2115 2483 2227 2538 sim
2262 2482 2500 2554 rependi
2533 2483 2700 2540 solet.
2734 2485 2858 2539 Non
2889 2491 2977 2540 est
3007 2486 3160 2557 apud
3196 2503 3286 2541 rue
3319 2486 3590 2554 dubium,
3623 2487 3766 2558 quin

2115 2571 2399 2643 reliquam
2432 2571 2611 2642 hujus
2644 2573 2902 2628 historia:
2935 2579 3157 2645 partem
3192 2576 3356 2629 avide
3397 2575 3768 2648 exspectetis.

2115 2661 2445 2732 Trepidatis
2475 2679 2750 2733 namque,
2783 2667 2841 2718 et
2871 2663 3025 2718 anxii
3057 2665 3198 2718 estis
3246 2681 3350 2735 pro
3381 2664 3624 2736 virgine,
3660 2680 3765 2719 nec

2117 2751 2314 2805 minus
2346 2767 2447 2821 pro
2481 2750 2667 2821 ipsius
2700 2757 2957 2819 amante,
2986 2769 3058 2807 ne
3091 2752 3355 2824 utrisque
3383 2755 3607 2807 malum
3641 2756 3766 2808 tan-

2117 2839 2250 2893 dem
2282 2843 2337 2893 et
2373 2840 2665 2894 funestum
2702 2841 2875 2895 linem
2910 2840 3004 2896 hic
3035 2857 3200 2896 amor
3230 2841 3518 2897 habuerit.
3551 2841 3767 2897 Verum

2117 2927 2267 2983 bono
2301 2928 2496 2983 animo
2528 2933 2734 2994 estote,
2771 2930 2960 2984 Fidem
3013 2929 3171 2985 enim
3223 2929 3318 2985 hic
3367 2946 3532 2986 amor
3573 2931 3765 2986 conci-

2118 3017 2222 3072 liat
2269 3035 2280 3072 :
2337 3035 2402 3071 ac
2451 3019 2592 3072 dum
2649 3035 2857 3090 procus
2906 3018 3149 3090 virginis
3200 3019 3435 3091 nuptias
3481 3020 3687 3088 ambit,
3733 3037 3768 3076 a

2118 3107 2346 3162 Christo
2380 3107 2502 3178 ipse
2523 3107 2938 3178 despondetur,
2968 3113 3162 3179 atque,
3186 3109 3472 3163 exstincta
3502 3107 3768 3164 libidinis

2121 3196 2381 3262 ﬂamma,
2433 3195 2694 3251 veritatis
2744 3197 2917 3252 ardor
2962 3196 3265 3253 excitatur.
3317 3199 3439 3262 Quo
3491 3201 3658 3268 pacto
3707 3198 3764 3252 id

2127 3286 2422 3352 acciderit,
2447 3285 2746 3356 quaeritis?
2768 3286 3008 3358 Hicjam
3035 3287 3544 3358 injucundissima
3575 3304 3770 3342 narra-

2126 3375 2302 3430 tionis
2336 3381 2495 3446 parte
2526 3392 2741 3430 versor.
2774 3375 2948 3448 Virgo
2975 3381 3234 3448 superat,
3267 3377 3489 3432 daemon
3522 3392 3772 3447 supera-

2117 3468 2232 3518 tur.
2266 3464 2541 3518 Tentator
2571 3464 2640 3517 ad
2691 3469 2985 3520 amantem
3036 3465 3282 3533 accedit,
3333 3481 3511 3536 seque
3565 3481 3774 3520 succu-

2116 3552 2316 3607 buisse
2355 3553 2593 3607 indicat.
2649 3555 2848 3625 Itaque
2899 3555 2970 3609 ab
3019 3570 3085 3608 eo
3135 3553 3550 3609 contemnitur.
3584 3554 3770 3617 Quam

2115 3657 2237 3695 rem
2299 3640 2536 3713 indigne
2594 3642 2833 3712 ferens,
2913 3647 3375 3715 contemptorem
3441 3643 3773 3698 ulciscitur.

2074 3750 2079 3757 ·
2113 3729 2389 3793 Quaenam
2423 3736 2615 3785 autem
2648 3730 2767 3785 haec
2825 3730 2971 3788 ultio
3021 3733 3154 3788 est?
3205 3737 3267 3786 ln
3318 3749 3452 3788 eum
3484 3733 3704 3804 ipsum,
3738 3749 3773 3788 a

2115 3836 2231 3891 quo
2281 3823 2417 3874 ante
2461 3819 2781 3886 colebatur,
2832 3820 3153 3894 immigrat,
3206 3826 3270 3876 ut
3342 3821 3563 3877 malum
3613 3821 3769 3876 malo

2114 3909 2539 3974 extruderetur,
2573 3926 2637 3964 ac
2688 3910 2867 3965 furori
2917 3912 3076 3966 furor
3128 3911 3480 3967 medicinam
3515 3910 3770 3966 afferret.

2114 4001 2160 4052 Α
2189 3999 2413 4069 virgine
2441 3998 2701 4069 quidem,
2738 4017 2851 4054 non
2903 4017 3074 4056 secus
3131 4018 3196 4055 ac
3241 3999 3449 4056 beilica
3498 4000 3769 4071 quaedam

2117 4087 2390 4142 machina
2421 4107 2453 4141 ει
2482 4089 2652 4143 ﬁrmo
2674 4092 2731 4143 et
2750 4089 2944 4145 valido
2968 4089 3775 4163 muro,repellitur,sermone

348 4187 630 4242 nimirum
663 4190 719 4238 et
753 4184 1021 4254 precibus
1057 4184 1324 4252 fugatus;
1359 4195 1486 4233 cum
1521 4195 1585 4232 eo
1618 4181 1832 4246 autem,
1867 4193 1899 4230 a
1929 4193 2045 4247 quo
2101 4176 2320 4232 missus
2355 4177 2560 4243 fuerat,
2593 4176 2963 4233 colluclatur.
2997 4179 3039 4234 Ο
3073 4196 3192 4234 rem
3237 4179 3446 4234 miram
3498 4182 3555 4232 et
3604 4177 3774 4232 inau-

349 4275 569 4332 ditam!
604 4273 688 4328 Ad
721 4289 879 4339 eum,
911 4290 945 4327 a
975 4287 1090 4342 quo
1124 4269 1218 4324 teli
1256 4269 1566 4340 cujusdam
1601 4268 1782 4323 instar
1804 4268 2000 4338 jactus
2034 4267 2242 4335 fuerat,
2275 4267 2468 4335 rediit,
2499 4267 2832 4339 ipsumque,
2862 4269 3020 4324 velut
3054 4268 3302 4324 alterum
3334 4267 3591 4332 Saulem,
3627 4283 3776 4338 prae-

349 4365 578 4421 focabat
603 4364 667 4416 93.

483 4452 492 4467 Ι
626 4449 635 4468 Ι
727 4445 753 4467 τ’
927 4448 983 4482 νη
1344 4446 1357 4464 \
1532 4444 1544 4464 κ
1661 4445 1670 4463 Ι
1810 4467 1820 4483 Χ
1965 4443 1975 4462 Ι

417 4458 514 4506 ΙΒ.
576 4457 635 4503 Τι
695 4470 784 4502 ουν
834 4448 861 4500 ὁ
921 4466 1103 4522 αγρων
1170 4444 1399 4520 ἐραστης
1459 4465 1547 4498 και
1605 4464 1834 4521 σωφρωι
1889 4443 1998 4498 ἐπι-

2177 4445 2294 4500 ΧΙΙ.
2330 4445 2474 4510 Quid
2509 4445 2603 4501 hic
2636 4446 2812 4518 igitur
2845 4448 3086 4503 demens
3117 4445 3216 4500 ille
3247 4448 3494 4512 amator,
3529 4449 3586 4500 et
3633 4461 3771 4515 pru-

350 4540 602 4613 ληπτος;
636 4542 796 4609 Ζητεῖ
838 4539 935 4589 τοῦ
967 4533 1132 4588 κακοῦ
1171 4535 1269 4601 τὴν
1306 4532 1476 4600 Λύσιν,
1514 4532 1766 4608 εὑρίσκει·
1828 4533 2000 4606 εὐμή-

421 4649 468 4684 ²²
498 4646 704 4703 Matth.
735 4661 853 4699 xvu
885 4645 984 4712 l7;
1017 4643 1155 4697 Luc.
1191 4657 1312 4706 vm,
1344 4642 1433 4694 24.

345 4723 392 4758 ’⁷
425 4720 569 4776 Dan.
605 4735 691 4784 ιιι,
722 4718 791 4772 33
821 4733 952 4787 sqq.
1031 4715 1075 4748 ²⁸
1107 4714 1128 4769 Ι
1161 4714 1298 4784 Reg.
1332 4729 1446 4781 XVI,
1481 4713 1564 4766 14.

346 4827 722 4899 presbyteris.
743 4849 770 4874 ››
797 4824 986 4881 Minus
1018 4823 1254 4899 quidem
1288 4825 1460 4889 recte,
1485 4836 1616 4899 cum
1649 4817 1844 4874 Daniel
1879 4819 2004 4891 ipse

345 4892 469 4967 Ξιιιι,
504 4892 590 4968 4⁷1,
624 4916 743 4966 eos,
781 4915 897 4954 non
922 4921 948 4947 «
983 4892 1374 4968 presbyteros,
1404 4917 1423 4942 ιο
1461 4892 1563 4947 sed
1595 4915 1623 4942 ‹‹
1653 4907 1875 4947 senes»
1908 4909 2004 4962 ap-

389 4971 544 5026 ellet.

349 4989 657 5112 Ρθὲἑξὸῐ).Καῖ
691 5037 1152 5112 τυραννικωτέρας
1207 5033 1434 5112 μητρ-ὁς.
1484 5034 1576 5089 Sic
1624 5038 1763 5112 lieg.
1799 5051 1852 5112 ει,
1885 5037 2003 5112 tres

346 5079 529 5179 οοΐιξῗξ
583 5079 853 5183 Ηθιινθίξςη
903 5079 1084 5166 Oxon:
1129 5079 1290 5179 ὀβᾞᾶ
1323 5079 1596 5188 l'l_\tlontac.
1641 5079 1772 5188 Quia
1807 5079 2001 5188 ‘iectio

348 5177 570 5257 optima
615 5177 862 5250 videtur,
897 5177 1218 5258 omnesque
1263 5180 1446 5258 nodos
1479 5178 1770 5258 expendit.
1807 5177 2003 5258 l‘nleque

348 5250 502 5311 enim
555 5274 585 5311 a
631 5281 658 5306 ‹‹
701 5262 884 5326 patre,
915 5280 933 5304 ι
971 5255 1069 5309 sed
1103 5250 1140 5307 ιι
1166 5278 1192 5302 (ι
1228 5257 1411 5326 matre
1446 5274 1472 5299 »
1507 5256 1768 5326 vexatam
1821 5250 2002 5326 fuisse

347 5328 624 5384 Theclam
651 5319 939 5382 narratlir.
967 5329 1028 5381 In
1053 5322 1270 5388 ed.,x1i
1291 5321 1750 5397 τυραννικωτέρου
1773 5319 1999 5392 πατρὸς,

349 5424 375 5449 ‹‹
411 5407 467 5455 et
497 5405 656 5470 patre
688 5399 875 5478 magis
907 5398 1228 5478 tyrannico.
1259 5418 1296 5478 ’3‘
1503 5465 1525 5478 Α
1617 5467 1640 5476 υ
1738 5461 1750 5476 Ἰ
1879 5462 1888 5478 Υ

419 5465 528 5543 (86)
564 5465 1037 5542 Χαρῶνῖκτάδει,
1086 5469 1221 5543 Reg.
1259 5467 1455 5543 Cypra,
1502 5465 1686 5543 θηρῶνΔ
1735 5465 1999 5543 ἐκστάσει,

419 5499 509 5543 χου
564 5499 766 5542 Λιιμιυν
810 5499 1037 5525 υςιπυιι.
1087 5499 1221 5535 ιιῠῆ.
1259 5499 1450 5536 UJPlu,
1503 5499 1679 5536 ν’,ιδιλυγ
1735 5499 1822 5514 ἴοι-νυ
1841 5499 1999 5532 eausa,

351 5565 378 5590 ‹‹
411 5499 744 5598 beliuarum
795 5549 1052 5612 stupore.
1085 5563 1111 5589 »
1141 5541 1294 5616 _I|.-rcA
1327 5538 1517 5616 lecti-9,
1563 5538 1696 5616 licet
1747 5552 1894 5616 nova
1926 5539 2002 5616 ‘et

351 5614 689 5683 singularis,
725 5606 929 5668 melior
975 5611 1151 5666 videri
1207 5614 1412 5681 potest.
1450 5607 1648 5662 Daniel
1698 5607 1855 5660 enim
1909 5606 1998 5659 di—

350 5688 570 5741 cendus
619 5693 709 5741 est
752 5685 958 5740 vicisse
1005 5685 1221 5751 leones,
1255 5697 1370 5736 non
1404 5704 1430 5731 «
1466 5695 1751 5751 manuum
1803 5683 1998 5751 exten-

350 5759 529 5827 tione,
556 5779 585 5808 »
617 5757 788 5829 cujus
821 5756 984 5815 nulla
1019 5756 1086 5813 ﬁt
1119 5749 1374 5825 mentio,
1404 5776 1431 5804 «
1467 5752 1702 5810 incussa
1729 5749 2000 5811 leonibus

1511 4642 1556 4675 ⁸³
1588 4640 1791 4696 Matth.
1826 4657 1943 4706 xw.
1975 4641 2065 4696 25.

2111 4534 2257 4589 dens
2288 4534 2626 4605 arreptitius
2645 4534 2673 4589 ‘I
2695 4534 2829 4590 Mali
2855 4533 3261 4607 depulsionem
3293 4531 3586 4604 quaerit,et
3610 4533 3770 4588 inve-

2143 4640 2191 4675 ²⁴
2227 4640 2404 4694 Marc.
2438 4656 2493 4707 v,
2530 4641 2612 4696 13.
2693 4641 2738 4675 ³⁵
2763 4641 2910 4698 Dan.
2942 4658 3056 4705 xw,
3088 4641 3176 4695 30.
3255 4640 3301 4675 ³⁸
3330 4640 3461 4694 .]οιι.
3490 4655 3552 4706 ιι,
3573 4641 3608 4694 2
3637 4657 3780 4712 sqq-

2112 4817 2456 4874 reverentia.
2485 4840 2513 4866 »

2186 4891 2298 4960 (87)
2330 4889 2671 4963 Ἀσσυρίους.
2723 4891 3058 4962 Legendum
3109 4889 3324 4963 potius,
3355 4883 3659 4963 Ἑϐραίους.
3707 4889 3773 4963 Hi

2111 4963 2330 5017 etenim
2377 4960 2548 5035 pueri
2593 4979 2724 5035 vere
2772 4960 2827 5016 in
2878 4960 3127 5035 Assyria
3165 4979 3200 5017 a
3246 4960 3484 5016 ﬂamma
3540 4960 3772 5017 liberati

2113 5039 2284 5100 sunt;
2319 5032 2418 5087 sed
2455 5032 2675 5088 Hebraei
2706 5037 2894 5089 erant.

2207 5107 2294 5179 88)
2327 5103 2554 5179 Μαρίαν.
2589 5105 2733 5179 Vide
2764 5104 3052 5179 monitum
3085 5123 3144 5179 n_.
3175 5105 3235 5179 5__.

2207 5107 2294 5174 88)
2327 5107 2554 5179 Μαρίαν.
2589 5107 2733 5161 Vide
2764 5107 3052 5160 monitum
3085 5123 3144 5158 ιι.
3175 5107 3235 5158 5.

2183 5107 2292 5248 ί89)
2327 5177 2425 5228 Διὰ
2451 5183 2550 5246 τῆς
2577 5175 2808 5238 πίστεως
2839 5175 2951 5232 καί.
2985 5177 3078 5233 Sic
3111 5174 3273 5231 Colb.
3303 5174 3472 5230 codd.
3505 5179 3638 5231 Hec
3669 5175 3769 5232 de-

2112 5254 2251 5304 sunt
2283 5249 2339 5302 in
2372 5249 2463 5304 ed.

2182 5321 2292 5392 (90)
2327 5319 2672 5392 Κακοπαθείᾳ
2721 5317 3066 5392 θεραπεύεται
3103 5314 3268 5392 ΫΘεόςμ.
3323 5317 3504 5390 Regg.
3550 5335 3603 5392 a,
3649 5319 3770 5388 bm,

2113 5386 2211 5464 ph‘,
2245 5386 2668 5464 κακοπαθίᾳηΕί
2699 5386 2964 5464 Ριθςεεα,
3001 5409 3051 5458 c,
3084 5391 3140 5464 cl,
3176 5389 3304 5450 Θεὸς
3340 5386 3710 5463 θεραπεύεται.

2183 5464 2292 5534 (91)
2325 5461 2534 5526 Πόθων.
2571 5463 2634 5518 In
2666 5461 2986 5528 nonnullis,
3017 5463 3224 5518 παθῶν.

2141 5531 2294 5659 6(92)
2323 5535 2399 5658 1:16
2429 5538 2546 5591 τοῦ.
2581 5535 2673 5590 Sic
2705 5535 2884 5608 Regg.
2918 5552 2968 5602 c,
3003 5537 3060 5605 d,
3093 5535 3216 5600 bm,
3243 5533 3340 5589 Or.
3373 5533 3425 5598 1,
3458 5537 3566 5588 etc.
3591 5531 3768 5587 Deest

2175 5649 2190 5659 .
2223 5625 2281 5659 II)
2314 5625 2343 5659 8
2393 5649 2404 5659 .

2107 5609 2190 5662 τό.
2223 5609 2281 5661 in
2314 5609 2404 5662 ed.

2315 5649 2492 5734 Ἇξτὸν
2527 5674 2890 5751 είσοικίζεται.
2926 5679 3020 5734 Sic
3052 5679 3230 5750 Regg.
3263 5692 3314 5745 c,
3349 5676 3408 5743 d,
3439 5673 3538 5747 ph,
3571 5673 3670 5728 Or.
3709 5675 3758 5737 1,

2109 5751 2173 5807 In
2189 5748 2322 5820 ἐσυ
2356 5750 2541 5806 ἑαυτὸν
2573 5748 2936 5820 εἰσοικίζεται.
