4110 6434
327 404 484 465 1183

1575 403 1639 462 S.
1689 402 2059 463 GREGORII
2104 402 2208 461 ΤΗ
2221 401 2503 462 EOLOGI

3594 401 3753 459 1181,

326 535 433 591 nit.
473 535 815 609 Ingeniosus
846 535 1003 590 enim
1035 552 1100 590 ac
1134 535 1318 591 solers
1349 550 1477 591 esse
1510 535 1678 604 solet,
1705 535 1980 606 quisquis

2110 552 2260 607 (ανον
2315 531 2416 607 γὰρ
2474 531 2612 586 ἅπαν
2666 531 2728 584 τὸ
2783 529 3128 601 πιεζόμενον.
3175 527 3264 590 Τίς
3323 529 3359 597 ἡ
3395 525 3593 596 λύσις;
3628 515 3755 585 Ἑπῖ

331 627 636 698 premitur.
689 627 966 690 Quaenam
1013 631 1207 680 autem
1253 624 1578 696 depellendi
1643 624 1779 679 mali
1837 625 1984 680 ratio

331 715 490 770 fuit?
518 716 602 770 Ad
633 715 881 769 Justinus
940 714 1145 778 Deum,
1191 714 1712 785 quemadmodum,
1743 713 1878 768 Saul
1911 715 1981 768 ad

338 805 571 860 Davidis
603 804 888 860 citharam
915 805 1239 874 fidiumque
1265 803 1470 874 pulsus
1493 804 1557 870 9°,
1583 803 1882 874 confugit:
1912 804 1982 857 ad

333 893 514 964 hujus
549 893 845 948 Pastorem
898 909 959 947 se
1018 893 1278 958 confert;
1329 897 1526 963 atque,
1561 897 1626 947 ut
1655 910 1853 947 amore
1885 910 1988 965 per

333 987 634 1053 acceptam
687 981 940 1053 plagam,
997 981 1078 1035 ita
1123 981 1276 1035 malo
1329 981 1534 1052 spiritu
1586 999 1688 1054 per
1717 983 1892 1037 fidem
1927 983 1985 1036 in

334 1071 633 1126 Christum
680 1075 983 1142 purgatur,
1049 1087 1424 1143 amoremque
1481 1076 1826 1126 commutat.
1877 1071 1984 1126 Diu

330 1165 530 1216 tamen
590 1160 900 1231 episcopus
951 1159 1063 1231 ipsi
1119 1160 1293 1214 fidem
1359 1159 1678 1231 abrogavit,
1731 1177 1986 1231 eumque

333 1247 568 1321 repulit.
626 1248 976 1303 Incredibile
1024 1249 1204 1314 enim,
1261 1265 1327 1303 ac
1379 1249 1646 1304 miraculi
1694 1249 1885 1305 simile
1932 1250 1983 1304 ei

328 1338 660 1407 videbatur,
692 1338 1044 1410 Cyprianum
1077 1337 1394 1408 aliquando
1428 1338 1582 1392 inter
1624 1337 1988 1393 Christianos

330 1427 743 1483 ascribendum
768 1444 916 1490 esse,
941 1428 1171 1482 etiamsi
1195 1444 1399 1481 omnes
1421 1427 1692 1482 homines
1716 1428 1785 1482 ad
1813 1428 1987 1482 fidem

327 1517 716 1589 pervenirent.
741 1519 811 1571 At
844 1533 1039 1571 revera
1061 1521 1326 1571 mutatus
1350 1522 1496 1584 erat,
1516 1521 1572 1572 et
1604 1518 1986 1589 perspicuum

329 1605 676 1660 mutationis
708 1611 1124 1675 argumentum
1158 1607 1296 1660 edit.
1327 1606 1584 1676 Magicos
1616 1607 1772 1661 enim
1805 1606 1989 1662 libros

335 1692 567 1766 publice
601 1693 893 1765 proponit,
922 1710 988 1748 ac
1011 1694 1081 1747 de
1114 1693 1274 1765 pravi
1301 1693 1560 1749 thesauri
1587 1695 1990 1751 imbecillitate

329 1782 700 1854 triumphum
735 1782 854 1854 agit
887 1799 899 1837 :
927 1784 1245 1837 amentiam
1279 1784 1895 1857 praedicat,iugentem
1923 1803 1990 1842 ex

332 1870 451 1927 illis
483 1871 784 1926 flammam
817 1873 1049 1937 excitat,
1082 1875 1140 1927 et
1182 1872 1523 1928 diuturnam
1574 1873 1988 1946 imposturam,

333 1977 463 2031 qua
497 1976 570 2014 ne
604 1959 705 2014 uni
738 1960 976 2031 quidem
1011 1959 1205 2015 carnis
1236 1960 1485 2015 flamma:
1519 1977 1689 2032 opem
1722 1963 1871 2019 475
1907 1964 1991 2017 af-

334 2049 484 2104 ferre
515 2054 805 2120 potuerat,
839 2049 973 2121 igne
1017 2050 1277 2104 absumit
1307 2066 1319 2106 :
1355 2068 1387 2102 a
1432 2051 1799 2106 daemonibus
1833 2067 1992 2108 sece-

335 2139 441 2204 dit,
467 2138 585 2193 Deo
609 2138 973 2209 adjungitur.
999 2137 1042 2193 0
1067 2139 1377 2194 mirificam
1403 2139 1596 2211 gratias
1627 2142 1947 2210 potentiam
1977 2141 1989 2196 ι

338 2227 448 2284 Per
477 2226 814 2299 improbum
846 2244 1102 2283 amorem
1128 2245 1192 2282 ac
1218 2228 1517 2299 spiritum,
1545 2230 1722 2284 Deum
1753 2230 1992 2297 invenit,

335 2319 393 2371 et
423 2332 588 2370 sacra
631 2316 781 2370 sacri
835 2315 1028 2388 gregis
1077 2318 1200 2371 ovis
1248 2317 1522 2388 efficitur,
1566 2323 1744 2389 atque
1792 2319 1996 2384 etiam,

336 2404 838 2476 quemadmodum
891 2422 924 2458 a
972 2405 1227 2476 quodam
1261 2407 1479 2478 accepi,
1512 2407 1784 2473 aedituus,
1816 2409 1996 2480 idque

341 2492 546 2549 multis
583 2510 815 2565 quoque
838 2494 1108 2564 precibus
1134 2495 1204 2549 ab
1227 2512 1294 2549 ec
1318 2496 1620 2561 adhibitis,
1647 2501 1710 2551 ut
1740 2498 1810 2552 ad
1840 2498 1996 2569 prio-

339 2582 424 2637 ris
454 2583 791 2653 arrogantize
826 2584 1231 2654 purgationem
1265 2584 1660 2640 humilitatem
1683 2593 1996 2643 exerceret.

339 2670 547 2726 Pastor
597 2671 808 2727 deinde
863 2676 1112 2740 creatur,
1148 2691 1214 2728 ac
1271 2680 1574 2746 pastorum
1633 2676 1894 2747 optimus
1945 2682 2002 2733 et

336 2759 816 2831 probatissimus.
849 2761 1049 2833 Neque
1080 2762 1234 2818 enim
1279 2764 1722 2837 Carthaginensi
1771 2769 1998 2821 tantum

338 2848 631 2916 Ecclesiae,
666 2865 773 2905 nec
802 2849 1027 2917 Africae,
1062 2851 1133 2906 ab
1167 2867 1254 2919 eo,
1288 2857 1346 2908 et
1387 2859 1624 2926 propter
1652 2871 1787 2910 eum
1819 2855 1997 2910 etiam

340 2954 502 2994 nunc
560 2937 728 2994 claras
787 2943 844 2993 et
901 2939 1134 3005 celebri,
1190 2942 1524 3013 praeficitur,
1559 2959 1760 2998 verum
1819 2945 1996 3000 etiam

2094 623 2185 674 τὸν
2240 627 2340 689 τῆς
2415 621 2683 696 παρθένου
2754 618 3077 696 καταφεύγει
3141 617 3293 689 Θεὸν,
3352 616 3533 692 ὥσπερ
3576 615 3756 671 Σαοὺλ

2097 709 2182 764 ἐπὶ
2214 711 2311 778 τήν
2345 709 2564 784 κινύραν
2595 711 2707 781 (94)
2753 712 2851 762 τοῦ
2883 703 3048 762 Δαεὶδ
3079 708 3169 762 καὶ
3201 707 3266 760 τὰ
3295 705 3614 779 κρούσματα
3647 709 3755 780 (95)

2095 799 2339 871 πρόσεισι
2369 804 2449 870 τῷ
2478 798 2681 868 ταύτης
2716 799 2942 869 Ποιμένι
2988 800 3100 869 (96)
3126 817 3138 828 ·
3191 797 3521 871 καθαίρεται,
3573 795 3752 871 ὥσπερ

2093 893 2191 942 τοῦ
2221 888 2393 950 πόθου
2427 885 2516 942 διὰ
2544 894 2644 956 τῆς
2675 887 2922 961 πληγῆς,
2956 885 3100 940 οὓτω
3147 890 3244 940 τοῦ
3291 889 3540 957 πονηροῦ
3587 884 3752 940 πνεύ-

2102 997 2270 1049 ματος
2303 974 2391 1030 διὰ
2437 975 2538 1050 τῇς
2598 975 2673 1036 είς
2723 975 2951 1049 Χριστὸν
2983 974 3217 1035 πίστεως
3244 993 3255 1006 '
3295 973 3634 1046 μετατίθεται
3661 975 3761 1028 τὸν

2098 1065 2264 1119 πόθον
2287 1085 2298 1096 ·
2363 1064 2450 1120 ἐπὶ
2498 1063 2643 1119 πολὺ
2677 1064 2771 1136 μὶν
2809 1062 3208 1135 ἀπιστούμενος
3239 1061 3327 1117 καὶ
3358 1061 3756 1134 ἀποπεμπόμε-

2098 1174 2209 1216 νοςο
2272 1155 2360 1208 καὶ
2412 1155 2512 1230 γαρ
2567 1151 2741 1208 ἰδόκει
2790 1152 2854 1206 τὸ
2903 1158 3129 1227 πρᾶγμα
3175 1155 3283 1206 τῶν
3332 1151 3569 1205 ἀπίστων
3623 1151 3758 1205 εἶναι

2097 1243 2186 1299 καὶ
2243 1243 2582 1316 θαυμασίων,
2632 1241 2936 1316 Κυπριανὸν
2991 1241 3044 1295 ἐν
3116 1247 3462 1316 Χριπιανοῖς
3518 1239 3758 1315 ἀριθμη-

2099 1333 2258 1403 θῆναί
2291 1353 2445 1400 ποτε,
2478 1332 2525 1386 εἰ·
2571 1332 2661 1386 καὶ
2711 1330 2906 1392 πάντες
2955 1331 3233 1406 ἄνθρωποι
3261 1348 3276 1365 ο
3322 1327 3661 1402 μετατίθεται
3712 1327 3762 1383 δ’

2099 1421 2216 1493 οὗν,
2275 1422 2364 1476 καὶ
2423 1423 2535 1494 (97)
2607 1415 2880 1490 ἀπόδειξις
2957 1425 3060 1487 τῆς
3133 1415 3443 1491 μεταϐολῆς
3501 1418 3758 1493 ἐναργής.

2101 1511 2396 1586 Προτίθησι
2431 1508 2674 1582 δημοσίᾳ
2701 1509 2797 1571 τὰς
2826 1508 3089 1583 γοητικάς
3121 1503 3348 1583 βίϐλους
3377 1527 3388 1538 '
3442 1501 3760 1583 θριαμϐιύει

2099 1605 2195 1656 τοῦ
2225 1604 2470 1671 πονηροῦ
2519 1602 2792 1674 θησαυροῦ
2839 1599 2939 1666 τήν
2991 1598 3259 1652 ἀσθένειαν
3288 1616 3301 1629 ·
3357 1597 3612 1670 κηρύσσει
3661 1597 3761 1665 τὴν

2101 1687 2308 1758 ἄνοιαν,
2360 1687 2616 1762 λαμπρὰν
2675 1687 2726 1758 ἐξ
2781 1687 2958 1742 αὐτῶν
3015 1684 3154 1762 αἶ’ρει
3208 1688 3309 1755 τήν
3366 1685 3566 1763 φλόγα,
3625 1706 3764 1760 πυρ-

2102 1777 2312 1850 δαπανᾷ
2362 1780 2460 1847 τήν
2522 1779 2731 1854 μακράν
2791 1775 3024 1846 ἀπάτην,
3079 1776 3114 1844 ἢ
3180 1780 3277 1849 μιᾷ
3338 1775 3505 1852 φλογὶ
3566 1776 3763 1850 σαρκὸς

2103 1869 2201 1924 οὒκ
2244 1869 2516 1942 ἐπήμυνεν
2545 1888 2558 1901 ·
2617 1866 2902 1945 ἀφίσταται
2959 1867 3067 1920 τῶν
3117 1862 3417 1938 δαιμόνων,
3467 1864 3763 1919 οἰκειοῦται

2105 1964 2239 2031 Θεῷ.
2296 1960 2361 2013 Ὦ
2417 1964 2520 2027 τῆς
2564 1957 2831 2034 χάριτοςῐ
2882 1957 3023 2025 ⁸Ὀση
3075 1955 3205 2010 Θεὸν
3253 1953 3485 2030 εὑρίσκει
3536 1956 3764 2028 πονηρῷ

2102 2049 2256 2121 πόθῳ
2285 2047 2374 2103 καὶ
2426 2046 2721 2120 πνεύματι,
2765 2039 3040 2121 πρόϐατον
3091 2043 3235 2119 ἱερὸν
3286 2050 3387 2113 τῆς
3427 2045 3574 2118 ἱερᾶς
3623 2042 3762 2118 γίνε-

2102 2159 2188 2193 ται
2239 2137 2505 2210 ποίμνης,
2555 2136 2629 2198 ὡς
2674 2133 2732 2190 δὶ
2779 2135 2885 2211 ἐγώ
2926 2154 3075 2195 τινος
3124 2131 3358 2203 ἤκουσα,
3422 2131 3512 2186 καὶ
3568 2131 3764 2187 νεωκό-

2107 2248 2198 2304 ρος
2233 2230 2367 2300 (98),
2401 2224 2588 2281 πολλᾶ
2617 2223 2852 2296 δεηθεὶς,
2878 2220 2972 2278 ’ίνα
3020 2220 3368 2300 τιλοσοφήσῃ
3409 2222 3472 2277 τὸ
3516 2223 3766 2276 ταπεινὸν

2107 2317 2184 2378 εἷς
2217 2318 2476 2390 κάθαρσιν
2505 2321 2606 2384 τῆς
2635 2313 2912 2390 «προτέρας
2962 2311 3301 2382 ἄλαζονείας.
3350 2312 3482 2366 Εἶτα
3534 2312 3764 2383 ποιμὴν,

2105 2405 2194 2462 καὶ
2226 2406 2504 2478 ποιμένων
2539 2405 2566 2458 6
2596 2402 2882 2480 κράτιστός
2906 2423 2964 2456 τι
2995 2404 3110 2475 (99)
3140 2400 3228 2456 καὶ
3263 2398 3662 2473 δοκιμώτατος.
3691 2399 3768 2457 Οὐ

2107 2496 2210 2572 γὰρ
2242 2503 2344 2564 τῆς
2377 2491 2770 2570 Καρχηδονίων
2792 2491 3180 2568 προκαθέζεται
3218 2490 3384 2564 μόνον
3418 2489 3770 2560 Ἐκκλησίας,

2107 2584 2234 2640 οὐδὲ
2261 2593 2362 2655 τῆς
2394 2583 2444 2654 ἐξ
2475 2583 2682 2638 ἐκείνου
2730 2582 2818 2637 καὶ
2871 2579 2941 2636 δι’
2989 2579 3191 2635 ἐκεῖνον
3233 2575 3566 2656 περιϐοήτου
3605 2578 3769 2654 μέχρι

2107 2679 2198 2729 νῦν
2231 2678 2309 2749 (1)
2342 2676 2628 2752 Ἀφρικῆς,
2663 2670 2808 2727 άλλά
2836 2671 2926 2725 καὶ
2947 2673 3242 2740 πάσηςτῆς
3267 2668 3540 2745 ἑσπερίου,
3576 2666 3771 2744 σχεδὸν

2111 2762 2168 2820 δὲ
2198 2765 2287 2818 καὶ
2329 2771 2427 2833 τῆς
2476 2763 2610 2835 ἑῴας
2661 2765 2740 2834 (2)
2789 2760 2980 2832 αὐτῆς,
3021 2758 3200 2814 νοτίου
3231 2761 3308 2832 (3)
3335 2779 3394 2812 τε
3421 2757 3510 2812 καὶ
3546 2756 3765 2833 βορείου

2109 2852 2342 2924 λήξεως,
2376 2851 2454 2929 ἐφ’
2486 2851 2585 2906 ὅσα
2641 2851 2849 2913 ἐκεῖνος
2897 2850 3035 2920 ἦλθε
3081 2852 3162 2920 τῷ
3206 2847 3463 2921 θαύματι.
3499 2845 3658 2904 Οὕτω
3689 2847 3770 2920 (4)

2112 2943 2417 3016 Κυπριανὸς
2447 2943 2481 3010 ἡ
2493 2939 2715 3016 μέτερος
2747 2939 2976 3015 γίνεται.

339 3026 603 3082 occiduis
633 3027 912 3084 omnibus
945 3028 1306 3100 regionibus,
1341 3048 1406 3087 ac
1437 3047 1614 3104 prope
1647 3032 1824 3088 etiam
1857 3032 2126 3089 orientali
2173 3032 2358 3097 omni,
2391 3037 2569 3104 atque
2611 3030 2856 3086 australi
2884 3035 2940 3084 et
2977 3025 3423 3100 septentrionali
3453 3043 3588 3095 orae,
3622 3041 3767 3098 quo-

341 3131 577 3187 cunque
607 3116 768 3172 illius
799 3118 955 3172 fama
985 3122 1042 3174 et
1071 3120 1382 3176 admiratio
1417 3129 1731 3194 pervagata
1759 3127 1867 3178 est.
1900 3123 1994 3178 Sic
2022 3123 2346 3195 Cyprianus
2379 3126 2577 3177 noster
2605 3121 2878 3176 efficitur.

418 3202 567 3258 XllI.
601 3204 730 3258 Haec
765 3205 1068 3277 signorum
1102 3213 1157 3262 et
1192 3208 1592 3280 prodigiorum
1625 3210 1778 3266 Deus
1811 3212 1950 3266 facit
1982 3229 1995 3267 :

2182 3212 2281 3266 ll".
2341 3208 2516 3263 Ταῦτά
2573 3211 2600 3264 ὁ
2658 3213 2768 3263 τῶν
2826 3203 3068 3279 σημείων
3129 3203 3219 3260 καὶ
3255 3208 3364 3259 τῶν
3394 3204 3472 3277 (5)
3528 3203 3766 3279 τεράτων

348 3291 494 3359 hac,
526 3291 793 3363 inquam,
828 3292 944 3364 ille,
996 3297 1095 3365 qui
1141 3296 1487 3368 Josepbum,
1515 3298 1719 3370 iniquo
1751 3299 1998 3355 fratrum

350 3381 571 3438 scelere
599 3382 924 3448 venditum,
959 3383 1018 3438 in
1064 3384 1375 3457 Egyptum
1430 3387 1598 3442 duxit
1646 3389 1713 3458 ³ο,
1745 3393 1802 3444 et
1833 3389 1891 3443 in
1926 3389 2004 3444 fe-

341 3469 506 3526 mina
535 3471 857 3542 exploravit
899 3472 966 3543 εί,
1001 3478 1057 3528 et
1105 3474 1384 3530 frumenti
1433 3476 1740 3548 largitione
1790 3478 2006 3533 nobili-

339 3559 508 3624 tavit,
569 3563 627 3614 et
685 3560 742 3614 in
805 3562 1171 3618 somniorum
1221 3565 1466 3620 scientia
1513 3566 1784 3635 erudivit,
1836 3575 1897 3621 ut
1946 3567 2003 3622 in

345 3650 542 3704 extera
600 3649 836 3720 regione
895 3652 1070 3707 fidem
1129 3657 1184 3708 et
1243 3654 1651 3711 auctoritatem
1693 3655 2004 3724 obtineret,

345 3741 523 3808 atque
580 3754 614 3793 a
674 3738 975 3796 Pharaone
1025 3741 1246 3798 honore
1318 3743 1672 3813 afficeretur,
1725 3749 2008 3817 paterque

345 3826 738 3882 maximarum
789 3829 1022 3884 illarum
1077 3832 1380 3903 copiarum
1431 3833 1595 3889 ﬁeret
1650 3835 1716 3901 ³³,
1772 3839 2010 3907 propter

354 3932 503 3987 quas
528 3917 811 3990 Egyptus
839 3920 1135 3975 cruciatur
1158 3921 1224 3985 3’,
1256 3938 1416 3978 mare
1447 3923 1738 3978 scinditur
1765 3923 2009 3996 “,panis

352 4004 542 4061 instar
571 4005 803 4078 pluvias,
824 4008 1093 4064 funditur
1121 4011 1186 4078 ³⁸,
1209 4011 1348 4067 solis
1374 4029 1583 4068 cursus
1617 4013 1919 4069 inhibetur
1941 4015 2007 4085 ³⁸,

344 4094 640 4167 promissa
674 4101 830 4151 terra
873 4115 975 4170 per
1023 4104 1242 4155 sortem
1298 4101 1679 4158 distribuitur
1706 4104 1770 4157 ³⁷.
1805 4103 2011 4159 Divina

345 4183 505 4238 enim
525 4185 816 4256 sapientia
835 4204 1186 4260 magnarum
1201 4206 1397 4245 rerum
1418 4191 1802 4248 fundamenta
1825 4193 2010 4248 multo

344 4277 483 4329 ante
506 4274 726 4344 jacere,
758 4293 826 4331 ac
870 4279 1167 4334 contraria
1217 4295 1318 4349 per
1367 4281 1664 4336 contraria
1697 4298 2013 4353 procurare

347 4361 526 4429 novit,
560 4367 623 4418 ut
679 4365 962 4434 majorem
1015 4367 1105 4421 sui
1157 4368 1608 4424 admirationem
1661 4370 2012 4426 mortalibus

2113 3297 2265 3360 Θεός⁶
2323 3302 2513 3364 ταῦτα,
2573 3298 2601 3351 6
2648 3297 2740 3352 τὸν
2798 3296 3005 3373 Ἰωσὴφ
3068 3295 3284 3371 ἀγαγὼν
3353 3293 3430 3355 εἷς
3501 3290 3774 3368 Αἷίγυπτον

2119 3383 2284 3441 ὢνιον
2319 3383 2688 3463 ἓιὰβδελφῶν
2723 3383 3000 3460 ἐπηρείας,
3035 3383 3123 3438 καὶ
3175 3382 3225 3438 ἐν
3274 3381 3486 3459 γυναικὶ
3539 3379 3772 3454 δοκιμά-

2117 3497 2234 3547 σας,
2284 3476 2374 3530 καὶ
2425 3473 2475 3530 ἐν
2513 3472 2792 3545 σιτοδοσίᾳ
2839 3476 2916 3547 (6)
2968 3471 3215 3544 δοξάσας,
3264 3470 3355 3527 καί
3405 3471 3456 3526 ἐν
3504 3470 3770 3533 ἐνυπνίοις

2118 3565 2341 3643 σοφίσας
2389 3567 2489 3638 (7),
2540 3562 2612 3618 τίν’
2659 3563 2747 3618 ἰπὶ
2793 3563 2948 3634 ξένης
2995 3564 3278 3636 πιστευθῇ,
3306 3561 3395 3616 καὶ
3437 3562 3540 3644 υπὸ
3572 3560 3774 3636 Φαραὼ

2113 3656 2348 3728 τιμηθῇ,
2396 3654 2486 3708 καὶ
2535 3654 2716 3728 πατὴρ
2767 3653 2993 3728 γένηται
3036 3650 3262 3707 πολλῶν
3299 3647 3577 3726 μυριάδων
3611 3648 3677 3704 δι’
3709 3648 3770 3712 ἃς

2117 3742 2398 3820 Αἴγυπτος
2490 3742 2851 3816 βασανίζεται,
2929 3740 3170 3805 θάλασσα
3244 3738 3523 3813 τέμνεται,
3609 3739 3768 3813 ἄρτος

2121 3833 2294 3902 ὕεται,
2321 3831 2488 3902 ἥλιος
2516 3830 2752 3903 ἵσταται,
2785 3838 2854 3908 γῆ
2888 3831 2984 3900 ἑῆς
3038 3828 3364 3906 ἐπαγγελίας
3411 3826 3770 3904 κληροδοτεῖ-

2119 3944 2230 3980 ται.
2275 3922 2404 3981 Οἷδε
2435 3924 2539 3999 γὰρ
2588 3917 2869 3998 πόρρωθεν
2909 3915 3345 3975 καταϐάλλεσθαι
3372 3922 3483 3974 τῶν
3521 3915 3773 3993 μεγάλων

2117 4011 2457 4090 πραγμάτων
2524 4014 2558 4082 ἡ
2630 4011 2792 4090 σοφία
2865 4009 2961 4072 τὰς
3023 4009 3321 4080 ὑποθέσεις,
3374 4007 3464 4063 καὶ
3518 4006 3608 4062 διὰ
3661 4010 3768 4062 τῶν

2119 4101 2374 4160 ἐναντίων
2429 4103 2503 4175 (8)
2545 4102 2614 4155 τὰ
2654 4098 2866 4155 ἐναντία
2920 4098 3350 4172 οἰκονομεῖσθαι,
3394 4093 3488 4151 ’ίνα
3511 4095 3601 4151 καὶ
3636 4093 3774 4169 μᾶλ-

2121 4191 2218 4249 λον
2253 4191 2617 4264 θαυμάζηται.
2672 4190 2923 4265 ’Δπόχρη
2978 4190 3054 4263 (9)
3085 4189 3175 4244 καὶ
3203 4192 3371 4242 ταῦτα
3399 4191 3508 4242 τῶν
3535 4191 3632 4241 τοῦ
3663 4188 3770 4259 (10)

2123 4285 2434 4353 Κυπριανοῦ
2482 4277 2667 4335 καλῶν
2721 4279 2797 4341 είς
2852 4279 3049 4354 μέτρον
3088 4276 3359 4355 εὖφημίκςς
3388 4275 3771 4344 τελειωτάτης.

2122 4375 2228 4424 Νὖν
2289 4367 2347 4424 δὲ
2390 4370 2625 4424 τοσαῦτά
2681 4368 2791 4423 ἐστι
2861 4368 2930 4422 τὰ
2990 4367 3294 4441 λειπόμενα
3365 4367 3456 4422 καὶ
3528 4369 3772 4432 τοιαῦτα,

419 4476 466 4513 ⁸⁸
495 4477 518 4533 Ι
549 4478 700 4564 Περ.
721 4496 837 4564 xnvx,
1039 4482 1084 4517 ³⁸
1102 4483 1256 4564 ρίου.
1290 4501 1526 4564 xxxvng
1547 4486 1637 4564 28Δ
1663 4503 1797 4560 sqq.
1863 4488 1917 4564 _‘_'
1951 4487 1996 4544 G

2127 4505 2322 4564 xxxix,
2351 4489 2387 4544 7
2416 4505 2550 4564 sqq.
2626 4486 2673 4522 ³³
2702 4491 3008 4564 Gen._xm,
3061 4486 3131 4541 40
3176 4502 3308 4564 sqq.
3383 4485 3430 4521 ³³
3460 4485 3638 4540 Exod.
3670 4499 3773 4552 vn,

348 4548 417 4606 17
447 4565 582 4622 sqq.
637 4548 707 4587 ’3‘
739 4552 910 4608 Exod.
949 4570 1064 4623 XIV,
1099 4556 1162 4611 21
1203 4573 1331 4630 sqq.
1408 4558 1455 4593 ³⁸
1486 4548 1662 4615 Exod.
1698 4548 1817 4628 xvi,
1851 4561 1919 4615 14
1947 4577 2081 4634 sqq.
2160 4562 2204 4597 ³⁵
2232 4548 2351 4617 Jcs.
2381 4578 2439 4628 x,
2471 4548 2542 4616 T2
2569 4575 2702 4633 sqq.
2778 4558 2822 4595 ³⁷
2850 4558 2973 4615 Jos.
2996 4548 3131 4627 'xm,
3168 4559 3194 4613 1
3227 4548 3397 4630 seqq.

417 4663 534 4737 (94)
560 4663 820 4752 Κινύραν.
852 4691 882 4721 ‹‹
913 4670 1235 4729 Citharam.
1267 4696 1287 4722 ι
1325 4674 1420 4730 Sic
1467 4693 1672 4734 omnes
1725 4677 1894 4732 codd.
1938 4677 1996 4732 In

2114 4673 2268 4730 οὕτω
2326 4676 2499 4752 πρὸς-
2535 4673 2769 4749 Χριστὸν
2829 4671 3189 4752 μετατίθεται..
3242 4695 3271 4752 cf
3320 4672 3415 4752 Sic
3473 4673 3546 4728 ad
3599 4670 3768 4752 Chri-

345 4737 739 4813 θάτιὲίθᾴραῨ·

416 4809 529 4898 (95)
562 4809 910 4885 Κρούσματα.
964 4814 1142 4888 Regg.
1176 4833 1230 4884 a,
1265 4817 1325 4886 d,
1357 4817 1528 4874 Coisl.
1565 4821 1616 4887 1,
1663 4819 1815 4890 Par.,
1866 4824 2003 4892 etc.,

345 4899 479 4953 κρου
489 4901 648 4951 ματα.

421 4953 536 5026 (96)
571 4951 816 5026 Ποιμένι.
853 4978 882 5007 ‹‹
904 4959 1186 5025 Pastori,»
1223 4959 1503 5017 nimirum
1528 4983 1555 5011 «
1580 4963 1859 5021 Antbimo
1888 4967 2004 5021 An-

347 5023 629 5103 tiochense
649 5023 932 5103 Ecclesiae
963 5023 1258 5103 episcopo.
1290 5055 1310 5085 ι

345 5095 526 5232 Ml(9?
561 5095 658 5149 Καί
695 5099 862 5156 Deest
907 5101 966 5156 in
997 5095 1198 5175 'Regg'.
1233 5121 1286 5174 a,
1319 5104 1442 5170 bm,
1474 5104 1576 5176 pb.
1606 5105 1790 5179 Ait|in
1825 5107 1920 5163 0r.
1951 5109 2003 5180 1,

417 5237 528 5307 (98)
559 5235 870 5314 Νεωκόρος.
904 5265 933 5293 ‹‹
969 5243 1235 5301 Minister
1279 5247 1564 5318 templum
1618 5264 1889 5307 everrens
1937 5267 2003 5307 ac

347 5319 493 5380 repu
504 5325 642 5380 rgan
652 5327 698 5365 8.
723 5333 750 5361 ››

422 5379 1050 5476 (99)¹ρῂκράτοιστόςτε,
1091 5392 1200 5476 etc.
1236 5388 1570 5476 Regg.“bm,
1605 5390 1704 5476 pb,
1736 5391 1914 5449 Coisl.
1949 5396 2001 5462 2,

351 5443 724 5532 Orl.“1,_-I?ar.,
758 5451 864 5532 (in
894 5457 1180 5532 κράτιστόν
1211 5479 1271 5532 τε
1425 5443 1825 5532 δοκιμωτάτον.

422 5519 498 5606 (1?
525 5517 717 5606 .‘lIéX-P‘
742 5529 854 5606 “EV-
893 5517 1032 5606 ἷξες·
1068 5531 1126 5606 (ἐς
1167 5529 1331 5606 μέχρι
1364 5535 1458 5585 τοῦ
1488 5517 1612 5590 Viv-

525 5592 718 5668 ’ᾼΕῲαᾳ
753 5597 891 5668 Reg.
928 5592 1046 5664 bm,
1085 5592 1178 5656 ab:

525 5658 754 5742 Νρτίου.
791 5658 968 5751 Βὲβε.
1006 5658 1128 5742 Βω,
1162 5673 1262 5744 ph,
1294 5673 1531 5735 νοσείου.

516 5727 706 5788 οὑτω.
751 5739 818 5792 In
867 5755 989 5792 una
1036 5744 1214 5792 unim
1259 5746 1417 5792 Cnlh-
1471 5749 1682 5792 nnainn
1740 5749 1850 5792 lnai

600 5746 706 5788 τω.
751 5739 818 5797 In
867 5739 989 5797 ima
1036 5739 1214 5803 unius
1246 5739 1417 5806 'Colb.
1470 5749 1688 5822 pagina
1739 5749 2006 5825 legitur:

2117 4753 2272 4805 stum
2305 4743 2694 4817 transfertur;
2728 4769 2758 4799 »
2791 4743 2894 4804 seu
2939 4747 3019 4802 sit
3059 4745 3222 4802 varia
3251 4745 3442 4811 lectio,
3477 4761 3581 4800 seu
3614 4743 3770 4817 glos-

2115 4837 2550 4978 sfgfkai‘wv.
2600 4891 2696 4949 Sic
2744 4890 2924 4963 Regg.
2975 4889 3097 4961 bm,
3147 4887 3226 4961 pb
3259 4891 3318 4944 et
3346 4887 3442 4945 Or.
3500 4888 3552 4945 1.
3601 4886 3774 4944 Deest

2114 4964 2222 5018 τῶν
2256 4965 2314 5018 in
2347 4964 2439 5018 ed.

2151 5030 2604 5121 .(6)£L108001q.
2637 5033 2777 5106 Reg.
2829 5049 2864 5090 ο,
2911 5035 2968 5089 et
3013 5032 3158 5104 Jes.,
3201 5025 3461 5103 σιτοδείᾳ,
3513 5051 3543 5084 ι(
3590 5046 3774 5105 penu-

2118 5125 2270 5252 Γιῖἧ)
2296 5178 2383 5252 Ἐν
2445 5174 2708 5238 ἐνυπνίοις
2741 5172 3029 5252 ’σοφ-ίσαςκ
3060 5174 3308 5252 BilliusL:
3336 5195 3364 5224 «
3398 5189 3503 5252 p_er
3549 5173 3774 5252 insom-

2116 5245 2289 5308 υἱοί»
2319 5250 2443 5305 Non
2479 5255 2652 5306 recte.
2685 5247 2791 5304 Hic
2838 5245 3132 5321 siquidem
3184 5247 3381 5321 agitur
3400 5245 3484 5302 ide
3514 5245 3776 5321 somnic-

2115 5341 2248 5378 rum
2289 5322 2557 5388 scientia,
2589 5338 2707 5394 qua
2735 5316 2951 5394 Joseph
3001 5316 3252 5394 egdoctus'
3291 5323 3401 5385 est,
3435 5322 3503 5374 ut
3548 5316 3778 5375 somnia

2116 5413 2225 5451 sua
2255 5392 2626 5466 intelligeret,
2657 5398 2715 5450 et
2746 5392 2999 5466 aliorum
3026 5393 3534 5466 interpretaretur.

2187 5469 2266 5538 (8)
2297 5466 2395 5519 Διὰ
2439 5462 2547 5519 σῐῶν
2598 5464 2873 5531 ἐναντίων,
2905 5469 3015 5520 etc.
3052 5462 3216 5538 «(Per
3263 5462 3632 5538 contraria,_»
3661 5464 3771 5538 etc.

2115 5532 2207 5621 sic
2238 5532 2453 5609 Joscpu
2496 5555 2599 5621 per
2628 5538 2967 5594 servitutem
3002 5541 3058 5592 et
3089 5535 3474 5609 ignominiam
3526 5535 3597 5591 ad
3648 5532 3772 5605 glo-

2119 5615 2264 5666 riam
2297 5615 2579 5713 pervenit.
2991 5681 3017 5694 _

2189 5683 2295 5763 (9)..
2320 5681 2579 5763 eedxpn;
2612 5681 2828 5763 (31986;.
2857 5677 3036 5763 βιρκιθ·
3065 5750 3107 5763 -
3222 5753 3232 5763 .
3305 5751 3335 5763 ..

2210 5687 2263 5751 9)
2299 5687 2579 5758 ’Δπόχρη.
2612 5687 2828 5764 (31985.,
2931 5687 3036 5736 κεῖ.
3305 5751 3335 5763 _
3410 5749 3423 5764 ο

2187 5687 2304 5828 (10)
2329 5757 2444 5810 Τῶν
2474 5757 2619 5814 τοῦ..
2650 5755 2744 5813 Sic
2773 5697 2945 5812 Gcisl.
2981 5751 3031 5810 1.
3065 5750 3242 5810 Deest
3268 5768 3374 5806 των
3406 5765 3468 5808 in
3498 5750 3592 5808 ed.
