4110 6414
343 432 505 493 1185

1206 426 1504 490 ORATIO
1546 422 1970 489 XXIV.—-IN
2015 423 2343 486 LAUDEM
2388 426 2456 486 S.
2502 420 2908 487 CYPRIANI.

3613 427 3771 489 1186

342 562 481 619 ὥστε
511 562 557 618 εί
588 562 677 617 καὶ
714 556 883 635 μηδεν
928 557 1076 632 αύτῷ
1130 563 1237 614 τῶν
1290 558 1701 633 προειρημένων
1753 556 2029 631 ὑπῆρχεν,

2111 557 2339 613 excitet.
2391 557 2707 612 Sufficiunt
2754 558 2990 629 quidem
3045 557 3168 614 haec
3216 575 3445 631 quoque
3494 553 3769 632 Cypriani

339 654 416 717 εἷς
478 651 720 719 ἔπαινον,
770 650 1005 725 ἐξαρκεῖν
1061 654 1178 710 τοῖς
1223 648 1345 719 ἑξῆς
1392 652 1539 718 νικᾷν
1590 646 1848 707 ἅπαντας.
1882 646 1999 699 Ἵνα

336 743 441 818 γὰρ
471 742 538 795 τά
570 740 621 796 ἂν
655 739 803 813 μὲσῳ
844 737 1115 811 συντέμω,
1168 738 1269 805 τὴν
1323 740 1430 791 τῶν
1481 737 1789 812 χρημάτων
1838 754 1996 809 περι-

339 830 627 911 φρόνησιν,
656 830 756 898 τὴν
786 832 885 883 τοῦ
913 827 1085 905 τύφου
1116 826 1435 895 κατάλυσιν,
1464 826 1565 893 τήν
1603 827 1702 879 τοῦ
1745 824 1999 896 σώματος

338 917 714 995 παιδαγωγίαν
758 917 849 972 καὶ
897 916 1239 992 καθαρότητα
1300 918 1408 969 τῶν
1475 914 1752 989 προτὲρων
1808 913 1994 987 ὁρμῶν

341 1008 662 1078 ἀντίπαλον,
720 1006 783 1061 τὸ
832 1005 954 1081 περὶ
1005 1006 1106 1074 τὴν
1156 1004 1355 1073 ἰσθῆτα
1403 1001 1702 1081 φιλόσοφον
1757 1003 1891 1074 (11),
1934 1000 1998 1055 τὸ

340 1099 467 1174 περὶ
496 1098 593 1158 τὰς
627 1094 881 1166 ἐντεύξεις
917 1092 1130 1168 ὑψηλόν
1161 1113 1221 1149 τε
1250 1094 1391 1166 ὁμοῦ
1440 1092 1530 1148 καὶ
1581 1088 1995 1168 φιλάνθρωπον,

342 1187 421 1249 ὡς
475 1182 589 1241 ἴσον
636 1188 752 1258 (12)
794 1184 1019 1259 ἀπέχειν
1070 1180 1339 1245 εὐτελείας
1386 1182 1477 1237 καὶ
1544 1178 1851 1241 αὐθαδείας*
1899 1180 1996 1241 τὰς

342 1273 662 1352 χαμευνίας,
709 1272 807 1335 τὰς
836 1270 1156 1348 ἀγρυπνίας,
1188 1270 1249 1334 ὅς
1279 1274 1415 1345 (43),
1465 1269 1643 1325 καίτοι
1674 1273 1779 1323 τῶν
1810 1266 1996 1323 τοιού-

340 1385 450 1419 των
512 1362 793 1437 ὀψιμαθὴς
853 1360 951 1431 ὥν,
1009 1361 1147 1415 κατά
1196 1358 1340 1416 πολὺ
1412 1364 1519 1414 τῶν
1576 1356 1996 1435 προειληφότων

340 1452 591 1529 ἱκράτει·
647 1452 748 1521 τὴν
797 1450 923 1522 περὶ
975 1448 1180 1524 λόγους
1229 1447 1571 1528 φιλοτιμίαν,
1634 1445 1684 1518 ἐξ
1742 1447 1815 1500 ὧν
1861 1448 1993 1515 ἦθος

342 1544 480 1597 ἅπαν
512 1537 811 1610 ἐπαίδευσε,
859 1538 949 1593 καὶ
999 1536 1291 1614 δογμάτων
1339 1534 1689 1593 ἀπαιδευσίαν
1740 1535 1991 1611 ἱκάθηρε,

339 1630 430 1686 καὶ
480 1628 690 1705 ἀνδρῶν
754 1628 905 1705 βίους
968 1627 1257 1700 ἐκόσμησε,
1316 1626 1407 1682 καὶ
1462 1628 1562 1695 τῆς
1616 1626 1855 1701 ἀρχικῆς
1901 1623 1991 1678 καὶ

351 1718 643 1796 βασιλικῆς
672 1715 901 1794 Τριάδος
942 1718 1040 1785 τὴν
1089 1716 1319 1785 θεότητα
1376 1715 1745 1788 τεμνομένην,
1792 1710 1903 1768 ἔστι
1935 1710 1993 1768 δὶ

344 1809 428 1886 ὑφ’
483 1808 557 1864 ὧν
607 1807 698 1862 καὶ
758 1804 1243 1884 συναλειφομὲνην,
1307 1805 1383 1867 εἰς
1438 1804 1501 1859 τὸ
1553 1803 1785 1879 ἀρχαῖον
1831 1802 1990 1857 ἐπαν-

339 1900 559 1974 ήγαγεν,
593 1896 646 1952 ἐν
679 1895 830 1973 ὅροις
866 1896 1051 1969 μείνας
1081 1889 1334 1956 εὐσεϐοῦς
1357 1894 1602 1955 ἓνώσεώς
1633 1914 1690 1947 τε
1719 1892 1808 1947 καὶ
1840 1912 1992 1945 συνα-

346 1989 679 2064 ριθμήσεως·
710 1985 801 2039 ’ἱνα
829 1990 995 2039 ταῦτα
1033 1982 1242 2039 συνέλω
1301 1980 1390 2037 διά
1434 1984 1533 2050 τὴν
1594 1981 1878 2058 ἀμετρίαν,
1928 1984 1998 2055 τῇ

344 2080 440 2131 τοῦ
476 2076 598 2151 βίου
632 2074 923 2130 καταλύσει
957 2070 1348 2149 συγ-καταλύσω
1377 2073 1468 2127 τὸν
1500 2071 1686 2148 λόγον.

2031 1941 2078 2006 Β

2106 645 2318 701 decora
2348 646 2421 700 ad
2454 661 2663 702 omnes
2693 646 3135 717 perfectissima:
3164 647 3526 703 laudationis
3560 664 3769 704 nume-

2107 750 2204 790 ros
2234 734 2571 807 explendas.
2605 735 2771 791 Nunc
2822 740 3018 791 autem
3051 740 3137 790 tot
3184 739 3465 807 tantaque
3510 736 3655 792 mihi
3689 737 3772 793 di-

2107 824 2296 879 cenda
2324 831 2646 896 supersunt
2669 828 2734 879 ut
2761 823 2939 880 etiam
2974 824 3021 879 si
3055 823 3203 880 nihil
3225 841 3586 897 eorum,qum
3608 826 3772 898 prius

2105 919 2566 970 commemorata
2595 918 2756 980 sunt,
2790 912 2902 984 ipsi
2936 914 3007 968 ad
3043 914 3280 969 laudem
3315 916 3771 987 suppeteret,his

2106 1006 2328 1070 tamen,
2377 1019 2507 1074 quae
2556 1007 2909 1074 sequuntur,
2960 1019 3165 1059 omnes
3215 1020 3497 1073 superare
3551 1011 3767 1076 posset.

2105 1090 2277 1159 Nam,
2297 1097 2363 1146 ut
2390 1090 2586 1147 media
2615 1092 2897 1157 incidam,
2922 1091 3309 1162 pecuniarum
3342 1098 3768 1165 contemptum,

2104 1178 2293 1235 fastus
2321 1180 3116 1251 compressionem,corporis
3150 1180 3538 1236 frenationem
3570 1186 3630 1237 et
3659 1198 3767 1254 pu-

2105 1268 2339 1324 ritatem
2369 1286 2504 1325 cum
2536 1269 2830 1341 prioribus
2862 1267 3284 1340 cupiditatibus
3315 1270 3771 1342 pugnantem,in

2104 1357 2327 1413 vestitu
2363 1357 2819 1430 philosophiam,
2853 1357 2911 1411 in
2963 1357 3378 1429 congressibus
3427 1358 3775 1430 gravitatem

2103 1462 2239 1502 cum
2269 1446 2639 1503 humanitate
2667 1447 3067 1517 conjunctam,
3094 1446 3220 1518 pari
3254 1445 3558 1503 intervallo
3581 1464 3615 1502 a
3645 1446 3772 1502 vili-

2102 1539 2222 1591 tate
2252 1540 2428 1606 atque
2458 1535 2793 1607 arrogantia
2835 1539 3140 1601 remotam,
3175 1534 3559 1590 chameuniae
3605 1538 3664 1592 et
3690 1535 3773 1591 vi-

2100 1624 2516 1696 gilias,quibus
2548 1623 2889 1695 homo,licet
2908 1623 3249 1694 hujusmodi
3273 1640 3469 1679 rerum
3501 1623 3770 1681 studium

2100 1730 2230 1769 sero
2262 1713 2590 1785 ingressus,
2620 1730 2720 1769 eos
2745 1718 2961 1783 tamen,
2990 1714 3090 1784 qui
3122 1713 3345 1784 priores
3375 1713 3484 1768 hoc
3514 1712 3642 1769 vita
3674 1730 3771 1786 ge-

2104 1820 2216 1858 nus
2247 1802 2501 1874 amplexi
2532 1804 2787 1868 fuerant,
2809 1801 3064 1857 multum
3095 1801 3379 1871 facileque
3409 1803 3564 1857 440
3591 1820 3770 1876 supe-

2105 1893 2305 1960 rabat;
2325 1898 2386 1947 ut
2398 1892 2575 1947 etiam
2594 1891 2868 1946 doctrina:
2884 1891 3110 1961 copiam
3127 1896 3185 1945 et
3200 1892 3525 1947 ubertatem
3539 1891 3745 1949 sileam
3757 1937 3774 1962 ,

2112 1998 2229 2053 qua
2284 1986 2342 2035 et
2400 1980 2667 2036 omnium
2726 1996 2919 2035 mores
2976 1979 3271 2048 instruxit,
3315 1984 3371 2034 et
3427 1979 3772 2052 dogmatum

2112 2069 2406 2125 inscitiam
2465 2068 2728 2134 sustulit,
2761 2073 2818 2123 et
2872 2067 3161 2122 clarorum
3220 2066 3526 2122 hominum
3588 2069 3769 2125 vitam

346 2166 666 2233 exornavit,
696 2170 754 2220 et
804 2165 1090 2237 principis
1138 2181 1205 2219 ac
1253 2164 1422 2236 regias
1471 2161 1772 2219 Trinitatis
1830 2159 2216 2225 divinitatem,
2250 2175 2428 2229 quam
2485 2156 2751 2212 nonnulli
2809 2154 3173 2223 scindebant,
3206 2155 3475 2210 nonnulli
3534 2174 3772 2214 rursum

347 2254 794 2322 contrahebant,
827 2255 899 2309 ad
930 2258 1182 2309 veterem
1235 2257 1455 2308 statum
1488 2251 1737 2320 reduxit,
1769 2250 1876 2322 pia
1907 2248 2177 2303 videlicet
2224 2246 2459 2301 unionis
2489 2251 2545 2301 et
2574 2244 3112 2300 connumerationis
3160 2243 3377 2299 finibus
3424 2261 3555 2301 sese
3585 2247 3770 2302 conti-

348 2360 497 2400 nens
530 2359 543 2400 :
578 2348 644 2398 ut
673 2342 816 2409 haec,
846 2341 1112 2414 inquam,
1147 2341 1368 2411 omnia,
1402 2356 1472 2395 ne
1504 2341 1743 2395 modum
1779 2338 1961 2394 oratio
1991 2335 2250 2401 excedat,
2278 2334 2641 2405 contraham,
2677 2349 2794 2387 una
2824 2348 2959 2389 eum
2989 2332 3115 2388 vitae
3148 2332 3335 2404 ipsius
3366 2332 3503 2401 ﬁne,
3533 2333 3771 2391 dicendi

348 2432 525 2486 finem
561 2431 790 2486 faciam.

419 2520 517 2577 ΙΔ’.
551 2518 831 2591 Ἐμαίνετο
892 2517 1008 2572 καθ’
1066 2518 1228 2589 ἡμῶν
1276 2514 1461 2577 Δέκιος
1520 2516 1655 2587 (14),
1701 2512 1791 2569 καὶ
1822 2512 1994 2574 πάσας

2175 2511 2317 2567 XIV.
2353 2511 2606 2566 Furehat
2657 2510 2938 2565 adversus
2999 2526 3105 2565 nos
3164 2508 3397 2575 Decius,
3451 2508 3769 2581 omniaque

345 2605 493 2670 ὶδέας
552 2606 828 2663 κολάσεων
876 2604 1101 2677 ἔπενόει,
1161 2604 1251 2659 καὶ
1308 2605 1375 2659 τὰ
1418 2604 1512 2676 μὶν
1540 2601 1648 2673 ἤδη
1683 2608 1861 2677 παρῆν
1888 2606 1998 2655 τῶν

2107 2606 2533 2656 tormentorum
2583 2615 2799 2671 genera
2857 2599 3261 2671 conquirebat,
3295 2614 3361 2653 ac
3420 2598 3772 2671 gravissima

346 2695 560 2769 δεινῶν,
607 2697 675 2751 τά
724 2694 781 2750 δὶ
828 2692 1058 2768 ἔμελλεν
1086 2713 1100 2727 ⁸
1144 2692 1259 2749 ἷ¹σον
1311 2692 1368 2749 δὲ
1412 2694 1692 2769 ἀγώνισμα
1736 2696 1996 2764 ποιεῖται,

345 2787 437 2842 καὶ
495 2785 849 2862 Χριστιανοὺς
897 2784 1063 2851 ἒλεῖν,
1110 2783 1199 2838 καὶ
1256 2782 1383 2846 τοὺς
1433 2784 1536 2859 ηρὸ
1566 2783 1730 2837 αὐτοῦ
1763 2778 1996 2841 διώκτας

349 2870 699 2951 ὑπερϐαλεῖν,
764 2873 974 2947 μᾶλλον
1031 2870 1108 2941 δε,
1166 2873 1201 2941 ἢ
1260 2870 1619 2948 Χριστιανοὺς
1675 2871 1899 2941 πάντας,
1959 2866 1995 2937 ἧ

351 2964 658 3039 Κυπριανόν
694 2962 858 3035 μόνον
911 2960 1051 3017 ἑλεῖν
1099 2982 1159 3015 τε
1203 2960 1291 3015 καὶ
1336 2961 1800 3035 παραστήσασθαι.
1850 2960 1999 3029 Ὅσῳ

348 3053 451 3128 γάρ
511 3046 755 3122 εὐσεϐείᾳ
808 3071 868 3106 τε
917 3050 1006 3105 καὶ
1065 3047 1191 3123 δόξῃ
1248 3047 1515 3127 διαφὲρειν
1569 3049 1658 3103 τὸν
1692 3046 1859 3122 ἄνδρα
1890 3044 1999 3123 ἐγί-

350 3163 547 3213 νωσκε,
605 3141 850 3213 τοσούτῳ
906 3143 1019 3215 (15)
1071 3140 1161 3195 καὶ
1209 3142 1308 3209 τὴν
1358 3139 1513 3210 νίκην
1561 3140 1728 3211 ἑαυῒῷ
1770 3158 2003 3214 περιφα-

350 3233 598 3305 νεστέραν
664 3232 807 3308 ἑώρα
860 3230 951 3285 καὶ
1011 3228 1416 3307 λαμπροτέραν,
1478 3230 1523 3285 εἷ
1578 3228 1773 3284 τούτου
1802 3228 2004 3304 κρατή-

354 3340 515 3375 σειεν.
562 3319 816 3373 Ἐκείνως
877 3320 989 3392 (16)
1055 3319 1149 3391 μὲν
1196 3321 1300 3393 γὰρ
1333 3321 1663 3394 Χριστιανῶν
1697 3316 1862 3389 μόνον
1893 3318 2002 3389 (17)

348 3406 615 3482 ὑπάρχειν
671 3412 905 3483 κρατεῖν,
968 3406 1113 3461 οὕτω
1171 3404 1229 3461 δὶ
1285 3408 1374 3462 καὶ
1428 3405 1751 3483 φιλοσοφίας
1812 3404 2000 3480 αὐτῆς,

347 3496 440 3551 καὶ
498 3494 701 3572 λόγων.
762 3495 861 3550 Καὶ
919 3495 1017 3563 τήν
1076 3494 1329 3570 γλῶσσαν
1389 3492 1657 3570 περιελεῖν
1708 3492 2001 3569 πρότορον,

351 3586 469 3640 εἶτα
520 3584 765 3661 ἀφώνους
815 3585 1108 3658 ἀπαγαγεῖν
1156 3586 1268 3657 (18)
1318 3584 1407 3637 καὶ
1456 3580 1696 3657 ἀλόγους
1741 3580 1869 3642 τοὺς
1914 3580 2001 3635 ὑπ’

2106 2708 2351 2762 quasque
2381 2688 2670 2761 supplicia
2700 2688 2915 2760 partim
2938 2689 3065 2759 jam
3098 2688 3405 2757 inferebat,
3448 2688 3660 2760 partim
3690 2689 3775 2744 in-

2105 2782 2409 2846 tentabat;
2443 2778 2565 2850 pari
2599 2778 2776 2832 etiam
2821 2778 3190 2832 contentione
3217 2775 3278 2830 in
3321 2781 3635 2848 utrumque
3664 2776 3769 2833 ho-

2109 2885 2240 2923 rum
2274 2868 2672 2934 incumbebat,
2708 2872 2772 2921 ut
2810 2870 2868 2921 et
2898 2865 3259 2921 Christianos
3308 2864 3683 2937 Opprimeret,
3715 2870 3774 2921 et

2111 2958 2334 3030 priores
2365 2973 2569 3012 omnes
2620 2960 3022 3027 persecutores
3051 2953 3395 3009 crudelitate
3443 2959 3770 3026 superaret,

2109 3046 2228 3102 imo
2244 3046 2534 3118 potius,ut
2550 3044 2638 3100 vel
2664 3044 3026 3100 Christianos
3052 3058 3278 3113 omnes,
3293 3043 3379 3098 vel
3415 3042 3769 3116 Cyprianum

2114 3153 2297 3191 unum
2322 3136 2594 3203 vinceret,
2626 3133 2880 3206 atquein
2906 3138 3251 3205 potestatem
3276 3132 3583 3204 redigeret.
3617 3133 3765 3189 Nam

2111 3231 2332 3298 quanto
2364 3225 2529 3280 illum
2561 3224 2770 3296 pietate
2799 3227 2855 3278 et
2884 3221 3071 3294 gloria
3101 3221 3345 3293 reliquis
3371 3226 3644 3291 praastare
3677 3222 3765 3276 in-

2114 3315 2435 3387 telligebat,
2463 3320 2624 3369 tanto
2654 3329 2887 3384 quoque
2936 3310 3237 3367 clariorem
3283 3314 3341 3366 et
3390 3309 3770 3366 illustriorem

2115 3404 2228 3460 sibi
2260 3402 2560 3459 victoriam
2594 3404 2712 3457 fore
2746 3400 3148 3473 perspiciebat,
3186 3400 3236 3455 si
3266 3416 3401 3454 eum
3438 3400 3769 3455 devicisset.

2114 3492 2215 3548 Illo
2270 3493 2425 3547 enim
2483 3491 2657 3546 modo
2714 3491 2956 3561 putabat
3012 3505 3074 3544 se
3130 3489 3408 3559 perlicere
3463 3505 3658 3560 posse,
3711 3493 3778 3544 ut

2110 3580 2476 3637 Christianos
2503 3580 2796 3647 vinceret;
2831 3579 2938 3633 hac
2969 3582 3163 3633 autem
3212 3577 3456 3647 ratione,
3488 3583 3549 3633 ut
3579 3576 3771 3649 philo-

352 3673 564 3745 ἰκείνης
602 3672 997 3750 ἐρειδομένους,
1056 3672 1280 3747 ἀρίστης
1340 3674 1472 3727 εἶναι
1523 3671 1847 3747 στρατηγίας
1881 3668 2003 3724 ἐνό-

2112 3668 2382 3741 eOphiam
2410 3684 2645 3740 quoque
2677 3667 2867 3738 ipsam
2899 3671 2955 3721 et
2984 3666 3314 3721 doctrinam
3345 3667 3771 3738 exstingueret-

359 3768 531 3835 μιζεν⁸
566 3762 668 3817 ούκ
699 3761 879 3837 ὀρθὼσ
921 3761 1038 3834 μὶν,
1089 3758 1215 3815 οὐδὲ
1263 3756 1493 3823 εὐσεϐῶς
1538 3765 1706 3816 ταῦτα
1755 3756 2002 3813 διανοού-

2119 3758 2297 3814 Porro
2321 3758 2583 3830 linguam
2617 3758 2780 3829 prius
2811 3762 3137 3827 amputare,
3163 3765 3340 3827 atque
3369 3757 3453 3811 ita
3483 3763 3680 3812 mutos
3719 3759 3777 3811 et

360 3870 542 3922 μενος,
602 3850 664 3904 ού
717 3852 824 3922 μὴν
873 3850 1204 3904 παντάπασιν
1251 3846 1580 3923 ἀλογίστως,
1630 3849 1767 3923 πρός
1814 3868 1875 3922 γε
1902 3849 2001 3916 τήν

2113 3847 2378 3918 elingues
2431 3863 2552 3912 eos,
2599 3848 2701 3917 qui
2751 3847 2822 3900 ab
2875 3862 2945 3901 ea
2996 3845 3409 3909 l'ulciebantur,
3462 3844 3773 3913 abducere,

357 3940 554 3994 ἑαυτοῦ
588 3938 852 4015 βούλησιν
885 3938 975 3995 καὶ
1007 3937 1366 4014 ἰπιχείρησιψ
1404 3935 1570 4009 ἔδειξε
1600 3935 1657 3993 δὲ
1702 3938 1766 3992 τὸ
1824 3933 2003 4014 ἔργον.

2116 3934 2617 4009 praestantissimae
2636 3934 2944 4003 cujusdam
2966 3934 3239 3989 militaris
3256 3933 3482 3989 astutiae
3501 3949 3629 3989 esse
3646 3950 3777 3989 cen-

356 4026 580 4096 Ἐπειδή
636 4030 742 4104 γὰρ
802 4030 1006 4083 ἅπασαν
1067 4022 1385 4104 προσϐολήν
1434 4048 1493 4082 τε
1550 4028 1639 4082 καὶ
1688 4030 1877 4100 πεῖραν
1922 4025 2008 4079 ἀν-

2116 4026 2314 4093 sebat;
2347 4042 2462 4080 non
2494 4030 2649 4079 recte
2680 4023 2917 4095 quidem
2946 4023 3041 4078 ille
3072 4040 3177 4078 nec
3210 4023 3301 4095 pie
3332 4024 3453 4078 haec
3484 4021 3771 4094 cogitans,

357 4115 559 4193 δρικῶς
617 4138 676 4172 τε
730 4116 821 4171 καὶ
878 4116 1137 4193 γενναίως
1194 4116 1637 4190 ἀποσεισάμενος,
1697 4115 1878 4191 ὥσπερ
1923 4134 2007 4177 τις

2117 4132 2233 4171 non
2264 4119 2457 4170 tamen
2488 4112 2729 4169 omnino
2760 4117 2978 4168 temere
3007 4117 3063 4167 et
3102 4112 3450 4180 inconsulte,
3485 4116 3771 4183 quantum

359 4207 529 4282 πίτρα
601 4205 870 4281 παράλιος
946 4208 1061 4282 (19)
1131 4208 1386 4280 κυμάτων
1455 4203 1776 4283 ἰπιδρομάς,
1850 4204 2008 4265 τὲλος

2118 4205 2354 4275 quidem
2387 4204 2457 4258 ad
2488 4204 2677 4273 ipsius
2706 4201 3017 4257 consilium
3049 4206 3107 4256 et
3137 4206 3411 4256 conatum
3464 4201 3777 4269 attinebat,

360 4293 570 4371 ἐξορίαν
624 4296 713 4349 ὑπ’
762 4294 925 4350 αὐτοῦ
974 4296 1390 4371 κατακρίνεται’
1443 4293 1504 4349 ού
1551 4296 1614 4350 τὸ
1659 4295 1775 4349 καθ’
1823 4293 2008 4349 ἑαυτὸν

2122 4292 2622 4366 quemadmodum
2671 4308 2764 4346 res
2793 4291 2923 4362 ipsa
2961 4291 3291 4346 declaravit.
3326 4289 3471 4345 Nam
3522 4306 3681 4357 cum,
3715 4294 3781 4345 ut

363 4382 611 4459 ἔστερξεν
650 4386 678 4439 ὁ
731 4383 1011 4459 γεννάδας,
1064 4382 1189 4439 οὐδὲ
1244 4384 1429 4460 ἠγάπα
1485 4384 1817 4458 σωζόμενος·
1889 4382 2016 4439 οὐδὲ

2123 4382 2402 4453 scopulus
2432 4380 2673 4451 quidam
2718 4381 3086 4434 incursantes
3133 4377 3371 4448 fluctus,
3404 4380 3488 4434 sic
3527 4377 3625 4433 ille
3666 4378 3781 4433 im-

362 4472 655 4551 ἀσφάλειαν
702 4475 782 4545 τῷ
830 4476 1041 4546 σώματι
1092 4472 1306 4545 μᾶλλον
1354 4474 1453 4541 τήν
1495 4473 1714 4546 ἀτιμίαν
1748 4468 2014 4546 ἐνόμιζεν,

2128 4477 2297 4543 petua
2326 4487 2531 4526 omnes
2556 4474 2615 4523 et
2642 4467 2906 4524 assultus
2951 4485 3161 4539 magno
3192 4472 3551 4539 strenueque
3580 4468 3781 4523 animo

362 4563 397 4632 ἣ
455 4566 641 4637 ψυχῆς
708 4559 952 4616 κίνδυνον
1010 4562 1109 4629 τήν
1177 4560 1434 4636 ἡσυχίαν,
1488 4560 1578 4615 καί
1634 4563 1697 4616 τὸ
1753 4566 2013 4638 περιορᾷν

2125 4558 2548 4632 propulsasset,
2583 4574 2650 4612 ac
2702 4556 2938 4612 tandem
2971 4557 3044 4611 ab
3092 4572 3157 4611 eo
3202 4556 3260 4609 in
3311 4555 3584 4611 exsilium
3616 4561 3784 4612 actus

361 4651 491 4713 τοὺς
540 4649 745 4712 ἄλλους
791 4655 868 4721 τῷ
912 4654 1085 4722 καιρῷ
1268 4647 1699 4721 κινδυνεύοντας,
1731 4648 1832 4704 ούκ
1860 4645 2013 4712 ὄντος

2124 4647 2770 4718 esset,baudquaquam
2808 4646 2864 4701 in
2898 4644 3122 4716 privata
3151 4642 3341 4699 salute
3372 4661 3481 4700 sua
3511 4644 3596 4700 vir
3617 4660 3786 4716 egre-

362 4744 460 4795 τοῦ
493 4734 998 4814 παιδοτριϐοὖντος,
1048 4738 1138 4792 καὶ
1187 4737 1326 4811 πρὸς
1376 4737 1468 4792 τὸν
1511 4737 1697 4810 ἀγῶνα
1728 4738 2018 4814 θαρῥύνον-

2128 4738 2261 4809 gius
2291 4735 2722 4806 acquiescebat,
2757 4738 2860 4789 aut
2878 4733 3149 4805 praeclare
3176 4750 3375 4789 secum
3400 4733 3493 4805 agi
3517 4735 3783 4805 putabat,

360 4850 477 4891 τος.
525 4828 601 4885 Οὐ
649 4828 754 4904 γὰρ
808 4829 997 4902 μικρὸν
1045 4825 1298 4882 δύνασθαι
1335 4826 1426 4881 καὶ
1461 4824 1627 4902 λόγον
1658 4827 1734 4890 εἷς
1766 4824 2016 4905 ἀνδρείας

2127 4825 2283 4897 quod
2316 4824 2435 4879 vita
2463 4822 2577 4895 ipsi
2604 4828 2801 4895 erepta
2833 4840 2947 4878 non
2994 4821 3223 4893 fuisset,
3256 4838 3363 4879 nec
3410 4822 3785 4880 securitatem

362 4919 682 4993 προσθήκην
740 4923 856 4979 τοῖς
916 4913 1311 4989 ἀποδυομένοις
1364 4916 1501 4991 πρὸς
1565 4916 1630 4972 τὸ
1685 4924 1786 4986 τῆς
1818 4916 2017 4994 ἀρετῆς

2128 4913 2390 4986 corporis
2422 4912 2616 4985 potius
2637 4912 2789 4968 hanc
2808 4911 3215 4984 ignominiam,
3247 4928 3426 4982 quam
3448 4911 3654 4967 anima
3680 4929 3789 4990 pe-

368 5003 605 5061 στάδιον·
2129 5002 2383 5060 rieulum
2433 5002 2941 5072 interpretabatur,
2975 5000 3027 5057 si
3074 5001 3191 5057 otio
3220 5005 3280 5059 et
3326 4999 3559 5057 silentio
3589 4998 3789 5057 indul-

438 5189 552 5326 (11)
584 5185 1119 5278 φιλόσοφονπϐοἱει.
1156 5188 1207 5251 1,
1236 5185 1559 5271 φιλότιμον.
1704 5257 1718 5280 τ

467 5263 553 5326 12)
601 5268 672 5319 Ως
697 5257 839 5314 ἵσον.
876 5262 968 5316 Su:
1002 5261 1122 5314 Duo
1152 5260 1326 5315 C018].
1363 5261 1425 5314 ln
1454 5261 1571 5326 ed.,
1603 5257 1679 5319 ὡς
1714 5256 1864 5315 ίσων.

2131 5202 2258 5242 cem
2318 5183 2503 5256 Colb.,
2569 5182 2745 5240 Coisl.
2815 5184 2868 5252 1,
2930 5184 3083 5251 Par.,
3153 5189 3262 5238 etc.
3333 5183 3398 5241 In
3465 5183 3585 5251 ed.,
3647 5179 3791 5237 ἐκεῖ·

2134 5276 2243 5316 νος.

467 5256 553 5331 12)
584 5260 672 5319 Ὠς
697 5256 839 5314 ἵσον.
876 5260 968 5316 Sic
1002 5261 1122 5314 Duo
1152 5256 1326 5315 Cois].
1363 5256 1571 5331 iri-ed.,
1603 5257 1679 5319 ὡς
1704 5256 1864 5315 τίσων.
2134 5276 2243 5331 νος.

444 5323 557 5403 (13)
578 5333 694 5391 Ὃς.
722 5332 987 5387 Fortasse
1010 5331 1319 5402 legendum
1341 5331 1438 5400 sit,
1460 5323 1565 5396 αἷς,
1590 5348 1800 5403 nempe
1820 5349 2028 5405 χαμευ-

444 5422 512 5463 ιις
538 5401 625 5456 καὶ
658 5401 992 5470 ἀγρυπνίαις.
1026 5403 1181 5458 Εῡιτ.

2232 5330 2320 5398 17)
2352 5323 2555 5381 Μόνον.
2592 5325 2771 5398 Regg.
2806 5343 2860 5395 8.,
2892 5343 2923 5381 c
2951 5329 3010 5381 et
3037 5324 3133 5380 Or.
3168 5326 3220 5391 1,
3244 5323 3446 5395 μόνων.

2142 5468 2151 5470 _
2206 5330 2319 5470 (18)
2352 5398 2704 5470 Ἀπαγαγεῖν.
2753 5397 2849 5453 Sic
2906 5399 3024 5452 fere
3080 5413 3285 5453 omnes
3342 5399 3446 5454 cod

371 5397 992 5477 νίαιςκαί-ἀγρυπνίαις.
1026 5397 1181 5477 Eni-1'.
1266 5473 1277 5477 _
1423 5397 1470 5477 '_
1583 5474 1595 5477 _
1670 5397 1749 5477 μ’
1815 5397 1914 5477 Α”ξ

2141 5468 2155 5477 _
2206 5397 2319 5470 (18)
2352 5398 2704 5477 Ἀπῌαγαγεῖν.
2753 5397 2849 5453 Sic
2906 5399 3024 5452 fere
3080 5413 3285 5453 omnes
3342 5398 3511 5455 codd.
3562 5398 3623 5455 ln
3671 5397 3791 5468 ed.,

444 5476 559 5546 (14)
591 5468 798 5534 Δὲκίὸς.
831 5475 954 5531 Non
988 5476 1099 5529 sub
1150 5473 1474 5546 Decio,_sed
1506 5474 1619 5530 sub
1668 5472 2028 5546 Diocletiano

2137 5468 2518 5546 ἰπάναγαγεῖν

376 5534 818 5601 δι’Μιίχίωἰιιοο
849 5563 1061 5619 passus
1084 5550 1174 5601 est
1190 5534 1537 5619 Cyprianus,
1561 5562 1715 5601 anno
1736 5546 1861 5601 304.
1884 5544 2029 5601 Vide

376 5616 658 5697 Μοηϋμρς
694 5618 836 5697 ":4-
907 5692 938 5697 ,
1119 5687 1133 5697 .
1258 5687 1342 5697 .-
1386 5686 1533 5697 ...
1726 5690 1753 5697 _

2237 5545 2303 5598 19
2322 5534 2333 5543 ’
2358 5534 2652 5616 Παράλιος.
2688 5540 2828 5612 Reg.
2857 5555 2907 5594 ο.
2941 5539 3124 5604 addit,
3156 5534 3396 5601 πολλάς.

2137 5685 2174 5697 ῃ
2355 5615 2575 5697 Καιρῷ..
2592 5632 2623 5693 β
2653 5612 2941 5693 Tempore
2972 5611 3395 5697 persecutionis

372 5616 658 5683 Monitum,
694 5635 750 5672 n.
787 5610 865 5673 [ι’
1236 5610 1256 5619 ⁷
1273 5610 1292 5618 ’
1524 5610 1533 5616 ⁷

2208 5610 2325 5683 (20)
2355 5610 2555 5683 Καιρῷ.
2595 5632 2623 5661 κ
2653 5610 2941 5682 Tempore
2972 5611 3418 5683 persecutionis,
3443 5633 3473 5661 ››
3503 5625 3639 5667 cum
3672 5610 3792 5669 eoi-

471 5690 557 5762 15)
585 5682 871 5762 Toao_6‘tq.i.
905 5692 1045 5762 Beg.
1080 5687 1177 5761 ph.
1219 5691 1276 5745 et
1302 5686 1477 5746 Coisl.
1512 5690 1565 5762 1,
1592 5690 1848 5762 τοσοῦτο.
1946 5758 1960 5762 Δ

2137 5682 2276 5745 licet
2303 5682 2363 5743 in
2393 5682 2755 5749 Christianos
2786 5683 3014 5742 saeviret
3043 5682 3383 5762 imperator.

472 5758 559 5837 16)
598 5758 871 5823 Ἐκείνως.
919 5758 1015 5817 Sic
1060 5758 1241 5836 Regg.
1290 5776 1345 5834 a,
1394 5776 1446 5834 ο,
1498 5761 1558 5818 (1.
1607 5760 1728 5830 bm,
1775 5759 1878 5837 ph,
1928 5758 2029 5819 de-
