4110 6422
364 389 517 453 118⁸7

1609 378 1672 438 S.
1722 375 2097 438 GREGORII
2142 372 2537 436 THEOLOGI

3630 385 3799 447 1188

360 530 540 599 geret,
573 539 894 596 eorumque
927 519 1178 578 salutem
1216 517 1554 589 negligeret,
1590 514 1687 586 qui
1720 512 2068 584 gravissimo
2102 515 2361 582 tempore
2393 511 2897 582 periclitabantur,
2931 519 2994 569 ut
3026 514 3126 587 qui
3160 516 3454 572 neminem
3491 518 3788 575 haberentt

361 615 462 688 qui
493 615 654 687 ipsos
685 615 755 670 ad
789 617 1085 668 certamen
1118 609 1394 671 erudiret,
1432 604 1764 674 animisque
1809 601 2168 656 obﬁrmaret.
2201 600 2316 656 Nec
2367 601 2545 670 enim,
2582 603 2649 656 ad
2686 604 3020 674 augendum
3053 605 3234 660 animi
3286 608 3486 676 robur,
3519 607 3640 664 leve
3674 627 3798 666 mo-

361 710 628 761 mentum
659 705 734 760 iis
767 703 934 759 affert
965 700 1170 766 oratio,
1205 697 1303 770 qui
1337 696 1406 751 ad
1438 693 1670 749 virtutis
1703 690 1961 746 stadium
1994 690 2402 761 accinguntur.

431 794 548 850 XV.
601 793 852 848 Proinde
905 789 1174 862 quamvis
1223 799 1461 856 corpore
1514 784 1764 846 abesset,
1807 779 2018 850 spiritu
2050 784 2106 846 Α

360 887 560 940 tamen
593 883 814 949 aderat,
848 881 905 934 in
961 879 1284 948 eodemque
1315 890 1448 930 cum
1506 872 1616 937 his,
1649 869 1745 940 qui
1799 884 2023 940 pugna-

359 974 523 1040 bant,
555 972 872 1027 certamine
903 968 1247 1025 versabatur
1277 982 1289 1020 :
1325 967 1383 1019 et
1414 961 1633 1032 quibus
1666 959 1868 1030 lingua
1899 956 2024 1028 epi-

357 1062 533 1117 tulari
565 1079 680 1116 non
714 1063 962 1132 poterat,
997 1057 1206 1112 iisdem
1232 1055 1379 1109 441
1410 1069 1509 1124 per
1533 1050 1757 1104 litteras
1783 1063 2023 1103 succur-

357 1153 541 1208 rebat.
575 1153 698 1216 Quo
721 1152 889 1221 pacto
914 1147 941 1202 ‘P
965 1146 1215 1218 Aliptem
1248 1144 1428 1210 enim,
1459 1138 1694 1196 tametsi
1727 1138 1784 1192 in
1821 1135 2024 1192 exsilio

359 1240 608 1312 positus,
644 1254 770 1294 sese
803 1241 1058 1309 praestat,
1093 1229 1514 1290 cohortatorias
1565 1226 1856 1284 orationes
1887 1242 2025 1280 eon-

358 1329 644 1395 scribens,
675 1328 1076 1401 pietatemque
1107 1323 1436 1379 litterarum
1473 1316 1872 1374 monumentis
1893 1331 2026 1386 pro-

361 1419 510 1474 dens
534 1436 547 1485 ;
571 1433 636 1472 ac
659 1416 856 1488 plures
886 1413 1308 1486 propemodum
1343 1409 1506 1466 solus
1530 1407 1656 1480 ipse
1689 1423 1789 1477 per
1809 1405 2025 1476 episto-

358 1507 448 1563 las
479 1507 550 1562 ad
582 1505 958 1562 subeundum
995 1501 1344 1573 martyrium
1377 1497 1811 1568 indueit,quam
1834 1491 2026 1548 caeteri

359 1614 463 1669 per
492 1613 555 1652 se
584 1611 808 1661 omnes,
845 1593 945 1665 qui
981 1597 1108 1648 tum
1142 1588 1563 1645 dimicantibus
1595 1591 1804 1658 praesto
1837 1585 2022 1638 erant.

355 1686 648 1741 Admonet
698 1682 878 1748 enim,
930 1698 1003 1736 ne
1049 1679 1327 1752 patriam,
1360 1695 1432 1732 ne
1480 1691 1688 1747 genus,
1726 1691 1796 1729 ne
1847 1671 2026 1726 facul-

356 1779 509 1831 tates
556 1778 615 1828 et
663 1772 886 1844 capias,
918 1787 990 1825 ne
1039 1787 1177 1840 opes
1231 1774 1289 1823 et
1339 1766 1683 1839 potentiam,
1717 1767 1818 1818 aut
1866 1760 2026 1817 aliud

357 1864 663 1936 quidpiam
697 1879 923 1927 eorum,
957 1877 1084 1930 quae
1117 1857 1282 1912 humi
1315 1860 1498 1911 strata
1529 1861 1586 1910 et
1615 1854 1833 1909 caduca
1865 1854 2025 1917 sunt,

353 1953 588 2010 veritati
646 1950 1018 2022 praemiisque
1049 1947 1188 2017 illis,
1224 1964 1348 2018 quae
1393 1944 1625 1999 virtutis
1675 1959 1851 1997 causa
1885 1940 2029 2012 peri-

359 2041 556 2098 culum
592 2039 944 2095 adeuntibus
979 2037 1038 2090 in
1089 2035 1230 2091 coelo
1263 2033 1564 2089 recondita
1594 2035 1752 2097 sunt,
1785 2035 2024 2099 antepo-

358 2147 593 2187 namus.
616 2133 777 2184 Hane
801 2127 956 2182 enim
983 2124 1438 2197 negotiationem
1463 2122 1726 2177 omnium
1748 2124 2025 2191 praestan—

357 2220 652 2276 tissimam
687 2233 835 2287 esse,
862 2233 977 2288 qua
1008 2215 1202 2286 exigui
1236 2212 1546 2284 sanguinis
1578 2209 1762 2282 pretio
1791 2207 2024 2263 cmleste

357 2325 605 2382 regnum
630 2307 939 2375 emitur,ac
971 2304 1167 2358 brevia
1199 2307 1255 2356 et
1274 2300 1506 2372 fragilia
1540 2300 1691 2354 bona
1713 2314 1844 2351 cum
1868 2313 2023 2352 sem-

356 2399 586 2472 pilerna
616 2395 803 2469 gloria
850 2395 1310 2448 commutantur.
1345 2389 1532 2444 Unam
1583 2389 1738 2442 enim
1794 2385 2023 2457 magnis

354 2493 412 2544 et
459 2485 702 2543 excelsis
753 2483 891 2538 viris
949 2481 1198 2554 patriam
1252 2496 1402 2546 esse,
1439 2495 1648 2548 nempe
1695 2475 2020 2531 Jerusalem

355 2577 520 2632 illam
580 2592 705 2647 quae
765 2577 956 2628 mente
1016 2569 1354 2643 percipitur,
1410 2586 1522 2622 non
1575 2583 1693 2632 eas,
1729 2583 1875 2636 quas
1928 2564 2024 2619 hic

357 2667 627 2738 angustis
661 2664 877 2718 ﬁnibus
908 2660 1388 2730 circumscriptae
1420 2662 1760 2725 esse,ntque
1791 2655 1863 2708 ab
1891 2653 2022 2708 aliis

361 2756 609 2826 aliisque
642 2751 984 2808 hominibus
1016 2749 1266 2804 subinde
1299 2745 1473 2801 incoli
1509 2746 1806 2800 videmus:
1839 2760 2020 2798 unum

356 2845 499 2901 item
531 2841 762 2916 generis
811 2840 1182 2910 splendorem
1218 2837 1273 2891 in
1308 2853 1373 2891 eo
1414 2835 1754 2901 consistere,
1786 2839 1847 2887 ut
1879 2832 2022 2887 divi-

359 2951 498 2990 nam
538 2931 853 3002 imaginem
889 2943 1322 2988 conservemus,
1355 2932 1530 2996 atque
1562 2923 1859 2994 exemplar
1889 2939 2020 2976 nos-

358 3030 519 3080 trum
554 3021 876 3084 imitemur,
909 3025 1197 3088 quantum
1249 3014 1489 3087 quidem
1533 3013 1603 3067 iis
1653 3011 1888 3083 assequi
1921 3012 2022 3066 da-

365 3119 484 3179 tur,
514 3110 615 3182 qui
647 3108 840 3164 carnis
869 3105 1121 3161 vinculis
1152 3103 1378 3160 astricti
1410 3107 1645 3166 sunt,ac
1680 3101 2024 3172 perexiguos

365 3203 654 3258 duntaxat
686 3195 950 3268 primarii
1001 3193 1136 3248 boni
1180 3192 1399 3247 rivulos
1439 3192 1699 3261 accipere
1748 3194 1974 3260 queunt
2009 3207 2021 3244 :

367 3303 557 3345 unum
591 3303 760 3358 porro
812 3283 1210 3355 principatum
1242 3282 1302 3335 in
1335 3280 1444 3334 hoc
1493 3279 1746 3350 positum
1780 3294 1930 3342 esse,
1964 3282 2028 3332 ut

367 3378 627 3451 palmam
663 3375 942 3430 adversus
975 3371 1309 3443 improbum
1346 3368 1512 3424 illum
1545 3367 1938 3432 obtineamus,
1960 3383 2026 3421 ac

366 3484 440 3523 ne
470 3467 530 3522 in
565 3466 640 3520 iis
693 3461 1136 3530 certaminibus,
1171 3477 1302 3531 quae
1345 3459 1579 3530 pietatis
1629 3474 1808 3513 causa
1838 3458 2024 3512 susci-

2210 779 2306 832 IE'.
2340 778 2437 831 Δια
2464 783 2624 833 τοῦτο
2655 783 2733 852 τῷ
2777 781 2990 853 σώματι
3047 782 3138 854 μὶν
3187 782 3352 853 ἀπῆν,
3404 786 3483 857 τῷ
3530 785 3800 857 πνεόματι

2135 863 2192 919 δὲ
2241 870 2439 942 παρῆν,
2493 867 2582 922 καὶ
2639 875 2753 931 τοῖς
2813 869 3037 924 ἀθλοῦσι
3099 874 3533 949 συνηγωνίζετο·
3584 876 3671 929 καὶ
3727 881 3797 949 τῇ

2133 937 2359 1028 γλώσσῃ
2396 957 2489 1028 μὲν
2525 957 2744 1032 βοηθεῖν
2780 957 2877 1013 οὐκ
2927 961 3098 1035 εἶχεν,
3154 937 3345 1036 βοηθεῖ
3389 937 3450 1017 δὲ
3489 963 3568 1036 τῷ
3614 937 3800 1041 γρά;λ;

2139 1066 2286 1116 ματι,
2338 1049 2460 1107 ’Πῶς
2507 1048 2658 1120 (21);
2718 1047 3018 1118 ’Δλείπτης
3072 1050 3361 1128 ὑπερόριος
3412 1051 3633 1128 γίνεται,
3668 1054 3794 1116 τοὺς

2134 1134 2564 1220 προτρεπτικοὺς
2649 1139 3018 1214 συγγράφων,
3103 1140 3194 1194 καὶ
3274 1140 3634 1220 λογογραφῶν
3694 1145 3794 1213 τήν

2136 1219 2426 1296 εὐσέϐειαν,
2481 1223 2571 1279 καὶ
2631 1225 2857 1289 πλείους
2917 1227 3115 1291 ἐκεῖνος
3165 1232 3280 1304 (22)
3339 1229 3534 1306 σχεδὸν
3591 1231 3640 1304 ἐξ
3674 1231 3796 1287 ἐπι-

2136 1312 2349 1368 στολῶν
2382 1320 2617 1370 ποιεῖται
2649 1317 2762 1389 (23)
2798 1318 3072 1394 μάρτυρας
3136 1319 3322 1393 μόνος,
3383 1320 3417 1389 ἥ
3469 1322 3662 1384 πάντες
3715 1319 3793 1376 δι’

2137 1403 2338 1458 ἑαυτῶν
2417 1405 2469 1458 οἱ
2541 1405 2804 1480 παρόντες
2873 1413 2990 1469 τοῖς
3067 1408 3188 1464 τότε
3259 1410 3544 1483 κάμνουσι.
3609 1411 3792 1466 Πείθει

2134 1493 2256 1568 γὰρ,
2313 1494 2387 1565 μὴ
2449 1492 2702 1569 πατρίδα,
2767 1495 2842 1568 μὴ
2903 1495 3079 1571 γένος,
3161 1499 3237 1570 μὴ
3314 1499 3650 1574 περιουσίαν,
3715 1501 3796 1572 μή

2137 1579 2467 1650 δυναστείαν,
2528 1586 2604 1655 μὴ
2666 1581 2806 1640 ἄλλο
2863 1607 2914 1640 τι
2961 1591 3068 1640 τῶν
3120 1589 3298 1663 χαμαὶ
3351 1589 3637 1661 κειμένων,
3697 1582 3802 1662 ἔμς

2136 1673 2364 1746 προσθεν
2419 1670 2559 1747 ἄγειν
2620 1680 2718 1742 τῆς
2770 1673 3028 1744 ἀληθείας
3087 1678 3224 1749 (24),
3271 1677 3360 1730 καὶ
3420 1681 3528 1732 τῶν
3597 1677 3801 1732 ἰκεῖθεν

2135 1762 2509 1833 ἀποκειμένων
2594 1761 2772 1826 ἄθλων
2849 1771 2949 1834 τῆς
3030 1766 3248 1840 ἀρετῆς,
3315 1771 3433 1828 τοῖς
3507 1767 3637 1842 ὑπὲρ
3696 1771 3798 1821 τοῦ

2136 1849 2308 1905 καλοῦ
2345 1849 2732 1908 κινδυνεύουσι.
2795 1853 2892 1907 Καὶ
2949 1853 3151 1924 ταῦτην
3213 1856 3347 1909 εἶναι
3407 1861 3795 1931 πραγματειῶν

2135 1941 2232 2008 τὴν
2293 1940 2516 2015 ἀρίστην
2549 1944 2683 2014 (‘25),
2746 1942 2978 2014 αἳματος
3042 1943 3234 2019 ὀλίγου
3293 1944 3569 2020 βασιλείαν
3628 1945 3793 2021 οὖρα-

2136 2034 2238 2083 νῶν
2315 2028 2648 2099 ὠνήσασθαι,
2707 2032 2796 2084 καὶ
2859 2029 3018 2102 δόξης
3078 2030 3365 2104 ἀϊδιότητα
3437 2039 3544 2088 τῶν
3622 2055 3792 2108 προσ-

2135 2118 2336 2192 καίρων
2396 2115 2704 2174 ἀντιλαϐεῖν
2779 2121 3011 2196 ἀγαθῶν.
3090 2122 3225 2176 Μίαν
3305 2125 3397 2196 μὲν
3475 2124 3575 2199 γὰρ
3656 2126 3790 2178 εἶναι

2132 2205 2364 2282 πατρίδα
2419 2213 2535 2270 τοῖς
2596 2207 2856 2282 ὑψηλοῖς,
2912 2212 3010 2278 τὴν
3057 2212 3357 2284 νοουμένην
3403 2211 3791 2289 Ἰερουσαλὴμ,

2132 2297 2192 2351 οὐ
2250 2299 2346 2359 τὰς
2411 2303 2627 2370 μικροῖς
2698 2299 2868 2373 ὁρίοις
2945 2299 3168 2355 ἐνταῦθα
3227 2299 3641 2376 διειλημμένας,
3699 2303 3789 2356 καὶ

2133 2384 2381 2448 πολλοῦς
2457 2382 2786 2460 ἀμειϐοὗσας
2863 2389 3177 2464 οἰκήτορας·
3256 2391 3380 2464 μίαν
3465 2389 3522 2446 δὲ
3601 2393 3788 2467 γὲνους

2133 2474 2518 2550 λαμπρότητα,
2575 2478 2672 2545 τήν
2727 2485 2827 2547 τῆς
2883 2479 3090 2541 εἰκόνος
3166 2482 3422 2555 τήρησιν,
3501 2481 3591 2535 καὶ
3651 2482 3788 2556 πρὸς

2129 2565 2191 2618 τὸ
2251 2565 2559 2640 ἀρχέτυπον
2612 2566 2956 2641 ἐξομοίωσιν,
3019 2569 3142 2623 ὅσον
3209 2569 3424 2644 ἐφικτὸν
3478 2576 3596 2632 τοῖς
3656 2591 3792 2644 σαρ-

2130 2655 2225 2714 κὸς
2289 2652 2554 2728 δεσμίοις,
2617 2658 2705 2710 καὶ
2771 2659 3031 2733 βραχεῖαν
3105 2659 3384 2735 ἀπορροὴν
3448 2665 3543 2715 τοῦ
3612 2659 3787 2714 καλοῦ

2133 2741 2384 2817 δέχεσθαι
2435 2741 2773 2817 δυναμένοις·
2839 2747 2962 2818 μίαν
3025 2745 3081 2801 δὲ
3140 2745 3473 2821 δυναστείαν,
3533 2749 3595 2803 τὸ
3652 2749 3788 2802 κατα

2128 2837 2224 2886 τοῦ
2277 2838 2522 2908 πονηροῦ
2579 2836 2799 2909 κράτος,
2858 2836 2947 2890 καὶ
3005 2837 3067 2891 τὸ
3124 2844 3223 2906 τῆς
3275 2840 3459 2913 φυγῆς
3507 2837 3786 2892 ἀνάλωτον

2129 2921 2218 2975 καὶ
2277 2922 2546 2992 ἀήττητον
2604 2924 2654 2978 ἐν
2712 2931 2830 2986 τοῖς
2891 2925 3024 2999 ὑπὲρ
3084 2921 3354 2988 εὐσεϐείας
3411 2929 3523 3000 (‘26)
3556 2926 3784 3002 ἀγῶσιν,

2132 3009 2296 3080 ἡνίκα
2380 3012 2540 3066 κακία
2611 3014 2746 3089 πρὸς
2826 3015 3019 3090 ἀρετ-ἡν
3093 3016 3412 3092 ἀγωνίζεται
3487 3019 3618 3089 (27),

2131 3099 2337 3174 κόσμος
2395 3103 2533 3176 πρὸς
2590 3103 2817 3176 κόσμον,
2879 3105 2906 3158 ὁ
2966 3102 3235 3176 λυόμενος
3289 3107 3424 3182 πρὸς
3483 3105 3574 3160 τὸν
3627 3106 3794 3159 ἑστῶ-

2132 3211 2198 3243 τα
2244 3192 2378 3262 (28),
2438 3190 2527 3245 καὶ
2604 3192 2797 3267 πικρὸς
2877 3193 3221 3268 ἀγωνοθέτης
3289 3194 3424 3271 πρὸς
3505 3193 3788 3270 γενναίους

2135 3278 2457 3351 ἀγωνιστὰς,
2533 3281 2621 3334 καὶ
2699 3279 2894 3352 Βελίαρ
2971 3283 3108 3358 πρὸς
3167 3284 3396 3360 Χριστὸν
3455 3286 3793 3351 παρατάσσε-

2135 3388 2220 3421 ται
2279 3370 2416 3440 (29).
2478 3369 2576 3422 Δια
2630 3373 2797 3423 ταῦτα
2847 3378 3201 3449 καταφρονεῖν
3265 3375 3358 3445 μὲν
3433 3373 3597 3442 ξιφῶν
3679 3373 3797 3426 ἀνέ-

2133 3468 2306 3525 πειθε,
2383 3459 2595 3533 ψυχρὸν
2671 3456 2728 3513 δὲ
2782 3459 3024 3532 νομίζειν
3092 3461 3156 3516 τὸ
3209 3466 3337 3538 πῦρ,
3417 3461 3662 3536 ἡμέρους
3739 3458 3798 3515 δὲ

3697 3016 3789 3069 καὶ

366 3557 634 3630 piuntur,
658 3555 887 3610 animos
918 3556 1150 3606 nostros
1184 3549 1369 3622 frangi
1403 3554 1579 3620 atque
1608 3546 1927 3618 expugnari
1959 3548 2029 3601 si-

2146 3544 2346 3609 οἶέσθαι
2419 3552 2602 3621 θηρῶν
2675 3547 2801 3610 τοὺς
2875 3549 3268 3623 ἀγρίωτάτους,
3333 3550 3497 3623 λιμὸν
3554 3547 3611 3604 δὲ
3662 3549 3795 3604 ὐπο-

367 3643 713 3712 namus,ubi
745 3641 952 3697 vitium
984 3656 1118 3695 cum
1144 3639 1352 3694 virtute
1377 3638 1721 3709 conﬂigit,et
1753 3636 1942 3690 ﬂuxus
1967 3652 2032 3690 ac

366 3734 596 3807 fragilis
626 3732 882 3788 mundus
905 3747 1036 3784 cum
1077 3730 1245 3783 ﬁrmo
1272 3731 1329 3782 et
1349 3726 1543 3781 stabili
1577 3751 1590 3792 ς
1616 3733 1671 3780 et
1691 3726 1937 3780 acerbus
1968 3741 2033 3779 ac

364 3823 738 3880 truculentus
760 3818 1098 3876 certaminis
1123 3833 1339 3888 praeses
1360 3833 1492 3871 cum
1513 3813 2030 3879 fortibusathlctis,

367 3918 427 3970 et
476 3910 654 3968 Belial
714 3911 995 3965 adversus
1053 3906 1348 3961 Christum
1403 3905 1586 3960 aciem
1647 3903 1906 3958 instruit.
1951 3903 2034 3958 0b

367 4018 586 4074 easque
616 4016 824 4055 causas
877 4002 933 4053 et
965 3995 1189 4068 gladios
1221 4000 1614 4061 contemnere,
1651 3998 1708 4049 et
1751 3993 2029 4064 frigidum

367 4093 665 4164 ignem,ac
699 4090 849 4144 feras
880 4084 1203 4158 quamlibet
1231 4085 1525 4138 immanes
1555 4088 1612 4138 et
1642 4083 2028 4149 truculentas,

367 4179 544 4236 mites
573 4178 993 4241 existimare,et
1026 4177 1237 4229 famem
1273 4191 1373 4245 pro
1404 4171 1658 4226 summis
1680 4170 1906 4226 deliciis
1930 4173 2032 4225 du-

367 4286 518 4334 eere,
539 4268 865 4324 amicorum
899 4270 1095 4320 autem
1127 4268 1183 4318 et
1214 4262 1678 4332 propinquorum
1719 4260 2029 4332 lacrymas,

2143 3632 2440 3708 λαμϐάνειν
2469 3638 2565 3704 τὴν
2596 3637 2854 3692 ἀνωτάτω
2878 3640 3112 3716 τρυφὴν,
3167 3638 3370 3712 δάκρυα
3419 3637 3476 3694 δὲ
3526 3644 3633 3694 τῶν
3682 3641 3793 3712 (30)

2143 3724 2379 3795 οἰκείων,
2439 3726 2528 3780 καὶ
2589 3729 2844 3800 θρήνους,
2915 3729 3004 3782 καὶ
3086 3729 3336 3804 οἰμωγὰς
3412 3729 3791 3803 παρατρέχειν,

2143 3815 2216 3876 ὡς
2270 3818 2368 3868 τοῦ
2426 3819 2670 3890 πονηροῦ
2734 3813 3094 3889 δελεάσματα,
3154 3819 3242 3872 καὶ
3316 3817 3617 3890 κωλύματα
3692 3822 3792 3884 τῆς

2143 3903 2284 3965 θείας
2345 3901 2680 3979 ὁδοιπορίας.
2739 3909 2912 3959 Ταῦτα
2961 3907 3065 3981 γὰρ
3118 3908 3249 3960 εἶναι
3300 3904 3567 3982 ἀνδρικῶν
3601 3906 3790 3980 ψυγῶν

2214 3992 2228 4010 ‘
2453 3993 2463 4014 Ῑ
2698 3994 2710 4012 ‘
3010 3993 3036 4009 τ’
3154 3997 3163 4015 ν
3488 3998 3502 4010 ν

2142 4014 2229 4046 και
2289 4013 2564 4067 γενναιων,
2625 4014 2714 4048 και
2769 3992 3038 4070 λογισμου
3098 4017 3397 4074 σωφρονος.
3460 3997 3562 4052 Καὶ
3601 3996 3662 4049 τὸ
3693 4015 3794 4048 πα-

2144 4079 2410 4157 ράδειγμα
2467 4080 2682 4157 ἐγγύθεν
2744 4083 2903 4146 αὐτὸς
2977 4086 3004 4139 ὁ
3061 4090 3230 4140 ταῦτα
3286 4083 3459 4162 λέγων
3519 4085 3609 4140 καὶ
3666 4082 3795 4160 γρά-

2143 4189 2280 4246 φων,
2362 4170 2534 4227 πάντα
2607 4173 2955 4247 ἡγησάμενος
3045 4169 3312 4245 σκύϐαλα,
3391 4172 3484 4228 ’ίνα
3567 4173 3795 4250 Χριστὸν

2140 4257 2400 4334 κερδήσῃ.

367 4365 426 4414 et
457 4358 673 4426 luctus,
709 4362 766 4410 et
795 4353 1073 4425 gemitus,
1109 4356 1172 4405 ut
1203 4349 1423 4404 diaboli
1457 4349 1783 4416 illecebras,
1817 4349 2033 4420 viaeque
2074 4351 2144 4405 ad
2193 4351 2377 4406 Deum
2416 4351 2654 4407 ferentis
2683 4352 3128 4425 impedimenta,
3165 4355 3458 4428 prseterire
3491 4353 3799 4411 suadebat.

367 4447 501 4503 Haec
531 4445 686 4500 enim
720 4441 977 4498 virilium
1010 4447 1065 4495 et
1092 4443 1471 4494 strenuarum
1521 4436 1876 4505 animarum,
1911 4443 2084 4510 atque
2135 4439 2442 4511 prudentis
2473 4441 2704 4496 consilii
2737 4459 2867 4498 esse
2899 4445 3170 4500 ducebat.
3205 4445 3425 4500 Harum
3474 4449 3669 4500 autem
3704 4458 3798 4496 re-

366 4552 498 4592 rum
534 4533 930 4607 propinquum
964 4527 1298 4600 exemplum
1331 4526 1429 4582 ille
1459 4526 1584 4598 ipse
1613 4531 1757 4595 erat,
1793 4527 1892 4598 qui
1936 4526 2055 4583 haec
2089 4528 2321 4585 dicebat
2349 4547 2416 4585 ac
2448 4529 2762 4600 scribebat,
2798 4538 2998 4604 utpote
3029 4534 3126 4605 qui
3163 4534 3362 4589 omnia
3393 4550 3496 4604 pro
3529 4532 3799 4588 stercori-

367 4627 478 4682 bus
511 4623 794 4690 duxisset,
829 4626 895 4677 ut
926 4619 1217 4674 Christum
1251 4617 1578 4673 lucraretur
1598 4616 1662 4672 ³⁸.

435 4716 583 4772 XVI.
615 4715 734 4771 Hoc
764 4711 958 4769 animo
1008 4707 1288 4781 prazditus
1336 4706 1683 4779 Cyprianus,
1717 4710 1893 4778 atque
1921 4707 2030 4762 hu-
2062 4710 2108 4773 Β

359 4802 625 4874 jusmodi
673 4798 1045 4857 sermonibus
1076 4794 1439 4851 Christianos
1487 4793 1558 4848 ad
1600 4799 1892 4850 certamen
1926 4813 2021 4849 ar-

367 4907 558 4958 mans,
592 4891 918 4962 permultos
957 4885 1031 4942 ad
1076 4888 1325 4940 mortem
1375 4899 1480 4953 pro
1527 4882 1741 4939 Christi
1785 4885 2026 4940 nomine

439 5017 484 5052 ³⁸
516 5015 771 5088 Philipp.
807 5032 890 5082 ιιι,
924 5014 979 5068 8.

2213 4712 2298 4775 Ιζ’.
2359 4705 2517 4764 Οὕτω
2590 4706 2982 4782 διανοούμενος
3057 4708 3384 4786 Κυπριανδς,
3461 4709 3553 4763 καὶ
3626 4706 3800 4768 οὕτως

2135 4795 2376 4864 ὁπλίζων
2409 4801 2525 4857 τοῖς
2551 4795 2742 4873 λόγοις
2771 4800 2908 4874 πρὸς
2942 4800 3034 4854 τὸν
3076 4800 3276 4875 ἀγῶνα,
3328 4796 3573 4858 πολλοὺς
3621 4795 3794 4863 ἀθλη-

2133 4886 2226 4946 τὰς
2276 4885 2633 4960 ἀπειργάζετο
2681 4890 2815 4961 (31).
2865 4889 2962 4943 Καὶ
3016 4889 3140 4944 τίνα
3205 4889 3390 4962 μισθὸν
3431 4887 3638 4942 τούτων
3698 4906 3794 4939 κο-

441 5157 551 5233 (21)
581 5163 740 5227 Πῶς;
767 5183 796 5210 «
828 5153 1225 5233 Quomodoza
1258 5154 1304 5208 A
1334 5151 1504 5233 billio
1536 5152 1847 5209 omissum.

442 5225 818 5297 (22Ἐκεῖνόςι
856 5232 1025 5286 Deeat
1055 5228 1112 5281 in
1148 5225 1290 5296 ΡιΘῇ
1325 5228 1492 5297 ΟΥΡΓ’

443 5301 553 5371 (23)
585 5306 846 5357 Ποιεῖται.
883 5301 978 5357 Or.
1014 5301 1065 5362 1,
1095 5300 1266 5371 ποιεῖ.

441 5367 554 5442 (24)
585 5379 693 5440 Τῆς
725 5373 1000 5441 ἀληθείας.
1045 5370 1140 5426 Sic
1186 5370 1366 5440 Regg.
1401 5385 1455 5431 ιι,
1489 5385 1540 5436 c,
1574 5368 1693 5434 bm,
1729 5367 1828 5439 ph.
1861 5374 2030 5426 Deest

2211 5155 2323 5234 (27)
2353 5153 2727 5234 Ἀγωνίζεται.
2780 5159 2875 5214 Sic
2924 5164 3104 5234 Regg.
3139 5177 3193 5230 a,
3226 5175 3280 5228 ο,
3329 5159 3366 5213 d
3415 5161 3474 5214 et
3518 5160 3615 5213 Or.
3649 5156 3699 5210 1.
3735 5155 3800 5211 In

2138 5229 2205 5282 ed
2218 5226 2227 5282 ζ
2241 5271 2253 5294 ,
2287 5226 2639 5300 ἀγωνίζηται.

2212 5299 2612 5372 (28)Ϋ¹Εστῶτα.
2649 5305 2786 5372 Reg.
2819 5302 2880 5367 d,
2913 5299 3199 5356 ἐνεστῶτα.

2208 5369 2320 5454 (2Q)
2355 5369 2776 5454 Παρατασσεταί.
2812 5374 2906 5430 Sic
2941 5375 3119 5447 Regg.
3155 5391 3210 5443 a,
3241 5373 3362 5440 bm,
3396 5371 3496 5444 ph,
3530 5377 3584 5427 et
3613 5372 3707 5425 Or.
3747 5369 3799 5424 1.

365 5445 807 5522 Tis-ieed-..
1003 5513 1056 5522 Α.
1142 5511 1179 5522 η
1331 5511 1345 5522 .
1497 5510 1531 5522 η

2142 5443 2347 5522 Inieci”
2380 5443 2813 5522 παρατᾴσοηται.

371 5580 381 5591 ,
443 5515 552 5591 (25)
581 5516 690 5584 Τὴν
719 5513 960 5589 ἀρίστην.
1002 5513 1095 5568 Sic
1142 5511 1282 5582 Reg.
1314 5511 1372 5580 d,
1407 5515 1463 5565 et
1493 5510 1692 5567 Comb.
1731 5512 1899 5568 Deest
1926 5513 2025 5581 τήν

2207 5514 2319 5591 (βο)
2347 5510 2485 5591 Τῶν.
2521 5515 2613 5591 Sic
2645 5510 2813 5591 codd:
2849 5517 3026 5591 Prave
3057 5518 3114 5571 in
3143 5517 3264 5591 ed.,
3295 5512 3406 5591 τόν.

366 5580 384 5635 i
444 5560 552 5642 "al
591 5560 684 5584 "l'
720 5560 960 5589 “r""0"
1003 5560 1093 5568 *ν’*
1142 5560 1282 5582 "'0'
1319 5560 1372 5580 *1
1411 5560 1461 5565 "
1501 5560 1692 5567 ν“““”“-’
1731 5560 1898 5568 ’ν”τν
1940 5560 2017 5581 ’ϊ

392 5600 648 5675 ῃιΞηξην
723 5649 746 5675 β
793 5655 802 5672 ο
861 5674 866 5675 ,
916 5655 1000 5675 με-
1037 5655 1197 5675 n_-__
1243 5657 1333 5675 μ...
1386 5651 1458 5675 ..1.
1510 5651 1657 5675 (1-2-1
1705 5655 1738 5675 τι
1772 5659 1818 5675 ,ι
1853 5658 1923 5675 Λ-
1977 5657 1991 5675 ι

2170 5560 2318 5675 vis?)
2332 5560 2870 5675 ;‘.::.1g,‘;;;;;fin‘
2895 5560 3283 5661 ὶῑιέίῐίιξςειῖτέῑ,
3307 5560 3695 5660 nunc“...
3731 5583 3796 5639 In

439 5659 553 5731 (26)
583 5649 892 5731 Εὐσεβείας.
915 5655 1003 5731 §ie
1037 5655 1214 5731 Regg.
1238 5651 1485 5731 bm,_pb_,
1510 5651 1682 5710 Coisl.
1705 5655 1740 5707 2
1763 5659 1822 5712 et
1851 5658 1943 5710 0r.
1974 5657 2022 5714 1.

439 5659 553 5731 (26)
583 5657 892 5715 Εὐσεόείας.
915 5657 1003 5706 Sic
1037 5657 1214 5727 Regg.
1238 5657 1361 5721 bm,
1386 5657 1485 5722 pb,
1510 5657 1682 5710 Coisl.
1705 5657 1740 5707 2
1763 5659 1822 5712 et
1851 5658 1943 5710 Or.
1974 5657 2022 5714 1,

364 5721 548 5788 Pravo
579 5729 640 5785 in
666 5729 784 5802 ed.,
815 5719 1088 5795 ἀσεϐείας,
1119 5747 1150 5778 ‹‹
1181 5723 1524 5800 impietatis.
1551 5743 1578 5774 ι)

2142 5657 2288 5726 aliis,
2322 5657 2703 5734 ἀπειργάσατο.
