4110 6468
316 433 474 496 1189

1176 421 1466 486 ORATIO
1509 417 1720 481 XXIV.
1752 418 1938 478 -ΙΝ
1987 417 2308 478 LAUDEM
2357 415 2415 476 S.
2469 417 2867 477 CYI’RIANI.

3573 423 3730 481 1190

318 564 567 636 μίζεται;
627 561 713 621 Ὡς
774 557 978 632 δαψιλῆ
1050 555 1138 610 καὶ
1192 551 1528 632 φιλότιμονί
1591 548 1804 624 Μάρτυς
1873 547 2019 615 ἐπὶιί

2116 548 2466 618 ppetendam
2503 547 2857 618 impellebat.
2887 549 3190 614 Quodnam
3223 554 3418 606 autem
3443 551 3624 623 hujus
3648 553 3731 607 rei

314 660 473 708 πᾶσιν
535 651 616 712 οἷς
671 650 992 724 προέπεμψε
1042 645 1267 722 γίνεται,
1346 642 1481 718 ξίφει
1558 641 1658 708 τήν
1725 636 1965 716 κεφαλὴν

313 741 544 816 τμηθεὶς
604 743 718 812 (32)
772 737 862 791 καὶ
933 741 1054 796 ταῖς
1131 731 1369 792 πολλαῖς
1448 728 1702 804 βασάνοις
1773 726 1971 796 ταύτην

318 830 594 899 ἐπιτίθησι
643 829 741 896 τὴν
803 828 917 899 (33)
971 821 1258 899 κορωνίδα.
1322 819 1475 874 Οὕτω
1539 821 1751 892 Χριστῷ
1807 836 1975 891 προσ-

320 919 528 996 άγεται,
581 916 725 972 οὕτω
798 915 932 990 πρὸς
992 914 1217 987 Χριστὸν
1297 909 1656 982 μετατιθεται,
1717 907 1744 959 6
1801 904 1976 966 πολὺς

322 993 379 1064 ἐν
429 1003 665 1078 ἀσεϐείᾳ,
713 1006 802 1060 καὶ
861 1003 1057 1060 αλείων
1127 1001 1178 1055 ἐν
1245 993 1488 1069 εὐσεϐείᾳ
1557 995 1887 1071 Κυπριανὸς,
1949 993 1976 1046 ὁ

327 1097 494 1173 μέγας
523 1096 612 1150 καὶ
647 1093 879 1159 διώκτης
907 1091 996 1147 καὶ
1039 1089 1384 1168 στεφανίτης,
1447 1087 1474 1140 6
1526 1087 1623 1154 τήν
1672 1078 1980 1157 μεταϐολὴν

323 1187 435 1262 οὐχ
462 1190 623 1255 ἦττον
657 1181 692 1252 ἤ
725 1184 820 1250 τὴν
851 1182 1044 1257 ἀρετὴν
1080 1177 1395 1252 θαυμάσιος.
1429 1175 1500 1229 Οὐ
1532 1176 1631 1252 γάρ
1664 1173 1805 1228 οὕτω
1841 1171 1980 1245 μέγα

320 1275 490 1331 τύπον
526 1273 733 1350 ἀγαφοῦ
765 1269 1147 1339 διασώσασθαι,
1177 1269 1250 1329 ὡς
1281 1267 1342 1321 τὸ
1367 1270 1762 1336 καινοτομῆσαι
1797 1259 1978 1325 θεοσέ-

323 1361 497 1420 ϐειαν.
529 1364 598 1417 Τὸ
635 1349 864 1435 μὲν¹γαρ
896 1366 997 1428 τῆς
1032 1357 1317 1428 συνηθείας
1349 1359 1483 1428 (34),
1539 1354 1602 1408 τὸ
1636 1351 1691 1406 δὲ
1745 1354 1843 1420 τῆς
1893 1349 1977 1404 εὐ-

323 1450 568 1514 ϐουλίας·
599 1451 688 1506 καὶ
719 1451 778 1504 τὸ
814 1450 908 1521 μὲν
940 1453 1046 1502 τῶν
1080 1444 1316 1506 πολλοῖς
1373 1442 1747 1519 ὑπαρχόντων,
1795 1444 1892 1495 τοῦ
1925 1436 1981 1493 δὲ

328 1542 495 1616 ὀλίγα
522 1542 588 1596 τά
618 1536 1038 1616 παραδείγματα

2079 637 2384 709 praemium
2418 637 2572 691 448
2605 637 2788 692 tulit?
2838 639 3019 701 Quam
3055 640 3352 710 copiosum
3385 646 3561 714 atque
3591 659 3727 714 pro-

2087 726 2326 781 fusum!
2381 727 2518 781 Post
2565 743 2662 781 eos
2711 727 2866 782 enim
2913 744 3140 799 omnes,
3175 746 3323 800 quos
3352 731 3732 804 praemiserat,

2087 815 2295 887 capitis
2325 816 2769 870 obtruncatione
2805 818 3064 888 martyrii
3091 818 3347 888 palmam
3371 819 3735 891 adipiscitur,

2087 904 2410 977 multisque
2441 905 2746 960 tormentis
2791 905 2939 959 hanc
2971 906 3309 961 coronidem
3341 907 3610 980 imponit.
3645 911 3738 966 Sic

2088 993 2316 1048 Christo
2339 993 2690 1062 oﬂ‘ertur,sic
2713 995 2781 1048 ad
2808 995 3103 1050 Christum
3132 997 3348 1067 migrat
3370 997 3466 1052 ille
3491 1015 3738 1072 magnus

2088 1081 2148 1136 in
2182 1081 2500 1154 impietate,
2535 1083 2720 1153 major
2751 1088 2946 1138 autem
3000 1084 3056 1139 in
3118 1085 3332 1156 pietate
3365 1086 3690 1159 Cyprianus
3724 1106 3737 1158 ;

2089 1169 2208 1240 ille,
2240 1170 2505 1242 inquam,
2535 1187 2782 1242 magnus
2813 1177 2939 1226 tum
2974 1178 3331 1243 persecutor,
3356 1179 3483 1230 tum
3518 1177 3739 1246 victor;

2089 1276 2205 1314 non
2239 1259 2432 1314 minus
2454 1261 2525 1315 ob
2557 1260 2684 1314 vitm
2717 1261 3125 1327 mutationem,
3151 1280 3327 1333 quam
3361 1265 3432 1318 ob
3469 1265 3740 1320 virtutem

2089 1349 2474 1405 admirandus
2527 1349 2725 1420 Neque
2757 1349 2911 1404 enim
2944 1355 3064 1404 tam
3098 1351 3360 1423 amplum
3393 1371 3458 1408 ac
3504 1354 3742 1426 praecla-

2091 1455 2222 1493 rum
2254 1441 2344 1493 est
2387 1438 2524 1493 boni
2559 1437 2807 1493 formam
2842 1438 2936 1494 inc
2959 1439 3198 1495 ilumem
3241 1457 3527 1514 servasse,
3560 1460 3740 1514 quam

2091 1531 2317 1583 mutata
2351 1525 2476 1582 vitae
2514 1527 2736 1582 ratione
2779 1528 3044 1582 animum
3077 1529 3149 1583 ad
3197 1528 3428 1600 pietatis
3476 1533 3742 1589 studium

323 1615 666 1688 contulisse.
704 1629 854 1684 Illud
886 1627 1042 1683 enim
1075 1623 1516 1682 consuetudinis
1555 1627 1662 1693 est,
1696 1621 1805 1677 hoc
1836 1618 2002 1692 probi
2033 1622 2090 1673 et
2121 1615 2428 1689 prudentis
2469 1615 2734 1684 consilii;
2767 1615 2910 1671 illud
2945 1617 3220 1687 frequens
3250 1635 3314 1674 ac
3348 1619 3602 1692 vulgare,
3635 1619 3746 1678 hoc

325 1722 442 1778 rari
475 1719 714 1777 omnino
745 1715 1016 1788 exempli.

407 1811 498 1866 IZ'.
553 1805 708 1861 Ἀλλ’
769 1805 880 1858 οἷον
943 1801 1008 1872 δὴ
1066 1803 1282 1856 κάκεῖνο
1337 1805 1444 1854 τῶν
1502 1799 1708 1854 ἐκείνου
1769 1796 2019 1870 Octaui-1

2158 1795 2328 1851 XVII.
2362 1796 2494 1850 Jam
2528 1794 2699 1866 quale
2735 1795 2878 1850 illud
2911 1813 3141 1868 quoque
3175 1798 3363 1869 ipsius
3395 1798 3746 1858 miraculum

327 1918 475 1966 των;
528 1896 738 1970 Μικρὸν
945 1891 1019 1946 ἔτι
1069 1896 1146 1962 τῷ
1197 1890 1350 1965 λόγῳ
1394 1890 1984 1964 προσκαρτερήσωμεν,

325 1987 418 2042 ’ἱνα
475 1985 553 2058 τῷ
613 1984 826 2056 ἀθλητῇ
887 1982 1263 2058 χαρισώμεθα.
1325 1980 1558 2049 Τοιαύτη
1631 1979 1722 2050 μὲν
1803 1981 1837 2046 ἡ
1897 1981 1988 2030 τοῦ

338 2074 531 2150 ἀνδρὸς
593 2072 864 2143 πολιτεία,
898 2076 1144 2132 τοιοῦτος
1179 2069 1237 2124 δὲ
1268 2071 1294 2123 ὁ
1325 2077 1423 2138 τῆς
1456 2067 1740 2138 ἀθλήσεως
1766 2067 1989 2142 τρόπος.

336 2165 491 2223 Ἐπεὶ
543 2161 600 2218 δὲ
655 2161 912 2216 καταλύει
956 2162 1044 2214 τὸν
1100 2160 1218 2235 βίον
1271 2159 1336 2232 (εἰ
1387 2160 1542 2231 θέμις
1601 2163 1762 2212 τοῦτο
1798 2157 1989 2212 είπεῖν.

338 2253 487 2310 ἀλλὰ
550 2254 626 2326 μὴ
685 2252 820 2325 πρὸς
865 2250 994 2305 Θεὸν
1045 2246 1311 2322 ἐκδημίαν
1359 2249 1618 2320 ὀνομάσαι
1676 2248 1737 2300 τὸ
1790 2245 1994 2300 ἐκείνου

340 2349 588 2419 πρᾶγμα,
647 2338 682 2409 ἤ
743 2337 913 2392 πόθου
969 2335 1277 2412 πλήρωσιν,
1333 2334 1369 2404 ἤ
1444 2333 1656 2408 δεσμῶν
1721 2333 1898 2401 λύσιν,
1957 2332 1992 2401 ἥ

348 2433 548 2506 βάρους
631 2427 938 2498 διάζευξιν),
1025 2425 1517 2500 θαυματουργεῖταί
1591 2445 1642 2479 τι
1730 2423 1997 2477 κάνταῦθα

340 2523 447 2573 τῶν
508 2514 924 2592 προειληνρὸτων
977 2510 1138 2586 ἄξιον·
1189 2512 1252 2566 τὸ
1315 2513 1407 2586 μὲν
1475 2507 1648 2585 ὄνομα
1678 2511 1821 2567 πολὺ
1854 2512 1999 2584 παρὰ

343 2615 472 2663 πᾶσι
533 2608 864 2678 Κυπριανοῦ,
921 2603 1008 2657 καὶ
1067 2601 1128 2656 οὐ
1191 2606 1533 2675 Χριπιανοῖς
1613 2601 1800 2674 μόνον,
1854 2598 2001 2654 ἀλλὰ

345 2696 436 2752 καὶ
494 2701 611 2757 τοῖς
671 2695 768 2762 τὴν
833 2692 1065 2747 ἐναντίαν
1122 2694 1235 2764 (37)
1284 2693 1419 2763 ἡμῖν
1447 2692 1799 2765 τεταγμένοις
1848 2692 1999 2762 (πᾶσι

347 2785 452 2857 γὰρ
507 2781 713 2854 ὁμοίως
761 2783 877 2849 (38)
933 2779 995 2832 τὸ
1053 2778 1217 2832 καλὸν
1258 2777 1581 2851 αἶ’δέσιμον)·
1635 2779 1696 2832 τὸ
1730 2783 1888 2850 σῶμα
1946 2775 2004 2830 δὶ

353 2871 549 2948 ἀφανὶς
607 2870 672 2938 ἦν
733 2872 868 2939 (39),
920 2867 1010 2922 καὶ
1061 2868 1089 2922 6
1138 2869 1404 2942 Θησαυρὸς
1455 2867 1599 2942 παρά
1645 2889 1753 2921 τινι
1800 2865 2004 2940 γυναίῳ

350 2966 460 3016 τῶν
524 2964 735 3033 θερμῶν
797 2957 872 3019 εἰς
929 2952 1220 3027 εὐσέϐειαν,
1271 2956 1357 3010 καὶ
1406 2961 1566 3010 τοῦτο
1618 2955 1704 3010 ἐπὶ
1758 2955 2002 3031 μακρόν

361 3050 461 3106 οὐκ
519 3047 620 3103 οἷδ’
695 3050 802 3122 (40)
873 3043 978 3101 εἷ’τε
1032 3051 1302 3119 τιμῶντος
1356 3051 1452 3100 τοῦ
1507 3051 1636 3100 Θεοῦ
1687 3047 1785 3114 τὴν
1847 3043 2007 3121 φιλό-

363 3151 482 3203 θεον
541 3140 673 3210 (41),
759 3137 847 3190 καὶ

372 3228 668 3304 μάρτυρος,
729 3223 832 3279 εἴτε
888 3225 978 3279 τὸν
1041 3222 1208 3288 πόθον
1267 3227 1425 3298 ἡμῶν
1501 3225 1892 3299 γυμνάζοντος,
1969 3223 2014 3278 εἰ

371 3319 448 3391 μὴ
510 3318 769 3394 φέροιμεν
834 3314 1216 3387 ζημιούμενοι,
1276 3314 1366 3369 καὶ
1427 3319 1534 3370 τῶν
1597 3314 1765 3389 ἁγίων
1826 3313 2017 3387 λειψά-

367 3428 476 3462 νων
506 3405 988 3480 ἀποστερούμενοι.
1051 3405 1197 3460 Έπεὶ
1249 3403 1306 3460 δὲ
1356 3405 1452 3460 οὐκ
1500 3405 1764 3480 ἠνέσχετο
1794 3405 1857 3459 τὸ
1886 3405 2017 3460 πάν-

365 3517 474 3550 των
536 3495 727 3570 ἀγαθὸν
789 3491 922 3546 ἶ¹διον
983 3494 1210 3562 ποιῆσαί
1265 3515 1412 3556 τινος
1474 3496 1501 3549 6
1556 3499 1662 3549 τῶν
1727 3492 2013 3568 μαρτύρων

365 3584 514 3652 Θεὸς,
574 3580 697 3637 οὐδὲ
754 3583 814 3636 τὸ
868 3581 1048 3636 κοινὸν
1110 3586 1383 3654 ζημιῶσαι
1461 3587 1528 3656 τῇ
1603 3583 1736 3654 πρὸς
1802 3581 2012 3651 ἐκείνην

361 3673 572 3749 χάριτι,
628 3669 940 3743 δημοσιευει
996 3671 1058 3724 τὸ
1117 3675 1277 3742 σῶμα
1331 3669 1400 3725 δι’
1446 3672 1863 3745 ἀποκαλύψεως,
1923 3671 2012 3726 καὶ

927 3134 1015 3189 διὰ
1071 3140 1232 3190 τοῦτο
1281 3137 1682 3212 περιεχομένην
1746 3137 1854 3207 (42)
1913 3137 2009 3188 τοῦ

357 3763 559 3832 ταύτην
644 3762 846 3837 γυναίῳ
904 3760 1010 3814 τινὶ
1072 3763 1182 3833 (43)
1249 3766 1357 3814 τῶν
1432 3761 1593 3831 ἀξίων
1665 3763 1766 3831 τὴν
1841 3762 2010 3833 τιμὴν

353 3852 741 3922 καταθέμενος·
817 3846 891 3902 ’ἶν’
971 3849 1263 3924 ἀγιασθῶσι
1341 3849 1430 3903 καὶ
1502 3855 1771 3924 γυναῖκες,
1831 3847 2012 3924 ὥσπερ

351 3942 442 3995 τὸν
511 3939 741 4010 Χριστὸν
791 3939 881 3992 καὶ
933 3943 1182 3993 τεκοῦσαι
1241 3941 1349 4010 (44)
1399 3938 1686 4014 τ-ρὸτερον,
1747 3939 1837 3992 καὶ
1893 3945 2012 4002 τοῖς

360 4034 629 4103 μαθηταῖς
689 4026 1080 4102 ἀπαγγείλασαι
1153 4028 1284 4100 μετὰ
1339 4029 1438 4096 τήν
1496 4027 1554 4083 ἐκ
1607 4032 1808 4104 νεκρῶν
1886 4029 2012 4083 ἀνά-

358 4139 564 4186 στασιν,
626 4115 768 4170 οὕτω
825 4115 914 4170 καὶ
971 4121 1060 4170 νῦν
1120 4116 1446 4192 Κυπριανὸν,
1506 4119 1540 4185 ἡ
1611 4117 1704 4189 μὶν
1756 4115 2013 4193 παραδεί-

356 4210 507 4281 ξασα,
584 4207 618 4275 ἡ
696 4203 751 4259 δὲ
826 4203 1140 4281 παραδοῦσα
1207 4207 1268 4260 τὸ
1325 4207 1506 4260 κοινὸν
1568 4202 1785 4284 ὄφελος.
1845 4212 2013 4263 Τοῦτο

351 4300 460 4350 τῶν
523 4293 727 4349 ἐκείνου
782 4292 966 4349 καλῶν
1019 4295 1079 4348 τὸ
1126 4295 1456 4351 τελευταῖον.
1505 4294 1686 4356 Οὕτως
1716 4295 1791 4357 εἰς
1846 4295 2004 4369 μέσον

354 4381 575 4459 ἔρχεται
636 4383 664 4436 ὁ
710 4387 806 4436 τοῦ
863 4385 936 4455 μή
997 4383 1179 4447 λαθεῖν
1236 4388 1350 4458 (45)
1383 4385 1550 4457 ἄξιος,
1581 4386 1671 4439 καὶ
1704 4385 1763 4440 οὐ
1796 4406 2012 4462 συγχω-

357 4479 527 4547 ρεῖται
561 4471 926 4549 φιλοσοφῆσαι
958 4475 1056 4541 τήν
1091 4474 1280 4528 ἑαυτοῦ
1311 4474 1548 4543 κλοπὴν,
1581 4473 1768 4544 ἐπειδὴ
1793 4476 2010 4530 καὶτῶν

2099 1885 2233 1940 est?
2266 1885 2476 1939 Parum
2513 1885 2667 1939 enim
2701 1884 2891 1940 adhuc
2926 1887 2982 1939 in
3022 1886 3127 1941 hac
3161 1888 3426 1943 oratione
3476 1889 3748 1944 immora-

2100 1975 2317 2040 bimur,
2352 1979 2479 2028 uta
2531 1978 2782 2046 martyre
2837 1976 3084 2046 gratiam
3141 1978 3428 2032 ineamus.
3483 1978 3614 2033 Haec
3644 1980 3756 2034 fuit

2100 2064 2291 2135 ipsius
2323 2062 2450 2117 vitae
2475 2064 2640 2129 ratio,
2666 2063 2758 2117 hic
2786 2065 3183 2118 dimicationis
3219 2066 3444 2120 modus.
3478 2067 3620 2121 Cum
3650 2085 3751 2122 au-

2104 2158 2218 2207 tem
2262 2157 2582 2206 extremum
2632 2152 2756 2205 vitae
2807 2153 2958 2206 diem
3012 2153 3225 2223 egisset
3273 2154 3344 2224 (si
3395 2160 3591 2210 tamen
3645 2157 3754 2213 hoc

2104 2243 2276 2296 verbo
2311 2240 2391 2294 uti
2425 2241 2509 2295 fas
2541 2245 2646 2305 est,
2682 2257 2744 2294 ac
2776 2258 2889 2294 non
2937 2242 3130 2311 potius
3164 2259 3256 2297 res
3295 2259 3383 2313 ea,
3413 2245 3498 2299 vel
3532 2244 3752 2302 disces-

2105 2347 2208 2386 sus
2239 2330 2309 2382 ad
2341 2329 2548 2396 Deum,
2584 2328 2664 2383 vel
2699 2329 2975 2385 desiderii
3025 2331 3321 2400 cumulus,
3373 2332 3458 2388 vel
3494 2333 3752 2390 vinculo-

2105 2436 2237 2473 rum
2271 2417 2504 2485 solutio,
2553 2417 2641 2472 vel
2691 2419 2886 2474 oneris
2935 2420 3202 2475 excussio
3247 2421 3594 2493 appellanda
3623 2425 3756 2496 est),

2105 2509 2200 2563 hic
2250 2525 2482 2580 quoque
2533 2508 2778 2578 dignum
2831 2509 2958 2564 vitae
3018 2510 3392 2566 sanctissime
3449 2518 3758 2569 transactis

2111 2597 2457 2653 miraculum
2500 2598 2861 2668 designatur.
2913 2599 3057 2653 Nam
3109 2617 3447 2670 quanquam
3490 2603 3760 2674 Cypriani

2111 2703 2321 2742 nomen
2357 2687 2512 2758 apud
2543 2703 2769 2756 omnes,
2795 2703 2910 2741 non
2945 2688 3116 2742 modo
3147 2689 3529 2761 Christianos,
3561 2709 3759 2748 verum

2111 2777 2286 2832 etiam
2335 2792 2454 2840 eos,
2488 2775 2588 2846 qui
2616 2776 2869 2830 adversae
2901 2775 3110 2831 classis
3141 2783 3328 2847 erant,
3363 2777 3760 2836 clarissimum

2114 2884 2181 2922 ac
2213 2866 2656 2920 celeberrimum
2691 2871 2845 2920 esset
2873 2866 3084 2937 (virtus
3108 2867 3261 2921 enim
3289 2869 3564 2924 omnibus
3597 2871 3762 2924 simi-

2115 2956 2250 3010 liter
2274 2954 2627 3010 venerationi
2660 2954 2768 3024 est)
2795 2972 2806 3008 :
2843 2971 3056 3025 corpus
3087 2961 3279 3010 tamen
3315 2956 3550 3023 latebat,
3584 2965 3761 3030 atque

2118 3045 2212 3100 hic
2257 3044 2570 3099 thesaurus
2618 3044 2772 3115 apud
2825 3043 3129 3099 mulierem
3182 3046 3496 3115 quamdam
3548 3049 3764 3119 pietate

2126 3133 2402 3189 fervidam
2468 3133 2890 3201 occultaliatur,
2960 3133 3135 3204 idque
3189 3134 3569 3205 perdiuturno
3629 3144 3772 3194 tem-

2128 3240 2302 3296 pore;
2335 3223 2454 3278 sive
2482 3223 2636 3294 quod
2669 3223 2821 3278 Deus
2861 3223 2966 3278 hac
3000 3223 3220 3279 ratione
3251 3224 3407 3295 piam
3440 3231 3770 3284 matronam

2127 3313 2346 3370 honore
2385 3311 2536 3367 afﬁci
2588 3312 2778 3378 vellet,
2828 3330 2893 3367 ac
2943 3319 3249 3385 propterea
3308 3313 3407 3369 illa
3455 3322 3774 3388 martyrem

2126 3402 2428 3473 complexu
2477 3418 2584 3458 suo
2633 3406 2886 3468 teneret;
2939 3402 3060 3457 sive
3112 3402 3286 3457 etiam
3322 3408 3384 3458 ut
3414 3404 3774 3462 desiderium

2127 3495 2393 3546 nostrum
2429 3495 2738 3554 exerceret,
2773 3507 2909 3544 num
2945 3491 3168 3546 scilicet
3206 3492 3313 3546 hoc
3345 3493 3560 3548 damno
3591 3510 3771 3566 ange-

2124 3599 2342 3650 remur,
2373 3581 2696 3651 acerbeque
2727 3580 3010 3635 ferremus
3061 3598 3164 3636 nos
3213 3584 3604 3639 sacrosanctis
3638 3585 3773 3640 reli-

2124 3670 2278 3742 quiis
2309 3668 2539 3741 privari.
2577 3673 2649 3722 At
2681 3685 2811 3723 vero
2862 3674 3245 3741 posteaquam
3299 3671 3395 3728 ille
3449 3680 3773 3746 martyrum

2123 3760 2278 3815 Deus
2325 3775 2637 3813 commune
2685 3758 2950 3814 omnium
3003 3760 3222 3814 bonum
3277 3763 3452 3817 alicui
3507 3763 3776 3833 privatim

2123 3849 2459 3918 concedere,
2491 3864 2557 3902 as
2601 3847 2885 3918 singulari
2920 3866 3054 3921 erga
3093 3849 3251 3905 illam
3286 3851 3492 3923 gratia,
3529 3853 3780 3923 publicis

2124 3938 2449 3994 commodis
2481 3937 2902 3992 detrimentum
2937 3939 3142 3994 alferre
3185 3940 3426 3996 minime
3474 3942 3778 4009 sustinuit,

2123 4046 2225 4101 per
2256 4027 2668 4083 revelationem
2702 4044 2918 4098 corpus
2951 4029 3009 4082 in
3042 4028 3234 4084 lucem
3256 4031 3397 4099 edit,
3422 4036 3593 4102 atque
3626 4031 3782 4087 hunc

2124 4135 2330 4173 rursus
2362 4117 2642 4171 honorem
2677 4116 2870 4187 probae
2904 4116 3136 4172 cuidam
3173 4119 3401 4174 mulieri
3433 4120 3685 4185 confert;
3719 4125 3785 4175 ut

2125 4207 2398 4264 mulieres
2435 4222 2672 4277 quoque
2703 4223 2769 4261 ex
2803 4222 2867 4260 eo
2901 4208 3362 4278 sanctiﬁcentur,
3399 4209 3554 4280 quod
3587 4225 3786 4280 quem-

2125 4297 2442 4351 admodum
2477 4293 2780 4349 Christum
2815 4300 2948 4350 ante
2995 4302 3366 4366 pepererunt,
3403 4299 3788 4352 resurrectio-

2125 4387 2335 4457 nisque
2370 4383 2565 4456 ipsius
2603 4386 2876 4438 nuntium
2906 4384 3214 4455 discipulis
3247 4385 3570 4441 attulerunt
3606 4387 3672 4452 '9,
3706 4386 3788 4441 ita

2125 4491 2282 4531 nunc
2332 4474 2515 4529 etiam
2569 4472 2946 4543 Cyprianum,
2985 4473 3092 4527 hoc
3142 4480 3230 4528 est
3286 4474 3586 4544 publicum
3633 4475 3792 4531 orbis

357 4561 446 4617 ἐπὶ
475 4567 592 4622 τοῖς
625 4561 835 4632 σώμασι
867 4566 1042 4633 τιμῶν
1076 4563 1336 4636 κρείσσων
1366 4566 1478 4636 (46)
1509 4561 1708 4625 ἐκεῖνος
1747 4565 1836 4618 καὶ
1871 4565 2008 4638 ὑψη-

2119 4566 2366 4629 bonum,
2407 4535 2882 4632 altera-quidem
2933 4535 3237 4628 indicavit,
3270 4535 3451 4619 altera
3493 4581 3626 4620 vero
3670 4569 3790 4620 tra-

359 4649 602 4722 λότερος.

431 4750 476 4784 ³⁸
507 4749 643 4805 Luc.
679 4766 830 4817 xx1v,
863 4750 917 4804 9.

577 4844 833 4921 Ὑμηθείς.
869 4847 1040 4902 Coisl.
1075 4851 1129 4916 2,
1162 4847 1518 4921 ἀποτμηθείς.

437 4919 550 4993 (33)
582 4918 922 4993 Tyﬁv._Deest
955 4922 1011 4974 in
1045 4918 1510 4993 quinque'Regg.

2121 4653 2287 4709 didit.
2322 4651 2453 4706 Haec
2479 4651 2722 4705 laudum
2760 4649 2920 4706 illius
2966 4657 3266 4723 postrema
3297 4657 3403 4709 est.
3442 4653 3535 4708 Sic
3564 4655 3620 4708 in
3668 4668 3789 4707 me-

2206 4848 2318 4920 (40)
2349 4843 2458 4898 Οὐκ
2492 4841 2617 4902 οἷδ’.
2652 4847 2817 4902 Haud
2863 4850 3005 4904 scio.
3034 4871 3060 4898 »
3095 4849 3221 4904 Haec
3253 4850 3470 4905 desunt
3511 4849 3569 4904 in
3612 4846 3796 4920 pluri-

2133 4921 2296 4976 ribus
2330 4921 2506 4989 Regg.

440 4985 655 5069 (34).Τὸ“
684 4989 907 5069 μῇνγάρ
929 4997 1038 5069 ’τῆς
1065 4985 1372 5062 συνηθείας.
1409 4985 1842 5069 (ἶῗῌιῄυὲῐϊιοᾴί-
1863 4993 2019 5049 enim

2207 4993 2318 5069 (ιι)
2350 4985 2634 5069 eadem
2672 4990 2734 5069 in
2767 4991 3146 5069 quihusdam.
3181 4989 3563 5069 φιῖιᾷχριστον-

363 5061 621 5142 virtutis
643 5059 888 5117 habitus
929 5062 1103 5135 longa
1150 5059 1576 5121 consuetudine
1601 5065 1970 5142 acquiritur,
1999 5088 2019 5117 ι

2205 5059 2318 5136 (42)
2385 5059 2809 5138 Περιεχομένηνῖ
2894 5064 2958 5118 In
3038 5059 3377 5136 nonnullis“,
3454 5061 3793 5139 περισχομέ-

366 5131 480 5193 vel.
508 5155 534 5182 ‹‹
567 5132 623 5186 id
657 5149 970 5190 commune
1017 5131 1128 5204 εει,
1161 5155 1276 5193 non
1329 5155 1526 5193 rarum
1559 5141 1616 5193 et
1646 5131 1969 5193 insuetum.
1997 5159 2025 5188 »
2134 5131 2256 5204 νην.

369 5204 732 5279 διο-(ᾆιυωουε
765 5206 1075 5279 interpres.
1117 5202 1121 5204 ⁷

2189 5202 2320 5278 (43)
2353 5202 2558 5279 Γυναίῳ
2586 5222 2712 5279 τινι.
2750 5207 2842 5259 Sic
2876 5208 3052 5279 Regg.
3089 5224 3141 5275 a,
3177 5224 3226 5276 c,
3259 5207 3317 5273 d,
3350 5209 3450 5263 bm
3503 5212 3561 5262 et
3609 5207 3706 5264 0r.
3740 5209 3796 5266 1.

2139 5276 2311 5335 Deest
2336 5277 2441 5330 τινί
2473 5277 2528 5330 in
2558 5276 2648 5330 ed.
2674 5276 3330 5334 CaeterumJRufﬁnam
3360 5302 3386 5328 ››
3411 5279 3611 5334 dicunt
3648 5279 3802 5336 hanc

2138 5352 2444 5407 mulierem
2479 5353 2653 5417 atque
2684 5348 2972 5423 e_C|audii
3005 5351 3375 5423 imperatoris
3409 5367 3636 5423 genere.

2211 5425 2323 5494 (44)
2360 5423 2636 5497 Τεκςρῦσαι.
2707 5420 2894 5497 Eorte,
2923 5490 2934 5497 Α
2963 5420 3278 5496 τρέχουσαι,
3339 5420 3449 5491 νεῖ,
3521 5421 3796 5497 εὑροῦσαι,

2140 5517 2169 5546 ‹‹
2206 5490 2333 5568 quae
2394 5494 2613 5568 priores
2672 5491 2743 5545 ad
2803 5490 3101 5549 Christum
3160 5490 3634 5564 cucurreruntf»
3681 5490 3794 5562 vel,

2142 5590 2170 5617 ‹‹
2204 5564 2498 5622 Christum
2534 5564 2899 5618 invenerunt.
2927 5587 2952 5612 ››

2212 5639 2324 5710 (45)
2359 5638 2623 5710 Λᾳοεῖνεα
2655 5635 2837 5710 Quem
2871 5636 3115 5710 dignum
3150 5654 3266 5692 non
3299 5643 3423 5694 erat
3453 5637 3514 5692 in
3545 5636 3796 5692 obscuro

2141 5707 2341 5768 latere.
2372 5731 2400 5758 »
2423 5707 2698 5763 Mendose
2729 5707 2786 5760 in
2819 5709 2909 5762 ed.
2945 5712 3155 5771 παθεῖν.

2213 5783 2329 5856 (46)
2361 5777 2653 5859 Κρείσσων.
2688 5777 2829 5856 Reg.
2862 5795 2914 5854 c,
2946 5780 3110 5838 addit
3142 5779 3261 5856 μέν.

442 5275 661 5353 (35).Τὰ
695 5275 1136 5353 παραδείγματα.
1187 5280 1279 5335 Sic
1329 5280 1508 5353 Regg.
1552 5296 1605 5348 a,
1641 5294 1690 5347 c,
1725 5280 1784 5347 d,
1821 5280 1917 5335 bm
1971 5284 2029 5336 et

371 5347 647 5404 undecim
681 5347 837 5404 Colb.
879 5347 1067 5407 ln'ed.
1107 5353 1271 5407 deest
1299 5352 1385 5407 τά.

442 5420 556 5495 (BQ)
584 5418 812 5495 Μικρόν.
839 5425 932 5480 Sic
965 5423 1161 5495 plures
1195 5425 1398 5495 Regg.,
1421 5422 1596 5478 Coisl.
1625 5423 1673 5491 1,
1698 5426 1792 5478 Or.
1819 5422 1871 5490 1,
1896 5423 2026 5479 Par.

371 5491 583 5566 In
622 5491 849 5566 μακρόν,
885 5519 910 5545 ‹‹
950 5491 1224 5551 multum.
1254 5518 1281 5566 υ

446 5559 559 5636 (37)
619 5559 885 5626 καῖ’τοῖς
941 5567 1040 5635 τὴν
1101 5565 1362 5621 ἐναντίαν.
1424 5565 1597 5622 Coisl.
1655 5566 1709 5636 2,
1766 5564 1856 5618 καὶ
1914 5568 2031 5627 τοῖς

377 5630 662 5693 ἰναντίοις.

474 5706 567 5784 ἓξ)
595 5703 1146 5784 ίΟμοίῳςηΒΘοεεᾲὶη
1179 5709 1467 5784 pluribus.

476 5775 568 5852 39)
599 5775 825 5858 Ἀφανὶς
854 5782 942 5852 ἦν.
975 5782 1106 5841 Bill.
1134 5801 1146 5841 :
1171 5775 1200 5834 ἆ
1232 5784 1552 5841 obscurum
1582 5785 1725 5840 erat.
1755 5803 1785 5833 »
