4110 6424
385 402 529 467 1191

1631 389 1694 456 S.
1745 385 2119 455 Gnaeos]!
2163 386 2560 459 THEOLOGI

3648 391 3808 461 1192

381 541 548 596 dium
581 535 793 608 prodit,
826 533 978 590 449
1013 525 1114 603 qui
1143 525 1424 602 indignus
1456 534 1600 594 erat,
1635 534 1698 582 ut
1728 528 1786 581 in
1818 527 2064 582 obscuro
2095 527 2341 598 jaceret,
2374 547 2479 584 nec
2510 530 2602 585 sui
2635 529 2858 585 furtum
2890 529 3139 586 tolerare
3168 530 3403 602 sinitur,
3437 533 3807 605 quandoqui-

381 631 516 686 dem
547 625 641 682 his
670 623 1017 690 honoribus,
1049 620 1266 693 quibus
1295 635 1538 690 corpora
1567 617 1718 672 afﬁci
1751 616 1960 682 solent,
1992 616 2119 687 ipse
2149 618 2519 688 praestantior
2547 635 2613 675 ac
2645 619 2956 675 sublimior
2984 625 3127 674 erat.

453 716 651 774 XVIII.
685 720 817 769 Haec
848 718 1010 782 sunt,
1044 729 1170 782 quas
1201 709 1449 764 dicenda
1487 707 1826 773 habuimus,
1860 711 2034 776 atque
2065 708 2120 772 Α

383 808 542 864 haud
592 805 714 861 scio
745 821 819 859 an
869 801 1039 874 plura
1076 802 1267 854 dicere
1299 814 1447 869 opus
1479 796 1575 851 sit.
1610 797 1809 866 Neque
1858 796 2039 861 enim,

386 896 619 954 etiamsi
647 893 966 950 orationem
1001 891 1061 944 in
1093 888 1335 959 longum
1370 886 1845 958 produxerimus,
1880 885 2042 954 quid-

387 1003 568 1059 quam
598 988 797 1039 tamen
833 980 1037 1035 aﬂerre
1069 993 1380 1050 queamus,
1432 976 1588 1046 quod
1623 973 1784 1028 illius
1814 973 2042 1027 virtuti-

386 1078 499 1132 bus
529 1078 585 1130 et
613 1068 1052 1134 existimationi,
1071 1084 1248 1138 quam
1271 1067 1342 1120 de
1369 1082 1434 1119 eo
1466 1062 1877 1134 unusquisque
1899 1078 2040 1116 con-

386 1165 557 1237 cepit,
591 1161 711 1218 ulla
740 1177 808 1216 ex
839 1163 1002 1231 parte
1033 1155 1406 1226 respondeat.
1459 1155 1649 1224 Atque
1699 1152 1817 1206 haec
1865 1151 2039 1207 etiam

386 1272 453 1311 eo
485 1250 895 1318 disseruimus,
929 1251 996 1301 ut
1025 1245 1288 1301 debitum
1342 1242 1427 1297 illi
1481 1241 1723 1296 honoris
1750 1241 2037 1295 tributum

385 1348 686 1413 utcunque
715 1337 1200 1411 persolveremus.
1234 1336 1511 1388 Vestrum
1544 1337 1634 1386 est
1661 1331 1788 1401 jam
1815 1347 1882 1385 ea
1912 1347 2040 1401 qua;

384 1433 710 1504 supersunt
732 1445 766 1483 a
784 1423 1227 1494 vobismetipsis
1253 1423 1666 1493 adjungere,ut
1689 1417 2040 1474 nonnullum

385 1519 500 1591 ipsi
549 1531 785 1588 quoque
833 1510 1076 1583 martyri
1125 1526 1345 1563 munus
1396 1507 1673 1576 (iITeratis,
1704 1508 2038 1561 damonum

385 1609 668 1664 nimirum
721 1601 1184 1674 oppressionem,
1221 1598 1560 1652 morborum
1609 1594 2037 1665 depulsionem,

385 1699 720 1752 futurarum
743 1706 937 1746 rerum
954 1687 1392 1758 praenotionem;
1408 1701 1534 1755 quae
1558 1683 1797 1754 quidem
1817 1683 2036 1754 omnia,

383 1788 473 1842 vel
510 1784 625 1855 ipsi
674 1783 899 1837 cineres
946 1775 1238 1849 Cypriani,
1289 1775 1463 1829 modo
1513 1773 1668 1828 adsit
1716 1773 1881 1838 ﬁdes,
1913 1771 2038 1826 efﬁ-

387 1877 569 1940 ciunt,
591 1869 1093 1945 quemadmodum
1121 1870 1356 1933 norunt,
1381 1864 1482 1934 qui
1504 1862 1684 1932 hujus
1706 1862 1786 1917 rei
1811 1877 2036 1932 pericu-

385 1965 508 2020 lum
543 1964 826 2024 fecerunt,
851 1975 917 2012 ac
950 1955 1286 2011 mirandum
1312 1953 1383 2007 ad
1407 1970 1514 2007 nos
1544 1969 1733 2022 usque
1761 1949 2038 2006 transmi-

386 2058 614 2119 serunt,
664 2049 1048 2120 ejusdemque
1099 2041 1443 2098 memoriam
1504 2042 1754 2112 posteris
1806 2055 2038 2109 quoque

382 2139 658 2198 tradituri
693 2143 853 2193 sunt.
881 2136 1001 2190 lmo
1032 2150 1166 2188 vero
1194 2131 1288 2186 his
1319 2131 1545 2200 majora
1574 2130 1793 2200 offerte,
1816 2128 2039 2198 qualia-

385 2247 500 2304 que
530 2247 628 2286 eos
659 2227 864 2283 oﬂ‘erre
896 2240 1002 2295 par
1031 2227 1137 2286 est,
1172 2220 1273 2292 qui
1303 2237 1436 2275 eum
1504 2236 1636 2274 vere
1681 2236 1748 2273 ac
1808 2218 2034 2272 sincere

384 2320 586 2376 colunt
609 2333 623 2384 ;
647 2313 909 2387 corporis
930 2309 1154 2366 scilicet
1175 2309 1647 2375 macerationem,
1673 2307 1886 2362 animae
1909 2322 2033 2377 pro-

384 2409 772 2483 gressionem,
819 2403 944 2457 vitii
992 2401 1216 2472 fugam,
1264 2397 1497 2452 virtutis
1546 2397 1976 2451 incrementum
2015 2412 2027 2461 ;

382 2497 641 2570 virgines
658 2493 853 2549 carnis
876 2489 1362 2554 maciem,uxores
1384 2486 1611 2541 virtutis
1637 2487 1828 2556 potius
1854 2501 2033 2556 quam

383 2585 646 2658 corporis
694 2579 1149 2638 concinnitatem
1193 2581 1250 2630 et
1295 2576 1669 2646 elegantiam,
1700 2577 1943 2643 juvenes
1973 2574 2032 2626 in

381 2669 843 2746 comprimendis
857 2667 1038 2723 animi
1055 2665 1596 2736 perturbationibus
1610 2664 2029 2730 fortitudinem,

383 2781 554 2822 senes
586 2758 897 2817 consilium
930 2763 986 2812 et
1017 2755 1410 2826 prudentiam,
1437 2769 1704 2823 proceres
1725 2753 1782 2806 in
1816 2753 2032 2807 consti-

381 2852 618 2910 tuendis
638 2849 867 2921 legibus
891 2846 1248 2917 mquitatem,
1266 2843 1343 2897 rei
1372 2842 1641 2896 militaris
1668 2843 1844 2896 duces
1866 2858 2032 2896 man-

381 2941 778 3003 suetudinem,
826 2935 1102 2992 doctrinw
1155 2940 1330 3003 atque
1385 2931 1734 3003 eloquentiae
1782 2931 2032 2987 studiosi

381 3043 582 3105 aptam
612 3035 670 3086 et
699 3026 902 3082 rationi
934 3027 1387 3078 consentaneum
1420 3020 1744 3076 orationem
1772 3038 1783 3085 ;
1836 3024 2032 3091 atque,

382 3130 449 3179 ut
478 3122 548 3175 de
579 3119 754 3174 rebus
787 3113 1004 3170 nostris
1051 3111 1275 3182 aliquid
1331 3110 1545 3180 dicam,
1579 3111 1912 3164 sacerdotes
1945 3128 2032 3166 re-

383 3227 518 3267 rum
551 3222 851 3263 sacrarum
883 3200 1279 3272 disciplinam,
1305 3198 1468 3269 plebs
1498 3199 1913 3267 obedientiam,
1937 3201 2036 3271 qui

2223 707 2327 761 IH'.
2363 706 2445 761 Τὰ
2500 707 2594 777 μὲν
2644 707 2734 761 οὗν
2784 708 2912 779 παρ’
2942 709 3103 780 ἡμῶν
3135 713 3388 780 τοσαῦτα,
3419 709 3510 763 καὶ
3542 708 3642 763 οὐκ
3675 707 3799 780 οἶδ’,

2152 792 2235 847 ὅτι
2295 791 2375 848 δεῖ
2426 798 2539 868 (47)
2597 793 2828 850 πλείονα
2887 793 3091 870 λέγειν.
3151 796 3294 854 Οὐδὲ
3338 798 3462 873 γὰρ,
3498 798 3543 852 εἰ
3599 797 3804 873 μακρὸν

2153 883 2534 956 ἀποτείναιμεν
2585 887 2699 957 (48)
2750 884 2941 960 λόγον,
2996 882 3241 959 εἶίποιμεν
3295 886 3356 942 ἂν
3404 892 3592 941 τιτῶν
3627 887 3812 959 ἐκείνῳ

2150 971 2464 1046 προσόντων
2514 975 2684 1046 ἄξιον,
2729 974 2819 1029 καὶ
2877 975 2951 1029 ὧν
3009 971 3236 1038 ἕκαστος
3293 977 3417 1051 περὶ
3474 981 3572 1030 τοῦ
3615 973 3808 1052 ἀνδρὸς

2153 1059 2474 1139 ὑπείληφεν,
2527 1063 2624 1116 Καὶ
2667 1068 2856 1135 ταῦτα,
2907 1062 3031 1118 ὅσον
3079 1064 3482 1141 ἀφοσιώσασθαι
3523 1066 3622 1134 τήν
3657 1065 3806 1142 ὀφει-

2156 1150 2396 1222 λομένην
2430 1150 2614 1224 ἐκείνῳ
2635 1154 2828 1225 τιμὴν,
2863 1150 3161 1226 διήλθομεν
3189 1173 3201 1186 ⁸
3249 1155 3313 1208 τὰ
3363 1152 3420 1208 δὲ
3467 1154 3636 1209 λοιπὰ
3682 1155 3813 1229 παρ’

2153 1239 2304 1312 ὐμῶν
2338 1240 2513 1295 αὐτῶν
2545 1242 2895 1318 προσθετέον,
2923 1243 3014 1297 ’ἱνα
3051 1265 3102 1298 τι
3133 1244 3223 1298 καὶ
3269 1243 3423 1298 αὐτοὶ
3470 1248 3550 1315 τῷ
3603 1245 3805 1318 μάρτυ-

2153 1348 2204 1403 ρι
2254 1331 2672 1405 προσενέγκητε,
2723 1333 2822 1401 τὴν
2870 1337 2978 1386 τῶν
3029 1329 3304 1404 δαιμόνων
3346 1331 3677 1408 καθαίρεσιν,
3708 1333 3809 1401 τὴν

2147 1422 2258 1472 τῶν
2288 1417 2456 1474 νόσων
2487 1420 2807 1490 κατάλυσιν,
2852 1423 2952 1491 τὴν
2983 1426 3080 1476 τοῦ
3115 1421 3417 1494 μέλλοντος
3447 1421 3756 1497 πρόγνωσιν
3788 1441 3802 1455 ο

2151 1507 2184 1561 ἃ
2231 1509 2403 1563 πάντα
2461 1507 2681 1564 δύναται
2737 1515 3045 1585 Κυπριανοῦ
3100 1512 3190 1564 καὶ
3247 1513 3283 1580 ἡ
3343 1509 3493 1572 κόνις
3550 1512 3683 1575 μετὰ
3705 1513 3808 1580 τῆς

2147 1595 2403 1669 πίστεως,
2463 1598 2536 1660 ὡς
2588 1595 2760 1653 ἴσασιν
2821 1599 2872 1653 οἱ
2921 1601 3335 1674 πεπειραμένοι,
3385 1600 3476 1654 καὶ
3524 1601 3586 1654 τὸ
3631 1602 3810 1672 Θαῦμα

2153 1683 2350 1760 μέχρις
2382 1689 2541 1759 ἡμῶν
2593 1687 3071 1763 παραπέμψαντες,
3122 1688 3210 1742 καὶ
3257 1693 3338 1760 τῷ
3390 1686 3655 1761 μέλλοντι
3704 1710 3810 1743 πα-

2151 1771 2487 1848 ραδώσοντες
2520 1772 2730 1851 χρόνῳ.
2763 1775 2994 1833 Μᾶλλον
3029 1775 3086 1832 δὲ
3114 1778 3182 1832 τὰ
3213 1777 3384 1850 μείζω
3413 1777 3618 1833 τούτων
3668 1798 3807 1853 προ-

2150 1863 2502 1938 εισενέγκατε,
2547 1867 2636 1920 καὶ
2695 1868 2783 1920 οἷα
2825 1865 2952 1928 τοὺς
3001 1868 3205 1922 ὶκεῖνον
3255 1866 3490 1943 γνησίως
3534 1872 3808 1940 τιμῶντας

2150 1953 2318 2020 εἰκὸς,
2349 1954 2605 2026 σώματος
2636 1956 2887 2024 κένωσιν,
2916 1960 3104 2030 ψυχῆς
3135 1951 3391 2011 ἀνάϐασιν
3429 1960 3561 2031 (49),
3613 1955 3804 2019 κακίας

2147 2041 2459 2120 ἀποφυγὴν,
2511 2043 2707 2116 ἀρετῆς
2755 2043 3034 2099 ἐπίδοσιν’
3081 2046 3136 2099 αἱ
3180 2045 3438 2121 παρθὲδοι
3494 2047 3594 2114 τὴν
3647 2047 3807 2122 ἀσαρ-

2149 2131 2266 2185 κίαν
2314 2136 2446 2206 (50),
2498 2134 2553 2187 αἱ
2597 2139 2848 2209 γυναῖκες
2887 2136 2986 2202 τὴν
3023 2133 3316 2208 εὐκοσμίαν
3353 2137 3549 2208 ἀρετῆς
3582 2133 3793 2207 μᾶλλον

2141 2221 2175 2287 ἢ
2233 2221 2487 2293 σώματος
2528 2224 2664 2296 (51),
2725 2224 2777 2277 οἱ
2827 2223 2938 2278 νέοι
2995 2226 3094 2293 τήν
3144 2225 3280 2279 κατά
3328 2226 3436 2279 τῶν
3490 2226 3676 2279 παθῶν
3709 2223 3804 2278 ἀν-

2146 2307 2295 2384 δρίαν
2354 2313 2488 2383 (52),
2557 2312 2609 2365 οἱ
2653 2307 2947 2384 πρεσϐῦται
2995 2314 3097 2382 τὴν
3140 2308 3456 2384 εὐϐουλίαν,
3508 2314 3559 2367 οἱ
3610 2312 3661 2367 ἰν
3713 2310 3806 2367 δυ-

2143 2397 2360 2468 ναστείᾳ
2387 2401 2488 2469 τὴν
2522 2401 2801 2474 εὐνομίαν,
2834 2403 2885 2455 οἳ
2916 2401 2967 2456 ἐν
3001 2403 3300 2478 στρατηγίᾳ
3331 2405 3446 2476 (53)
3475 2403 3573 2471 τὴν
3597 2401 3805 2478 ἡμερό-

2142 2508 2295 2554 τητα,
2330 2490 2380 2542 οἱ
2413 2488 2465 2543 ἂν
2499 2488 2692 2563 λόγοις
2720 2492 2782 2545 τὸ
2813 2490 3042 2565 εὔλογον
3064 2511 3076 2522 ·
3114 2491 3250 2545 εἷ’πω
3278 2513 3332 2545 τι
3371 2491 3461 2546 καὶ
3509 2495 3615 2545 τῶν
3667 2493 3806 2563 ἡμε-

2144 2576 2336 2652 τέρων,
2384 2579 2439 2631 οἱ
2487 2579 2652 2654 ἱερεῖς
2700 2583 2798 2649 τὴν
2844 2581 3229 2655 μυσταγωγίαν
3273 2584 3408 2647 (54).
3459 2582 3512 2635 οἱ
3537 2585 3634 2634 τοῦ
3667 2580 3804 2635 λαοῦ

2144 2668 2244 2736 τήν
2301 2666 2618 2741 εὐπείθειαν,
2678 2670 2732 2723 οἱ
2789 2669 2840 2724 ἐν
2871 2682 3050 2734 πενθει
3097 2672 3198 2738 τὴν
3245 2669 3614 2743 παράκλησιν,
3666 2670 3717 2722 οἱ
3749 2669 3802 2723 ἐν

2149 2755 2412 2831 εὐημερίᾳ
2462 2759 2553 2812 τὸν
2605 2753 2795 2836 φόϐον,
2846 2761 2899 2813 οἳ
2950 2758 3206 2814 πλούσιοι
3256 2762 3355 2827 τὴν
3407 2757 3720 2831 μεταδοσιν,
3750 2759 3802 2812 οἳ

2146 2846 2375 2915 πένητες
2405 2848 2504 2915 τὴν
2560 2848 2906 2924 εὐχαριστίαν
2934 2868 2946 2879 ·
3004 2849 3199 2910 πάντες
3244 2849 3344 2916 τὴν
3392 2849 3528 2903 κατὰ
3554 2851 3652 2902 τοῦ
3699 2869 3803 2901 πο-

2143 2941 2318 3011 νηροῦ
2367 2936 2455 2990 καὶ
2501 2943 2699 3012 πικροῦ
2744 2935 2974 2992 διώκτον
3024 2938 3332 3013 παρέταξεν,
3377 2936 3466 2991 φίνιι
3501 2938 3576 3010 μὴ
3610 2937 3800 3014 φαινό-

2149 3046 2306 3096 μενος
2345 3023 2546 3099 βάλλῃ,
2581 3028 2657 3098 μή
2706 3028 2897 3100 τοξεύῃ
2934 3027 3330 3102 κρυπτόμενος,
3387 3028 3462 3099 μή
3498 3027 3574 3087 ὡς
3605 3025 3796 3087 σκότος

2144 3113 2390 3186 πολεμῇ,
2445 3117 2521 3186 μή
2574 3116 2647 3178 ὡς
2696 3115 2934 3190 ἄγγελος
2985 3117 3164 3194 φωτὸς
3215 3116 3400 3190 παίζῃ,
3451 3114 3540 3169 καὶ
3597 3112 3807 3187 κλέπτῃ

2145 3202 2281 3276 πρὸς
2313 3203 2376 3256 τὸ
2405 3210 2506 3272 τῆς
2539 3204 2818 3267 ἀπωλείας
2853 3206 3144 3282 βάραθρον.

383 3301 448 3358 in
482 3313 728 3354 maerore
786 3293 930 3350 estis
984 3289 1464 3352 consolationem,
1499 3289 1599 3358 qui
1647 3288 1706 3342 in
1753 3287 1980 3343 ﬂorenti
2031 3307 2226 3346 rerum
2283 3297 2443 3348 statu
2501 3293 2795 3362 timorem,
2828 3295 3038 3350 divites
3094 3294 3490 3366 largitionem,
3523 3309 3811 3364 pauperes

385 3390 709 3464 gratiarum
743 3383 1069 3446 actionem;
1104 3396 1308 3435 omnes
1353 3377 1626 3448 denique,
1660 3377 1922 3433 muneris
1953 3381 2263 3450 cujusdam
2304 3383 2509 3452 instar,
2543 3383 2988 3439 dimicationem
3021 3385 3302 3439 adversus
3350 3400 3596 3455 pravum
3646 3383 3812 3438 illum

382 3487 442 3538 et
474 3492 692 3535 saavum
741 3476 1170 3546 persecutorem
1204 3469 1471 3532 offerant,
1507 3472 1571 3522 ut
1604 3483 1710 3521 nec
1739 3474 1935 3539 aperte
1967 3486 2073 3524 nos
2103 3471 2388 3538 vulneret,
2419 3489 2524 3528 nec
2555 3473 2780 3528 occulte
2811 3473 3046 3545 sagittis
3095 3474 3365 3545 impetat,
3399 3488 3503 3528 nec
3535 3477 3602 3527 ut
3631 3471 3817 3544 caligo

380 3567 603 3626 bellum
633 3563 867 3631 inferat,
903 3576 1006 3614 nec
1039 3563 1101 3613 ut
1131 3557 1282 3613 lucis
1314 3555 1559 3628 angelus
1591 3554 1774 3626 fallat,
1805 3556 2126 3628 furtimque
2155 3561 2226 3614 ad
2261 3562 2600 3632 sempiterni
2636 3562 2798 3616 exitii
2831 3561 3173 3617 barathrum
3209 3560 3535 3633 praecipites
3565 3565 3717 3630 agat.

453 3654 599 3712 XIX.
636 3654 820 3708 Grave
852 3665 918 3704 ac
949 3646 1341 3720 periculosum
1375 3649 1464 3700 est
1488 3662 1590 3716 per
1636 3645 1835 3700 oculos
1887 3646 2036 3716 capi,
2074 3648 2115 3714 α

380 3763 485 3819 per
512 3745 776 3815 linguam
810 3737 1087 3803 sauciari,
1117 3752 1215 3803 per
1245 3752 1416 3790 aures
1448 3734 1720 3801 inescari,
1740 3751 1842 3805 per
1870 3735 2037 3789 ebul-

378 3838 617 3892 lientem
671 3833 818 3886 iram
866 3825 1242 3890 inﬂammari,
1279 3842 1379 3895 per
1431 3830 1669 3896 gustum
1701 3824 1892 3894 dejici,
1942 3842 2040 3896 per

377 3931 603 3982 tactum
635 3918 906 3984 emolliri,
931 3923 1110 3987 atque
1141 3931 1306 3969 arma
1328 3913 1537 3968 salutis
1565 3913 1624 3967 in
1649 3914 1856 3967 mortis
1879 3931 2044 3968 arma

379 4016 755 4077 convertere;
817 4006 972 4063 450
1020 4020 1152 4058 cum
1205 4007 1472 4072 oporteat
1517 4008 1775 4066 econtra,
1811 4006 1876 4055 ut
1908 4002 2040 4057 fidei

381 4104 585 4176 clypeo
617 4096 966 4155 communiti
994 4095 1058 4156 ‘0.
1099 4094 1379 4147 adversus
1430 4090 1643 4145 diaboli
1702 4090 1951 4146 astutias
1983 4092 2041 4145 in

380 4191 685 4266 procinctu
719 4194 967 4250 stemus,
1002 4182 1425 4251 victoriamque
1451 4196 1582 4234 cum
1617 4180 1846 4234 Christo
1880 4197 2044 4234 asse-

382 4282 526 4346 cuti,
558 4285 616 4334 et
646 4278 774 4350 pari
806 4292 872 4330 ac
907 4278 1190 4343 martyres
1220 4271 1539 4324 certamine
1574 4269 1887 4339 perfuncti,
1923 4286 2044 4323 ma-

384 4386 561 4443 gnam
610 4367 771 4422 illam
816 4377 1017 4417 vocem
1071 4359 1385 4413 audiamus
1429 4373 1441 4410 :
1497 4357 1721 4423 Venite,
1759 4357 2043 4413 benedicti

383 4459 577 4515 Patris
627 4456 762 4522 mei,
795 4469 1041 4522 regnum
1093 4449 1260 4503 vobis
1307 4447 1664 4518 promissum
1707 4448 2046 4504 hmreditate

386 4547 667 4622 percipite
685 4545 820 4608 “,in
854 4558 968 4613 quo
1000 4539 1324 4594 laetantium
1359 4537 1624 4592 omnium
1653 4538 2046 4608 choreamque

383 4639 808 4711 sempiternam
842 4631 1144 4705 agentium
1177 4626 1461 4684 habitatio
1494 4632 1583 4682 est
1682 4644 1695 4683 :
1731 4627 1790 4682 in
1814 4644 1929 4698 quo
1952 4645 2044 4684 so-

2227 3649 2325 3703 18'.
2363 3649 2543 3702 Δεινὸν
2587 3647 2895 3725 ὀφθαλμοῖς
2947 3646 3178 3716 ἁλῶναι,
3228 3647 3318 3701 καὶ
3349 3645 3570 3722 γλώσσῃ
3596 3647 3817 3721 τρωθῆ-

2148 3757 2257 3802 ναι,
2288 3738 2378 3790 καὶ
2433 3737 2568 3811 ἀκοῇ
2618 3735 2994 3806 δελεασθῆναι,
3051 3737 3141 3791 καὶ
3195 3734 3284 3790 διὰ
3333 3738 3510 3807 θυμοῦ
3563 3735 3814 3802 ζέσαντος

2152 3824 2556 3900 ἐμπρησθῆναι,
2605 3827 2694 3881 καὶ
2737 3825 2916 3902 γεύσει
2971 3828 3382 3900 κατενεχθῆναι,
3417 3823 3508 3878 καὶ
3543 3825 3651 3900 ἆφῇ
3711 3844 3812 3894 μα-

2153 3912 2495 3985 λακισθῆναι,
2554 3915 2643 3970 καὶ
2693 3921 2811 3976 τοῖς
2871 3913 3068 3970 ὅπλοις
3125 3921 3226 3983 τῆς
3275 3911 3570 3985 σωτηρίας,
3617 3909 3816 3972 ὅπλοις

2152 4004 2380 4057 Θανάτου
2411 4006 2715 4078 χρήσασθαι
2741 4023 2752 4036 ·
2791 4001 2909 4058 δέον
2940 4008 3020 4075 τῷ
3069 4006 3244 4077 θυρεῷ
3289 3999 3665 4078 φραξαμένους
3712 4005 3813 4068 τῆς

2152 4093 2405 4161 πίστεως,
2464 4100 2656 4162 στῆναι
2712 4093 2850 4168 πρὸς
2906 4094 3002 4154 τὰς
3061 4089 3346 4166 μεθοδείας
3387 4095 3485 4146 τοῦ
3520 4093 3809 4164 Πονηροῦ’

2152 4183 2241 4236 καὶ
2277 4182 2410 4254 μετὰ
2462 4187 2696 4254 Χριστοῦ
2751 4183 3101 4254 νικήσαντας,
3162 4181 3252 4236 καὶ
3301 4182 3436 4253 μετὰ
3465 4184 3570 4233 τῶν
3608 4177 3814 4253 μαρτύ-

2155 4291 2262 4343 ρων
2295 4273 2402 4343 (55)
2454 4271 2818 4341 ἀθλήσαντας,
2866 4273 2964 4339 τῆς
3021 4269 3267 4345 μεγάλης
3323 4269 3536 4337 ἐκείνης
3595 4269 3816 4322 ἀκοῦσαι

2156 4365 2341 4435 φωνῆς
2366 4377 2378 4389 ·
2418 4363 2598 4430 Δεῦτε,
2632 4359 2685 4413 οἱ
2717 4358 3080 4435 εὐλογημένοι
3107 4363 3206 4414 τοῦ
3238 4357 3450 4431 Πατρός
3498 4378 3623 4431 μου,
3673 4354 3818 4426 κλη-

2157 4449 2503 4523 ρονομήσατε
2537 4448 2637 4515 τὴν
2697 4447 3117 4524 ἐπηγγελμένην
3170 4450 3282 4521 (56)
3329 4447 3456 4520 ὑμῖν
3516 4443 3814 4522 βασιλείαν,

2157 4535 2282 4591 ἔνσα
2312 4535 2756 4614 εὐφραινομένων
2791 4540 3003 4592 πάντων
3041 4540 3077 4608 ἡ
3108 4536 3377 4606 κατοικία,
3409 4536 3499 4590 καὶ
3549 4533 3818 4610 χορευόν-

2157 4647 2264 4681 των
2311 4626 2533 4703 χορείαν
2585 4629 2684 4697 τὴν
2738 4627 3073 4684 ἀκατάλυτον
3103 4646 3116 4659 °
3167 4625 3290 4681 ἔνθα
3345 4628 3486 4701 ἦχος
3535 4622 3816 4700 ἑορταζόν-

453 4837 499 4872 ⁴⁰
526 4834 742 4906 Ephes.
773 4848 852 4899 vr,
886 4831 974 4885 16.
1049 4828 1092 4863 ⁴¹
1127 4825 1329 4881 Matth.
1362 4841 1494 4896 xxv,
1528 4825 1617 4880 34.
1694 4826 1739 4860 ⁸³
1773 4824 1928 4881 Psal.
1963 4843 2188 4894 uxxvr,
2222 4827 2277 4881 7.

457 5033 572 5164 (47)
604 5035 711 5086 Δεῖ.
745 5031 918 5087 Deest
942 5029 1002 5083 in
1034 5032 1175 5098 Reg.
1208 5043 1260 5081 a.
1429 5095 1440 5106 .

458 5105 548 5164 (48
605 5101 1036 5164 Ἀποτείναιμεν.
1072 5103 1135 5153 In
1173 5094 1440 5154 nonnulll

464 5093 570 5164 ’48)
605 5101 1036 5173 Ἀποτείναιμεν.
1072 5093 1149 5153 ln—
1173 5094 1498 5159 nonnullis,
1530 5093 1932 5166 ἀποτείνοιμεν.

458 5105 572 5246 (49)
618 5171 930 5230 Ἀνάϐασιν.
1000 5174 1141 5246 Reg.
1211 5171 1496 5246 Cypﬁrznet
1554 5169 1653 5239 ph,
1721 5159 1930 5246 ἀναϐίω

485 5159 572 5247 49)
618 5159 930 5230 Ἀνάϐασινί
1000 5174 1141 5247 Reg.
1211 5171 1496 5247 Cyp‘rn‘et
1554 5169 1653 5239 ph,
1721 5159 2043 5247 ἀναϐίωσιν,

398 5267 420 5294 ι
457 5237 665 5302 anima:
721 5237 1528 5303 resurrectionem.{i'Billius
1554 5237 1591 5294 _:
1622 5262 1649 5289 ‹‹
1702 5240 1911 5295 animae
1961 5259 2054 5298 as-

389 5333 747 5374 censionem.
771 5342 796 5367 »

463 5392 575 5463 (50)
606 5390 712 5463 Τήν
774 5387 1049 5463 ἀσαρκίαν.
1082 5407 1117 5463 Διι
1162 5381 1374 5463 Carnis
1426 5381 1698 5463 maciem,
1744 5405 1771 5431 »
1823 5385 1879 5438 id
1939 5390 2051 5453 est,

393 5480 422 5509 α
457 5455 781 5534 angelicam
812 5455 944 5515 vitae
985 5459 1293 5521 rationem,
1326 5460 1382 5509 et
1413 5455 1606 5508 carnis
1653 5471 1799 5526 pene
1847 5472 2048 5528 exper-

388 5536 585 5680 tergl?
608 5603 900 5680 Σώματος.
932 5601 1073 5680 Beg.
1107 5601 1165 5666 d,
1195 5616 1223 5627 ν
1327 5615 1601 5680 σωματος.

387 5660 575 5822 δρέῗὲ)
608 5660 880 5752 Ἀνδρίαν.
932 5660 1111 5747 Ηθξε.
1153 5660 1220 5726 ὀ.
1279 5660 1422 5736 ὸωί
1453 5669 1531 5742 ph
1591 5671 1648 5724 et
1702 5667 1801 5725 0r.
1861 5670 1914 5741 1,
1953 5667 2052 5722 ἀν-

2236 5025 2350 5108 (53)
2382 5023 2445 5076 Ot
2494 5022 2570 5108 ᾖν.
2600 5024 2919 5108 στρατηγίᾳ.
2974 5027 3237 5108 Βεεεπα,
3260 5021 3608 5108 Ῑοηάεοιηρὴε
3653 5035 3822 5108 erasa

2165 5091 2349 5186 priori,
2396 5091 2708 5186 scriptura,
2753 5091 3529 5186 οἵἐνηστρᾶἴείᾳξςῖοἱειἈῖ
3561 5097 3616 5148 et
3664 5091 3818 5186 P‘arq

2163 5168 2404 5254 στρατίᾳ.
2433 5192 2458 5218 α
2494 5168 2774 5224 Homines
2835 5167 3140 5236 militares,
3186 5192 3214 5220 »
3263 5174 3391 5223 tum
3439 5167 3656 5245 (10068,.
3689 5169 3817 5217 tum

2163 5243 2403 5303 milites,
2435 5241 2649 5311 quibus
2681 5242 2900 5312 pariter
2929 5241 3400 5298 commendanda
3428 5241 3516 5312 est
3547 5236 3779 5312 lenitas.

2229 5304 2799 5396 (54)..Μῦσταγωγίαν.
2849 5315 3080 5371 Nicetes
3138 5312 3394 5385 exponit,
3446 5304 3816 5374 δικαιοσύνην,

2164 5391 2533 5456 «justitiam.
2559 5406 2587 5435 »

2231 5457 2345 5527 (5⁸⁵)
2380 5452 2477 5508 Καῖ
2528 5456 2662 5532 μετὰ
2709 5461 2818 5532 τῶν
2873 5456 3184 5532 μαρτύρων.
3237 5453 3466 5532 Bill.:<_<
3519 5447 3817 5532 simulque

2161 5521 2293 5610 eum
2327 5521 3235 5610 martyribuscolluctati.'Deest
3282 5529 3387 5580 τῶν
3439 5525 3500 5579 in
3550 5521 3818 5594 pluribus

2161 5601 2241 5656 Re
2327 5641 2340 5654 .
2374 5605 2432 5656 et
2469 5600 2528 5654 in
2561 5600 2655 5655 ΟΡ.
2695 5602 2744 5656 1.

2229 5617 2344 5726 (ἐξ)
2383 5668 2854 5726 Ἐπηγγελμὲνῃν.
2905 5672 3000 5726 Coi

2229 5665 2344 5745 (56)
2383 5668 2854 5745 Ἐπηγγιλμένῃν.
2905 5672 3080 5731 Coisl.
3135 5673 3161 5729 1
3214 5675 3272 5729 et
3318 5669 3415 5728 Or.
3469 5668 3534 5737 1,
3580 5665 3820 5738 ἡτοιμα-

2159 5741 2387 5819 σμὲνην,
2420 5766 2450 5796 κ
2482 5741 2781 5820 paratum.
2803 5765 2834 5797 »
