4110 6412
300 370 457 442 1193

1092 368 1381 440 ORATIO
1427 372 1616 439 XXV.
1652 412 1728 421 -—
1758 370 1837 437 IN
1888 378 2211 442 LAUDEM
2259 379 2603 443 HERONIS
2649 376 2952 445 PHILOS.

3563 374 3721 448 iis!

297 533 429 582 των,
462 511 551 564 καὶ
586 509 739 587 φωνὴ
774 506 1175 583 ἀγαλλιάσεως,
1228 507 1315 563 καὶ
1365 507 1621 578 θεότητος
1673 505 1945 583 ἔλλαμψις

2066 529 2177 567 nus
2210 512 2423 568 festum
2454 512 2898 582 celebrantium,
2923 517 2981 571 et
3003 530 3110 571 vox
3138 514 3547 574 exsultationis
3570 519 3636 587 ‘3,
3664 523 3722 574 et

296 597 601 675 τελεωτέρα
648 598 737 652 καὶ
785 596 1082 671 καθωτέρα,
1141 601 1206 665 ἧς
1271 603 1362 650 νῦν
1424 597 1474 650 ἐν
1526 596 1805 671 αἰνίγμασι
1866 598 1955 651 καὶ

299 695 473 750 σκιαῖς
518 691 555 757 ἦ
604 687 926 748 ἀπόλαυσις.
973 686 1197 749 Τούτοις
1244 688 1545 759 Κυπριανὸς
1599 686 1775 761 χαίρει
1814 685 1954 759 μᾶλ-

300 778 396 833 λον
430 778 765 849 τιμώμενος,
798 777 830 843 ἦ
872 782 1031 829 πᾶσιν
1084 776 1221 848 ἔδμοῦ
1260 781 1375 835 τοῖς
1409 774 1601 835 ἄλλοις
1628 794 1639 805 ³
1671 780 1837 828 ταῦτα
1867 774 1955 828 καὶ

295 868 487 943 παρὼν
518 864 833 941 ἐφιλοσόφει
862 864 943 937 τῷ
977 864 1081 939 βίῳ
1131 867 1263 938 (57),
1310 864 1399 917 καὶ
1471 864 1620 917 ἀπὼν
1662 871 1790 918 πᾶσι
1850 862 1958 918 δια-

293 956 576 1012 κελεύεται
607 953 695 1009 διὰ
725 962 824 1022 τῆς
857 956 1132 1029 ἡμετάρας
1165 961 1351 1030 φωνῆς
1378 971 1391 983 °
1423 955 1483 1021 ἢν
1524 951 1793 1025 μηδαμῶς
1838 954 1957 1007 citi-

300 1047 531 1118 μάσητι,
592 1042 739 1117 εἷ’περ
783 1063 833 1095 τι
894 1040 1047 1114 μέλει
1102 1050 1204 1110 τῆς
1248 1041 1455 1096 ἐκείνου
1488 1042 1770 1117 καρτερίας
1804 1042 1955 1114 ὑμῖν,

292 1135 387 1189 καὶ
441 1138 550 1189 τῶν
595 1132 796 1187 ἐκείνου
854 1132 978 1207 περί
1032 1138 1131 1199 τῆς
1215 1130 1471 1201 ἀληθείας
1543 1131 1956 1206 ἀγωνισμάτων,

292 1226 476 1297 κάμοῦ
528 1226 624 1277 τοῦ
679 1226 846 1276 ταῦτα
899 1217 1292 1295 πρεσϐεύοντος
1352 1223 1484 1293 (58).
1536 1220 1700 1274 Δῦταί
1732 1242 1813 1274 σοι
1847 1225 1953 1274 τῶν

292 1306 451 1386 ἐμῶν’
477 1311 661 1387 λόγων
695 1312 747 1365 αἱ
780 1310 1021 1385 ἀπαρχαὶ
1057 1313 1193 1384 (59),
1229 1308 1273 1363 ὦ
1306 1310 1421 1373 θεία
1452 1308 1539 1363 καί
1572 1310 1688 1384 ἱερά
1718 1308 1951 1387 κεφαλή.

287 1403 453 1457 τοῦτᾶ
512 1422 593 1455 σοι
634 1400 723 1455 καὶ
779 1405 885 1454 τῶν
945 1395 1126 1474 λόγων
1178 1398 1334 1475 γέρας
1362 1397 1453 1452 καὶ
1494 1400 1591 1466 τῆς
1626 1396 1909 1468 ἀθλήσεως
1939 1419 1949 1431 ·

291 1491 357 1545 οὐ
388 1492 598 1552 κότινος
631 1488 1021 1561 Ὀλυμπιακὸς,
1051 1486 1170 1543 οὔτε
1227 1487 1380 1561 μῆλα
1425 1487 1663 1564 Δελφικὰ
1710 1487 1950 1562 παίγνια,

292 1577 424 1635 οὐδὲ
476 1580 719 1652 Ἰσθμική
779 1578 955 1647 πίτυς,
1016 1575 1141 1632 οὐδὲ
1182 1578 1420 1649 Νεμαίας
1469 1579 1582 1649 (60)
1632 1574 1835 1645 σέλινα,
1884 1573 1955 1630 δι’

290 1671 369 1723 ὧν
431 1664 629 1736 ἔφηϐοι
690 1665 973 1742 δτστυχεῖς
1024 1666 1401 1739 ἐτιμήθησαν·
1459 1663 1606 1720 ἀλλά
1663 1664 1849 1740 λόγος,
1889 1666 1951 1719 τὸ

286 1759 507 1813 πάντων
569 1756 896 1811 οἴκιιότατον
950 1761 1065 1815 τοῖς
1124 1754 1299 1829 ⁴Λόγου
1358 1759 1747 1829 θεραπευταῖς·
1810 1754 1856 1807 εἰ
1893 1752 1950 1809 δὲ

2068 602 2268 673 purior
2299 619 2364 657 ac
2410 601 2638 673 plenior
2684 607 2774 659 est
2821 604 3146 661 divinitatis
3195 605 3568 677 illuminatio,
3603 624 3720 679 qua

2069 706 2223 745 nunc
2256 690 2313 745 in
2347 691 2763 762 senigmatibus
2790 693 3076 749 duntaxat
3108 698 3164 749 et
3191 694 3414 750 umbris
3447 696 3719 750 fruimur.

2068 779 2193 849 Hoc
2218 780 2505 835 honorum
2539 797 2747 851 genere
2790 783 2979 854 magis
3022 783 3346 839 oblectatur
3374 786 3720 856 Cyprianus,

2068 885 2244 939 quam
2279 871 2507 923 cunctis
2540 868 2672 925 aliis
2696 870 2753 924 in
2780 888 2964 926 unum
2995 873 3311 945 congestis.
3336 876 3490 940 Haec,
3513 884 3723 929 etcum

2067 958 2223 1028 apud
2257 957 2524 1013 homines
2547 964 2897 1029 versaretur,
2920 961 3041 1015 vita
3072 962 3456 1033 moribusque
3490 970 3722 1034 praesta-

2066 1046 2186 1110 bat,
2212 1050 2270 1100 et
2300 1047 2512 1101 absens
2542 1062 2647 1117 per
2686 1053 2946 1103 nostram
2980 1066 3177 1104 vocem
3209 1051 3489 1106 omnibus
3522 1050 3725 1122 praeci-

2068 1134 2153 1206 pit
2185 1151 2197 1188 :
2234 1151 2435 1206 quam,
2468 1135 2731 1203 obsecro,
2764 1152 2836 1190 ne
2875 1139 3269 1193 contemnatis
3297 1155 3363 1193 ac
3404 1156 3507 1211 pro
3539 1139 3725 1195 nihilo

2066 1222 2316 1291 ducatis,
2334 1224 2381 1279 si
2408 1232 2603 1279 tamen
2628 1229 2727 1279 aut
2749 1225 2909 1280 illius
2932 1226 2989 1280 in
3014 1226 3280 1283 dolorum
3304 1228 3725 1283 acerbitatibus

2067 1312 2384 1383 patientiae,
2420 1329 2486 1369 ac
2518 1315 2907 1370 certaminum
2960 1332 3064 1386 pro
3104 1317 3338 1372 virtutis
3386 1317 3725 1373 defensione

2065 1407 2499 1475 susceptorum,
2526 1406 2627 1458 aut
2656 1402 2828 1458 etiam
2855 1404 2989 1472 mei,
3016 1405 3115 1477 qui
3141 1405 3251 1461 hac
3281 1405 3568 1478 legatione
3593 1407 3726 1461 fun-

2063 1506 2187 1563 gor,
2214 1493 2367 1563 apud
2400 1509 2500 1547 vos
2552 1492 2672 1549 ulla
2714 1498 2797 1549 est
2852 1493 3020 1549 ratio.
3045 1494 3257 1566 Habes,
3290 1498 3378 1549 vir
3424 1496 3619 1551 divine
3664 1499 3727 1550 ct

2063 1590 2452 1647 sacrosancte,
2486 1598 2751 1638 meorum
2797 1599 3139 1639 sermonum
3182 1583 3494 1656 primitias.
3528 1584 3723 1640 Habes

2062 1673 2189 1724 tum
2222 1670 2524 1737 doctrinae,
2558 1680 2684 1725 tum
2719 1672 3057 1727 certaminis
3091 1673 3396 1743 praemium
3424 1690 3437 1730 ;
3471 1691 3584 1729 non
3618 1673 3721 1729 oli-

2061 1775 2191 1812 vam
2225 1758 2610 1830 Olympicum,
2646 1776 2751 1814 nec
2796 1777 2989 1831 poma,
3022 1760 3330 1832 Delphicas
3379 1779 3587 1833 nugas,
3620 1768 3725 1818 aut

286 1847 382 1901 καὶ
438 1850 545 1901 τῶν
604 1847 711 1898 oth
766 1842 945 1907 ἄθλων
987 1844 1073 1898 καὶ
1127 1842 1309 1917 λόγων
1345 1842 1509 1913 ἄξιον,
1539 1848 1636 1897 τοῦ
1670 1843 1849 1916 Λόγου
1888 1844 1945 1897 τὸ

2066 1847 2403 1901 Isthmicam
2458 1848 2688 1919 pinum,
2737 1856 2840 1904 aut
2887 1854 3185 1905 Nemmum
3238 1850 3463 1922 apium,
3502 1852 3721 1922 quibus

285 1932 484 2010 δῶρον·
522 1934 596 1989 Σὺ
639 1931 696 1988 δὲ
744 1936 891 2005 ἡμᾶς
938 1932 1255 1994 έποπτεῦοις
1291 1930 1491 1985 ἄνωθεν
1518 1930 1709 2001 Ἰλέως,
1740 1933 1828 1985 καὶ
1859 1934 1949 1987 τὸν

284 2025 559 2100 ἡμέτερον
595 2021 855 2099 διεξάγοις
888 2020 1052 2098 λόγον
1082 2024 1172 2076 καὶ
1211 2022 1348 2097 βίον,
1380 2021 1468 2075 καὶ
1524 2021 1586 2075 τὸ
1636 2021 1777 2095 ῗερὸν
1827 2027 1953 2076 τοῦ-

282 2135 352 2169 το
385 2113 643 2187 ποίμνιον
673 2112 1013 2185 ποιμαίνοις,
1048 2114 1081 2181 ἢ
1119 2111 1543 2184 συμποιμαίνοις
1587 2113 1720 2184 (61),
1777 2113 1842 2165 τά
1896 2133 1954 2167 τε

283 2201 434 2257 ἄλλα
467 2202 694 2257 εὐθύνων
731 2203 804 2262 ὦ,
838 2201 950 2255 οἶόν
973 2222 1032 2255 τε
1063 2202 1201 2273 πρὸς
1230 2202 1294 2255 τὸ
1348 2200 1628 2274 βέλτιστον
1681 2202 1813 2273 (62),
1862 2201 1950 2254 καὶ

279 2292 414 2355 τοὺς
468 2292 650 2367 βαρεῖς
702 2290 902 2352 λύκους
962 2285 1452 2362 ἀποπεμπόμενος,
1502 2288 1625 2350 τοὺς
1686 2289 1950 2363 θηρευτὰς

276 2386 392 2436 τῶν
427 2376 715 2435 συλλαϐῶν
748 2380 836 2434 καὶ
864 2384 965 2433 τῶν
1002 2377 1198 2448 λέξεων
1230 2380 1343 2450 (63)
1370 2398 1381 2409 ·
1417 2379 1506 2431 καὶ
1536 2380 1633 2446 τήν
1668 2384 1768 2445 τῆς
1794 2377 1945 2450 ἁγίας

277 2468 511 2546 Τριάδος
568 2468 867 2543 ἔλλαμψιν,
922 2471 988 2536 ἧς
1047 2468 1109 2521 σὺ
1158 2472 1253 2521 νῦν
1286 2466 1657 2542 παραστάτης,
1690 2466 1945 2520 τελεωτέ-

277 2581 379 2633 ραν
414 2580 471 2614 τε
499 2558 588 2613 καὶ
622 2558 1003 2631 λαμπροτέραν
1048 2559 1181 2629 ἡμῖν
1232 2556 1618 2631 χαριζόμενος,
1675 2556 1734 2623 ἣν
1782 2576 1944 2629 προσ-

274 2654 586 2721 κυμοῦμεν,
646 2647 711 2715 ἥν
780 2644 1094 2717 δοξάζομεν,
1238 2643 1749 2717 συμπολιτευόμεθα
1806 2648 1939 2715 (64),

273 2742 709 2815 προσκυνοῦντες
760 2735 967 2811 Πατέρα
1014 2735 1063 2788 ἐν
1122 2736 1251 2805 Υίῷ,
1312 2735 1431 2788 Υὶὸν
1492 2733 1540 2787 ἐν
1604 2734 1745 2807 ἁγίῳ
1781 2734 1941 2787 five}-

277 2848 436 2900 ματι,
586 2828 674 2880 καὶ
751 2824 1162 2899 παρασταίημεν
1214 2823 1432 2898 ὕστερον
1491 2821 1801 2897 εἰλικρινεῖς
1848 2823 1938 2875 καὶ

271 2915 641 2991 ἀπρόσκοποι,
672 2918 737 2984 ἧς
768 2914 855 2969 καὶ
902 2908 1297 2987 μεταλαεοιμιν
1339 2912 1538 2966 τέλειοι
1587 2910 1829 2981 τεΛείως,
1883 2910 1933 2964 ἐν

268 3005 425 3078 αὖτῷ
476 3007 697 3080 Χριστῴ
754 3008 833 3075 τῷ
891 3002 1071 3076 Κυρίῳ
1116 3004 1300 3075 ἡμῶν,
1348 3001 1392 3072 ᾧ
1441 3006 1582 3053 πᾶσα
1640 2998 1764 3069 δόξα
1797 3002 1933 3072 (65),

262 3096 410 3167 τιμή
458 3092 547 3149 καὶ
606 3100 805 3168 κρατος
872 3092 947 3153 εἷς
1026 3090 1153 3153 τοὺς
1230 3090 1425 3151 αἰῶνας
1500 3094 1608 3144 τῶν
1699 3088 1929 3146 αἰώνων.

269 3184 479 3255 Ἀμήν.

2066 1936 2262 1991 miseri
2297 1935 2701 1992 adolescentes
2735 1936 2875 1993 olim
2916 1938 3307 2006 ornabantur;
3342 1955 3543 1994 verum
3591 1956 3720 1996 ora-

2063 2024 2305 2092 tionem,
2328 2041 2446 2097 qua
2475 2026 2620 2080 nihil
2652 2030 2742 2081 est
2774 2028 2924 2098 quod
2958 2027 3131 2081 Verbi
3174 2026 3499 2083 cultoribus
3533 2029 3719 2099 magis

2065 2116 2397 2181 conveniat;
2423 2131 2550 2185 qua:
2574 2114 2620 2169 si
2646 2115 3032 2169 certaminum
3057 2118 3293 2171 tuorum
3322 2116 3719 2189 doctrinaeque

2064 2203 2337 2259 meritum
2374 2208 2642 2258 assecuta
2673 2208 2785 2271 est,
2806 2202 2992 2259 Verbo
3038 2204 3095 2258 id
3137 2212 3439 2277 acceptum
3473 2206 3612 2261 fero.
3646 2208 3718 2261 At

2060 2297 2121 2347 tu
2155 2309 2261 2347 nos
2290 2308 2319 2347 e
2350 2292 2492 2347 coelo
2525 2292 2820 2364 benignus
2852 2292 3127 2365 aspicias,
3162 2311 3582 2367 sermonesque
3613 2313 3716 2351 no-

2057 2386 2210 2437 stros
2239 2386 2294 2435 et
2323 2380 2504 2437 vitam
2546 2382 2859 2453 gubernes,
2893 2399 3245 2455 sacrumque
3276 2384 3433 2440 hunc
3478 2400 3718 2457 gregem

2058 2487 2286 2541 pascas,
2332 2475 2441 2525 aut
2493 2476 2831 2541 pascentem
2892 2472 3155 2542 adjuves,
3197 2478 3323 2528 tum
3377 2472 3436 2528 in
3495 2474 3719 2529 caneris

2056 2562 2247 2628 rebus,
2282 2561 2473 2631 quoad
2528 2561 2657 2630 ejus
2708 2561 2832 2615 fieri
2898 2562 3133 2631 poterit,
3166 2578 3303 2617 eum
3361 2562 3434 2617 ad
3493 2562 3718 2634 optima

2052 2665 2299 2719 quaeque
2332 2648 2610 2720 dirigens,
2635 2653 2763 2703 tum
2797 2665 3005 2721 graves
3037 2649 3233 2722 lupos,
3267 2649 3625 2721 syllabarum
3658 2654 3717 2706 et

2051 2738 2358 2792 verborum
2393 2742 2721 2808 captatores
2753 2737 3070 2806 amoliens;
3097 2744 3432 2811 sanctisque
3464 2740 3713 2795 Trinita-

2050 2827 2148 2890 tis,
2181 2826 2273 2881 cui
2309 2842 2465 2880 nunc
2496 2831 2679 2889 astas,
2711 2825 3028 2897 pleniorem
3063 2827 3488 2899 clarioremque
3510 2827 3706 2900 splen-

2047 2915 2244 2969 dorem
2279 2914 2449 2969 nobis
2480 2913 2818 2983 concilians,
2845 2930 3022 2985 quam
3048 2916 3384 2982 adoramus,
3407 2932 3583 2988 quam
3617 2933 3709 2972 ce-

2043 3002 2363 3068 lebramus,
2408 3018 2511 3073 pro
2560 3019 2677 3075 qua
2725 3020 2843 3058 una
2892 3003 3241 3071 militamus,
3283 3006 3342 3059 in
3399 3004 3537 3062 Filio
3587 3009 3699 3061 Pa-

2044 3097 2213 3157 trem,
2246 3091 2301 3146 in
2334 3091 2553 3163 Spiritu
2587 3095 2788 3148 sancto
2835 3091 3043 3147 Filium
3088 3093 3419 3163 adorantes,
3452 3095 3545 3150 cui
3574 3095 3694 3151 uti-

2045 3198 2183 3237 nam
2216 3181 2392 3237 etiam
2426 3185 2557 3253 post
2598 3182 2925 3238 confectum
2958 3181 3141 3253 hujus
3169 3183 3301 3239 vitae
3333 3184 3693 3241 curriculum

275 3274 437 3346 puri,
472 3276 529 3328 et
559 3273 630 3327 ab
672 3272 833 3327 omni
862 3270 1211 3327 oﬂ'endiculo
1250 3270 1440 3337 liberi,
1473 3275 1757 3339 astemus,
1792 3285 1975 3342 eaque
2019 3270 2262 3342 perfecti
2311 3271 2573 3341 perfecte
2594 3271 2880 3339 fruamur,
2911 3273 2971 3327 in
3020 3273 3147 3344 ipso
3176 3272 3403 3330 Christo
3452 3274 3700 3332 Domino

278 3368 507 3431 nostro,
538 3362 631 3417 cui
663 3362 857 3417 omnis
888 3361 1095 3433 gloria,
1128 3360 1316 3416 honor
1346 3365 1404 3416 et
1433 3360 1746 3432 imperium
1778 3360 1835 3415 in
1869 3360 2082 3415 saecula
2110 3360 2481 3416 saeculorum.
2512 3363 2719 3417 Amen.

341 3506 386 3540 ⁸³
421 3504 575 3561 Psal.
606 3522 721 3575 xu,
755 3505 808 3559 5.

321 3656 458 3767 '(57)
488 3657 576 3727 Τῷ
632 3654 759 3730 βίῳ.
811 3653 984 3711 Coisl.
1026 3656 1080 3724 1,
1120 3657 1201 3724 τῷ
1252 3650 1399 3727 λόγῳ
1443 3652 1557 3724 ἅμα
1607 3648 1663 3705 δὲ
1708 3648 1796 3705 καὶ
1852 3655 1931 3723 τῷ

2066 3651 2395 3723 [‘heologus.

2120 3724 2231 3767 mm
2263 3729 2395 3767 Νειικ

342 3749 908 3872 ῗέ8)11ρεσ6εύοντος.
964 3796 1247 3872 Si_0_Reg.
1298 3795 1525 3869 Chrys,
1559 3795 1652 3851 0r.
1698 3796 1747 3865 1,
1792 3796 1933 3864 Jes.,

270 3863 575 3947 Ραξλίοῂὁ.
611 3869 672 3924 In
706 3863 1265 3947 δῴη-πρεσϐεύοντες.
1417 3863 1435 3869 ⁷
1524 3939 1534 3947 .

371 3942 463 4015 59)
498 3940 796 4015 :Artapxat.
840 3939 1001 3997 Hanc
1041 3941 1361 4015 orationem
1388 3939 1741 4015 «primitias
1774 3960 1801 3985 ››
1835 3955 1933 4015 ap-

349 3943 463 4066 359)
498 3943 796 4015 Ἀπαρχαί.
840 3943 1001 3997 Hanc
1041 3943 1361 3995 orationem
1388 3943 1741 4019 «primitias
1774 3960 1801 3985 ››
1835 3955 1933 4019 ap-

270 4029 348 4085 pe
375 4012 457 4069 lat
486 4013 970 4095 Gregorium-quo
1002 4013 1240 4093 nomine
1270 4012 1619 4137 Cyprianum
1654 4015 1794 4063 tunc
1825 4027 1934 4087 pri-

270 4101 440 4137 mum
475 4102 507 4137 a
538 4100 601 4137 se
633 4085 853 4137 laudari
888 4085 1200 4137 signiﬁcat.
1244 4084 1305 4137 Βι
1336 4083 1449 4137 lius
1482 4082 1648 4136 aliter
1678 4086 1932 4137 exnomt.

270 4082 440 4162 inum
475 4102 507 4139 a
538 4082 853 4162 se—laudari
876 4082 1200 4162 signiﬁcat.
1244 4082 1449 4137 Billius
1482 4082 1648 4162 aliter
1678 4084 1932 4162 exponit.

268 4180 301 4207 ‹‹
342 4160 596 4220 Veteres,
647 4179 677 4207 »
726 4156 923 4226 inquit
968 4156 1024 4209 in
1083 4156 1259 4224 notis,
1289 4178 1315 4204 »
1352 4156 1601 4209 mortuis
1653 4156 1938 4207 sacriﬁcia

266 4229 649 4306 peragebant,
683 4243 867 4299 eaque
900 4226 1192 4306 primitias
1234 4226 1644 4306 appellabant;
1687 4242 1760 4306 _ac
1786 4242 1934 4306 pra}-

270 4298 437 4377 terea
494 4300 653 4355 varia
710 4298 1102 4377 certaminum
1164 4298 1382 4377 genera
1436 4298 1936 4377 instit_ue_bant,__in

269 4372 495 4442 quibus
539 4374 786 4428 victores
838 4371 1080 4443 praemia
1124 4372 1472 4438 reterebant,
1501 4394 1527 4419 ››
1563 4373 1625 4425 ut
1664 4370 1941 4424 describit

2263 3719 2517 3802 ξὲεμαίας.
2554 3722 2732 3802 ΟΓ.“1,
2766 3724 2999 3795 Νεμέας.
3034 3726 3176 3802 Jes.,
3215 3728 3445 3802 Νιμαία.

2140 3727 2209 3778 60
2263 3727 2517 3794 Νεμαίας.
2554 3727 2647 3780 Or.
2682 3727 2732 3793 1,
2766 3727 2999 3795 Νεμέας.
3034 3727 3176 3799 Jes.,
3215 3728 3445 3802 Νιμαία.

2118 3727 2231 3866 ί61ζ
2264 3793 2602 3872 Ποιμαίν-οις,
2650 3795 2685 3863 ἢ
2736 3799 3183 3872 συμποιμαίνοις.
3232 3824 3260 3853 ‹‹
3309 3802 3540 3872 Pascas,
3599 3808 3700 3859 aut

2046 3872 2381 3944 pascentem
2414 3867 2678 3944 adjuves.
2706 3890 2732 3917 »
2767 3867 3017 3944 Sic_B_ill.
3054 3872 3111 3927 in
3144 3874 3335 3944 prima
3364 3867 3637 3930 editione.

2260 3935 2739 4015 ΒέλτιστονΣ-Ηθδ.
2772 3959 2825 3996 a.
2860 3939 3097 4015 βέλτιον.

2118 3956 2227 4009 (οι)
2260 3956 2566 3991 υεΑτιστον.
2602 3956 2739 4067 Heg.
2772 3959 2825 3996 a.
2860 3956 3097 4015 βεΛτιον.

2118 4012 2225 4077 (63)
2261 4009 2464 4097 ῥεξξων
2541 4011 2635 4066 Sic
2734 4029 2863 4085 egg.
2911 4030 2965 4086 a,
2998 4031 3047 4070 ο.
3081 4016 3141 4081 d,
3172 4016 3348 4074 Coisl.
3378 4020 3433 4085 2,
3466 4024 3576 4074 etc.
3634 4020 3696 4074 In

2045 4084 2161 4145 ed.,
2194 4078 2516 4149 συλλέξεων.

2116 4154 2221 4224 (64)
2256 4147 2803 4225 Συμνπολιτιυόμιθα.
2838 4155 3065 4225 Billius,
3101 4181 3122 4207 α
3157 4159 3251 4214 cui
3304 4175 3537 4216 munere
3589 4177 3693 4215 no-

2046 4229 2165 4280 stro
2201 4226 2611 4297 fungimurg”,

2119 4297 2235 4374 (65)_
2259 4291 2489 4374 ’ᾷπᾷσα
2521 4291 2681 4374 δόξα,
2696 4299 2809 4374 etc.
2845 4298 2906 4374 In
2945 4299 3321 4374 quibusdam,
3353 4302 3397 4371 ᾧ
3429 4297 3575 4373 δόξα,
3606 4301 3696 4356 καὶ

2047 4366 2109 4421 τὸ
2128 4365 2336 4440 ’κράτος
2369 4367 2444 4429 εἷς
2472 4365 2600 4429 τοὺς
2631 4366 2849 4431 αἰῶνας.
2882 4370 2940 4424 Ἀ

966 4712 1115 4768 4“
1180 4721 1739 4810 MONITUM
1797 4721 1911 4807 IN
1968 4718 2661 4811 OHATIONEM
2714 4723 3008 4810 XXV.

1947 4922 2027 4935 *—

358 5048 408 5108 Ι.
470 5048 605 5109 Etsi
658 5051 902 5108 constet
957 5046 1059 5107 hic
1118 5045 1456 5107 Maximum
1517 5064 1555 5106 a
1613 5046 1913 5124 Gregorio
1976 5045 2165 5108 fuisse
2223 5046 2631 5118 celebratum,
2692 5048 2871 5109 istius
2928 5055 3136 5111 tamen
3192 5051 3493 5115 orationis
3547 5055 3701 5117 titu«

278 5130 409 5189 lum
470 5147 595 5188 non
654 5128 1091 5211 immutamus.
1131 5132 1383 5211 ~Omnes
1439 5127 1649 5211 enim,
1713 5146 1872 5205 quos
1932 5128 2152 5211 saltem
2215 5128 2520 5199 vidimus,
2584 5129 2871 5195 codices.
2935 5132 3108 5192 nullo
3165 5140 3465 5211 excepto,
3527 5137 3703 5198 nullo

280 5211 466 5269 etiam
528 5209 915 5270 reclamante
971 5209 1313 5268 scholiasta
1369 5216 1480 5267 aut
1532 5208 1894 5286 interprete.
1959 5210 2348 5287 inscriptum,
2414 5229 2537 5267 non
2601 5232 2633 5263 «
2680 5211 2957 5283 Maximi,
3013 5238 3043 5268 ››
3102 5217 3208 5273 sed
3270 5208 3619 5277 «'Heronis
3668 5242 3698 5273 υ

286 5308 517 5349 nomen
602 5290 925 5349 exhihrnt.
1000 5289 1240 5349 Idcirco
1317 5296 1630 5367 receptam
1709 5288 2131 5365 inscriptionis
2206 5288 2537 5348 lectionem
2612 5290 2901 5367 religiose
2968 5293 3357 5354 retinendam
3432 5297 3706 5359 arbitra-

286 5390 451 5431 mur.
515 5375 821 5441 Quaanam
880 5378 1092 5430 autem
1152 5369 1353 5457 luerit_
1395 5369 1647 5457 deuhac
1679 5368 2113 5457 ‘inscriptone
2166 5370 2555 5457 eruditorum
2616 5388 2807 5457 mens,
2871 5373 3249 5457 investigare
3303 5394 3513 5457 operae
3570 5398 3709 5457 pre-

278 5452 440 5535 tium
500 5457 616 5512 est.
682 5452 1104 5532 Hieronymus
1165 5448 1387 5535 asserit
1444 5449 2059 5535 (66),A(_ireggrium_
2098 5450 2160 5510 in
2220 5449 2338 5510 hac
2394 5450 2694 5535 oratione
2738 5452 2994 5535 Maximi
3069 5448 3432 5535 phitosnphi
3490 5448 3710 5520 laudes

282 5533 709 5617 decantasse,
783 5538 847 5593 et
910 5529 1124 5614 aperte
1181 5531 1457 5617 declarat
1538 5529 1566 5587 έ‹
1616 5529 1773 5589 falso
1830 5529 2373 5617 Heronisnomon
2435 5529 3703 5617 a_quodam_fuissesuperscriptum;»

277 5616 468 5694 idque
545 5613 886 5692 contigisse
912 5664 924 5690 ,

345 5802 453 5876 (66)
488 5803 663 5877 Scrip.
700 5806 826 5862 θοοὶ.
858 5805 1033 5863 Basil.
1066 5805 1181 5876 ed.,
1215 5820 1268 5876 p.
1306 5801 1429 5857 M9.

603 5935 862 5998 Parnm.
914 5935 1023 5996 Gs.
1072 5932 1224 5993 XXV
1243 5931 1319 5992 V.

1027 5639 1056 5670 ‹‹
1118 5614 1286 5693 quod
1367 5613 1531 5673 alius
1606 5618 1768 5673 esset
1840 5611 1999 5673 liber
2073 5612 2361 5691 ejusdem
2447 5612 2704 5673 Maximi
2777 5611 3305 5696 vituperationem
3381 5611 3707 5681 continens

3300 5932 3378 5999 38
