4110 6428
430 349 586 410 1195
1688 352 1752 411 S.
1802 351 2175 413 GBEGORII
2221 346 2616 411 THEOLOGI
3702 346 3863 427 “96

428 484 633 563 quasi,
681 508 711 539 »
773 485 949 545 addit
1002 490 1256 545 sanctus
1311 489 1569 558 Doctor,
1639 508 1667 544 α
1716 505 1839 546 non
1900 486 2145 547 licuerit
2203 486 2493 546 eumdem
2551 490 2612 545 et
2668 484 2929 545 laudare
2987 489 3047 546 et
3106 483 3467 564 vituperare
3523 504 3638 565 pro
3696 491 3864 547 tem-

431 584 672 645 pore.»
726 566 946 627 Billius
997 584 1142 626 vero
1172 566 1320 644 (67),
1373 567 1661 645 quamvis
1710 586 1833 625 non
1886 568 2232 628 diffiteatur
2281 566 2536 627 Maximi
2587 566 2805 625 laudes
2862 566 2983 626 hac
3043 566 3327 628 oratione
3379 567 3859 644 comprehendi,

430 653 643 706 censet
704 653 938 720 tamen,
994 666 1117 706 non
1174 655 1252 706 ab
1311 648 1434 708 alio
1492 649 1796 727 quodam,
1847 650 1953 707 sed
2006 649 2085 708 ab
2143 649 2277 726 ipso
2337 647 2636 725 Gregorio
2695 646 2955 707 Maximi
3014 664 3248 707 nomen
3307 647 3597 708 consulto
3657 654 3864 709 muta-

432 734 563 786 tum
620 728 830 800 fuisse,
897 750 929 783 ‹‹
975 746 1078 802 ne,
1127 752 1155 782 »
1218 729 1443 806 inquit,
1509 752 1536 783 κ
1585 728 1994 805 ingratissimi
2051 728 2322 788 hominis
2382 747 2610 788 nomen
2668 730 2733 786 in
2790 727 2918 787 suis
2978 728 3403 788 monumentis
3464 735 3784 801 exstaret;
3826 754 3855 785 κ

426 806 713 885 illudque
763 808 842 868 ab
892 808 1029 868 Elia
1075 828 1202 869 non
1244 810 1645 870 observatum
1698 811 1985 870 miratur.
2038 814 2271 870 Verum
2321 808 2526 869 debile
2578 826 2835 886 prorsus
2886 826 2958 869 ac
3006 808 3327 869 infirmum
3380 808 3630 869 videtur
3686 810 3856 870 istud

433 889 790 966 argumenti
847 904 1091 965 genus;
1156 892 1544 967 praesertim,
1606 909 1747 950 cum
1811 891 2145 966 Gregorius
2197 891 2369 967 ipse,
2432 896 2499 948 nt
2556 889 2681 948 alia
2739 890 3141 961 omittamus,
3206 890 3357 950 alibi
3439 913 3468 944 «
3526 908 3592 950 se
3648 890 3853 951 Maxi-

434 986 605 1051 mum
664 969 953 1029 laudasse
1004 994 1032 1025 »
1092 987 1217 1051 non
1276 971 1593 1032 inﬁcielur
1623 970 1770 1051 (68).
1833 971 2191 1048 Conjiciunt
2247 970 2373 1041 alii,
2437 972 2599 1051 inter
2658 988 2816 1048 quos
2872 969 3332 1045 Tillemontius,
3398 970 3850 1049 philosOphum

428 1049 640 1131 istum“
675 1051 1061 1131 binominem
1115 1050 1339 1123 fuisse,
1404 1071 1476 1114 ac
1534 1049 2125 1131 apud/Egyptios,
2192 1052 2359 1110 unde
2417 1050 2720 1109 oriundus
2779 1058 2952 1122 erat,
3014 1051 3318 1125 Heronis,
3377 1058 3439 1111 et
3493 1053 3853 1112 Constanti-

432 1129 687 1208 nopoli,
767 1130 870 1189 ubi
929 1130 1116 1191 nimis
1173 1132 1379 1192 clarus
1436 1133 1671 1205 evasit,
1755 1129 2009 1193 Maximi
2084 1131 2339 1191 nomine
2394 1138 2847 1209 nuncupatum.
2910 1131 3323 1192 Verisimilior
3379 1132 3589 1192 forsan
3649 1131 3849 1193 videri

426 1215 633 1289 posset
686 1212 821 1271 haec
875 1212 1381 1273 doctissimorum
1436 1213 1712 1274 virorum
1778 1213 2143 1291 conjectura
2196 1230 2210 1285 ;
2284 1212 2393 1271 sed
2466 1229 2579 1271 nos
2654 1217 2783 1271 tam
2841 1229 3132 1291 expresse
3187 1211 3558 1290 consignata
3614 1213 3839 1273 Hiero-

423 1291 599 1369 nymi
651 1293 963 1353 sententia
1016 1312 1356 1372 suspensos
1408 1295 1619 1354 adhuc
1674 1294 1934 1355 detinet.
1999 1298 2194 1367 Nam,
2227 1292 2278 1351 si
2335 1292 2675 1352 binominis
2702 1310 2921 1351 revera
2974 1292 3191 1353 fuisset
3248 1294 3598 1363 Maximus,
3691 1294 3836 1372 quis

424 1372 678 1454 credat,
741 1378 812 1431 nt
864 1374 1157 1433 observat
1212 1374 1347 1453 ipse
1401 1376 1837 1436 Tillemontius
1895 1374 2110 1454 (68*),
2185 1374 2680 1454 Hieronymum,
2749 1374 2859 1451 qui
2915 1391 3056 1433 cum
3116 1374 3415 1451 Gregorio
3472 1374 3829 1434 Constanti-

427 1451 647 1531 nopoli
706 1459 833 1512 tam
892 1451 1286 1515 familiariter
1346 1455 1736 1527 versabatur,
1795 1456 1860 1515 id
1907 1451 2295 1532 ignorasse?

504 1533 582 1593 Il.
658 1532 925 1612 Cyrillns
998 1536 1599 1615 Scythopolitanus,
1679 1539 1741 1595 in
1816 1535 1947 1596 Vita
1998 1536 2191 1594 sancti
2243 1532 2566 1613 Euthymz'i
2615 1542 2673 1592 et
2725 1534 2920 1593 sancti
2974 1532 3184 1615 Sabas,
3266 1533 3453 1615 inter_
3490 1532 3847 1615 rchronolo-

427 1632 581 1691 gos,
661 1620 800 1695 post
871 1613 1303 1695 HyppOlytum
1362 1623 1424 1677 et
1479 1617 1938 1695 Epiphanium,
2000 1617 2269 1675 collocat
2346 1638 2374 1668 <<
2428 1615 2737 1695 Heronem
2790 1636 2817 1671 »
2900 1614 3240 1692 quemdam
3300 1638 3331 1670 ς(
3394 1613 3847 1692 philosophum

424 1698 487 1754 et
542 1694 987 1755 confessorem.
1026 1694 1055 1751 ᾖ)
1117 1697 1272 1757 Hinc
1320 1694 1662 1757 Cotelerins
1710 1699 1797 1758 sic
1844 1696 2235 1773 conjicienda
2284 1696 2545 1754 adnotat
2596 1694 2764 1773 (69):
2826 1715 2853 1749 «
2906 1696 3117 1772 Neque
3177 1695 3371 1772 pudet
3428 1712 3528 1753 me
3585 1695 3849 1767 nescire,

426 1775 598 1851 quod
656 1793 693 1855 a
749 1776 897 1835 viris
956 1776 1141 1854 longe
1197 1778 1571 1839 doctissimis
1631 1778 1745 1838 fuit
1800 1778 2213 1855 ignoratum;
2276 1794 2477 1851 neque
2535 1775 2757 1834 tacebo
2816 1775 3241 1853 conjecturam
3303 1792 3550 1847 meam,
3628 1781 3739 1835 aut
3795 1775 3849 1835 si

426 1855 601 1929 velis,
666 1854 1173 1929 hariolationem,
1234 1878 1385 1917 num
1446 1862 1607 1918 llero
1664 1860 1779 1918 iste
1838 1858 2253 1935 philosophus
2313 1862 2373 1914 et
2431 1858 2751 1915 confessor
2806 1855 2886 1914 sit
2941 1857 3254 1916 Maximus
3304 1856 3591 1934 Cynicus,
3657 1873 3849 1933 quem

425 1935 501 1995 iis
569 1936 684 1995 sub
761 1938 1123 1998 nominibus
1199 1939 1419 2000 laudat
1472 1939 1757 1999 oratione
1815 1939 2150 2015 Gregorius
2223 1935 2649 2013 Theologns;
2731 1936 2965 2014 quique
3040 1936 3327 2015 scripsit,
3411 1942 3566 1995 teste
3623 1938 3844 1996 Hiero-

428 2034 663 2093 nymo,
743 2017 1053 2095 insignem
1112 2019 1340 2079 librum
1402 2019 1679 2079 adversus
1735 2022 2030 2089 Arz'anos,
2109 2022 2171 2077 et
2233 2018 2389 2075 forte
2447 2017 2573 2076 alia
2631 2015 2886 2095 reliquit
2949 2017 3188 2094 ingenii
3242 2018 3337 2076 sui
3396 2023 3845 2091 monumenta,

432 2102 623 2173 atque
679 2097 910 2159 alicubi
967 2117 1229 2177 operum
1309 2100 1574 2160 inseruit
1648 2100 1933 2159 nonnihil
1992 2097 2553 2175 chronologicum,
2632 2096 2714 2177 ob
2772 2096 2941 2175 quod
2998 2098 3078 2155 ab
3136 2104 3393 2157 auctore
3450 2102 3663 2157 nostro
3722 2117 3847 2157 una

432 2195 577 2236 cum
638 2176 1117 2258 Hippolyto’et
1191 2180 1546 2259 Epiphanio
1604 2182 1851 2240 citetur.
1906 2205 1935 2235 υ
2016 2180 2251 2240 Verum
2329 2178 2472 2237 huic
2542 2176 2926 2259 conjectum
2996 2178 3163 2259 ultro
3221 2178 3661 2259 ascribendum
3720 2197 3848 2237 non

430 2268 753 2335 putamus,
813 2278 954 2319 cum
1016 2260 1173 2319 nihil
1226 2258 1395 2339 apud
1454 2262 1929 2338 Hieronymum.
1989 2259 2065 2320 de
2119 2260 2239 2320 hac
2300 2258 2557 2317 Maximi
2614 2258 3046 2339 seuAHeronis
3103 2258 3512 2336 chronologia
3571 2259 3848 2339 reperia-

432 2344 558 2420 tur.
620 2338 796 2399 Prius
852 2340 1089 2418 quippe
1144 2337 1541 2420 probandum
1603 2337 1803 2412 esset,
1883 2344 2234 2414 Heronem,
2317 2339 2521 2420 quia
2578 2337 2812 2420 Cyrillo
2870 2339 3034 2398 inter
3087 2338 3508 2416 chronologos
3576 2338 3845 2420 citatur,

429 2417 634 2500 ipsum
693 2417 911 2480 revera
969 2417 1163 2481 fuisse
1217 2423 1561 2482 Maximum
1621 2428 1781 2483 452
1843 2423 2143 2500 Cynicum
2201 2438 2213 2491 ;
2295 2419 2464 2497 quod
2526 2419 2793 2496 probatu
2851 2423 3019 2479 certe
3079 2420 3259 2479 nobis
3318 2437 3619 2500 perquam
3681 2419 3849 2478 difﬁ-

426 2499 581 2582 cile,
642 2516 720 2560 ne
776 2501 1057 2561 dicamus
1112 2502 1536 2582 impossibile,
1597 2504 1863 2563 videtur.
1928 2502 2152 2562 Mirum
2212 2500 2467 2578 quidem
2527 2517 2653 2582 non
2712 2504 2873 2561 esset
2894 2548 2915 2582 ,_
2959 2500 3285 2582 quosdam
3338 2499 3675 2582 Maximos,
3726 2517 3847 2582 seu

426 2580 709 2661 Herones
761 2582 1175 2661 philosophos
1206 2579 1293 2643 —et
1350 2584 1774 2655 confessores,
1848 2584 2069 2643 iisdem
2127 2585 2258 2642 fere
2316 2581 2705 2658 temporibus
2762 2580 3120 2653 exstitisse;
3182 2579 3291 2640 sed
3347 2579 3519 2658 quod
3574 2580 3848 2639 maxime

424 2660 785 2741 mirandum
846 2669 973 2732 est,
1016 2660 1427 2741 Gregorium,
1485 2664 1593 2740 qui
1649 2665 1711 2724 in
1771 2664 1943 2737 aliis,
2004 2671 2137 2723 tum
2196 2660 2561 2731 Athanasii,
2625 2668 2758 2721 tum
2818 2662 3113 2740 Cypriani
3167 2661 3502 2734 encomiis,
3567 2679 3676 2741 eos
3727 2677 3847 2719 sa:-

426 2740 569 2819 pius
627 2743 884 2825 proprio
943 2739 1198 2805 nomine
1255 2739 1615 2825 compellat,
1670 2763 1746 2805 ne
1799 2741 1991 2804 semel
2039 2743 2292 2825 quidem
2354 2743 2414 2801 in
2478 2742 2595 2825 hac
2652 2739 2959 2825 oratione,
3011 2742 3110 2825 vel
3168 2739 3685 2825 Maximum,__vel
3732 2744 3850 2801 He-

423 2838 646 2881 ronem
704 2824 1082 2885 nominasse.
1145 2821 1631 2902 Forsan—igitur
1686 2826 1879 2885 satius
1933 2821 2136 2899 esset,
2216 2822 2582 2902 Hieronymi
2638 2823 2965 2883 sententiae
3036 2823 3402 2902 simpliciter
3477 2821 3843 2895 adhaerere,

425 2920 620 2982 quam
677 2904 1059 2982 conjecturis
1108 2906 1350 2984 jugiter
1403 2904 1671 2966 inhiare.

508 2984 613 3044 III.
662 2981 863 3063 ()bjici
915 2981 1125 3046 etiam
1160 2981 1388 3065 potest,
1440 2994 1653 3047 utrum
1708 2985 2031 3065 Maximus
2073 3002 2111 3043 a
2160 2981 2479 3065 Gregorio,
2518 2981 2833 3065 laudatus,
2884 2982 3049 3065 idem
3108 2982 3186 3043 sit
3244 3000 3316 3042 ac
3362 2981 3469 3043 ille
3518 2981 3597 3041 ad
3656 2999 3844 3060 quem

423 3063 794 3126 honorifica:
849 3063 1179 3127 Athanasii
1236 3073 1298 3127 et
1370 3068 1583 3129 Basilii
1637 3074 1886 3126 exstant
1940 3064 2244 3143 epistolas.
2307 3064 2485 3133 Quod
2544 3064 2622 3122 ad
2681 3063 3093 3124 Athanasium
3164 3065 3426 3134 attinet,
3511 3082 3634 3121 non
3707 3081 3846 3143 omf

428 3145 1033 3226 ninoiassentimur
1105 3149 1374 3221 nostris,
1455 3150 1561 3226 qui
1637 3166 1865 3207 novam
1941 3142 2157 3226 sancti
2208 3146 2489 3226 Doctoris
2546 3147 2818 3226 Operum
2876 3144 3214 3226 editionem
3275 3142 3848 3226 adornarunt._llti

427 3223 741 3306 siquidem
800 3226 917 3286 hac
974 3228 1052 3287 de
1104 3246 1171 3288 re
1226 3227 1313 3287 sic
1372 3221 1715 3288 admonent
1773 3228 1945 3306 (70):
2011 3250 2039 3281 «
2089 3225 2203 3284 Hic
2240 3224 2572 3306 Maximus
2632 3224 3069 3303 philosophus,
3130 3221 3843 3306 ad_quem__epistolam

430 3304 626 3364 mittit
682 3312 938 3367 sanctus
992 3308 1392 3379 Athanasius,
1455 3328 1580 3368 non
1639 3302 1800 3367 alius
1858 3302 2136 3385 profecto
2198 3305 2441 3364 videtur
2499 3302 2655 3377 esse,
2713 3302 2903 3383 quam
2959 3304 3422 3365 Alexandrinus
3476 3303 3624 3385 ille,
3666 3302 3845 3381 cujus

424 3385 648 3445 laudes
705 3388 988 3448 oratione
1043 3389 1320 3449 celebrat
1376 3387 1747 3466 Gregorius,
1827 3384 2007 3464 cujus
2064 3384 2317 3447 nomine
2375 3392 2588 3462 postea
2643 3402 3023 3463 suppresso,
3101 3385 3329 3445 falsum
3402 3384 3664 3466 Heronis
3723 3402 3840 3443 no-

426 3484 571 3548 men
630 3469 1121 3548 snperscriptum
1178 3469 1369 3530 fuisse
1433 3465 1650 3530 narrat
1727 3468 2164 3546 Hieronymus.
2232 3491 2260 3519 »
2345 3466 2623 3548 Verum,
2706 3467 2757 3524 si
2831 3472 3069 3548 attente
3115 3465 3617 3548 ‘perpendatur,
3705 3470 3838 3523 tum

420 3545 1073 3628 ipsamet‘Athan’asii
1129 3550 1433 3628 epistola,
1524 3557 1654 3610 tum
1712 3545 2013 3628 temporis
2071 3555 2131 3610 et
2186 3565 2394 3607 rerum
2455 3546 2982 3628 circumstantiae,
3023 3545 3271 3628 iplura’
3307 3552 3837 3628 occurrenthqnas

418 3625 675 3689 illorum
732 3631 1055 3691 sententiae
1115 3625 1372 3691 minime
1432 3631 1704 3691 faveant.
1757 3625 1865 3689 Ac_
1906 3630 2109 3707 primo
2165 3628 2419 3705 quidem
2479 3626 2719 3686 nullum
2784 3634 2877 3688 est
2934 3626 3223 3697 dubium,
3275 3627 3425 3706 quin
3482 3626 3598 3685 iste
3646 3625 3839 3707 Maxi-

422 3726 601 3790 mus,
682 3709 747 3769 in
799 3710 960 3771 libro
1018 3730 1202 3790 quem
1258 3713 1335 3771 ad
1394 3712 1805 3772 Athanasium
1871 3705 2077 3779 misit,
2153 3709 2466 3790 plurima,
2529 3725 2662 3790 non»
2712 3714 2955 3790 tantum
3018 3705 3317 3790 adversus
3371 3708 3674 3790 Arianos,
3726 3705 3835 3790 sed

421 3788 614 3851 etiam
661 3790 961 3851 adversus
1015 3787 1300 3870 gentiles,
1349 3793 1625 3865 Judzeos,
1678 3792 2057 3852 Manichaeos
2111 3789 2415 3870 aliosque,
2452 3788 2802 3860 haereticos,
2856 3788 3160 3850 docuerit.
3214 3789 3281 3848 Id
3329 3806 3406 3870 ex
3462 3788 3601 3870 ipsa
3648 3787 3836 3845 Atha-

420 3871 584 3930 nasii
638 3868 1045 3949 responsione
1104 3873 1441 3950 colligitur.
1506 3877 1763 3933 Fatetur
1819 3874 1984 3931 enim
2060 3876 2313 3931 sanctus
2392 3869 2660 3939 Doctor,
2740 3887 2846 3940 se,
2922 3887 3293 3947 responsum
3349 3868 3722 3950 dictando,‘
3768 3884 3841 3926 ex

419 3951 573 4033 ipso
633 3947 795 4033 libro
874 3954 1147 4013 mutuari
1222 3947 1616 4033 quaecunque
1674 3953 1751 4013 de
1808 3952 2048 4033 Christi
2095 3950 2422 4033 divinitate
2496 3954 2864 4033 pertractat.
2950 3950 3197 4033 Maximi
3250 3967 3533 4033 Aquoqne
3608 3947 3841 4033 scripto

419 4027 580 4091 nihil
636 4032 996 4093 addendum
1054 4027 1416 4095 arbitratur.
1477 4027 1702 4096 (Satis
1750 4040 1917 4103 sunt,
1951 4055 1979 4090 ι)
2035 4031 2241 4110 inquit
2294 4029 2443 4109 (7t),
2501 4054 2531 4084 ‹‹
2577 4048 2717 4107 quae
2776 4030 2910 4108 ipse
2966 4030 3287 4108 scripsisti.
3341 4033 3433 4090 'l‘u
3494 4033 3702 4110 autem
3755 4027 3846 4085 in-

417 4112 658 4194 ﬁdeles,
710 4119 987 4190 ἀπίστους,
1044 4116 1161 4174 rite
1211 4117 1501 4194 perdoce.
1553 4119 1740 4176 Forte
1789 4115 1950 4173 enim
2006 4108 2305 4194 futurum,
2341 4118 2457 4179 est,
2511 4117 2597 4183 ut,
2647 4109 2872 4194 relicta
2930 4110 3341 4194 inscitia,_ad
3396 4108 3699 4194 veritatis_
3730 4125 3838 4166 co-

416 4191 765 4270 gnitionem
825 4187 1277 4272 perv-amanti»
1333 4198 1576 4256 Laudat
1631 4196 1889 4273 insuper
1940 4192 2188 4252 Maximi
2252 4192 2572 4273 pietatem,
2624 4190 2975 4250 doctrinam
3025 4199 3087 4250 et
3134 4191 3358 4273 ardens
3409 4209 3529 4273 pro
3577 4187 3837 4273 veritate

415 4269 742 4347 studium;
805 4269 947 4353 quae
1006 4276 1289 4354 profecto
1348 4277 1426 4336 ad
1486 4269 1796 4354 Cynicum
1846 4280 2126 4334 nostrum
2189 4272 2403 4331 reterri
2465 4290 2586 4329 non
2666 4278 2950 4349 possunt.
2985 4352 2993 4354 Α
3031 4271 3267 4354 Deinde
3322 4269 3839 4354 Athanasiushad

413 4354 758 4414 Maximum
817 4350 1027 4413 suum_
1060 4356 1394 4427 scribebat,
1461 4350 1549 4416 ut'
1582 4354 1811 4415 nostris
1876 4356 2073 4414 visum
2135 4356 2247 4423 est,
2312 4370 2478 4409 anno
2537 4354 2677 4420 37l,
2732 4357 2794 4410 et
2850 4370 2882 4410 e
2940 4351 3095 4412 vivis
3152 4351 3418 4413 excessit
3473 4370 3642 4412 anno
3691 4350 3833 4409 373.

413 4434 984 4515 Nondumrantem
1062 4442 1212 4495 tunc
1290 4437 1590 4515 temporis
1670 4435 1918 4512 pietatis
1977 4434 2215 4493 larvam
2274 4432 2567 4515 induerat
2626 4432 2935 4515 Maximus
2994 4433 3300 4515 Cynicus,
3343 4451 3525 4515 cum
3588 4430 3840 4515 nonnisi

411 4532 581 4575 anno
635 4514 778 4588 379,
830 4514 910 4574 ab
969 4516 1187 4577 exsilio
1245 4511 1463 4588 redux,
1515 4511 2060 4593 Cons’tantinOpoli
2109 4532 2147 4574 a
2195 4512 2493 4589 Gregorio
2543 4518 2841 4589 exceptus
2888 4513 3101 4593 fuerit.
3156 4516 3292 4575 Non
3339 4511 3534 4590 igitur
3580 4512 3658 4571 ad
3712 4512 3838 4572 Ma-

410 4595 653 4676 ximum
717 4595 1017 4673 Cynicum
1076 4598 1320 4676 scripsit
1379 4598 1785 4669 Athanasius,
1847 4592 2129 4656 utfalso
2188 4601 2489 4676 putarunt
2546 4593 2743 4676 ipsius
2801 4592 3092 4654 editores.

491 4675 590 4736 IV.
656 4672 853 4737 Multo
930 4677 1135 4737 minus
1202 4672 1598 4741 difﬁcultatis
1649 4678 1923 4739 occurrit
1996 4672 2578 4736 circa—Maximum
2630 4674 2803 4733 illum
2879 4676 2958 4734 ad
3036 4692 3223 4753 quem
3281 4672 3530 4753 scripsit
3583 4674 3836 4730 sanctus

406 4757 698 4817 Basilius.
761 4759 845 4818 Ut
901 4758 1152 4834 penitus
1207 4760 1488 4820 solvatur
1546 4759 1785 4827 nodus,
1864 4758 2015 4817 satis
2072 4755 2189 4815 erit
2246 4756 2570 4833 utriusque
2647 4755 2901 4815 Maximi
2964 4752 3168 4815 mores
3225 4760 3288 4814 et
3343 4752 3619 4834 indolem
3653 4768 3831 4834 ape-

406 4838 553 4898 rire.
611 4837 829 4897 Basilii
882 4831 1193 4899 Maximus
1250 4841 1367 4899 fuit
1424 4841 1675 4917 quidem
1737 4837 2174 4916 philosOphus,
2237 4856 2361 4895 non
2424 4831 2713 4917 Cynicus,
2758 4836 2961 4917 vel_e
3022 4836 3295 4917 Portica,
3355 4835 3461 4917 sed
3523 4831 3825 4917 Chrisuia:

406 4936 545 4978 nus.
612 4921 765 4978 «Ex
821 4918 1026 4979 aliena
1083 4920 1381 4988 radice,»
1444 4913 1648 4998 inquit
1705 4913 2220 4997 Basilius—(71‘),
2287 4942 2313 4974 (ι
2342 4935 2417 4976 ex
2473 4913 2688 4994 ampla
2745 4914 2981 4975 familia
3035 4923 3101 4998 et
3157 4915 3385 4998 illustri
3444 4931 3695 4998 genere,
3748 4913 3828 4998 ad

406 4998 833 5080 evangelicam
895 5000 1236 5060 translatus
1293 5002 1486 5061 vitam
1534 4991 1562 5054 ἱ)
1625 5000 1709 5080 (id
1773 5006 1863 5059 est
1916 4991 2908 5080 in_oresanctorum—Patrum,
2971 4996 3075 5080 ad_
3110 4991 3524 5080 monasticam
3582 4991 3827 5069 vitam),

408 5090 435 5130 ὰ
489 5079 733 5139 ratione
782 5077 1183 5155 juventutem
1242 5076 1645 5154 refrenabat,
1693 5081 1898 5140 carnis
1955 5077 2281 5139 libidinem
2342 5076 2602 5137 rationis
2658 5076 2925 5155 imperio
2984 5076 3389 5155 subjiciebat,
3450 5082 3512 5136 et
3564 5091 3829 5155 consen-

403 5160 654 5218 taneam
714 5154 1073 5220 Christiano
1133 5161 1553 5221 humilitatem
1616 5160 2118 5238 amplexabatur.
2176 5178 2204 5213 ι)
2271 5162 2475 5238 Tanta
2531 5158 2651 5236 ipsi
2705 5158 2910 5216 inerat
2970 5154 3211 5235 pietas,
3272 5162 3518 5216 tantum
3580 5154 3831 5238 virtutis

402 5250 476 5319 ac
530 5238 857 5319 religionis
916 5242 1218 5309 studium,
1283 5250 1350 5303 ut
1406 5243 1669 5302 Basilius
1726 5234 1883 5319 ipse,
1944 5241 2006 5299 ni
2080 5239 2295 5299 fuisset
2353 5237 2525 5299 senio
2560 5234 2645 5297 iet
2702 5234 3071 5319 infirmitate
3128 5243 3448 5319 gravatus,
3490 5234 3829 5319 variisque

399 5318 694 5378 Ecclesiae
753 5319 917 5380 curis
991 5322 1372 5394 impeditus,
1453 5323 1529 5383 ad
1593 5316 2034 5384 cum—visendi
2090 5321 2398 5380 desiderio
2455 5338 2519 5378 se
2577 5318 2963 5379 contulisset.
3028 5321 3117 5379 En
3196 5317 3411 5379 Basilii
3486 5316 3821 5377 Maximus.

398 5396 716 5484 Quantum
774 5404 1001 5484 autem
1044 5396 1124 5464 ab
1179 5403 1290 5465 illo
1350 5404 1666 5484 discrepat
1716 5402 2027 5464 Maximus
2088 5405 2250 5484 453
2303 5402 2481 5484 alter,
2536 5418 2644 5461 seu
2679 5400 2889 5484 Bero,
2950 5416 3138 5484 quem
3197 5397 3539 5484 celebravit
3591 5398 3825 5484 Grego-

398 5480 578 5540 rius!
645 5482 761 5541 Iste
818 5482 1008 5555 enim,
1072 5477 1712 5567 genereJEgyp-tius,
1790 5484 1987 5563 patria
2046 5482 2526 5553 Alexandrinus,
2590 5479 2765 5541 nulla
2822 5477 3145 5559 sanguinis
3203 5480 3533 5541 nobilitate
3590 5477 3820 5552 clarus,

473 5616 583 5688 (67)
618 5614 680 5688 In
713 5614 994 5688 orationis
1026 5632 1166 5688 argn
1180 5625 1392 5675 mento.
2237 5618 2351 5687 (70)
2382 5617 2538 5671 Nova
2566 5616 2776 5671 Athan.
2802 5616 2918 5682 ed.,
2941 5617 3107 5688 Epist.
3135 5616 3206 5672 ad
3234 5616 3377 5673 Max.
3407 5612 3581 5688 phil.,
3604 5617 3745 5669 tom.
3776 5612 3823 5681 Ι,

495 5686 587 5755 68)
619 5687 801 5742 Carm.
834 5686 898 5742 de
928 5689 1039 5741 vita
1068 5686 1188 5754 sua,
1224 5708 1370 5745 vers.
1402 5692 1529 5747 965.
2167 5705 2223 5743 n.
2246 5686 2309 5754 2,
2345 5706 2399 5759 p.
2433 5689 2557 5742 917.

494 5760 615 5831 68')
646 5760 768 5813 Art.
806 5775 917 5825 LIX,
950 5775 1013 5831 p.
1042 5760 1145 5816 445
1176 5768 1231 5815 et
1259 5763 1383 5818 712.

1316 5765 1383 5818 t2.
2239 5758 2361 5829 (71y
2381 5762 2488 5824 Id.,
2521 5758 2690 5831 ibid”
2726 5774 2781 5831 p.
2814 5758 2939 5813 920.

495 5774 615 5826 οδ)
646 5774 768 5813 art.
806 5775 917 5825 LIX,
950 5775 1007 5831 p.
1042 5774 1145 5816 440
1176 5774 1231 5815 et
1259 5774 1383 5818 712.
2239 5774 2347 5829 (ιι)
2381 5774 2488 5824 10.,
2521 5774 2664 5815 lDlG.
2770 5774 2940 5813 .ezu.

495 5829 586 5908 69)
616 5833 862 5893 Monum.
897 5830 1038 5888 Eccl.
1072 5831 1266 5905 Gram,
1301 5837 1343 5890 t.
1376 5834 1446 5903 II,
1480 5833 1538 5890 in
1570 5836 1718 5903 not.,
1750 5850 1808 5907 p.
1839 5832 1968 5889 640.
2236 5831 2374 5905 (71”)
2408 5832 2553 5905 Opp.
2585 5837 2629 5889 t.
2662 5774 2760 5905 I’IE
2793 5831 2970 5906 epist.
3010 5832 3136 5906 277,
3166 5848 3222 5906 p.
3256 5831 3380 5889 421.
