  <div class='ocr_page' id='page_1' title='image "/cluster/home/n/w/nwhite01/storage/ocr_20150623/35:no.1/coo.31924054869320/604.png"; bbox 0 0 4110 6410; ppageno 0'>
   <div class='ocr_carea' id='block_1_1' title="bbox 297 350 3723 423">
    <p class='ocr_par' dir='ltr' id='par_1_1' title="bbox 297 350 3723 423">
     <span class='ocr_line' id='line_1_1' title="bbox 297 350 3723 423; baseline 0.001 -2"><span class='ocrx_word' id='word_1_1' title='bbox 297 352 453 421; x_wconf 72' lang='grc' dir='ltr'>ΗΟἹ</span> <span class='ocrx_word' id='word_1_2' title='bbox 1079 355 1374 419; x_wconf 82' lang='lat' dir='ltr'>ORATIO</span> <span class='ocrx_word' id='word_1_3' title='bbox 1419 356 1606 419; x_wconf 83' lang='lat' dir='ltr'>XXV.</span> <span class='ocrx_word' id='word_1_4' title='bbox 1638 356 1817 417; x_wconf 90' lang='grc' dir='ltr'>-ΙΝ</span> <span class='ocrx_word' id='word_1_5' title='bbox 1865 350 2195 417; x_wconf 76' lang='lat' dir='ltr'>LAUDEM</span> <span class='ocrx_word' id='word_1_6' title='bbox 2242 354 2583 417; x_wconf 83' lang='lat' dir='ltr'>HERONIS</span> <span class='ocrx_word' id='word_1_7' title='bbox 2628 356 2934 419; x_wconf 83' lang='lat' dir='ltr'>PIilLOS.</span> <span class='ocrx_word' id='word_1_8' title='bbox 3563 362 3723 423; x_wconf 77' lang='lat' dir='ltr'>H98</span> 
     </span>
    </p>
   </div>
   <div class='ocr_carea' id='block_1_2' title="bbox 295 488 3723 567">
    <p class='ocr_par' dir='ltr' id='par_1_2' title="bbox 295 488 3723 567">
     <span class='ocr_line' id='line_1_2' title="bbox 295 488 3723 567; baseline 0.001 -14"><span class='ocrx_word' id='word_1_9' title='bbox 295 492 446 553; x_wconf 88' lang='lat' dir='ltr'>licet</span> <span class='ocrx_word' id='word_1_10' title='bbox 500 496 795 567; x_wconf 82' lang='lat' dir='ltr'>parentes</span> <span class='ocrx_word' id='word_1_11' title='bbox 868 490 1181 567; x_wconf 85' lang='lat' dir='ltr'>habuerit,</span> <span class='ocrx_word' id='word_1_12' title='bbox 1245 510 1370 551; x_wconf 92' lang='lat' dir='ltr'>non</span> <span class='ocrx_word' id='word_1_13' title='bbox 1428 492 1628 551; x_wconf 90' lang='lat' dir='ltr'>solum</span> <span class='ocrx_word' id='word_1_14' title='bbox 1689 489 2099 562; x_wconf 88' lang='lat' dir='ltr'>Christianos,</span> <span class='ocrx_word' id='word_1_15' title='bbox 2161 489 2270 550; x_wconf 90' lang='lat' dir='ltr'>sed</span> <span class='ocrx_word' id='word_1_16' title='bbox 2328 488 2543 563; x_wconf 90' lang='lat' dir='ltr'>etiam,</span> <span class='ocrx_word' id='word_1_17' title='bbox 2607 491 2659 551; x_wconf 99' lang='lat' dir='ltr'>si</span> <span class='ocrx_word' id='word_1_18' title='bbox 2718 491 2978 553; x_wconf 86' lang='lat' dir='ltr'>scelesto</span> <span class='ocrx_word' id='word_1_19' title='bbox 3035 492 3163 555; x_wconf 89' lang='lat' dir='ltr'>ﬁlio</span> <span class='ocrx_word' id='word_1_20' title='bbox 3218 492 3373 555; x_wconf 86' lang='lat' dir='ltr'>ﬁdes</span> <span class='ocrx_word' id='word_1_21' title='bbox 3428 494 3723 557; x_wconf 88' lang='lat' dir='ltr'>addenda</span> 
     </span>
    </p>
   </div>
   <div class='ocr_carea' id='block_1_3' title="bbox 295 511 3715 656">
    <p class='ocr_par' dir='ltr' id='par_1_3' title="bbox 295 511 3715 656">
     <span class='ocr_line' id='line_1_3' title="bbox 295 511 3715 567; baseline 0.001 -14"><span class='ocrx_word' id='word_1_22' title='bbox 295 511 446 553; x_wconf 77' lang='lat' dir='ltr'>licet</span> <span class='ocrx_word' id='word_1_23' title='bbox 546 511 795 553; x_wconf 79' lang='lat' dir='ltr'>arentes</span> <span class='ocrx_word' id='word_1_24' title='bbox 868 511 1181 567; x_wconf 79' lang='lat' dir='ltr'>nanueru,</span> <span class='ocrx_word' id='word_1_25' title='bbox 1245 511 1370 551; x_wconf 91' lang='lat' dir='ltr'>non</span> <span class='ocrx_word' id='word_1_26' title='bbox 1428 511 1628 551; x_wconf 78' lang='lat' dir='ltr'>selum</span> <span class='ocrx_word' id='word_1_27' title='bbox 1689 511 2099 562; x_wconf 69' lang='lat' dir='ltr'>unrisuanos,</span> <span class='ocrx_word' id='word_1_28' title='bbox 2161 511 2270 550; x_wconf 88' lang='lat' dir='ltr'>seu</span> <span class='ocrx_word' id='word_1_29' title='bbox 2328 511 2543 563; x_wconf 89' lang='lat' dir='ltr'>euam,</span> <span class='ocrx_word' id='word_1_30' title='bbox 2607 511 2659 551; x_wconf 87' lang='lat' dir='ltr'>s1</span> <span class='ocrx_word' id='word_1_31' title='bbox 2718 511 2978 553; x_wconf 74' lang='lat' dir='ltr'>scelesto</span> <span class='ocrx_word' id='word_1_32' title='bbox 3035 511 3163 555; x_wconf 86' lang='lat' dir='ltr'>nuo</span> <span class='ocrx_word' id='word_1_33' title='bbox 3218 511 3373 555; x_wconf 83' lang='lat' dir='ltr'>nues</span> <span class='ocrx_word' id='word_1_34' title='bbox 3428 511 3715 557; x_wconf 82' lang='lat' dir='ltr'>audenda</span> 
     </span>
     <span class='ocr_line' id='line_1_4' title="bbox 295 511 3715 656; baseline 0.001 -22"><span class='ocrx_word' id='word_1_35' title='bbox 295 580 429 649; x_wconf 89' lang='lat' dir='ltr'>est,</span> <span class='ocrx_word' id='word_1_36' title='bbox 492 511 722 656; x_wconf 57' lang='lat' dir='ltr'>ghristi</span> <span class='ocrx_word' id='word_1_37' title='bbox 780 580 1124 656; x_wconf 86' lang='lat' dir='ltr'>martyres,</span> <span class='ocrx_word' id='word_1_38' title='bbox 1190 574 1313 656; x_wconf 74' lang='lat' dir='ltr'>fuit</span> <span class='ocrx_word' id='word_1_39' title='bbox 1364 573 1745 656; x_wconf 84' lang='lat' dir='ltr'>professione</span> <span class='ocrx_word' id='word_1_40' title='bbox 1806 571 2262 656; x_wconf 79' lang='lat' dir='ltr'>philosophus,</span> <span class='ocrx_word' id='word_1_41' title='bbox 2303 590 2460 656; x_wconf 83' lang='lat' dir='ltr'>__non</span> <span class='ocrx_word' id='word_1_42' title='bbox 2521 574 2806 656; x_wconf 84' lang='lat' dir='ltr'>profecto</span> <span class='ocrx_word' id='word_1_43' title='bbox 2865 574 3289 656; x_wconf 83' lang='lat' dir='ltr'>Christianus,</span> <span class='ocrx_word' id='word_1_44' title='bbox 3360 576 3471 636; x_wconf 88' lang='lat' dir='ltr'>sed</span> <span class='ocrx_word' id='word_1_45' title='bbox 3527 577 3715 656; x_wconf 89' lang='lat' dir='ltr'>Cyni-</span> 
     </span>
    </p>
   </div>
   <div class='ocr_carea' id='block_1_4' title="bbox 295 651 3719 733">
    <p class='ocr_par' dir='ltr' id='par_1_4' title="bbox 295 651 3719 733">
     <span class='ocr_line' id='line_1_5' title="bbox 295 651 3719 733; baseline 0.001 -19"><span class='ocrx_word' id='word_1_46' title='bbox 295 673 429 714; x_wconf 91' lang='lat' dir='ltr'>cus.</span> <span class='ocrx_word' id='word_1_47' title='bbox 492 653 660 714; x_wconf 86' lang='lat' dir='ltr'>Nihil</span> <span class='ocrx_word' id='word_1_48' title='bbox 718 655 885 715; x_wconf 82' lang='lat' dir='ltr'>enim</span> <span class='ocrx_word' id='word_1_49' title='bbox 943 651 1221 713; x_wconf 81' lang='lat' dir='ltr'>dicemus</span> <span class='ocrx_word' id='word_1_50' title='bbox 1281 653 1356 713; x_wconf 95' lang='lat' dir='ltr'>de</span> <span class='ocrx_word' id='word_1_51' title='bbox 1412 654 1608 731; x_wconf 85' lang='lat' dir='ltr'>ipsius</span> <span class='ocrx_word' id='word_1_52' title='bbox 1663 652 2101 713; x_wconf 84' lang='lat' dir='ltr'>inverecundis</span> <span class='ocrx_word' id='word_1_53' title='bbox 2159 651 2477 724; x_wconf 90' lang='lat' dir='ltr'>moribus,</span> <span class='ocrx_word' id='word_1_54' title='bbox 2551 653 2900 727; x_wconf 83' lang='lat' dir='ltr'>edacitate,</span> <span class='ocrx_word' id='word_1_55' title='bbox 2969 654 3243 732; x_wconf 79' lang='lat' dir='ltr'>ingluvie</span> <span class='ocrx_word' id='word_1_56' title='bbox 3300 662 3362 716; x_wconf 90' lang='lat' dir='ltr'>et</span> <span class='ocrx_word' id='word_1_57' title='bbox 3415 651 3719 733; x_wconf 80' lang='lat' dir='ltr'>ignoran-</span> 
     </span>
    </p>
   </div>
   <div class='ocr_carea' id='block_1_5' title="bbox 296 732 3715 815">
    <p class='ocr_par' dir='ltr' id='par_1_5' title="bbox 296 732 3715 815">
     <span class='ocr_line' id='line_1_6' title="bbox 296 732 3715 815; baseline 0.001 -21"><span class='ocrx_word' id='word_1_58' title='bbox 296 735 426 805; x_wconf 90' lang='lat' dir='ltr'>tia,</span> <span class='ocrx_word' id='word_1_59' title='bbox 507 735 585 793; x_wconf 94' lang='lat' dir='ltr'>de</span> <span class='ocrx_word' id='word_1_60' title='bbox 654 735 881 813; x_wconf 87' lang='lat' dir='ltr'>quibus</span> <span class='ocrx_word' id='word_1_61' title='bbox 960 734 1332 815; x_wconf 87' lang='lat' dir='ltr'>Gregorius,</span> <span class='ocrx_word' id='word_1_62' title='bbox 1427 733 1831 815; x_wconf 69' lang='lat' dir='ltr'>Carminsde</span> <span class='ocrx_word' id='word_1_63' title='bbox 1890 732 2009 792; x_wconf 76' lang='lat' dir='ltr'>vita</span> <span class='ocrx_word' id='word_1_64' title='bbox 2066 732 2429 815; x_wconf 54' lang='lat' dir='ltr'>suai72),</span> <span class='ocrx_word' id='word_1_65' title='bbox 2511 734 3104 815; x_wconf 15' lang='lat' dir='ltr'>fuserrecantando</span> <span class='ocrx_word' id='word_1_66' title='bbox 3180 732 3543 815; x_wconf 80' lang='lat' dir='ltr'>pertractat.</span> <span class='ocrx_word' id='word_1_67' title='bbox 3605 738 3715 798; x_wconf 89' lang='lat' dir='ltr'>Ille</span> 
     </span>
    </p>
   </div>
   <div class='ocr_carea' id='block_1_6' title="bbox 298 813 3718 897">
    <p class='ocr_par' dir='ltr' id='par_1_6' title="bbox 298 813 3718 897">
     <span class='ocr_line' id='line_1_7' title="bbox 298 813 3718 897; baseline 0.001 -22"><span class='ocrx_word' id='word_1_68' title='bbox 298 816 581 894; x_wconf 89' lang='lat' dir='ltr'>quidem,</span> <span class='ocrx_word' id='word_1_69' title='bbox 615 816 697 875; x_wconf 93' lang='lat' dir='ltr'>ob</span> <span class='ocrx_word' id='word_1_70' title='bbox 745 815 954 894; x_wconf 91' lang='lat' dir='ltr'>turpia</span> <span class='ocrx_word' id='word_1_71' title='bbox 1002 814 1293 897; x_wconf 83' lang='lat' dir='ltr'>quadam</span> <span class='ocrx_word' id='word_1_72' title='bbox 1346 815 1642 897; x_wconf 78' lang='lat' dir='ltr'>facinora,</span> <span class='ocrx_word' id='word_1_73' title='bbox 1680 813 1869 897; x_wconf 88' lang='lat' dir='ltr'>virgis</span> <span class='ocrx_word' id='word_1_74' title='bbox 1919 832 2113 897; x_wconf 85' lang='lat' dir='ltr'>casus</span> <span class='ocrx_word' id='word_1_75' title='bbox 2163 814 2328 872; x_wconf 89' lang='lat' dir='ltr'>circa</span> <span class='ocrx_word' id='word_1_76' title='bbox 2376 814 2799 897; x_wconf 72' lang='lat' dir='ltr'>annum_374,</span> <span class='ocrx_word' id='word_1_77' title='bbox 2854 815 2917 874; x_wconf 93' lang='lat' dir='ltr'>in</span> <span class='ocrx_word' id='word_1_78' title='bbox 2970 813 3199 877; x_wconf 76' lang='lat' dir='ltr'>Oasim</span> <span class='ocrx_word' id='word_1_79' title='bbox 3228 816 3497 876; x_wconf 88' lang='lat' dir='ltr'>insulam</span> <span class='ocrx_word' id='word_1_80' title='bbox 3547 827 3718 897; x_wconf 91' lang='lat' dir='ltr'>post-</span> 
     </span>
    </p>
   </div>
   <div class='ocr_carea' id='block_1_7' title="bbox 297 894 3721 975">
    <p class='ocr_par' dir='ltr' id='par_1_7' title="bbox 297 894 3721 975">
     <span class='ocr_line' id='line_1_8' title="bbox 297 894 3721 975; baseline 0 -18"><span class='ocrx_word' id='word_1_81' title='bbox 297 914 376 957; x_wconf 87' lang='lat' dir='ltr'>ea</span> <span class='ocrx_word' id='word_1_82' title='bbox 433 898 801 974; x_wconf 76' lang='lat' dir='ltr'>deportatus</span> <span class='ocrx_word' id='word_1_83' title='bbox 856 903 995 968; x_wconf 83' lang='lat' dir='ltr'>est;</span> <span class='ocrx_word' id='word_1_84' title='bbox 1059 894 1222 955; x_wconf 89' lang='lat' dir='ltr'>unde</span> <span class='ocrx_word' id='word_1_85' title='bbox 1282 902 1422 973; x_wconf 90' lang='lat' dir='ltr'>post</span> <span class='ocrx_word' id='word_1_86' title='bbox 1476 896 1962 973; x_wconf 88' lang='lat' dir='ltr'>quadriennium</span> <span class='ocrx_word' id='word_1_87' title='bbox 2024 894 2314 975; x_wconf 85' lang='lat' dir='ltr'>elapsus,</span> <span class='ocrx_word' id='word_1_88' title='bbox 2387 912 2460 953; x_wconf 90' lang='lat' dir='ltr'>ac</span> <span class='ocrx_word' id='word_1_89' title='bbox 2522 895 2788 955; x_wconf 91' lang='lat' dir='ltr'>multum</span> <span class='ocrx_word' id='word_1_90' title='bbox 2851 902 3157 973; x_wconf 79' lang='lat' dir='ltr'>vagatus,</span> <span class='ocrx_word' id='word_1_91' title='bbox 3239 898 3473 975; x_wconf 84' lang='lat' dir='ltr'>ubique</span> <span class='ocrx_word' id='word_1_92' title='bbox 3528 894 3721 959; x_wconf 76' lang='lat' dir='ltr'>scele-</span> 
     </span>
    </p>
   </div>
   <div class='ocr_carea' id='block_1_8' title="bbox 296 974 3722 1054">
    <p class='ocr_par' dir='ltr' id='par_1_8' title="bbox 296 974 3722 1054">
     <span class='ocr_line' id='line_1_9' title="bbox 296 974 3722 1054; baseline 0.001 -17"><span class='ocrx_word' id='word_1_93' title='bbox 296 995 442 1037; x_wconf 90' lang='lat' dir='ltr'>rum</span> <span class='ocrx_word' id='word_1_94' title='bbox 499 994 757 1036; x_wconf 91' lang='lat' dir='ltr'>suorum</span> <span class='ocrx_word' id='word_1_95' title='bbox 816 976 1073 1053; x_wconf 87' lang='lat' dir='ltr'>vestigia</span> <span class='ocrx_word' id='word_1_96' title='bbox 1132 976 1528 1053; x_wconf 90' lang='lat' dir='ltr'>relinquens,</span> <span class='ocrx_word' id='word_1_97' title='bbox 1594 974 2205 1054; x_wconf 84' lang='lat' dir='ltr'>Constantinopolim</span> <span class='ocrx_word' id='word_1_98' title='bbox 2264 975 2518 1034; x_wconf 91' lang='lat' dir='ltr'>tandem</span> <span class='ocrx_word' id='word_1_99' title='bbox 2579 976 2851 1054; x_wconf 89' lang='lat' dir='ltr'>appullit</span> <span class='ocrx_word' id='word_1_100' title='bbox 2907 984 3075 1037; x_wconf 68' lang='lat' dir='ltr'>anno</span> <span class='ocrx_word' id='word_1_101' title='bbox 3134 978 3274 1039; x_wconf 88' lang='lat'><strong>379.</strong></span> <span class='ocrx_word' id='word_1_102' title='bbox 3336 974 3592 1038; x_wconf 82' lang='lat' dir='ltr'>Pietatis</span> <span class='ocrx_word' id='word_1_103' title='bbox 3651 997 3722 1039; x_wconf 91' lang='lat' dir='ltr'>ac</span> 
     </span>
    </p>
   </div>
   <div class='ocr_carea' id='block_1_9' title="bbox 296 1054 3727 1137">
    <p class='ocr_par' dir='ltr' id='par_1_9' title="bbox 296 1054 3727 1137">
     <span class='ocr_line' id='line_1_10' title="bbox 296 1054 3727 1137; baseline 0.001 -20"><span class='ocrx_word' id='word_1_104' title='bbox 296 1056 622 1134; x_wconf 79' lang='lat' dir='ltr'>religionis</span> <span class='ocrx_word' id='word_1_105' title='bbox 676 1057 1014 1117; x_wconf 89' lang='lat' dir='ltr'>simulacro</span> <span class='ocrx_word' id='word_1_106' title='bbox 1069 1056 1391 1137; x_wconf 86' lang='lat' dir='ltr'>obtectus,</span> <span class='ocrx_word' id='word_1_107' title='bbox 1464 1056 1833 1137; x_wconf 90' lang='lat' dir='ltr'>Gregorium</span> <span class='ocrx_word' id='word_1_108' title='bbox 1891 1054 2060 1137; x_wconf 82' lang='lat' dir='ltr'>adit,</span> <span class='ocrx_word' id='word_1_109' title='bbox 2137 1054 2443 1137; x_wconf 90' lang='lat' dir='ltr'>ﬁngitque</span> <span class='ocrx_word' id='word_1_110' title='bbox 2502 1074 2565 1115; x_wconf 89' lang='lat' dir='ltr'>se</span> <span class='ocrx_word' id='word_1_111' title='bbox 2623 1075 2737 1133; x_wconf 93' lang='lat' dir='ltr'>pro</span> <span class='ocrx_word' id='word_1_112' title='bbox 2774 1057 3029 1137; x_wconf 91' lang='lat' dir='ltr'>Christi</span> <span class='ocrx_word' id='word_1_113' title='bbox 3086 1059 3339 1117; x_wconf 89' lang='lat' dir='ltr'>nomine</span> <span class='ocrx_word' id='word_1_114' title='bbox 3396 1059 3608 1137; x_wconf 87' lang='lat' dir='ltr'>virgas</span> <span class='ocrx_word' id='word_1_115' title='bbox 3665 1067 3727 1119; x_wconf 93' lang='lat' dir='ltr'>et</span> 
     </span>
    </p>
   </div>
   <div class='ocr_carea' id='block_1_10' title="bbox 296 1134 3725 1215">
    <p class='ocr_par' dir='ltr' id='par_1_10' title="bbox 296 1134 3725 1215">
     <span class='ocr_line' id='line_1_11' title="bbox 296 1134 3725 1215; baseline 0 -17"><span class='ocrx_word' id='word_1_116' title='bbox 296 1137 590 1198; x_wconf 78' lang='lat' dir='ltr'>exsilium</span> <span class='ocrx_word' id='word_1_117' title='bbox 668 1138 951 1198; x_wconf 90' lang='lat' dir='ltr'>subiisse.</span> <span class='ocrx_word' id='word_1_118' title='bbox 1011 1137 1214 1215; x_wconf 83' lang='lat' dir='ltr'>Ipsius</span> <span class='ocrx_word' id='word_1_119' title='bbox 1271 1136 1431 1197; x_wconf 89' lang='lat' dir='ltr'>dolis</span> <span class='ocrx_word' id='word_1_120' title='bbox 1505 1154 1579 1196; x_wconf 90' lang='lat' dir='ltr'>ac</span> <span class='ocrx_word' id='word_1_121' title='bbox 1658 1134 2164 1197; x_wconf 84' lang='lat' dir='ltr'>simulationibus</span> <span class='ocrx_word' id='word_1_122' title='bbox 2224 1136 2524 1215; x_wconf 92' lang='lat' dir='ltr'>deceptus</span> <span class='ocrx_word' id='word_1_123' title='bbox 2592 1136 2989 1215; x_wconf 88' lang='lat' dir='ltr'>Theologus,</span> <span class='ocrx_word' id='word_1_124' title='bbox 3071 1156 3215 1198; x_wconf 90' lang='lat' dir='ltr'>eum</span> <span class='ocrx_word' id='word_1_125' title='bbox 3272 1134 3562 1200; x_wconf 78' lang='lat' dir='ltr'>amanter</span> <span class='ocrx_word' id='word_1_126' title='bbox 3616 1158 3725 1199; x_wconf 88' lang='lat' dir='ltr'>ex-</span> 
     </span>
    </p>
   </div>
   <div class='ocr_carea' id='block_1_11' title="bbox 293 1215 3729 1358">
    <p class='ocr_par' dir='ltr' id='par_1_11' title="bbox 293 1215 3729 1358">
     <span class='ocr_line' id='line_1_12' title="bbox 293 1215 3729 1358; baseline 0.001 -79"><span class='ocrx_word' id='word_1_127' title='bbox 293 1224 573 1358; x_wconf 44' lang='lat' dir='ltr'>ﬁegtu&#39;rtn,</span> <span class='ocrx_word' id='word_1_128' title='bbox 635 1218 700 1277; x_wconf 90' lang='lat' dir='ltr'>in</span> <span class='ocrx_word' id='word_1_129' title='bbox 758 1218 1165 1280; x_wconf 77' lang='lat' dir='ltr'>familiai-ium</span> <span class='ocrx_word' id='word_1_130' title='bbox 1223 1236 1486 1277; x_wconf 92' lang='lat' dir='ltr'>numero</span> <span class='ocrx_word' id='word_1_131' title='bbox 1547 1219 1862 1296; x_wconf 89' lang='lat' dir='ltr'>ascripsit,</span> <span class='ocrx_word' id='word_1_132' title='bbox 1927 1222 2119 1295; x_wconf 89' lang='lat' dir='ltr'>atque</span> <span class='ocrx_word' id='word_1_133' title='bbox 2173 1215 2358 1276; x_wconf 89' lang='lat' dir='ltr'>istam</span> <span class='ocrx_word' id='word_1_134' title='bbox 2421 1216 2685 1278; x_wconf 86' lang='lat' dir='ltr'>subinde</span> <span class='ocrx_word' id='word_1_135' title='bbox 2742 1218 3092 1279; x_wconf 90' lang='lat' dir='ltr'>orationem</span> <span class='ocrx_word' id='word_1_136' title='bbox 3135 1219 3200 1278; x_wconf 93' lang='lat' dir='ltr'>in</span> <span class='ocrx_word' id='word_1_137' title='bbox 3255 1218 3423 1280; x_wconf 90' lang='lat' dir='ltr'>illius</span> <span class='ocrx_word' id='word_1_138' title='bbox 3473 1219 3729 1281; x_wconf 87' lang='lat' dir='ltr'>laudem</span> 
     </span>
     <span class='ocr_line' id='line_1_13' title="bbox 348 1317 545 1358; baseline -0.005 0"><span class='ocrx_word' id='word_1_139' title='bbox 348 1318 385 1358; x_wconf 87' lang='lat' dir='ltr'>a</span> <span class='ocrx_word' id='word_1_140' title='bbox 435 1317 495 1358; x_wconf 84' lang='lat' dir='ltr'>lli</span> <span class='ocrx_word' id='word_1_141' title='bbox 532 1344 545 1357; x_wconf 94' lang='lat'>.</span> 
     </span>
    </p>
   </div>
   <div class='ocr_carea' id='block_1_12' title="bbox 348 1300 545 1360">
    <p class='ocr_par' dir='ltr' id='par_1_12' title="bbox 348 1300 545 1360">
     <span class='ocr_line' id='line_1_14' title="bbox 348 1300 545 1360; baseline -0.015 0"><span class='ocrx_word' id='word_1_142' title='bbox 348 1300 545 1360; x_wconf 87' lang='lat' dir='ltr'>abuit.</span> 
     </span>
    </p>
   </div>
   <div class='ocr_carea' id='block_1_13' title="bbox 384 1375 3728 1456">
    <p class='ocr_par' dir='ltr' id='par_1_13' title="bbox 384 1375 3728 1456">
     <span class='ocr_line' id='line_1_15' title="bbox 384 1375 3728 1456; baseline -0.001 -15"><span class='ocrx_word' id='word_1_143' title='bbox 384 1382 456 1441; x_wconf 74' lang='grc' dir='ltr'><strong>ν.</strong></span> <span class='ocrx_word' id='word_1_144' title='bbox 506 1379 731 1440; x_wconf 90' lang='lat' dir='ltr'>Mirum</span> <span class='ocrx_word' id='word_1_145' title='bbox 790 1396 938 1439; x_wconf 91' lang='lat' dir='ltr'>sane</span> <span class='ocrx_word' id='word_1_146' title='bbox 996 1378 1223 1456; x_wconf 90' lang='lat' dir='ltr'>cuique</span> <span class='ocrx_word' id='word_1_147' title='bbox 1292 1376 1492 1437; x_wconf 90' lang='lat' dir='ltr'>videri</span> <span class='ocrx_word' id='word_1_148' title='bbox 1556 1376 1763 1450; x_wconf 88' lang='lat' dir='ltr'>debet,</span> <span class='ocrx_word' id='word_1_149' title='bbox 1816 1382 2125 1455; x_wconf 90' lang='lat' dir='ltr'>quantum</span> <span class='ocrx_word' id='word_1_150' title='bbox 2178 1375 2511 1453; x_wconf 86' lang='lat' dir='ltr'>Gregorius</span> <span class='ocrx_word' id='word_1_151' title='bbox 2565 1376 2755 1437; x_wconf 82' lang='lat' dir='ltr'>fuerit</span> <span class='ocrx_word' id='word_1_152' title='bbox 2809 1396 2847 1436; x_wconf 89' lang='lat' dir='ltr'>a</span> <span class='ocrx_word' id='word_1_153' title='bbox 2891 1377 3166 1440; x_wconf 85' lang='lat' dir='ltr'>Maximo</span> <span class='ocrx_word' id='word_1_154' title='bbox 3213 1378 3489 1439; x_wconf 91' lang='lat' dir='ltr'>delusus.</span> <span class='ocrx_word' id='word_1_155' title='bbox 3541 1382 3728 1454; x_wconf 91' lang='lat' dir='ltr'>Nam,</span> 
     </span>
    </p>
   </div>
   <div class='ocr_carea' id='block_1_14' title="bbox 297 1457 3732 1536">
    <p class='ocr_par' dir='ltr' id='par_1_14' title="bbox 297 1457 3732 1536">
     <span class='ocr_line' id='line_1_16' title="bbox 297 1457 3732 1536; baseline 0 -18"><span class='ocrx_word' id='word_1_156' title='bbox 297 1457 355 1518; x_wconf 87' lang='lat' dir='ltr'>si</span> <span class='ocrx_word' id='word_1_157' title='bbox 414 1458 586 1519; x_wconf 91' lang='lat' dir='ltr'>nulla</span> <span class='ocrx_word' id='word_1_158' title='bbox 641 1458 770 1519; x_wconf 90' lang='lat' dir='ltr'>alia</span> <span class='ocrx_word' id='word_1_159' title='bbox 824 1465 1145 1520; x_wconf 81' lang='lat' dir='ltr'>exstarent</span> <span class='ocrx_word' id='word_1_160' title='bbox 1199 1459 1276 1519; x_wconf 91' lang='lat' dir='ltr'>de</span> <span class='ocrx_word' id='word_1_161' title='bbox 1348 1459 1465 1518; x_wconf 90' lang='lat' dir='ltr'>isto</span> <span class='ocrx_word' id='word_1_162' title='bbox 1516 1457 1747 1535; x_wconf 89' lang='lat' dir='ltr'>Cynico</span> <span class='ocrx_word' id='word_1_163' title='bbox 1796 1457 2113 1517; x_wconf 92' lang='lat' dir='ltr'>contraria</span> <span class='ocrx_word' id='word_1_164' title='bbox 2165 1463 2597 1529; x_wconf 88' lang='lat' dir='ltr'>monumenta,</span> <span class='ocrx_word' id='word_1_165' title='bbox 2648 1458 2949 1536; x_wconf 87' lang='lat' dir='ltr'>praclare</span> <span class='ocrx_word' id='word_1_166' title='bbox 2996 1459 3249 1536; x_wconf 91' lang='lat' dir='ltr'>quidem</span> <span class='ocrx_word' id='word_1_167' title='bbox 3299 1460 3375 1521; x_wconf 90' lang='lat' dir='ltr'>de</span> <span class='ocrx_word' id='word_1_168' title='bbox 3429 1460 3540 1521; x_wconf 91' lang='lat' dir='ltr'>illo</span> <span class='ocrx_word' id='word_1_169' title='bbox 3589 1480 3732 1521; x_wconf 91' lang='lat' dir='ltr'>sen-</span> 
     </span>
    </p>
   </div>
   <div class='ocr_carea' id='block_1_15' title="bbox 298 1536 3729 1620">
    <p class='ocr_par' dir='ltr' id='par_1_15' title="bbox 298 1536 3729 1620">
     <span class='ocr_line' id='line_1_17' title="bbox 298 1536 3729 1620; baseline 0.001 -21"><span class='ocrx_word' id='word_1_170' title='bbox 298 1540 585 1601; x_wconf 90' lang='lat' dir='ltr'>tiendum</span> <span class='ocrx_word' id='word_1_171' title='bbox 643 1540 821 1599; x_wconf 82' lang='lat' dir='ltr'>foret.</span> <span class='ocrx_word' id='word_1_172' title='bbox 887 1539 985 1599; x_wconf 87' lang='lat' dir='ltr'>Sic</span> <span class='ocrx_word' id='word_1_173' title='bbox 1044 1541 1215 1620; x_wconf 88' lang='lat' dir='ltr'>enim</span> <span class='ocrx_word' id='word_1_174' title='bbox 1283 1538 1607 1598; x_wconf 85' lang='lat' dir='ltr'>exorditur</span> <span class='ocrx_word' id='word_1_175' title='bbox 1655 1546 1917 1620; x_wconf 87' lang='lat' dir='ltr'>orator:</span> <span class='ocrx_word' id='word_1_176' title='bbox 1976 1536 2492 1620; x_wconf 72' lang='lat' dir='ltr'>«Philosophum</span> <span class='ocrx_word' id='word_1_177' title='bbox 2541 1538 2839 1620; x_wconf 83' lang='lat' dir='ltr'>laudabo,</span> <span class='ocrx_word' id='word_1_178' title='bbox 2878 1562 2905 1594; x_wconf 67' lang='lat' dir='ltr'><strong><em>n</em></strong></span> <span class='ocrx_word' id='word_1_179' title='bbox 2957 1549 3058 1620; x_wconf 83' lang='lat' dir='ltr'>et,</span> <span class='ocrx_word' id='word_1_180' title='bbox 3093 1539 3511 1620; x_wconf 90' lang='lat' dir='ltr'>philosophia</span> <span class='ocrx_word' id='word_1_181' title='bbox 3561 1560 3729 1601; x_wconf 91' lang='lat' dir='ltr'>com-</span> 
     </span>
    </p>
   </div>
   <div class='ocr_carea' id='block_1_16' title="bbox 299 1618 3732 1699">
    <p class='ocr_par' dir='ltr' id='par_1_16' title="bbox 299 1618 3732 1699">
     <span class='ocr_line' id='line_1_18' title="bbox 299 1618 3732 1699; baseline 0 -20"><span class='ocrx_word' id='word_1_182' title='bbox 299 1620 510 1682; x_wconf 89' lang='lat' dir='ltr'>modis</span> <span class='ocrx_word' id='word_1_183' title='bbox 580 1627 770 1698; x_wconf 89' lang='lat' dir='ltr'>atque</span> <span class='ocrx_word' id='word_1_184' title='bbox 853 1621 1123 1679; x_wconf 87' lang='lat' dir='ltr'>utilitate</span> <span class='ocrx_word' id='word_1_185' title='bbox 1202 1619 1479 1678; x_wconf 90' lang='lat' dir='ltr'>breviter</span> <span class='ocrx_word' id='word_1_186' title='bbox 1554 1618 1921 1699; x_wconf 79' lang='lat' dir='ltr'>expositis,</span> <span class='ocrx_word' id='word_1_187' title='bbox 1969 1624 2343 1699; x_wconf 88' lang='lat' dir='ltr'>prasentem</span> <span class='ocrx_word' id='word_1_188' title='bbox 2423 1618 2763 1699; x_wconf 80' lang='lat' dir='ltr'>Maximum</span> <span class='ocrx_word' id='word_1_189' title='bbox 2821 1619 3245 1697; x_wconf 91' lang='lat' dir='ltr'>compellans,</span> <span class='ocrx_word' id='word_1_190' title='bbox 3327 1618 3732 1699; x_wconf 77' lang='lat' dir='ltr'>prosequitur</span> 
     </span>
    </p>
   </div>
   <div class='ocr_carea' id='block_1_17' title="bbox 298 1697 3737 1781">
    <p class='ocr_par' dir='ltr' id='par_1_17' title="bbox 298 1697 3737 1781">
     <span class='ocr_line' id='line_1_19' title="bbox 298 1697 3737 1781; baseline 0.001 -22"><span class='ocrx_word' id='word_1_191' title='bbox 298 1704 393 1780; x_wconf 81' lang='grc' dir='ltr'>(η.</span> <span class='ocrx_word' id='word_1_192' title='bbox 453 1703 517 1781; x_wconf 78' lang='grc'>2)</span> <span class='ocrx_word' id='word_1_193' title='bbox 568 1721 582 1761; x_wconf 89' lang='lat'><strong>:</strong></span> <span class='ocrx_word' id='word_1_194' title='bbox 668 1697 698 1756; x_wconf 67' lang='grc' dir='ltr'>ξι</span> <span class='ocrx_word' id='word_1_195' title='bbox 748 1702 881 1760; x_wconf 89' lang='lat' dir='ltr'>Huc</span> <span class='ocrx_word' id='word_1_196' title='bbox 936 1700 1123 1773; x_wconf 88' lang='lat' dir='ltr'>ades,</span> <span class='ocrx_word' id='word_1_197' title='bbox 1193 1718 1231 1781; x_wconf 93' lang='lat' dir='ltr'>o</span> <span class='ocrx_word' id='word_1_198' title='bbox 1288 1699 1849 1779; x_wconf 84' lang='lat' dir='ltr'>philosOphorum,</span> <span class='ocrx_word' id='word_1_199' title='bbox 1913 1698 2039 1759; x_wconf 90' lang='lat' dir='ltr'>imo</span> <span class='ocrx_word' id='word_1_200' title='bbox 2096 1706 2157 1781; x_wconf 78' lang='lat' dir='ltr'>et</span> <span class='ocrx_word' id='word_1_201' title='bbox 2212 1697 2490 1781; x_wconf 82' lang='lat' dir='ltr'>veritatis</span> <span class='ocrx_word' id='word_1_202' title='bbox 2548 1705 2916 1781; x_wconf 78' lang='lat' dir='ltr'>martyrum</span> <span class='ocrx_word' id='word_1_203' title='bbox 2957 1697 3551 1778; x_wconf 44' lang='lat' dir='ltr'>prastantiss—ime..._</span> <span class='ocrx_word' id='word_1_204' title='bbox 3601 1704 3737 1762; x_wconf 86' lang='lat' dir='ltr'>Huc</span> 
     </span>
    </p>
   </div>
   <div class='ocr_carea' id='block_1_18' title="bbox 300 1778 3735 1861">
    <p class='ocr_par' dir='ltr' id='par_1_18' title="bbox 300 1778 3735 1861">
     <span class='ocr_line' id='line_1_20' title="bbox 300 1778 3735 1861; baseline -0 -19"><span class='ocrx_word' id='word_1_205' title='bbox 300 1778 504 1853; x_wconf 53' lang='lat' dir='ltr'>ades,</span> <span class='ocrx_word' id='word_1_206' title='bbox 536 1781 907 1841; x_wconf 88' lang='lat' dir='ltr'>adulterina</span> <span class='ocrx_word' id='word_1_207' title='bbox 960 1778 1299 1857; x_wconf 82' lang='lat' dir='ltr'>sapientia</span> <span class='ocrx_word' id='word_1_208' title='bbox 1354 1782 1785 1840; x_wconf 85' lang='lat' dir='ltr'>confutator...</span> <span class='ocrx_word' id='word_1_209' title='bbox 1849 1782 1983 1839; x_wconf 89' lang='lat' dir='ltr'>Huc</span> <span class='ocrx_word' id='word_1_210' title='bbox 2040 1779 2374 1861; x_wconf 70' lang='lat' dir='ltr'>ades,_qui</span> <span class='ocrx_word' id='word_1_211' title='bbox 2550 1778 2756 1839; x_wconf 88' lang='lat' dir='ltr'>alieno</span> <span class='ocrx_word' id='word_1_212' title='bbox 2816 1779 3035 1840; x_wconf 89' lang='lat' dir='ltr'>habitu</span> <span class='ocrx_word' id='word_1_213' title='bbox 3086 1788 3299 1841; x_wconf 89' lang='lat' dir='ltr'>nostra</span> <span class='ocrx_word' id='word_1_214' title='bbox 3348 1783 3735 1861; x_wconf 79' lang='lat' dir='ltr'>profiteris...</span> 
     </span>
    </p>
   </div>
   <div class='ocr_carea' id='block_1_19' title="bbox 298 1859 3739 1939">
    <p class='ocr_par' dir='ltr' id='par_1_19' title="bbox 298 1859 3739 1939">
     <span class='ocr_line' id='line_1_21' title="bbox 298 1859 3739 1939; baseline 0 -18"><span class='ocrx_word' id='word_1_215' title='bbox 298 1864 439 1922; x_wconf 88' lang='lat' dir='ltr'>Huc</span> <span class='ocrx_word' id='word_1_216' title='bbox 496 1862 668 1931; x_wconf 89' lang='lat' dir='ltr'>ades,</span> <span class='ocrx_word' id='word_1_217' title='bbox 730 1868 792 1921; x_wconf 91' lang='lat' dir='ltr'>et</span> <span class='ocrx_word' id='word_1_218' title='bbox 849 1862 929 1921; x_wconf 87' lang='lat' dir='ltr'>ad</span> <span class='ocrx_word' id='word_1_219' title='bbox 989 1880 1272 1921; x_wconf 87' lang='lat' dir='ltr'>mensam</span> <span class='ocrx_word' id='word_1_220' title='bbox 1343 1862 1667 1938; x_wconf 86' lang='lat' dir='ltr'>mysticam</span> <span class='ocrx_word' id='word_1_221' title='bbox 1734 1861 1993 1939; x_wconf 90' lang='lat' dir='ltr'>propius</span> <span class='ocrx_word' id='word_1_222' title='bbox 2052 1859 2351 1919; x_wconf 88' lang='lat' dir='ltr'>accede...</span> <span class='ocrx_word' id='word_1_223' title='bbox 2412 1860 2545 1919; x_wconf 92' lang='lat' dir='ltr'>Huc</span> <span class='ocrx_word' id='word_1_224' title='bbox 2603 1862 2773 1931; x_wconf 90' lang='lat' dir='ltr'>ades,</span> <span class='ocrx_word' id='word_1_225' title='bbox 2828 1868 2888 1920; x_wconf 94' lang='lat' dir='ltr'>te</span> <span class='ocrx_word' id='word_1_226' title='bbox 2945 1863 3193 1921; x_wconf 91' lang='lat' dir='ltr'>coronis</span> <span class='ocrx_word' id='word_1_227' title='bbox 3249 1859 3479 1923; x_wconf 85' lang='lat' dir='ltr'>nostris</span> <span class='ocrx_word' id='word_1_228' title='bbox 3526 1864 3739 1923; x_wconf 91' lang='lat' dir='ltr'>devin-</span> 
     </span>
    </p>
   </div>
   <div class='ocr_carea' id='block_1_20' title="bbox 302 1939 3728 2019">
    <p class='ocr_par' dir='ltr' id='par_1_20' title="bbox 302 1939 3728 2019">
     <span class='ocr_line' id='line_1_22' title="bbox 302 1939 3728 2019; baseline 0 -17"><span class='ocrx_word' id='word_1_229' title='bbox 302 1943 496 2009; x_wconf 88' lang='lat' dir='ltr'>ciam,</span> <span class='ocrx_word' id='word_1_230' title='bbox 548 1960 621 2001; x_wconf 90' lang='lat' dir='ltr'>ac</span> <span class='ocrx_word' id='word_1_231' title='bbox 666 1942 837 2001; x_wconf 90' lang='lat' dir='ltr'>clara</span> <span class='ocrx_word' id='word_1_232' title='bbox 888 1960 1058 2013; x_wconf 90' lang='lat' dir='ltr'>voce,</span> <span class='ocrx_word' id='word_1_233' title='bbox 1096 1960 1221 2001; x_wconf 92' lang='lat' dir='ltr'>non</span> <span class='ocrx_word' id='word_1_234' title='bbox 1273 1941 1337 1998; x_wconf 93' lang='lat' dir='ltr'>in</span> <span class='ocrx_word' id='word_1_235' title='bbox 1391 1942 1601 2001; x_wconf 91' lang='lat' dir='ltr'>media</span> <span class='ocrx_word' id='word_1_236' title='bbox 1650 1940 1963 2019; x_wconf 50' lang='lat' dir='ltr'>Olympia,</span> <span class='ocrx_word' id='word_1_237' title='bbox 2001 1958 2113 2000; x_wconf 84' lang='lat' dir='ltr'>nec</span> <span class='ocrx_word' id='word_1_238' title='bbox 2161 1941 2225 1999; x_wconf 92' lang='lat' dir='ltr'>in</span> <span class='ocrx_word' id='word_1_239' title='bbox 2276 1939 2503 2017; x_wconf 86' lang='lat' dir='ltr'>exiguo</span> <span class='ocrx_word' id='word_1_240' title='bbox 2554 1942 2806 2001; x_wconf 88' lang='lat' dir='ltr'>Gracia</span> <span class='ocrx_word' id='word_1_241' title='bbox 2862 1941 3129 2015; x_wconf 88' lang='lat' dir='ltr'>theatro,</span> <span class='ocrx_word' id='word_1_242' title='bbox 3164 1945 3269 2001; x_wconf 90' lang='lat' dir='ltr'>sed</span> <span class='ocrx_word' id='word_1_243' title='bbox 3314 1961 3527 2004; x_wconf 90' lang='lat' dir='ltr'>coram</span> <span class='ocrx_word' id='word_1_244' title='bbox 3580 1944 3728 2010; x_wconf 87' lang='lat' dir='ltr'>Deo,</span> 
     </span>
    </p>
   </div>
   <div class='ocr_carea' id='block_1_21' title="bbox 299 2020 3734 2100">
    <p class='ocr_par' dir='ltr' id='par_1_21' title="bbox 299 2020 3734 2100">
     <span class='ocr_line' id='line_1_23' title="bbox 299 2020 3734 2100; baseline -0.001 -16"><span class='ocrx_word' id='word_1_245' title='bbox 299 2029 369 2084; x_wconf 88' lang='lat' dir='ltr'>et</span> <span class='ocrx_word' id='word_1_246' title='bbox 425 2023 688 2100; x_wconf 85' lang='lat' dir='ltr'>angelis,</span> <span class='ocrx_word' id='word_1_247' title='bbox 749 2028 810 2082; x_wconf 91' lang='lat' dir='ltr'>et</span> <span class='ocrx_word' id='word_1_248' title='bbox 870 2023 1159 2081; x_wconf 87' lang='lat' dir='ltr'>universo</span> <span class='ocrx_word' id='word_1_249' title='bbox 1226 2020 1519 2081; x_wconf 79' lang='lat' dir='ltr'>Ecclesia</span> <span class='ocrx_word' id='word_1_250' title='bbox 1580 2030 1745 2081; x_wconf 88' lang='lat' dir='ltr'>coetu</span> <span class='ocrx_word' id='word_1_251' title='bbox 1804 2024 2103 2081; x_wconf 87' lang='lat' dir='ltr'>victorem</span> <span class='ocrx_word' id='word_1_252' title='bbox 2167 2020 2658 2099; x_wconf 75' lang='lat' dir='ltr'>proclamabo.»</span> <span class='ocrx_word' id='word_1_253' title='bbox 2722 2022 2889 2094; x_wconf 87' lang='lat' dir='ltr'>Quis,</span> <span class='ocrx_word' id='word_1_254' title='bbox 2943 2022 3093 2081; x_wconf 91' lang='lat' dir='ltr'>talia</span> <span class='ocrx_word' id='word_1_255' title='bbox 3149 2023 3486 2095; x_wconf 85' lang='lat' dir='ltr'>audiendo,</span> <span class='ocrx_word' id='word_1_256' title='bbox 3539 2024 3734 2083; x_wconf 78' lang='lat' dir='ltr'>Maxi-</span> 
     </span>
    </p>
   </div>
   <div class='ocr_carea' id='block_1_22' title="bbox 300 2100 3731 2180">
    <p class='ocr_par' dir='ltr' id='par_1_22' title="bbox 300 2100 3731 2180">
     <span class='ocr_line' id='line_1_24' title="bbox 300 2100 3731 2180; baseline -0.001 -17"><span class='ocrx_word' id='word_1_257' title='bbox 300 2123 502 2175; x_wconf 88' lang='lat' dir='ltr'>mum,</span> <span class='ocrx_word' id='word_1_258' title='bbox 569 2109 638 2162; x_wconf 91' lang='lat' dir='ltr'>ut</span> <span class='ocrx_word' id='word_1_259' title='bbox 690 2102 971 2161; x_wconf 88' lang='lat' dir='ltr'>veritatis</span> <span class='ocrx_word' id='word_1_260' title='bbox 1031 2103 1369 2169; x_wconf 88' lang='lat' dir='ltr'>athletam,</span> <span class='ocrx_word' id='word_1_261' title='bbox 1433 2102 1579 2161; x_wconf 81' lang='lat' dir='ltr'>ﬁdei</span> <span class='ocrx_word' id='word_1_262' title='bbox 1637 2103 1953 2180; x_wconf 86' lang='lat' dir='ltr'>clypeum,</span> <span class='ocrx_word' id='word_1_263' title='bbox 2019 2101 2304 2161; x_wconf 77' lang='lat' dir='ltr'>Ecclesia</span> <span class='ocrx_word' id='word_1_264' title='bbox 2360 2100 2678 2173; x_wconf 89' lang='lat' dir='ltr'>columen,</span> <span class='ocrx_word' id='word_1_265' title='bbox 2742 2103 3117 2161; x_wconf 91' lang='lat' dir='ltr'>acerrimum</span> <span class='ocrx_word' id='word_1_266' title='bbox 3174 2104 3404 2163; x_wconf 89' lang='lat' dir='ltr'>erroris</span> <span class='ocrx_word' id='word_1_267' title='bbox 3459 2105 3731 2175; x_wconf 88' lang='lat' dir='ltr'>hostem,</span> 
     </span>
    </p>
   </div>
   <div class='ocr_carea' id='block_1_23' title="bbox 314 2180 3737 2263">
    <p class='ocr_par' dir='ltr' id='par_1_23' title="bbox 314 2180 3737 2263">
     <span class='ocr_line' id='line_1_25' title="bbox 314 2180 3737 2263; baseline -0 -19"><span class='ocrx_word' id='word_1_268' title='bbox 314 2191 379 2244; x_wconf 89' lang='lat' dir='ltr'>et</span> <span class='ocrx_word' id='word_1_269' title='bbox 433 2184 859 2243; x_wconf 89' lang='lat' dir='ltr'>ﬁrmissimum</span> <span class='ocrx_word' id='word_1_270' title='bbox 920 2182 1295 2263; x_wconf 10' lang='lat' dir='ltr'>divinitatis,</span> <span class='ocrx_word' id='word_1_271' title='bbox 1330 2184 1878 2261; x_wconf 84' lang='lat' dir='ltr'>propugnaculum</span> <span class='ocrx_word' id='word_1_272' title='bbox 1938 2202 2061 2240; x_wconf 78' lang='lat' dir='ltr'>non</span> <span class='ocrx_word' id='word_1_273' title='bbox 2119 2182 2519 2263; x_wconf 77' lang='lat' dir='ltr'>admiretur?</span> <span class='ocrx_word' id='word_1_274' title='bbox 2579 2180 2813 2263; x_wconf 85' lang='lat' dir='ltr'>Deinde</span> <span class='ocrx_word' id='word_1_275' title='bbox 2867 2181 3228 2260; x_wconf 90' lang='lat' dir='ltr'>Theologus</span> <span class='ocrx_word' id='word_1_276' title='bbox 3287 2183 3376 2261; x_wconf 91' lang='lat' dir='ltr'>(n.</span> <span class='ocrx_word' id='word_1_277' title='bbox 3433 2186 3534 2263; x_wconf 89' lang='lat'>3),</span> <span class='ocrx_word' id='word_1_278' title='bbox 3608 2202 3737 2244; x_wconf 91' lang='lat' dir='ltr'>non</span> 
     </span>
    </p>
   </div>
   <div class='ocr_carea' id='block_1_24' title="bbox 311 2261 3742 2343">
    <p class='ocr_par' dir='ltr' id='par_1_24' title="bbox 311 2261 3742 2343">
     <span class='ocr_line' id='line_1_26' title="bbox 311 2261 3742 2343; baseline 0 -20"><span class='ocrx_word' id='word_1_279' title='bbox 311 2290 343 2318; x_wconf 84' lang='lat'><strong>«</strong></span> <span class='ocrx_word' id='word_1_280' title='bbox 382 2264 731 2341; x_wconf 89' lang='lat' dir='ltr'>sanguinis,</span> <span class='ocrx_word' id='word_1_281' title='bbox 768 2286 797 2317; x_wconf 85' lang='lat'><strong>»</strong></span> <span class='ocrx_word' id='word_1_282' title='bbox 858 2264 966 2322; x_wconf 84' lang='lat' dir='ltr'>scd</span> <span class='ocrx_word' id='word_1_283' title='bbox 1023 2288 1051 2318; x_wconf 90' lang='grc'>‹‹</span> <span class='ocrx_word' id='word_1_284' title='bbox 1088 2262 1335 2343; x_wconf 88' lang='lat' dir='ltr'>pietatis</span> <span class='ocrx_word' id='word_1_285' title='bbox 1392 2264 1560 2322; x_wconf 91' lang='lat' dir='ltr'>illius</span> <span class='ocrx_word' id='word_1_286' title='bbox 1616 2280 1695 2322; x_wconf 89' lang='lat' dir='ltr'>ac</span> <span class='ocrx_word' id='word_1_287' title='bbox 1750 2281 1994 2321; x_wconf 89' lang='lat' dir='ltr'>morum</span> <span class='ocrx_word' id='word_1_288' title='bbox 2052 2262 2441 2343; x_wconf 50' lang='lat' dir='ltr'>nobilitatem</span> <span class='ocrx_word' id='word_1_289' title='bbox 2476 2284 2506 2315; x_wconf 84' lang='lat'>»</span> <span class='ocrx_word' id='word_1_290' title='bbox 2558 2261 2849 2343; x_wconf 81' lang='lat' dir='ltr'>extollit;</span> <span class='ocrx_word' id='word_1_291' title='bbox 2902 2268 2964 2321; x_wconf 87' lang='lat' dir='ltr'>et</span> <span class='ocrx_word' id='word_1_292' title='bbox 3012 2281 3383 2341; x_wconf 86' lang='lat' dir='ltr'>percurrens</span> <span class='ocrx_word' id='word_1_293' title='bbox 3433 2261 3742 2343; x_wconf 84' lang='lat' dir='ltr'>quascun-</span> 
     </span>
    </p>
   </div>
   <div class='ocr_carea' id='block_1_25' title="bbox 297 2341 3740 2424">
    <p class='ocr_par' dir='ltr' id='par_1_25' title="bbox 297 2341 3740 2424">
     <span class='ocr_line' id='line_1_27' title="bbox 297 2341 3740 2424; baseline 0 -21"><span class='ocrx_word' id='word_1_294' title='bbox 297 2363 426 2422; x_wconf 93' lang='lat' dir='ltr'>que</span> <span class='ocrx_word' id='word_1_295' title='bbox 464 2364 576 2424; x_wconf 91' lang='lat' dir='ltr'>pro</span> <span class='ocrx_word' id='word_1_296' title='bbox 628 2343 875 2405; x_wconf 84' lang='lat' dir='ltr'>Christo</span> <span class='ocrx_word' id='word_1_297' title='bbox 934 2345 1220 2424; x_wconf 10' lang='lat' dir='ltr'>subiisse?</span> <span class='ocrx_word' id='word_1_298' title='bbox 1258 2342 1579 2403; x_wconf 84' lang='lat' dir='ltr'>dictitarat</span> <span class='ocrx_word' id='word_1_299' title='bbox 1634 2342 1965 2424; x_wconf 84' lang='lat' dir='ltr'>hypocrita</span> <span class='ocrx_word' id='word_1_300' title='bbox 2024 2342 2395 2424; x_wconf 74' lang='lat' dir='ltr'>alﬁictiones</span> <span class='ocrx_word' id='word_1_301' title='bbox 2456 2347 2517 2399; x_wconf 89' lang='lat' dir='ltr'>et</span> <span class='ocrx_word' id='word_1_302' title='bbox 2575 2341 2823 2410; x_wconf 82' lang='lat' dir='ltr'>exsilia,</span> <span class='ocrx_word' id='word_1_303' title='bbox 2876 2361 3041 2415; x_wconf 90' lang='lat' dir='ltr'>eum,</span> <span class='ocrx_word' id='word_1_304' title='bbox 3100 2350 3167 2403; x_wconf 92' lang='lat' dir='ltr'>ut</span> <span class='ocrx_word' id='word_1_305' title='bbox 3224 2341 3471 2405; x_wconf 73' lang='lat' dir='ltr'>Christi</span> <span class='ocrx_word' id='word_1_306' title='bbox 3509 2351 3740 2423; x_wconf 86' lang='lat' dir='ltr'>marty-</span> 
     </span>
    </p>
   </div>
   <div class='ocr_carea' id='block_1_26' title="bbox 304 2421 3733 2503">
    <p class='ocr_par' dir='ltr' id='par_1_26' title="bbox 304 2421 3733 2503">
     <span class='ocr_line' id='line_1_28' title="bbox 304 2421 3733 2503; baseline 0 -18"><span class='ocrx_word' id='word_1_307' title='bbox 304 2421 486 2495; x_wconf 62' lang='lat' dir='ltr'>rem,</span> <span class='ocrx_word' id='word_1_308' title='bbox 566 2431 627 2485; x_wconf 91' lang='lat' dir='ltr'>et</span> <span class='ocrx_word' id='word_1_309' title='bbox 684 2424 981 2483; x_wconf 91' lang='lat' dir='ltr'>virtutum</span> <span class='ocrx_word' id='word_1_310' title='bbox 1056 2423 1339 2483; x_wconf 89' lang='lat' dir='ltr'>omnium</span> <span class='ocrx_word' id='word_1_311' title='bbox 1414 2423 1737 2503; x_wconf 83' lang='lat' dir='ltr'>exemplar</span> <span class='ocrx_word' id='word_1_312' title='bbox 1810 2421 2202 2481; x_wconf 71' lang='lat' dir='ltr'>auditoribus</span> <span class='ocrx_word' id='word_1_313' title='bbox 2282 2428 2715 2503; x_wconf 65' lang='lat' dir='ltr'>repraesentat.</span> <span class='ocrx_word' id='word_1_314' title='bbox 2778 2424 3006 2483; x_wconf 86' lang='lat' dir='ltr'>Verum</span> <span class='ocrx_word' id='word_1_315' title='bbox 3087 2424 3507 2501; x_wconf 88' lang='lat' dir='ltr'>ignoscendus</span> <span class='ocrx_word' id='word_1_316' title='bbox 3587 2421 3733 2503; x_wconf 82' lang='lat' dir='ltr'>pro-</span> 
     </span>
    </p>
   </div>
   <div class='ocr_carea' id='block_1_27' title="bbox 303 2501 3735 2581">
    <p class='ocr_par' dir='ltr' id='par_1_27' title="bbox 303 2501 3735 2581">
     <span class='ocr_line' id='line_1_29' title="bbox 303 2501 3735 2581; baseline 0 -16"><span class='ocrx_word' id='word_1_317' title='bbox 303 2507 474 2565; x_wconf 83' lang='lat' dir='ltr'>fecto</span> <span class='ocrx_word' id='word_1_318' title='bbox 524 2504 802 2581; x_wconf 90' lang='lat' dir='ltr'>Gregorii</span> <span class='ocrx_word' id='word_1_319' title='bbox 855 2520 1051 2577; x_wconf 87' lang='lat' dir='ltr'>error,</span> <span class='ocrx_word' id='word_1_320' title='bbox 1100 2504 1163 2561; x_wconf 92' lang='lat' dir='ltr'>in</span> <span class='ocrx_word' id='word_1_321' title='bbox 1221 2521 1410 2580; x_wconf 90' lang='lat' dir='ltr'>quem</span> <span class='ocrx_word' id='word_1_322' title='bbox 1470 2522 1541 2562; x_wconf 95' lang='lat' dir='ltr'>eo</span> <span class='ocrx_word' id='word_1_323' title='bbox 1598 2502 1841 2563; x_wconf 89' lang='lat' dir='ltr'>facilius</span> <span class='ocrx_word' id='word_1_324' title='bbox 1903 2503 2113 2580; x_wconf 84' lang='lat' dir='ltr'>lapsus</span> <span class='ocrx_word' id='word_1_325' title='bbox 2171 2508 2284 2573; x_wconf 91' lang='lat' dir='ltr'>est,</span> <span class='ocrx_word' id='word_1_326' title='bbox 2337 2520 2462 2578; x_wconf 88' lang='lat' dir='ltr'>quo</span> <span class='ocrx_word' id='word_1_327' title='bbox 2519 2501 2654 2579; x_wconf 90' lang='lat' dir='ltr'>ipse</span> <span class='ocrx_word' id='word_1_328' title='bbox 2704 2509 2867 2562; x_wconf 89' lang='lat' dir='ltr'>esset</span> <span class='ocrx_word' id='word_1_329' title='bbox 2916 2504 3267 2565; x_wconf 87' lang='lat' dir='ltr'>candidior.</span> <span class='ocrx_word' id='word_1_330' title='bbox 3324 2501 3735 2566; x_wconf 44' lang='lat' dir='ltr'>Etenim—viri</span> 
     </span>
    </p>
   </div>
   <div class='ocr_carea' id='block_1_28' title="bbox 311 2582 3725 2665">
    <p class='ocr_par' dir='ltr' id='par_1_28' title="bbox 311 2582 3725 2665">
     <span class='ocr_line' id='line_1_30' title="bbox 311 2582 3725 2665; baseline -0.001 -19"><span class='ocrx_word' id='word_1_331' title='bbox 311 2586 497 2665; x_wconf 90' lang='lat' dir='ltr'>probi</span> <span class='ocrx_word' id='word_1_332' title='bbox 555 2586 790 2645; x_wconf 88' lang='lat' dir='ltr'>bonum</span> <span class='ocrx_word' id='word_1_333' title='bbox 850 2584 1032 2643; x_wconf 88' lang='lat' dir='ltr'>facile</span> <span class='ocrx_word' id='word_1_334' title='bbox 1080 2583 1390 2655; x_wconf 87' lang='lat' dir='ltr'>credunt;</span> <span class='ocrx_word' id='word_1_335' title='bbox 1452 2584 1541 2665; x_wconf 7' lang='lat' dir='ltr'>ad,</span> <span class='ocrx_word' id='word_1_336' title='bbox 1589 2583 2037 2665; x_wconf 86' lang='lat' dir='ltr'>suspicandum</span> <span class='ocrx_word' id='word_1_337' title='bbox 2071 2602 2244 2665; x_wconf 91' lang='lat' dir='ltr'>_vero</span> <span class='ocrx_word' id='word_1_338' title='bbox 2303 2582 2539 2665; x_wconf 85' lang='lat' dir='ltr'>aliquid</span> <span class='ocrx_word' id='word_1_339' title='bbox 2593 2582 2763 2654; x_wconf 92' lang='lat' dir='ltr'>mali,</span> <span class='ocrx_word' id='word_1_340' title='bbox 2814 2602 3037 2661; x_wconf 89' lang='lat' dir='ltr'>segnes</span> <span class='ocrx_word' id='word_1_341' title='bbox 3089 2592 3235 2645; x_wconf 87' lang='lat' dir='ltr'>sunt</span> <span class='ocrx_word' id='word_1_342' title='bbox 3287 2592 3349 2646; x_wconf 90' lang='lat' dir='ltr'>et</span> <span class='ocrx_word' id='word_1_343' title='bbox 3399 2586 3725 2647; x_wconf 85' lang='lat' dir='ltr'>tardiores.</span> 
     </span>
    </p>
   </div>
   <div class='ocr_carea' id='block_1_29' title="bbox 314 2662 3733 2743">
    <p class='ocr_par' dir='ltr' id='par_1_29' title="bbox 314 2662 3733 2743">
     <span class='ocr_line' id='line_1_31' title="bbox 314 2662 3733 2743; baseline -0.001 -16"><span class='ocrx_word' id='word_1_344' title='bbox 314 2662 769 2743; x_wconf 84' lang='lat' dir='ltr'>Ignoscendus,</span> <span class='ocrx_word' id='word_1_345' title='bbox 829 2665 1123 2743; x_wconf 86' lang='lat' dir='ltr'>inquam,</span> <span class='ocrx_word' id='word_1_346' title='bbox 1182 2682 1389 2735; x_wconf 90' lang='lat' dir='ltr'>error,</span> <span class='ocrx_word' id='word_1_347' title='bbox 1448 2663 1628 2741; x_wconf 76' lang='lat' dir='ltr'>cuius</span> <span class='ocrx_word' id='word_1_348' title='bbox 1683 2664 1783 2743; x_wconf 86' lang='lat' dir='ltr'>sic</span> <span class='ocrx_word' id='word_1_349' title='bbox 1830 2662 2195 2739; x_wconf 70' lang='lat' dir='ltr'>Gregorium</span> <span class='ocrx_word' id='word_1_350' title='bbox 2257 2663 2590 2739; x_wconf 73' lang='lat' dir='ltr'>paenituit,</span> <span class='ocrx_word' id='word_1_351' title='bbox 2654 2670 2760 2735; x_wconf 90' lang='lat' dir='ltr'>ut,</span> <span class='ocrx_word' id='word_1_352' title='bbox 2823 2684 2947 2723; x_wconf 91' lang='lat' dir='ltr'>non</span> <span class='ocrx_word' id='word_1_353' title='bbox 3004 2665 3208 2724; x_wconf 90' lang='lat' dir='ltr'>solum</span> <span class='ocrx_word' id='word_1_354' title='bbox 3264 2666 3528 2739; x_wconf 91' lang='lat' dir='ltr'>laudes,</span> <span class='ocrx_word' id='word_1_355' title='bbox 3592 2667 3733 2743; x_wconf 87' lang='lat' dir='ltr'>qui-</span> 
     </span>
    </p>
   </div>
   <div class='ocr_carea' id='block_1_30' title="bbox 316 2741 3734 2822">
    <p class='ocr_par' dir='ltr' id='par_1_30' title="bbox 316 2741 3734 2822">
     <span class='ocr_line' id='line_1_32' title="bbox 316 2741 3734 2822; baseline -0.001 -16"><span class='ocrx_word' id='word_1_356' title='bbox 316 2741 438 2806; x_wconf 72' lang='lat' dir='ltr'>bus</span> <span class='ocrx_word' id='word_1_357' title='bbox 512 2747 856 2806; x_wconf 86' lang='lat' dir='ltr'>Maximum</span> <span class='ocrx_word' id='word_1_358' title='bbox 918 2741 1328 2817; x_wconf 21' lang='lat' dir='ltr'>Vcelebrarat,</span> <span class='ocrx_word' id='word_1_359' title='bbox 1403 2741 1856 2815; x_wconf 80' lang='lat' dir='ltr'>recantaverit,</span> <span class='ocrx_word' id='word_1_360' title='bbox 1945 2762 2159 2802; x_wconf 58' lang='lat' dir='ltr'>verum</span> <span class='ocrx_word' id='word_1_361' title='bbox 2214 2744 2402 2803; x_wconf 89' lang='lat' dir='ltr'>etiam</span> <span class='ocrx_word' id='word_1_362' title='bbox 2495 2766 2524 2798; x_wconf 86' lang='lat'>«</span> <span class='ocrx_word' id='word_1_363' title='bbox 2582 2744 2867 2821; x_wconf 83' lang='lat' dir='ltr'>linguam</span> <span class='ocrx_word' id='word_1_364' title='bbox 2946 2746 3408 2822; x_wconf 84' lang='lat' dir='ltr'>pracidendam</span> <span class='ocrx_word' id='word_1_365' title='bbox 3486 2741 3734 2807; x_wconf 85' lang='lat' dir='ltr'>obtule-</span> 
     </span>
    </p>
   </div>
   <div class='ocr_carea' id='block_1_31' title="bbox 306 2823 3729 2906">
    <p class='ocr_par' dir='ltr' id='par_1_31' title="bbox 306 2823 3729 2906">
     <span class='ocr_line' id='line_1_33' title="bbox 306 2823 3729 2906; baseline -0 -19"><span class='ocrx_word' id='word_1_366' title='bbox 306 2828 391 2887; x_wconf 89' lang='lat' dir='ltr'>rit</span> <span class='ocrx_word' id='word_1_367' title='bbox 448 2828 595 2906; x_wconf 85' lang='lat'>(73),</span> <span class='ocrx_word' id='word_1_368' title='bbox 631 2848 659 2885; x_wconf 71' lang='grc' dir='ltr'><strong>η</strong></span> <span class='ocrx_word' id='word_1_369' title='bbox 715 2843 906 2903; x_wconf 90' lang='lat' dir='ltr'>seque</span> <span class='ocrx_word' id='word_1_370' title='bbox 961 2828 1095 2903; x_wconf 91' lang='lat' dir='ltr'>ipse</span> <span class='ocrx_word' id='word_1_371' title='bbox 1152 2825 1399 2885; x_wconf 90' lang='lat' dir='ltr'>silentio</span> <span class='ocrx_word' id='word_1_372' title='bbox 1458 2825 1875 2906; x_wconf 82' lang='lat' dir='ltr'>damnaverit,</span> <span class='ocrx_word' id='word_1_373' title='bbox 1922 2824 1972 2882; x_wconf 81' lang='lat' dir='ltr'>si</span> <span class='ocrx_word' id='word_1_374' title='bbox 2026 2824 2144 2901; x_wconf 87' lang='lat' dir='ltr'>ipsi</span> <span class='ocrx_word' id='word_1_375' title='bbox 2201 2824 2382 2906; x_wconf 87' lang='lat' dir='ltr'>venia</span> <span class='ocrx_word' id='word_1_376' title='bbox 2437 2823 2875 2906; x_wconf 76' lang='lat' dir='ltr'>denegaretur.</span> <span class='ocrx_word' id='word_1_377' title='bbox 2928 2825 3237 2886; x_wconf 88' lang='lat' dir='ltr'>Caterum</span> <span class='ocrx_word' id='word_1_378' title='bbox 3293 2826 3359 2886; x_wconf 89' lang='lat' dir='ltr'>in</span> <span class='ocrx_word' id='word_1_379' title='bbox 3418 2827 3535 2887; x_wconf 90' lang='lat' dir='ltr'>hac</span> <span class='ocrx_word' id='word_1_380' title='bbox 3582 2845 3729 2886; x_wconf 91' lang='lat' dir='ltr'>ora-</span> 
     </span>
    </p>
   </div>
   <div class='ocr_carea' id='block_1_32' title="bbox 309 2904 3730 2987">
    <p class='ocr_par' dir='ltr' id='par_1_32' title="bbox 309 2904 3730 2987">
     <span class='ocr_line' id='line_1_34' title="bbox 309 2904 3730 2987; baseline 0 -21"><span class='ocrx_word' id='word_1_381' title='bbox 309 2908 482 2968; x_wconf 88' lang='lat' dir='ltr'>tione</span> <span class='ocrx_word' id='word_1_382' title='bbox 543 2904 723 2987; x_wconf 88' lang='lat' dir='ltr'>plura</span> <span class='ocrx_word' id='word_1_383' title='bbox 777 2906 1097 2987; x_wconf 83' lang='lat' dir='ltr'>interserit</span> <span class='ocrx_word' id='word_1_384' title='bbox 1146 2912 1359 2966; x_wconf 91' lang='lat' dir='ltr'>orator</span> <span class='ocrx_word' id='word_1_385' title='bbox 1416 2905 1494 2966; x_wconf 92' lang='lat' dir='ltr'>de</span> <span class='ocrx_word' id='word_1_386' title='bbox 1564 2904 1861 2987; x_wconf 83' lang='lat' dir='ltr'>Ecclesia</span> <span class='ocrx_word' id='word_1_387' title='bbox 1938 2904 2369 2987; x_wconf 76' lang='lat' dir='ltr'>persecutione</span> <span class='ocrx_word' id='word_1_388' title='bbox 2416 2904 2855 2987; x_wconf 84' lang='lat' dir='ltr'>_sub__Arianis</span> <span class='ocrx_word' id='word_1_389' title='bbox 2932 2907 3360 2985; x_wconf 90' lang='lat' dir='ltr'>principibus,</span> <span class='ocrx_word' id='word_1_390' title='bbox 3438 2907 3730 2983; x_wconf 89' lang='lat' dir='ltr'>digniora</span> 
     </span>
    </p>
   </div>
   <div class='ocr_carea' id='block_1_33' title="bbox 311 2981 3725 3065">
    <p class='ocr_par' dir='ltr' id='par_1_33' title="bbox 311 2981 3725 3065">
     <span class='ocr_line' id='line_1_35' title="bbox 311 2981 3725 3065; baseline -0 -17"><span class='ocrx_word' id='word_1_391' title='bbox 311 2981 561 3057; x_wconf 54' lang='lat' dir='ltr'>certe,&#39;</span> <span class='ocrx_word' id='word_1_392' title='bbox 602 3006 793 3065; x_wconf 91' lang='lat' dir='ltr'>quam</span> <span class='ocrx_word' id='word_1_393' title='bbox 852 3005 994 3064; x_wconf 90' lang='lat' dir='ltr'>qua</span> <span class='ocrx_word' id='word_1_394' title='bbox 1068 2986 1145 3047; x_wconf 92' lang='lat' dir='ltr'>de</span> <span class='ocrx_word' id='word_1_395' title='bbox 1202 2987 1432 3065; x_wconf 87' lang='lat' dir='ltr'>Cynico</span> <span class='ocrx_word' id='word_1_396' title='bbox 1490 2986 1849 3046; x_wconf 89' lang='lat' dir='ltr'>celebravit.</span> <span class='ocrx_word' id='word_1_397' title='bbox 1910 2981 2455 3063; x_wconf 84' lang='lat' dir='ltr'>Constantinopoli</span> <span class='ocrx_word' id='word_1_398' title='bbox 2528 2984 2762 3045; x_wconf 89' lang='lat' dir='ltr'>dictam</span> <span class='ocrx_word' id='word_1_399' title='bbox 2838 2981 3105 3046; x_wconf 81' lang='lat' dir='ltr'>exeunte</span> <span class='ocrx_word' id='word_1_400' title='bbox 3140 2981 3345 3047; x_wconf 67' lang='lat' dir='ltr'>wanno</span> <span class='ocrx_word' id='word_1_401' title='bbox 3401 2981 3531 3046; x_wconf 44' lang='lat'>379&#39;</span> <span class='ocrx_word' id='word_1_402' title='bbox 3579 3006 3725 3047; x_wconf 89' lang='lat' dir='ltr'>cum</span> 
     </span>
    </p>
   </div>
   <div class='ocr_carea' id='block_1_34' title="bbox 314 3067 1089 3129">
    <p class='ocr_par' dir='ltr' id='par_1_34' title="bbox 314 3067 1089 3129">
     <span class='ocr_line' id='line_1_36' title="bbox 314 3067 1089 3129; baseline -0.005 0"><span class='ocrx_word' id='word_1_403' title='bbox 314 3068 579 3129; x_wconf 84' lang='lat' dir='ltr'>eruditis</span> <span class='ocrx_word' id='word_1_404' title='bbox 633 3067 1089 3128; x_wconf 82' lang='lat' dir='ltr'>existimamus.</span> 
     </span>
    </p>
   </div>
   <div class='ocr_carea' id='block_1_35' title="bbox 386 3199 1071 3271">
    <p class='ocr_par' dir='ltr' id='par_1_35' title="bbox 386 3199 1071 3271">
     <span class='ocr_line' id='line_1_37' title="bbox 386 3199 1071 3271; baseline 0 -17"><span class='ocrx_word' id='word_1_405' title='bbox 386 3200 501 3271; x_wconf 82' lang='lat'>(&#39;72)</span> <span class='ocrx_word' id='word_1_406' title='bbox 531 3199 694 3255; x_wconf 88' lang='lat' dir='ltr'>Vers.</span> <span class='ocrx_word' id='word_1_407' title='bbox 726 3199 832 3253; x_wconf 86' lang='lat'>750</span> <span class='ocrx_word' id='word_1_408' title='bbox 863 3202 919 3255; x_wconf 89' lang='lat' dir='ltr'>et</span> <span class='ocrx_word' id='word_1_409' title='bbox 949 3215 1071 3271; x_wconf 89' lang='lat' dir='ltr'>seq.</span> 
     </span>
    </p>
   </div>
   <div class='ocr_carea' id='block_1_36' title="bbox 770 3468 1497 3563">
    <p class='ocr_par' dir='ltr' id='par_1_36' title="bbox 770 3468 1497 3563">
     <span class='ocr_line' id='line_1_38' title="bbox 770 3468 1497 3563; baseline -0.004 0"><span class='ocrx_word' id='word_1_410' title='bbox 770 3468 1173 3563; x_wconf 86' lang='grc' dir='ltr'><strong>ΛΟΓΟΣ</strong></span> <span class='ocrx_word' id='word_1_411' title='bbox 1275 3470 1497 3561; x_wconf 87' lang='lat' dir='ltr'>KE’.</span> 
     </span>
    </p>
   </div>
   <div class='ocr_carea' id='block_1_37' title="bbox 658 3601 1618 3678">
    <p class='ocr_par' dir='ltr' id='par_1_37' title="bbox 658 3601 1618 3678">
     <span class='ocr_line' id='line_1_39' title="bbox 658 3601 1618 3678; baseline -0.001 -19"><span class='ocrx_word' id='word_1_412' title='bbox 658 3602 755 3667; x_wconf 82' lang='grc' dir='ltr'>Εἷς</span> <span class='ocrx_word' id='word_1_413' title='bbox 784 3604 995 3678; x_wconf 76' lang='grc' dir='ltr'>Ἡρῖύνα</span> <span class='ocrx_word' id='word_1_414' title='bbox 1032 3603 1122 3655; x_wconf 78' lang='grc' dir='ltr'>τὸν</span> <span class='ocrx_word' id='word_1_415' title='bbox 1158 3601 1456 3678; x_wconf 67' lang='grc' dir='ltr'>φιλόσοφον</span> <span class='ocrx_word' id='word_1_416' title='bbox 1484 3604 1618 3675; x_wconf 82' lang='grc'>(74).</span> 
     </span>
    </p>
   </div>
   <div class='ocr_carea' id='block_1_38' title="bbox 382 3688 1967 3771">
    <p class='ocr_par' dir='ltr' id='par_1_38' title="bbox 382 3688 1967 3771">
     <span class='ocr_line' id='line_1_40' title="bbox 382 3688 1967 3771; baseline -0.003 -23"><span class='ocrx_word' id='word_1_417' title='bbox 382 3695 461 3752; x_wconf 77' lang='grc' dir='ltr'>Α’,</span> <span class='ocrx_word' id='word_1_418' title='bbox 493 3694 590 3748; x_wconf 89' lang='grc' dir='ltr'>Τὸν</span> <span class='ocrx_word' id='word_1_419' title='bbox 625 3691 923 3771; x_wconf 67' lang='grc' dir='ltr'>φιλόσοφον</span> <span class='ocrx_word' id='word_1_420' title='bbox 954 3689 1322 3763; x_wconf 66' lang='grc' dir='ltr'>ἐπαινέσομαι,</span> <span class='ocrx_word' id='word_1_421' title='bbox 1356 3689 1445 3744; x_wconf 87' lang='grc' dir='ltr'>καὶ</span> <span class='ocrx_word' id='word_1_422' title='bbox 1507 3690 1553 3743; x_wconf 79' lang='grc' dir='ltr'>εἰ</span> <span class='ocrx_word' id='word_1_423' title='bbox 1605 3688 1795 3762; x_wconf 83' lang='grc' dir='ltr'>κάμνω</span> <span class='ocrx_word' id='word_1_424' title='bbox 1854 3692 1967 3763; x_wconf 78' lang='grc'>(75)</span> 
     </span>
    </p>
   </div>
   <div class='ocr_carea' id='block_1_39' title="bbox 305 3775 1963 3858">
    <p class='ocr_par' dir='ltr' id='par_1_39' title="bbox 305 3775 1963 3858">
     <span class='ocr_line' id='line_1_41' title="bbox 305 3775 1963 3858; baseline -0.004 -22"><span class='ocrx_word' id='word_1_425' title='bbox 305 3787 387 3855; x_wconf 80' lang='grc' dir='ltr'>τῷ</span> <span class='ocrx_word' id='word_1_426' title='bbox 418 3782 664 3855; x_wconf 87' lang='grc' dir='ltr'>σώματι·</span> <span class='ocrx_word' id='word_1_427' title='bbox 700 3782 998 3858; x_wconf 72' lang='grc' dir='ltr'>φιλόσοφον</span> <span class='ocrx_word' id='word_1_428' title='bbox 1029 3780 1128 3855; x_wconf 72' lang='grc' dir='ltr'>γάρ</span> <span class='ocrx_word' id='word_1_429' title='bbox 1155 3799 1166 3811; x_wconf 88' lang='grc'>·</span> <span class='ocrx_word' id='word_1_430' title='bbox 1216 3778 1569 3850; x_wconf 68' lang='grc' dir='ltr'>ἐπαινέσομαι</span> <span class='ocrx_word' id='word_1_431' title='bbox 1612 3775 1667 3831; x_wconf 69' lang='grc' dir='ltr'>δὲ</span> <span class='ocrx_word' id='word_1_432' title='bbox 1711 3778 1799 3832; x_wconf 78' lang='grc' dir='ltr'>καὶ</span> <span class='ocrx_word' id='word_1_433' title='bbox 1847 3777 1963 3833; x_wconf 77' lang='grc' dir='ltr'>λίαν</span> 
     </span>
    </p>
   </div>
   <div class='ocr_carea' id='block_1_40' title="bbox 306 3865 1962 3948">
    <p class='ocr_par' dir='ltr' id='par_1_40' title="bbox 306 3865 1962 3948">
     <span class='ocr_line' id='line_1_42' title="bbox 306 3865 1962 3948; baseline -0.004 -22"><span class='ocrx_word' id='word_1_434' title='bbox 306 3871 553 3933; x_wconf 76' lang='grc' dir='ltr'>εἰκότως.</span> <span class='ocrx_word' id='word_1_435' title='bbox 587 3873 643 3924; x_wconf 78' lang='grc' dir='ltr'>Ὀ</span> <span class='ocrx_word' id='word_1_436' title='bbox 679 3872 771 3943; x_wconf 67' lang='grc' dir='ltr'>μὲν</span> <span class='ocrx_word' id='word_1_437' title='bbox 807 3871 911 3947; x_wconf 73' lang='grc' dir='ltr'>γὰρ</span> <span class='ocrx_word' id='word_1_438' title='bbox 944 3865 1265 3948; x_wconf 62' lang='grc' dir='ltr'>φιλόσοφος,</span> <span class='ocrx_word' id='word_1_439' title='bbox 1300 3868 1403 3944; x_wconf 76' lang='grc' dir='ltr'>ἐγὼ</span> <span class='ocrx_word' id='word_1_440' title='bbox 1464 3865 1521 3922; x_wconf 72' lang='grc' dir='ltr'>δὲ</span> <span class='ocrx_word' id='word_1_441' title='bbox 1570 3868 1759 3945; x_wconf 66' lang='grc' dir='ltr'>σοφίας</span> <span class='ocrx_word' id='word_1_442' title='bbox 1810 3879 1962 3941; x_wconf 71' lang='grc' dir='ltr'>θερα-</span> 
     </span>
    </p>
   </div>
   <div class='ocr_carea' id='block_1_41' title="bbox 302 3953 1965 4033">
    <p class='ocr_par' dir='ltr' id='par_1_41' title="bbox 302 3953 1965 4033">
     <span class='ocr_line' id='line_1_43' title="bbox 302 3953 1965 4033; baseline -0.004 -18"><span class='ocrx_word' id='word_1_443' title='bbox 302 3963 509 4031; x_wconf 67' lang='grc' dir='ltr'>πευτής</span> <span class='ocrx_word' id='word_1_444' title='bbox 540 3978 552 3993; x_wconf 88' lang='lat'><strong>&#39;</strong></span> <span class='ocrx_word' id='word_1_445' title='bbox 610 3960 748 4015; x_wconf 80' lang='grc' dir='ltr'>ὥστε</span> <span class='ocrx_word' id='word_1_446' title='bbox 799 3982 892 4033; x_wconf 91' lang='grc' dir='ltr'>μοι</span> <span class='ocrx_word' id='word_1_447' title='bbox 943 3959 1031 4013; x_wconf 77' lang='grc' dir='ltr'>καὶ</span> <span class='ocrx_word' id='word_1_448' title='bbox 1080 3960 1214 4031; x_wconf 77' lang='grc' dir='ltr'>πρὸς</span> <span class='ocrx_word' id='word_1_449' title='bbox 1257 3957 1418 4033; x_wconf 88' lang='grc' dir='ltr'>λόγον</span> <span class='ocrx_word' id='word_1_450' title='bbox 1464 3958 1491 4011; x_wconf 88' lang='grc' dir='ltr'>ὁ</span> <span class='ocrx_word' id='word_1_451' title='bbox 1525 3953 1764 4023; x_wconf 68' lang='grc' dir='ltr'>ἔπαινος,</span> <span class='ocrx_word' id='word_1_452' title='bbox 1792 3954 1865 4009; x_wconf 70' lang='grc' dir='ltr'>’ἔν’</span> <span class='ocrx_word' id='word_1_453' title='bbox 1922 3956 1965 4009; x_wconf 78' lang='grc' dir='ltr'>εἰ</span> 
     </span>
    </p>
   </div>
   <div class='ocr_carea' id='block_1_42' title="bbox 312 4044 1966 4124">
    <p class='ocr_par' dir='ltr' id='par_1_42' title="bbox 312 4044 1966 4124">
     <span class='ocr_line' id='line_1_44' title="bbox 312 4044 1966 4124; baseline -0.004 -20"><span class='ocrx_word' id='word_1_454' title='bbox 312 4052 473 4124; x_wconf 78' lang='grc' dir='ltr'>μήτι</span> <span class='ocrx_word' id='word_1_455' title='bbox 527 4048 689 4116; x_wconf 77' lang='grc' dir='ltr'>ἄλλο,</span> <span class='ocrx_word' id='word_1_456' title='bbox 737 4044 897 4103; x_wconf 77' lang='grc' dir='ltr'>τοῦτὸ</span> <span class='ocrx_word' id='word_1_457' title='bbox 945 4068 1006 4122; x_wconf 83' lang='grc' dir='ltr'>γε</span> <span class='ocrx_word' id='word_1_458' title='bbox 1054 4046 1416 4124; x_wconf 74' lang='grc' dir='ltr'>φιλοσοφήσω</span> <span class='ocrx_word' id='word_1_459' title='bbox 1448 4047 1511 4101; x_wconf 86' lang='grc' dir='ltr'>τὸ</span> <span class='ocrx_word' id='word_1_460' title='bbox 1545 4046 1843 4123; x_wconf 74' lang='grc' dir='ltr'>φαυμάζειν</span> <span class='ocrx_word' id='word_1_461' title='bbox 1879 4067 1966 4121; x_wconf 77' lang='grc' dir='ltr'>φι-</span> 
     </span>
    </p>
   </div>
   <div class='ocr_carea' id='block_1_43' title="bbox 310 4132 1965 4217">
    <p class='ocr_par' dir='ltr' id='par_1_43' title="bbox 310 4132 1965 4217">
     <span class='ocr_line' id='line_1_45' title="bbox 310 4132 1965 4217; baseline -0.003 -25"><span class='ocrx_word' id='word_1_462' title='bbox 310 4137 571 4217; x_wconf 79' lang='grc' dir='ltr'>λόσοφον.</span> <span class='ocrx_word' id='word_1_463' title='bbox 621 4141 689 4192; x_wconf 84' lang='grc' dir='ltr'>’Ή</span> <span class='ocrx_word' id='word_1_464' title='bbox 736 4140 837 4213; x_wconf 72' lang='grc' dir='ltr'>γὰρ</span> <span class='ocrx_word' id='word_1_465' title='bbox 892 4135 1315 4214; x_wconf 62' lang='grc' dir='ltr'>φιλοσοφητέον,</span> <span class='ocrx_word' id='word_1_466' title='bbox 1374 4135 1449 4196; x_wconf 77' lang='grc' dir='ltr'>ὡς</span> <span class='ocrx_word' id='word_1_467' title='bbox 1486 4136 1513 4188; x_wconf 82' lang='grc' dir='ltr'>ὁ</span> <span class='ocrx_word' id='word_1_468' title='bbox 1546 4135 1674 4207; x_wconf 83' lang='grc' dir='ltr'>ἐμὸς</span> <span class='ocrx_word' id='word_1_469' title='bbox 1708 4132 1897 4208; x_wconf 84' lang='grc' dir='ltr'>λόγος,</span> <span class='ocrx_word' id='word_1_470' title='bbox 1932 4136 1965 4202; x_wconf 77' lang='grc' dir='ltr'>ἦ</span> 
     </span>
    </p>
   </div>
   <div class='ocr_carea' id='block_1_44' title="bbox 306 4221 1965 4305">
    <p class='ocr_par' dir='ltr' id='par_1_44' title="bbox 306 4221 1965 4305">
     <span class='ocr_line' id='line_1_46' title="bbox 306 4221 1965 4305; baseline -0.004 -24"><span class='ocrx_word' id='word_1_471' title='bbox 306 4228 563 4300; x_wconf 74' lang='grc' dir='ltr'>τιμητέον</span> <span class='ocrx_word' id='word_1_472' title='bbox 594 4225 941 4305; x_wconf 70' lang='grc' dir='ltr'>φιλοσοφίαν,</span> <span class='ocrx_word' id='word_1_473' title='bbox 990 4222 1137 4296; x_wconf 75' lang='grc' dir='ltr'>εἶ’περ</span> <span class='ocrx_word' id='word_1_474' title='bbox 1201 4226 1278 4297; x_wconf 75' lang='grc' dir='ltr'>μή</span> <span class='ocrx_word' id='word_1_475' title='bbox 1337 4223 1633 4297; x_wconf 70' lang='grc' dir='ltr'>μέλλοιμεν</span> <span class='ocrx_word' id='word_1_476' title='bbox 1688 4221 1965 4285; x_wconf 74' lang='grc' dir='ltr'>παντελῶς</span> 
     </span>
    </p>
   </div>
   <div class='ocr_carea' id='block_1_45' title="bbox 309 4312 1969 4390">
    <p class='ocr_par' dir='ltr' id='par_1_45' title="bbox 309 4312 1969 4390">
     <span class='ocr_line' id='line_1_47' title="bbox 309 4312 1969 4390; baseline -0.004 -18"><span class='ocrx_word' id='word_1_477' title='bbox 309 4316 411 4388; x_wconf 79' lang='grc' dir='ltr'>ἔξω</span> <span class='ocrx_word' id='word_1_478' title='bbox 461 4321 558 4372; x_wconf 73' lang='grc' dir='ltr'>τοῦ</span> <span class='ocrx_word' id='word_1_479' title='bbox 613 4316 785 4371; x_wconf 72' lang='grc' dir='ltr'>καλοῦ</span> <span class='ocrx_word' id='word_1_480' title='bbox 835 4316 1077 4387; x_wconf 75' lang='grc' dir='ltr'>πίπτειν,</span> <span class='ocrx_word' id='word_1_481' title='bbox 1134 4312 1273 4388; x_wconf 74' lang='grc' dir='ltr'>μηδὲ</span> <span class='ocrx_word' id='word_1_482' title='bbox 1322 4314 1542 4390; x_wconf 73' lang='grc' dir='ltr'>ἀλογῖαν</span> <span class='ocrx_word' id='word_1_483' title='bbox 1574 4315 1969 4387; x_wconf 69' lang='grc' dir='ltr'>κατακριθήσε-</span> 
     </span>
    </p>
   </div>
   <div class='ocr_carea' id='block_1_46' title="bbox 307 4400 1966 4481">
    <p class='ocr_par' dir='ltr' id='par_1_46' title="bbox 307 4400 1966 4481">
     <span class='ocr_line' id='line_1_48' title="bbox 307 4400 1966 4481; baseline -0.004 -21"><span class='ocrx_word' id='word_1_484' title='bbox 307 4417 429 4470; x_wconf 76' lang='grc' dir='ltr'>σθαι</span> <span class='ocrx_word' id='word_1_485' title='bbox 480 4402 697 4481; x_wconf 79' lang='grc' dir='ltr'>λογικοὶ</span> <span class='ocrx_word' id='word_1_486' title='bbox 747 4404 1055 4480; x_wconf 77' lang='grc' dir='ltr'>γεγονότες,</span> <span class='ocrx_word' id='word_1_487' title='bbox 1097 4402 1184 4457; x_wconf 80' lang='grc' dir='ltr'>καὶ</span> <span class='ocrx_word' id='word_1_488' title='bbox 1235 4400 1324 4457; x_wconf 74' lang='grc' dir='ltr'>διὰ</span> <span class='ocrx_word' id='word_1_489' title='bbox 1376 4401 1544 4478; x_wconf 78' lang='grc' dir='ltr'>λόγου</span> <span class='ocrx_word' id='word_1_490' title='bbox 1594 4402 1729 4478; x_wconf 76' lang='grc' dir='ltr'>πρὸς</span> <span class='ocrx_word' id='word_1_491' title='bbox 1791 4400 1966 4476; x_wconf 70' lang='grc' dir='ltr'>Λόγον</span> 
     </span>
    </p>
   </div>
   <div class='ocr_carea' id='block_1_47' title="bbox 306 4488 1966 4570">
    <p class='ocr_par' dir='ltr' id='par_1_47' title="bbox 306 4488 1966 4570">
     <span class='ocr_line' id='line_1_49' title="bbox 306 4488 1966 4570; baseline -0.004 -21"><span class='ocrx_word' id='word_1_492' title='bbox 306 4490 650 4557; x_wconf 73' lang='grc' dir='ltr'>σπεύδοντες·</span> <span class='ocrx_word' id='word_1_493' title='bbox 684 4492 1067 4570; x_wconf 74' lang='grc' dir='ltr'>Φιλοσοφείτω</span> <span class='ocrx_word' id='word_1_494' title='bbox 1099 4489 1155 4546; x_wconf 74' lang='grc' dir='ltr'>δὲ</span> <span class='ocrx_word' id='word_1_495' title='bbox 1185 4494 1320 4565; x_wconf 75' lang='grc' dir='ltr'>ἡμῖν</span> <span class='ocrx_word' id='word_1_496' title='bbox 1356 4492 1429 4553; x_wconf 84' lang='grc' dir='ltr'>ὡς</span> <span class='ocrx_word' id='word_1_497' title='bbox 1463 4492 1512 4545; x_wconf 78' lang='grc' dir='ltr'>ἒν</span> <span class='ocrx_word' id='word_1_498' title='bbox 1566 4496 1674 4545; x_wconf 83' lang='grc' dir='ltr'>τῶν</span> <span class='ocrx_word' id='word_1_499' title='bbox 1722 4488 1906 4545; x_wconf 57' lang='grc' dir='ltr'>ἄλλοιν</span> <span class='ocrx_word' id='word_1_500' title='bbox 1940 4491 1966 4543; x_wconf 81' lang='grc' dir='ltr'>ὁ</span> 
     </span>
    </p>
   </div>
   <div class='ocr_carea' id='block_1_48' title="bbox 307 4578 1963 4661">
    <p class='ocr_par' dir='ltr' id='par_1_48' title="bbox 307 4578 1963 4661">
     <span class='ocr_line' id='line_1_50' title="bbox 307 4578 1963 4661; baseline -0.002 -22"><span class='ocrx_word' id='word_1_501' title='bbox 307 4586 466 4661; x_wconf 79' lang='grc' dir='ltr'>ἀνὴρ,</span> <span class='ocrx_word' id='word_1_502' title='bbox 520 4585 583 4639; x_wconf 86' lang='grc' dir='ltr'>τὸ</span> <span class='ocrx_word' id='word_1_503' title='bbox 641 4582 989 4650; x_wconf 65' lang='grc' dir='ltr'>ἐπαινεῖσθαι,</span> <span class='ocrx_word' id='word_1_504' title='bbox 1036 4581 1126 4635; x_wconf 81' lang='grc' dir='ltr'>καὶ</span> <span class='ocrx_word' id='word_1_505' title='bbox 1172 4580 1497 4656; x_wconf 81' lang='grc' dir='ltr'>καρτερείτω</span> <span class='ocrx_word' id='word_1_506' title='bbox 1540 4582 1639 4648; x_wconf 72' lang='grc' dir='ltr'>τὴν</span> <span class='ocrx_word' id='word_1_507' title='bbox 1673 4578 1963 4656; x_wconf 74' lang='grc' dir='ltr'>εὐφημίαν.</span> 
     </span>
    </p>
   </div>
   <div class='ocr_carea' id='block_1_49' title="bbox 308 4667 1965 4749">
    <p class='ocr_par' dir='ltr' id='par_1_49' title="bbox 308 4667 1965 4749">
     <span class='ocr_line' id='line_1_51' title="bbox 308 4667 1965 4749; baseline -0.005 -21"><span class='ocrx_word' id='word_1_508' title='bbox 308 4675 384 4728; x_wconf 75' lang='grc' dir='ltr'>Οὐ</span> <span class='ocrx_word' id='word_1_509' title='bbox 441 4673 545 4749; x_wconf 72' lang='grc' dir='ltr'>γὰρ</span> <span class='ocrx_word' id='word_1_510' title='bbox 598 4670 691 4726; x_wconf 67' lang='grc' dir='ltr'>ἵνα</span> <span class='ocrx_word' id='word_1_511' title='bbox 747 4673 1102 4747; x_wconf 70' lang='grc' dir='ltr'>χαρισώμεθα</span> <span class='ocrx_word' id='word_1_512' title='bbox 1170 4669 1561 4742; x_wconf 74' lang='grc' dir='ltr'>ἐπαινεσόμεθα</span> <span class='ocrx_word' id='word_1_513' title='bbox 1634 4667 1809 4742; x_wconf 68' lang='grc' dir='ltr'>(ἔσμεν</span> <span class='ocrx_word' id='word_1_514' title='bbox 1868 4672 1965 4722; x_wconf 67' lang='grc' dir='ltr'>τοῦ</span> 
     </span>
    </p>
   </div>
   <div class='ocr_carea' id='block_1_50' title="bbox 308 4754 1964 4841">
    <p class='ocr_par' dir='ltr' id='par_1_50' title="bbox 308 4754 1964 4841">
     <span class='ocr_line' id='line_1_52' title="bbox 308 4754 1964 4841; baseline -0.003 -26"><span class='ocrx_word' id='word_1_515' title='bbox 308 4762 616 4841; x_wconf 66' lang='grc' dir='ltr'>φιλοσόφου</span> <span class='ocrx_word' id='word_1_516' title='bbox 640 4762 704 4817; x_wconf 85' lang='grc' dir='ltr'>τὸ</span> <span class='ocrx_word' id='word_1_517' title='bbox 734 4760 1090 4838; x_wconf 72' lang='grc' dir='ltr'>ἀφιλότιμον,</span> <span class='ocrx_word' id='word_1_518' title='bbox 1126 4758 1214 4813; x_wconf 82' lang='grc' dir='ltr'>καὶ</span> <span class='ocrx_word' id='word_1_519' title='bbox 1246 4759 1379 4834; x_wconf 73' lang='grc' dir='ltr'>πρὸς</span> <span class='ocrx_word' id='word_1_520' title='bbox 1413 4779 1475 4833; x_wconf 80' lang='grc' dir='ltr'>γε</span> <span class='ocrx_word' id='word_1_521' title='bbox 1506 4754 1657 4812; x_wconf 78' lang='grc' dir='ltr'>οὐδὲν</span> <span class='ocrx_word' id='word_1_522' title='bbox 1692 4757 1749 4811; x_wconf 77' lang='grc' dir='ltr'>ἂν</span> <span class='ocrx_word' id='word_1_523' title='bbox 1810 4756 1837 4809; x_wconf 91' lang='grc' dir='ltr'>ὁ</span> <span class='ocrx_word' id='word_1_524' title='bbox 1871 4755 1964 4811; x_wconf 84' lang='grc' dir='ltr'>λό-</span> 
     </span>
    </p>
   </div>
   <div class='ocr_carea' id='block_1_51' title="bbox 2076 3196 3353 3271">
    <p class='ocr_par' dir='ltr' id='par_1_51' title="bbox 2076 3196 3353 3271">
     <span class='ocr_line' id='line_1_53' title="bbox 2076 3196 3353 3271; baseline 0.004 -21"><span class='ocrx_word' id='word_1_525' title='bbox 2076 3196 2187 3269; x_wconf 84' lang='grc'>(73)</span> <span class='ocrx_word' id='word_1_526' title='bbox 2223 3196 2402 3253; x_wconf 83' lang='lat' dir='ltr'>Carm.</span> <span class='ocrx_word' id='word_1_527' title='bbox 2436 3197 2499 3253; x_wconf 84' lang='lat' dir='ltr'>de</span> <span class='ocrx_word' id='word_1_528' title='bbox 2526 3198 2648 3253; x_wconf 77' lang='lat' dir='ltr'>vita</span> <span class='ocrx_word' id='word_1_529' title='bbox 2677 3214 2797 3269; x_wconf 77' lang='lat' dir='ltr'>sua,</span> <span class='ocrx_word' id='word_1_530' title='bbox 2829 3214 2979 3253; x_wconf 89' lang='lat' dir='ltr'>vers.</span> <span class='ocrx_word' id='word_1_531' title='bbox 3011 3197 3117 3253; x_wconf 78' lang='grc'>994</span> <span class='ocrx_word' id='word_1_532' title='bbox 3147 3202 3204 3255; x_wconf 87' lang='lat' dir='ltr'>et</span> <span class='ocrx_word' id='word_1_533' title='bbox 3233 3214 3353 3271; x_wconf 84' lang='lat' dir='ltr'>seq.</span> 
     </span>
    </p>
   </div>
   <div class='ocr_carea' id='block_1_52' title="bbox 2478 3455 3347 3543">
    <p class='ocr_par' dir='ltr' id='par_1_52' title="bbox 2478 3455 3347 3543">
     <span class='ocr_line' id='line_1_54' title="bbox 2478 3455 3347 3543; baseline 0.003 -3"><span class='ocrx_word' id='word_1_534' title='bbox 2478 3455 2930 3541; x_wconf 77' lang='lat' dir='ltr'>ORATIO</span> <span class='ocrx_word' id='word_1_535' title='bbox 3006 3455 3259 3543; x_wconf 89' lang='lat' dir='ltr'>XXV</span> <span class='ocrx_word' id='word_1_536' title='bbox 3294 3457 3347 3543; x_wconf 81' lang='grc'>⁸.</span> 
     </span>
    </p>
   </div>
   <div class='ocr_carea' id='block_1_53' title="bbox 2333 3586 3480 3659">
    <p class='ocr_par' dir='ltr' id='par_1_53' title="bbox 2333 3586 3480 3659">
     <span class='ocr_line' id='line_1_55' title="bbox 2333 3586 3480 3659; baseline -0.002 -16"><span class='ocrx_word' id='word_1_537' title='bbox 2333 3588 2487 3643; x_wconf 75' lang='lat'>454</span> <span class='ocrx_word' id='word_1_538' title='bbox 2528 3588 2587 3640; x_wconf 86' lang='lat' dir='ltr'>In</span> <span class='ocrx_word' id='word_1_539' title='bbox 2634 3586 2853 3640; x_wconf 75' lang='lat' dir='ltr'>laudem</span> <span class='ocrx_word' id='word_1_540' title='bbox 2896 3588 3126 3642; x_wconf 80' lang='lat' dir='ltr'>Heronis</span> <span class='ocrx_word' id='word_1_541' title='bbox 3151 3586 3480 3659; x_wconf 77' lang='lat' dir='ltr'>philosophi.</span> 
     </span>
    </p>
   </div>
   <div class='ocr_carea' id='block_1_54' title="bbox 2152 3674 3733 3748">
    <p class='ocr_par' dir='ltr' id='par_1_54' title="bbox 2152 3674 3733 3748">
     <span class='ocr_line' id='line_1_56' title="bbox 2152 3674 3733 3748; baseline 0.001 -17"><span class='ocrx_word' id='word_1_542' title='bbox 2152 3678 2193 3731; x_wconf 92' lang='grc' dir='ltr'>Ι.</span> <span class='ocrx_word' id='word_1_543' title='bbox 2231 3674 2651 3746; x_wconf 87' lang='lat' dir='ltr'>Philosophum</span> <span class='ocrx_word' id='word_1_544' title='bbox 2687 3674 2960 3747; x_wconf 83' lang='lat' dir='ltr'>laudabo,</span> <span class='ocrx_word' id='word_1_545' title='bbox 2993 3678 3227 3731; x_wconf 87' lang='lat' dir='ltr'>tametsi</span> <span class='ocrx_word' id='word_1_546' title='bbox 3268 3692 3509 3748; x_wconf 88' lang='lat' dir='ltr'>corpore</span> <span class='ocrx_word' id='word_1_547' title='bbox 3539 3692 3690 3747; x_wconf 76' lang='lat' dir='ltr'>ager</span> <span class='ocrx_word' id='word_1_548' title='bbox 3720 3694 3733 3733; x_wconf 91' lang='lat'>:</span> 
     </span>
    </p>
   </div>
   <div class='ocr_carea' id='block_1_55' title="bbox 2079 3764 3743 3837">
    <p class='ocr_par' dir='ltr' id='par_1_55' title="bbox 2079 3764 3743 3837">
     <span class='ocr_line' id='line_1_57' title="bbox 2079 3764 3743 3837; baseline 0 -16"><span class='ocrx_word' id='word_1_549' title='bbox 2079 3768 2133 3821; x_wconf 91' lang='lat' dir='ltr'>id</span> <span class='ocrx_word' id='word_1_550' title='bbox 2168 3766 2322 3822; x_wconf 89' lang='lat' dir='ltr'>cnim</span> <span class='ocrx_word' id='word_1_551' title='bbox 2358 3764 2835 3837; x_wconf 89' lang='lat' dir='ltr'>philosophicum</span> <span class='ocrx_word' id='word_1_552' title='bbox 2870 3769 2995 3821; x_wconf 88' lang='lat' dir='ltr'>est:</span> <span class='ocrx_word' id='word_1_553' title='bbox 3030 3765 3279 3822; x_wconf 88' lang='lat' dir='ltr'>laudabo</span> <span class='ocrx_word' id='word_1_554' title='bbox 3313 3770 3509 3821; x_wconf 88' lang='lat' dir='ltr'>autem</span> <span class='ocrx_word' id='word_1_555' title='bbox 3543 3766 3743 3821; x_wconf 89' lang='lat' dir='ltr'>admo-</span> 
     </span>
    </p>
   </div>
   <div class='ocr_carea' id='block_1_56' title="bbox 2080 3853 3745 3927">
    <p class='ocr_par' dir='ltr' id='par_1_56' title="bbox 2080 3853 3745 3927">
     <span class='ocr_line' id='line_1_58' title="bbox 2080 3853 3745 3927; baseline 0 -16"><span class='ocrx_word' id='word_1_556' title='bbox 2080 3858 2220 3911; x_wconf 89' lang='lat' dir='ltr'>dum</span> <span class='ocrx_word' id='word_1_557' title='bbox 2273 3854 2501 3910; x_wconf 88' lang='lat' dir='ltr'>merito.</span> <span class='ocrx_word' id='word_1_558' title='bbox 2533 3853 2634 3909; x_wconf 88' lang='lat' dir='ltr'>Ille</span> <span class='ocrx_word' id='word_1_559' title='bbox 2684 3855 2840 3909; x_wconf 88' lang='lat' dir='ltr'>enim</span> <span class='ocrx_word' id='word_1_560' title='bbox 2892 3854 3281 3927; x_wconf 89' lang='lat' dir='ltr'>philosophus</span> <span class='ocrx_word' id='word_1_561' title='bbox 3331 3860 3439 3925; x_wconf 89' lang='lat' dir='ltr'>est,</span> <span class='ocrx_word' id='word_1_562' title='bbox 3472 3872 3577 3927; x_wconf 87' lang='lat' dir='ltr'>ego</span> <span class='ocrx_word' id='word_1_563' title='bbox 3612 3872 3745 3911; x_wconf 89' lang='lat' dir='ltr'>vero</span> 
     </span>
    </p>
   </div>
   <div class='ocr_carea' id='block_1_57' title="bbox 2079 3942 3737 4016">
    <p class='ocr_par' dir='ltr' id='par_1_57' title="bbox 2079 3942 3737 4016">
     <span class='ocr_line' id='line_1_59' title="bbox 2079 3942 3737 4016; baseline -0.002 -15"><span class='ocrx_word' id='word_1_564' title='bbox 2079 3946 2377 4016; x_wconf 82' lang='lat' dir='ltr'>sapientia</span> <span class='ocrx_word' id='word_1_565' title='bbox 2428 3942 2635 3998; x_wconf 87' lang='lat' dir='ltr'>cultor.</span> <span class='ocrx_word' id='word_1_566' title='bbox 2670 3948 2748 3998; x_wconf 79' lang='lat' dir='ltr'>Ac</span> <span class='ocrx_word' id='word_1_567' title='bbox 2800 3944 3043 4015; x_wconf 84' lang='lat' dir='ltr'>proinde</span> <span class='ocrx_word' id='word_1_568' title='bbox 3092 3961 3208 3999; x_wconf 92' lang='lat' dir='ltr'>non</span> <span class='ocrx_word' id='word_1_569' title='bbox 3259 3944 3578 4015; x_wconf 89' lang='lat' dir='ltr'>incongrue</span> <span class='ocrx_word' id='word_1_570' title='bbox 3628 3944 3737 3999; x_wconf 90' lang='lat' dir='ltr'>hoc</span> 
     </span>
    </p>
   </div>
   <div class='ocr_carea' id='block_1_58' title="bbox 2081 4032 3734 4104">
    <p class='ocr_par' dir='ltr' id='par_1_58' title="bbox 2081 4032 3734 4104">
     <span class='ocr_line' id='line_1_60' title="bbox 2081 4032 3734 4104; baseline 0.001 -16"><span class='ocrx_word' id='word_1_571' title='bbox 2081 4035 2271 4091; x_wconf 84' lang='lat' dir='ltr'>laudis</span> <span class='ocrx_word' id='word_1_572' title='bbox 2306 4050 2520 4087; x_wconf 87' lang='lat' dir='ltr'>munus</span> <span class='ocrx_word' id='word_1_573' title='bbox 2554 4032 2835 4104; x_wconf 85' lang='lat' dir='ltr'>suscipio,</span> <span class='ocrx_word' id='word_1_574' title='bbox 2865 4038 2948 4098; x_wconf 90' lang='lat' dir='ltr'>ut,</span> <span class='ocrx_word' id='word_1_575' title='bbox 2975 4033 3021 4088; x_wconf 92' lang='lat' dir='ltr'>si</span> <span class='ocrx_word' id='word_1_576' title='bbox 3055 4033 3201 4089; x_wconf 91' lang='lat' dir='ltr'>nihil</span> <span class='ocrx_word' id='word_1_577' title='bbox 3234 4032 3414 4099; x_wconf 89' lang='lat' dir='ltr'>aliud,</span> <span class='ocrx_word' id='word_1_578' title='bbox 3438 4034 3548 4089; x_wconf 94' lang='lat' dir='ltr'>hoc</span> <span class='ocrx_word' id='word_1_579' title='bbox 3578 4038 3734 4089; x_wconf 87' lang='lat' dir='ltr'>certe</span> 
     </span>
    </p>
   </div>
   <div class='ocr_carea' id='block_1_59' title="bbox 2080 4122 3733 4194">
    <p class='ocr_par' dir='ltr' id='par_1_59' title="bbox 2080 4122 3733 4194">
     <span class='ocr_line' id='line_1_61' title="bbox 2080 4122 3733 4194; baseline -0.001 -15"><span class='ocrx_word' id='word_1_580' title='bbox 2080 4124 2315 4179; x_wconf 87' lang='lat' dir='ltr'>nomine</span> <span class='ocrx_word' id='word_1_581' title='bbox 2370 4122 2767 4193; x_wconf 80' lang='lat' dir='ltr'>phi1030pher,</span> <span class='ocrx_word' id='word_1_582' title='bbox 2811 4123 2964 4193; x_wconf 91' lang='lat' dir='ltr'>quod</span> <span class='ocrx_word' id='word_1_583' title='bbox 3020 4122 3438 4194; x_wconf 90' lang='lat' dir='ltr'>philosophum</span> <span class='ocrx_word' id='word_1_584' title='bbox 3496 4123 3733 4178; x_wconf 88' lang='lat' dir='ltr'>laudem</span> 
     </span>
    </p>
   </div>
   <div class='ocr_carea' id='block_1_60' title="bbox 2079 4210 3733 4284">
    <p class='ocr_par' dir='ltr' id='par_1_60' title="bbox 2079 4210 3733 4284">
     <span class='ocr_line' id='line_1_62' title="bbox 2079 4210 3733 4284; baseline -0.001 -17"><span class='ocrx_word' id='word_1_585' title='bbox 2079 4222 2255 4284; x_wconf 83' lang='lat' dir='ltr'>atque</span> <span class='ocrx_word' id='word_1_586' title='bbox 2287 4212 2561 4267; x_wconf 87' lang='lat' dir='ltr'>admirer.</span> <span class='ocrx_word' id='word_1_587' title='bbox 2594 4213 2709 4265; x_wconf 80' lang='lat' dir='ltr'>Aut</span> <span class='ocrx_word' id='word_1_588' title='bbox 2737 4210 2891 4265; x_wconf 92' lang='lat' dir='ltr'>enim</span> <span class='ocrx_word' id='word_1_589' title='bbox 2918 4210 3301 4282; x_wconf 81' lang='lat' dir='ltr'>philosophia</span> <span class='ocrx_word' id='word_1_590' title='bbox 3324 4229 3561 4282; x_wconf 84' lang='lat' dir='ltr'>operam</span> <span class='ocrx_word' id='word_1_591' title='bbox 3593 4213 3733 4267; x_wconf 88' lang='lat' dir='ltr'>dare</span> 
     </span>
    </p>
   </div>
   <div class='ocr_carea' id='block_1_61' title="bbox 2078 4300 3733 4375">
    <p class='ocr_par' dir='ltr' id='par_1_61' title="bbox 2078 4300 3733 4375">
     <span class='ocr_line' id='line_1_63' title="bbox 2078 4300 3733 4375; baseline -0.001 -18"><span class='ocrx_word' id='word_1_592' title='bbox 2078 4308 2326 4375; x_wconf 79' lang='lat' dir='ltr'>oportet,</span> <span class='ocrx_word' id='word_1_593' title='bbox 2360 4309 2423 4356; x_wconf 89' lang='lat' dir='ltr'>ut</span> <span class='ocrx_word' id='word_1_594' title='bbox 2465 4317 2569 4371; x_wconf 91' lang='lat' dir='ltr'>ego</span> <span class='ocrx_word' id='word_1_595' title='bbox 2616 4316 2849 4365; x_wconf 89' lang='lat' dir='ltr'>censeo,</span> <span class='ocrx_word' id='word_1_596' title='bbox 2879 4304 2983 4355; x_wconf 85' lang='lat' dir='ltr'>aut</span> <span class='ocrx_word' id='word_1_597' title='bbox 3031 4300 3464 4372; x_wconf 85' lang='lat' dir='ltr'>philosophiam</span> <span class='ocrx_word' id='word_1_598' title='bbox 3514 4300 3733 4356; x_wconf 90' lang='lat' dir='ltr'>honore</span> 
     </span>
    </p>
   </div>
   <div class='ocr_carea' id='block_1_62' title="bbox 2079 4389 3734 4464">
    <p class='ocr_par' dir='ltr' id='par_1_62' title="bbox 2079 4389 3734 4464">
     <span class='ocr_line' id='line_1_64' title="bbox 2079 4389 3734 4464; baseline -0.001 -17"><span class='ocrx_word' id='word_1_599' title='bbox 2079 4392 2409 4464; x_wconf 84' lang='lat' dir='ltr'>complecti;</span> <span class='ocrx_word' id='word_1_600' title='bbox 2434 4408 2506 4445; x_wconf 91' lang='lat' dir='ltr'>ne</span> <span class='ocrx_word' id='word_1_601' title='bbox 2537 4389 2752 4461; x_wconf 88' lang='lat' dir='ltr'>alioqui</span> <span class='ocrx_word' id='word_1_602' title='bbox 2779 4407 2813 4444; x_wconf 90' lang='lat' dir='ltr'>a</span> <span class='ocrx_word' id='word_1_603' title='bbox 2835 4394 2988 4445; x_wconf 89' lang='lat' dir='ltr'>recto</span> <span class='ocrx_word' id='word_1_604' title='bbox 3020 4396 3192 4460; x_wconf 90' lang='lat' dir='ltr'>atque</span> <span class='ocrx_word' id='word_1_605' title='bbox 3224 4390 3467 4445; x_wconf 87' lang='lat' dir='ltr'>honesto</span> <span class='ocrx_word' id='word_1_606' title='bbox 3491 4406 3734 4461; x_wconf 88' lang='lat' dir='ltr'>prorsus</span> 
     </span>
    </p>
   </div>
   <div class='ocr_carea' id='block_1_63' title="bbox 2078 4478 3729 4551">
    <p class='ocr_par' dir='ltr' id='par_1_63' title="bbox 2078 4478 3729 4551">
     <span class='ocr_line' id='line_1_65' title="bbox 2078 4478 3729 4551; baseline -0.002 -14"><span class='ocrx_word' id='word_1_607' title='bbox 2078 4482 2337 4537; x_wconf 83' lang='lat' dir='ltr'>excidam</span> <span class='ocrx_word' id='word_1_608' title='bbox 2348 4497 2436 4551; x_wconf 90' lang='lat' dir='ltr'>us,</span> <span class='ocrx_word' id='word_1_609' title='bbox 2453 4496 2515 4534; x_wconf 90' lang='lat' dir='ltr'>ac</span> <span class='ocrx_word' id='word_1_610' title='bbox 2534 4478 2717 4533; x_wconf 84' lang='lat' dir='ltr'>bruta</span> <span class='ocrx_word' id='word_1_611' title='bbox 2735 4478 3043 4548; x_wconf 87' lang='lat' dir='ltr'>cujusdam</span> <span class='ocrx_word' id='word_1_612' title='bbox 3062 4478 3339 4534; x_wconf 83' lang='lat' dir='ltr'>vecordia</span> <span class='ocrx_word' id='word_1_613' title='bbox 3357 4478 3729 4548; x_wconf 88' lang='lat' dir='ltr'>damnemur,</span> 
     </span>
    </p>
   </div>
   <div class='ocr_carea' id='block_1_64' title="bbox 2077 4566 3732 4643">
    <p class='ocr_par' dir='ltr' id='par_1_64' title="bbox 2077 4566 3732 4643">
     <span class='ocr_line' id='line_1_66' title="bbox 2077 4566 3732 4643; baseline -0.002 -18"><span class='ocrx_word' id='word_1_614' title='bbox 2077 4571 2177 4643; x_wconf 92' lang='lat' dir='ltr'>qui</span> <span class='ocrx_word' id='word_1_615' title='bbox 2211 4568 2453 4625; x_wconf 87' lang='lat' dir='ltr'>rationis</span> <span class='ocrx_word' id='word_1_616' title='bbox 2487 4566 2799 4639; x_wconf 87' lang='lat' dir='ltr'>participes</span> <span class='ocrx_word' id='word_1_617' title='bbox 2849 4567 3025 4621; x_wconf 88' lang='lat' dir='ltr'>creati</span> <span class='ocrx_word' id='word_1_618' title='bbox 3056 4583 3288 4633; x_wconf 88' lang='lat' dir='ltr'>sumus,</span> <span class='ocrx_word' id='word_1_619' title='bbox 3320 4584 3387 4622; x_wconf 89' lang='lat' dir='ltr'>ac</span> <span class='ocrx_word' id='word_1_620' title='bbox 3417 4582 3521 4638; x_wconf 88' lang='lat' dir='ltr'>per</span> <span class='ocrx_word' id='word_1_621' title='bbox 3549 4566 3732 4622; x_wconf 84' lang='lat' dir='ltr'>ratio-</span> 
     </span>
    </p>
   </div>
   <div class='ocr_carea' id='block_1_65' title="bbox 2078 4655 3727 4728">
    <p class='ocr_par' dir='ltr' id='par_1_65' title="bbox 2078 4655 3727 4728">
     <span class='ocr_line' id='line_1_67' title="bbox 2078 4655 3727 4728; baseline -0.002 -14"><span class='ocrx_word' id='word_1_622' title='bbox 2078 4678 2208 4716; x_wconf 88' lang='lat' dir='ltr'>nem</span> <span class='ocrx_word' id='word_1_623' title='bbox 2235 4660 2304 4713; x_wconf 88' lang='lat' dir='ltr'>ad</span> <span class='ocrx_word' id='word_1_624' title='bbox 2333 4657 2585 4713; x_wconf 88' lang='lat' dir='ltr'>Verbum</span> <span class='ocrx_word' id='word_1_625' title='bbox 2612 4672 3015 4727; x_wconf 81' lang='lat' dir='ltr'>properamus.</span> <span class='ocrx_word' id='word_1_626' title='bbox 3044 4655 3451 4728; x_wconf 90' lang='lat' dir='ltr'>Philosophice</span> <span class='ocrx_word' id='word_1_627' title='bbox 3472 4668 3727 4727; x_wconf 88' lang='lat' dir='ltr'>quoque,</span> 
     </span>
    </p>
   </div>
   <div class='ocr_carea' id='block_1_66' title="bbox 2080 4744 3727 4819">
    <p class='ocr_par' dir='ltr' id='par_1_66' title="bbox 2080 4744 3727 4819">
     <span class='ocr_line' id='line_1_68' title="bbox 2080 4744 3727 4819; baseline -0.003 -14"><span class='ocrx_word' id='word_1_628' title='bbox 2080 4756 2141 4805; x_wconf 88' lang='lat' dir='ltr'>ut</span> <span class='ocrx_word' id='word_1_629' title='bbox 2170 4748 2303 4819; x_wconf 87' lang='lat' dir='ltr'>alia,</span> <span class='ocrx_word' id='word_1_630' title='bbox 2327 4748 2411 4802; x_wconf 91' lang='lat' dir='ltr'>vir</span> <span class='ocrx_word' id='word_1_631' title='bbox 2432 4746 2526 4801; x_wconf 89' lang='lat' dir='ltr'>hic</span> <span class='ocrx_word' id='word_1_632' title='bbox 2560 4746 2707 4801; x_wconf 83' lang='lat' dir='ltr'>ferat</span> <span class='ocrx_word' id='word_1_633' title='bbox 2726 4762 2787 4800; x_wconf 91' lang='lat' dir='ltr'>se</span> <span class='ocrx_word' id='word_1_634' title='bbox 2812 4744 3061 4812; x_wconf 89' lang='lat' dir='ltr'>laudari,</span> <span class='ocrx_word' id='word_1_635' title='bbox 3086 4762 3150 4801; x_wconf 90' lang='lat' dir='ltr'>ac</span> <span class='ocrx_word' id='word_1_636' title='bbox 3172 4746 3453 4801; x_wconf 88' lang='lat' dir='ltr'>virtutum</span> <span class='ocrx_word' id='word_1_637' title='bbox 3480 4760 3727 4800; x_wconf 88' lang='lat' dir='ltr'>suarum</span> 
     </span>
    </p>
   </div>
   <div class='ocr_carea' id='block_1_67' title="bbox 308 4833 1964 4927">
    <p class='ocr_par' dir='ltr' id='par_1_67' title="bbox 308 4833 1964 4927">
     <span class='ocr_line' id='line_1_69' title="bbox 308 4833 1964 4927; baseline -0.004 -21"><span class='ocrx_word' id='word_1_638' title='bbox 308 4833 407 4927; x_wconf 52' lang='grc' dir='ltr'>*ξος</span> <span class='ocrx_word' id='word_1_639' title='bbox 462 4833 722 4923; x_wconf 59' lang='grc' dir='ltr'>ποοσθείη</span> <span class='ocrx_word' id='word_1_640' title='bbox 781 4833 897 4912; x_wconf 74' lang='grc' dir='ltr'>τοῖς</span> <span class='ocrx_word' id='word_1_641' title='bbox 954 4833 1460 4923; x_wconf 11' lang='grc' dir='ltr'>πράγμασινγσῖὸ),</span> <span class='ocrx_word' id='word_1_642' title='bbox 1517 4848 1598 4901; x_wconf 81' lang='grc' dir='ltr'>’ὁτι</span> <span class='ocrx_word' id='word_1_643' title='bbox 1639 4848 1713 4919; x_wconf 80' lang='grc' dir='ltr'>μὴ</span> <span class='ocrx_word' id='word_1_644' title='bbox 1748 4845 1964 4915; x_wconf 77' lang='grc' dir='ltr'>καὶτῆς</span> 
     </span>
    </p>
   </div>
   <div class='ocr_carea' id='block_1_68' title="bbox 2082 4833 3730 4927">
    <p class='ocr_par' dir='ltr' id='par_1_68' title="bbox 2082 4833 3730 4912">
     <span class='ocr_line' id='line_1_70' title="bbox 2082 4833 3730 4912; baseline -0.004 -18"><span class='ocrx_word' id='word_1_645' title='bbox 2082 4837 2548 4912; x_wconf 67' lang='lat' dir='ltr'>praedicationem</span> <span class='ocrx_word' id='word_1_646' title='bbox 2581 4851 2745 4905; x_wconf 82' lang='lat' dir='ltr'>aquo</span> <span class='ocrx_word' id='word_1_647' title='bbox 2777 4834 2973 4891; x_wconf 88' lang='lat' dir='ltr'>animo</span> <span class='ocrx_word' id='word_1_648' title='bbox 3005 4834 3272 4907; x_wconf 87' lang='lat' dir='ltr'>accipiat.</span> <span class='ocrx_word' id='word_1_649' title='bbox 3306 4835 3431 4891; x_wconf 92' lang='lat' dir='ltr'>Non</span> <span class='ocrx_word' id='word_1_650' title='bbox 3476 4833 3634 4889; x_wconf 88' lang='lat' dir='ltr'>enim</span> <span class='ocrx_word' id='word_1_651' title='bbox 3666 4838 3730 4888; x_wconf 86' lang='lat' dir='ltr'>ut</span> 
     </span>
    </p>
   </div>
   <div class='ocr_carea' id='block_1_69' title="bbox 306 4936 1963 5013">
    <p class='ocr_par' dir='ltr' id='par_1_69' title="bbox 306 4936 1963 5013">
     <span class='ocr_line' id='line_1_71' title="bbox 306 4936 1963 5013; baseline -0.005 -18"><span class='ocrx_word' id='word_1_652' title='bbox 306 4941 454 5011; x_wconf 78' lang='grc' dir='ltr'>ἀξίας</span> <span class='ocrx_word' id='word_1_653' title='bbox 504 4940 782 5013; x_wconf 69' lang='grc' dir='ltr'>ἐλαττώσῃ</span> <span class='ocrx_word' id='word_1_654' title='bbox 839 4941 951 5011; x_wconf 82' lang='lat'>(77)</span> <span class='ocrx_word' id='word_1_655' title='bbox 1004 4936 1091 4992; x_wconf 77' lang='grc' dir='ltr'>διὰ</span> <span class='ocrx_word' id='word_1_656' title='bbox 1136 4940 1234 5006; x_wconf 74' lang='grc' dir='ltr'>τῆς</span> <span class='ocrx_word' id='word_1_657' title='bbox 1270 4936 1539 5000; x_wconf 73' lang='grc' dir='ltr'>ἀσθενείας</span> <span class='ocrx_word' id='word_1_658' title='bbox 1568 4942 1668 5004; x_wconf 76' lang='grc' dir='ltr'>τῆς</span> <span class='ocrx_word' id='word_1_659' title='bbox 1728 4936 1963 5007; x_wconf 70' lang='grc' dir='ltr'>ἑαυτοῦ),</span> 
     </span>
    </p>
   </div>
   <div class='ocr_carea' id='block_1_70' title="bbox 309 5022 1965 5103">
    <p class='ocr_par' dir='ltr' id='par_1_70' title="bbox 309 5022 1965 5103">
     <span class='ocr_line' id='line_1_72' title="bbox 309 5022 1965 5103; baseline -0.005 -19"><span class='ocrx_word' id='word_1_660' title='bbox 309 5029 437 5085; x_wconf 77' lang='grc' dir='ltr'>ἀλλ’</span> <span class='ocrx_word' id='word_1_661' title='bbox 480 5029 548 5082; x_wconf 78' lang='grc' dir='ltr'>’ἶν’</span> <span class='ocrx_word' id='word_1_662' title='bbox 600 5030 747 5100; x_wconf 74' lang='grc' dir='ltr'>ἡμᾶς</span> <span class='ocrx_word' id='word_1_663' title='bbox 804 5025 999 5088; x_wconf 75' lang='grc' dir='ltr'>αὐτοὺς</span> <span class='ocrx_word' id='word_1_664' title='bbox 1055 5025 1453 5103; x_wconf 78' lang='grc' dir='ltr'>ὠφελήσώμεν.</span> <span class='ocrx_word' id='word_1_665' title='bbox 1511 5028 1680 5079; x_wconf 75' lang='grc' dir='ltr'>Τοῦτο</span> <span class='ocrx_word' id='word_1_666' title='bbox 1738 5022 1837 5099; x_wconf 76' lang='grc' dir='ltr'>γὰρ</span> <span class='ocrx_word' id='word_1_667' title='bbox 1869 5022 1965 5077; x_wconf 71' lang='grc' dir='ltr'>οὐκ</span> 
     </span>
    </p>
   </div>
   <div class='ocr_carea' id='block_1_71' title="bbox 384 5151 1963 5223">
    <p class='ocr_par' dir='ltr' id='par_1_71' title="bbox 384 5151 1963 5223">
     <span class='ocr_line' id='line_1_73' title="bbox 384 5151 1963 5223; baseline -0.004 -14"><span class='ocrx_word' id='word_1_668' title='bbox 384 5158 461 5223; x_wconf 85' lang='grc' dir='ltr'>(α)</span> <span class='ocrx_word' id='word_1_669' title='bbox 494 5156 649 5211; x_wconf 81' lang='lat' dir='ltr'>Alias</span> <span class='ocrx_word' id='word_1_670' title='bbox 678 5172 819 5209; x_wconf 83' lang='lat' dir='ltr'>xxm</span> <span class='ocrx_word' id='word_1_671' title='bbox 852 5170 866 5207; x_wconf 88' lang='lat'>:</span> <span class='ocrx_word' id='word_1_672' title='bbox 900 5170 1024 5223; x_wconf 83' lang='lat' dir='ltr'>qua</span> <span class='ocrx_word' id='word_1_673' title='bbox 1058 5157 1253 5207; x_wconf 89' lang='lat' dir='ltr'>autem</span> <span class='ocrx_word' id='word_1_674' title='bbox 1304 5154 1375 5206; x_wconf 82' lang='grc'>25</span> <span class='ocrx_word' id='word_1_675' title='bbox 1423 5156 1566 5215; x_wconf 85' lang='lat' dir='ltr'>erat,</span> <span class='ocrx_word' id='word_1_676' title='bbox 1599 5168 1753 5206; x_wconf 89' lang='lat' dir='ltr'>nunc</span> <span class='ocrx_word' id='word_1_677' title='bbox 1783 5151 1872 5204; x_wconf 86' lang='lat'>33.</span> <span class='ocrx_word' id='word_1_678' title='bbox 1900 5181 1963 5190; x_wconf 89' lang='lat'>—</span> 
     </span>
    </p>
   </div>
   <div class='ocr_carea' id='block_1_72' title="bbox 314 5225 1695 5295">
    <p class='ocr_par' dir='ltr' id='par_1_72' title="bbox 314 5225 1695 5295">
     <span class='ocr_line' id='line_1_74' title="bbox 314 5225 1695 5295; baseline -0.004 -13"><span class='ocrx_word' id='word_1_679' title='bbox 314 5227 525 5283; x_wconf 84' lang='lat' dir='ltr'>Habita</span> <span class='ocrx_word' id='word_1_680' title='bbox 555 5225 1077 5295; x_wconf 83' lang='lat' dir='ltr'>Constantinopoli,</span> <span class='ocrx_word' id='word_1_681' title='bbox 1112 5228 1357 5295; x_wconf 83' lang='lat' dir='ltr'>exeunte</span> <span class='ocrx_word' id='word_1_682' title='bbox 1388 5241 1539 5279; x_wconf 90' lang='lat' dir='ltr'>anno</span> <span class='ocrx_word' id='word_1_683' title='bbox 1569 5225 1695 5295; x_wconf 82' lang='grc'>379.</span> 
     </span>
    </p>
   </div>
   <div class='ocr_carea' id='block_1_73' title="bbox 386 5293 1964 5372">
    <p class='ocr_par' dir='ltr' id='par_1_73' title="bbox 386 5293 1964 5372">
     <span class='ocr_line' id='line_1_75' title="bbox 386 5293 1964 5372; baseline -0.003 -21"><span class='ocrx_word' id='word_1_684' title='bbox 386 5300 499 5370; x_wconf 69' lang='grc'>(74)</span> <span class='ocrx_word' id='word_1_685' title='bbox 534 5296 621 5372; x_wconf 45' lang='grc' dir='ltr'>Εἷς</span> <span class='ocrx_word' id='word_1_686' title='bbox 672 5300 880 5372; x_wconf 54' lang='grc' dir='ltr'>’Βοῶνα</span> <span class='ocrx_word' id='word_1_687' title='bbox 928 5293 1022 5372; x_wconf 35' lang='grc' dir='ltr'>τὸν.</span> <span class='ocrx_word' id='word_1_688' title='bbox 1058 5293 1381 5372; x_wconf 67' lang='grc' dir='ltr'>φιλόσοφον.</span> <span class='ocrx_word' id='word_1_689' title='bbox 1415 5296 1509 5372; x_wconf 76' lang='lat' dir='ltr'>_Sic</span> <span class='ocrx_word' id='word_1_690' title='bbox 1558 5294 1820 5372; x_wconf 75' lang='lat' dir='ltr'>plerique</span> <span class='ocrx_word' id='word_1_691' title='bbox 1852 5309 1964 5372; x_wconf 40' lang='grc' dir='ltr'>,εο-</span> 
     </span>
    </p>
   </div>
   <div class='ocr_carea' id='block_1_74' title="bbox 310 5362 1965 5440">
    <p class='ocr_par' dir='ltr' id='par_1_74' title="bbox 310 5362 1965 5440">
     <span class='ocr_line' id='line_1_76' title="bbox 310 5362 1965 5440; baseline -0.004 -16"><span class='ocrx_word' id='word_1_692' title='bbox 310 5362 492 5440; x_wconf 51' lang='lat' dir='ltr'>dices;</span> <span class='ocrx_word' id='word_1_693' title='bbox 556 5371 692 5439; x_wconf 76' lang='lat' dir='ltr'>Reg.</span> <span class='ocrx_word' id='word_1_694' title='bbox 737 5362 834 5423; x_wconf 48' lang='lat' dir='ltr'>&#39;hu</span> <span class='ocrx_word' id='word_1_695' title='bbox 884 5362 1125 5440; x_wconf 13' lang='lat' dir='ltr'>laddit&#39;;</span> <span class='ocrx_word' id='word_1_696' title='bbox 1188 5362 1575 5440; x_wconf 57' lang='grc' dir='ltr'>Ἀλεξανδρέαξ</span> <span class='ocrx_word' id='word_1_697' title='bbox 1631 5362 1965 5440; x_wconf 37' lang='grc' dir='ltr'>ἐξορισθ-ἑντα</span> 
     </span>
    </p>
   </div>
   <div class='ocr_carea' id='block_1_75' title="bbox 310 5436 1963 5513">
    <p class='ocr_par' dir='ltr' id='par_1_75' title="bbox 310 5436 1963 5513">
     <span class='ocr_line' id='line_1_77' title="bbox 310 5436 1963 5513; baseline -0.002 -17"><span class='ocrx_word' id='word_1_698' title='bbox 310 5437 401 5513; x_wconf 79' lang='grc' dir='ltr'>διᾷ</span> <span class='ocrx_word' id='word_1_699' title='bbox 423 5442 526 5513; x_wconf 76' lang='grc' dir='ltr'>τὴν</span> <span class='ocrx_word' id='word_1_700' title='bbox 556 5436 759 5508; x_wconf 72' lang='grc' dir='ltr'>πίστιν,</span> <span class='ocrx_word' id='word_1_701' title='bbox 810 5438 899 5494; x_wconf 77' lang='grc' dir='ltr'>καὶ</span> <span class='ocrx_word' id='word_1_702' title='bbox 949 5436 1307 5513; x_wconf 68' lang='grc' dir='ltr'>ἐπινελθόντα</span> <span class='ocrx_word' id='word_1_703' title='bbox 1328 5436 1489 5513; x_wconf 6' lang='grc' dir='ltr'>’,μετὰ</span> <span class='ocrx_word' id='word_1_704' title='bbox 1524 5436 1963 5513; x_wconf 23' lang='grc' dir='ltr'>τριετῆζχρόνογ.</span> 
     </span>
    </p>
   </div>
   <div class='ocr_carea' id='block_1_76' title="bbox 306 5458 1964 5587">
    <p class='ocr_par' dir='ltr' id='par_1_76' title="bbox 306 5458 1964 5587">
     <span class='ocr_line' id='line_1_78' title="bbox 310 5458 1963 5513; baseline -0.002 -18"><span class='ocrx_word' id='word_1_705' title='bbox 310 5458 401 5496; x_wconf 66' lang='lat' dir='ltr'>om</span> <span class='ocrx_word' id='word_1_706' title='bbox 427 5458 526 5510; x_wconf 78' lang='grc' dir='ltr'>την</span> <span class='ocrx_word' id='word_1_707' title='bbox 556 5458 759 5508; x_wconf 73' lang='grc' dir='ltr'>πιστιν,</span> <span class='ocrx_word' id='word_1_708' title='bbox 810 5459 899 5494; x_wconf 80' lang='grc' dir='ltr'>και</span> <span class='ocrx_word' id='word_1_709' title='bbox 949 5458 1307 5494; x_wconf 64' lang='grc' dir='ltr'>επῑνελῠοντα</span> <span class='ocrx_word' id='word_1_710' title='bbox 1359 5459 1489 5511; x_wconf 83' lang='grc' dir='ltr'>μετα</span> <span class='ocrx_word' id='word_1_711' title='bbox 1524 5458 1707 5513; x_wconf 77' lang='grc' dir='ltr'>τριετη</span> <span class='ocrx_word' id='word_1_712' title='bbox 1742 5458 1759 5471; x_wconf 59' lang='grc' dir='ltr'>’π</span> <span class='ocrx_word' id='word_1_713' title='bbox 1788 5458 1963 5510; x_wconf 82' lang='grc' dir='ltr'>ρονον.</span> 
     </span>
     <span class='ocr_line' id='line_1_79' title="bbox 306 5458 1964 5587; baseline -0.002 -20"><span class='ocrx_word' id='word_1_714' title='bbox 306 5511 534 5587; x_wconf 69' lang='grc' dir='ltr'>Ἐῥὸἑθη</span> <span class='ocrx_word' id='word_1_715' title='bbox 568 5514 618 5567; x_wconf 73' lang='grc' dir='ltr'>ἐν</span> <span class='ocrx_word' id='word_1_716' title='bbox 648 5510 1299 5587; x_wconf 49' lang='grc' dir='ltr'>Κωνσταντινοοπόλειῄ‹‹</span> <span class='ocrx_word' id='word_1_717' title='bbox 1336 5512 1398 5587; x_wconf 84' lang='lat' dir='ltr'>In</span> <span class='ocrx_word' id='word_1_718' title='bbox 1444 5512 1675 5587; x_wconf 70' lang='lat' dir='ltr'>laudem</span> <span class='ocrx_word' id='word_1_719' title='bbox 1722 5458 1964 5587; x_wconf 44' lang='lat' dir='ltr'>lla-ronls</span> 
     </span>
    </p>
   </div>
   <div class='ocr_carea' id='block_1_77' title="bbox 310 5581 1963 5660">
    <p class='ocr_par' dir='ltr' id='par_1_77' title="bbox 310 5581 1963 5660">
     <span class='ocr_line' id='line_1_80' title="bbox 310 5581 1963 5660; baseline -0.005 -19"><span class='ocrx_word' id='word_1_720' title='bbox 310 5581 642 5660; x_wconf 80' lang='lat' dir='ltr'>philosOphi</span> <span class='ocrx_word' id='word_1_721' title='bbox 670 5586 1065 5650; x_wconf 80' lang='lat' dir='ltr'>Alexandrini,</span> <span class='ocrx_word' id='word_1_722' title='bbox 1092 5587 1162 5660; x_wconf 87' lang='lat' dir='ltr'>ob</span> <span class='ocrx_word' id='word_1_723' title='bbox 1190 5586 1361 5660; x_wconf 72' lang='lat' dir='ltr'>ﬁdem</span> <span class='ocrx_word' id='word_1_724' title='bbox 1386 5585 1445 5660; x_wconf 36' lang='lat' dir='ltr'>i‘n</span> <span class='ocrx_word' id='word_1_725' title='bbox 1469 5584 1737 5660; x_wconf 77' lang='lat' dir='ltr'>exsilium</span> <span class='ocrx_word' id='word_1_726' title='bbox 1776 5581 1963 5660; x_wconf 77' lang='lat' dir='ltr'>missi,</span> 
     </span>
    </p>
   </div>
   <div class='ocr_carea' id='block_1_78' title="bbox 313 5653 1964 5732">
    <p class='ocr_par' dir='ltr' id='par_1_78' title="bbox 313 5653 1964 5732">
     <span class='ocr_line' id='line_1_81' title="bbox 313 5653 1964 5732; baseline -0.006 -17"><span class='ocrx_word' id='word_1_727' title='bbox 313 5653 380 5732; x_wconf 69' lang='lat' dir='ltr'>ac</span> <span class='ocrx_word' id='word_1_728' title='bbox 415 5653 889 5732; x_wconf 46' lang='lat' dir='ltr'>post-triennium</span> <span class='ocrx_word' id='word_1_729' title='bbox 926 5657 1159 5732; x_wconf 83' lang='lat' dir='ltr'>reversi.</span> <span class='ocrx_word' id='word_1_730' title='bbox 1187 5658 1354 5732; x_wconf 76' lang='lat' dir='ltr'>Dicta</span> <span class='ocrx_word' id='word_1_731' title='bbox 1383 5653 1907 5732; x_wconf 80' lang='lat' dir='ltr'>Constantinopoli.</span> <span class='ocrx_word' id='word_1_732' title='bbox 1938 5674 1964 5701; x_wconf 85' lang='grc'><strong>››</strong></span> 
     </span>
    </p>
   </div>
   <div class='ocr_carea' id='block_1_79' title="bbox 325 5728 1966 5802">
    <p class='ocr_par' dir='ltr' id='par_1_79' title="bbox 325 5728 1966 5802">
     <span class='ocr_line' id='line_1_82' title="bbox 325 5728 1966 5802; baseline -0.004 -15"><span class='ocrx_word' id='word_1_733' title='bbox 325 5728 429 5787; x_wconf 65' lang='grc'>810⁷</span> <span class='ocrx_word' id='word_1_734' title='bbox 453 5730 659 5787; x_wconf 89' lang='lat' dir='ltr'>Billius</span> <span class='ocrx_word' id='word_1_735' title='bbox 682 5731 868 5799; x_wconf 88' lang='lat' dir='ltr'>vertit,</span> <span class='ocrx_word' id='word_1_736' title='bbox 893 5730 1162 5801; x_wconf 88' lang='lat' dir='ltr'>quamvis</span> <span class='ocrx_word' id='word_1_737' title='bbox 1184 5730 1241 5786; x_wconf 89' lang='lat' dir='ltr'>in</span> <span class='ocrx_word' id='word_1_738' title='bbox 1267 5729 1435 5784; x_wconf 87' lang='lat' dir='ltr'>editis</span> <span class='ocrx_word' id='word_1_739' title='bbox 1458 5728 1684 5802; x_wconf 86' lang='lat' dir='ltr'>legatur</span> <span class='ocrx_word' id='word_1_740' title='bbox 1701 5730 1966 5784; x_wconf 86' lang='lat' dir='ltr'>tantum:</span> 
     </span>
    </p>
   </div>
   <div class='ocr_carea' id='block_1_80' title="bbox 2078 4923 3729 4999">
    <p class='ocr_par' dir='ltr' id='par_1_80' title="bbox 2078 4923 3729 4999">
     <span class='ocr_line' id='line_1_83' title="bbox 2078 4923 3729 4999; baseline -0.004 -15"><span class='ocrx_word' id='word_1_741' title='bbox 2078 4931 2149 4985; x_wconf 87' lang='lat' dir='ltr'>ab</span> <span class='ocrx_word' id='word_1_742' title='bbox 2182 4928 2309 4999; x_wconf 89' lang='lat' dir='ltr'>ipso</span> <span class='ocrx_word' id='word_1_743' title='bbox 2335 4926 2588 4997; x_wconf 83' lang='lat' dir='ltr'>gratiam</span> <span class='ocrx_word' id='word_1_744' title='bbox 2618 4923 2907 4992; x_wconf 88' lang='lat' dir='ltr'>ineamus,</span> <span class='ocrx_word' id='word_1_745' title='bbox 2938 4940 3073 4979; x_wconf 84' lang='lat' dir='ltr'>eum</span> <span class='ocrx_word' id='word_1_746' title='bbox 3106 4924 3483 4979; x_wconf 85' lang='lat' dir='ltr'>laudabimus</span> <span class='ocrx_word' id='word_1_747' title='bbox 3514 4924 3729 4995; x_wconf 86' lang='lat' dir='ltr'>(neque</span> 
     </span>
    </p>
   </div>
   <div class='ocr_carea' id='block_1_81' title="bbox 2078 5011 3729 5088">
    <p class='ocr_par' dir='ltr' id='par_1_81' title="bbox 2078 5011 3729 5088">
     <span class='ocr_line' id='line_1_84' title="bbox 2078 5011 3729 5088; baseline -0.004 -15"><span class='ocrx_word' id='word_1_748' title='bbox 2078 5034 2185 5073; x_wconf 90' lang='lat' dir='ltr'>nos</span> <span class='ocrx_word' id='word_1_749' title='bbox 2218 5015 2386 5088; x_wconf 87' lang='lat' dir='ltr'>fugit,</span> <span class='ocrx_word' id='word_1_750' title='bbox 2409 5030 2583 5084; x_wconf 89' lang='lat' dir='ltr'>quam</span> <span class='ocrx_word' id='word_1_751' title='bbox 2617 5013 2688 5067; x_wconf 89' lang='lat' dir='ltr'>ab</span> <span class='ocrx_word' id='word_1_752' title='bbox 2734 5012 2973 5068; x_wconf 84' lang='lat' dir='ltr'>honoris</span> <span class='ocrx_word' id='word_1_753' title='bbox 3021 5013 3341 5084; x_wconf 85' lang='lat' dir='ltr'>cupiditate</span> <span class='ocrx_word' id='word_1_754' title='bbox 3391 5011 3729 5085; x_wconf 90' lang='lat' dir='ltr'>philosophi</span> 
     </span>
    </p>
   </div>
   <div class='ocr_carea' id='block_1_82' title="bbox 2076 5134 3729 5216">
    <p class='ocr_par' dir='ltr' id='par_1_82' title="bbox 2076 5134 3729 5216">
     <span class='ocr_line' id='line_1_85' title="bbox 2076 5134 3729 5216; baseline -0.005 -18"><span class='ocrx_word' id='word_1_755' title='bbox 2076 5142 2167 5216; x_wconf 71' lang='lat' dir='ltr'>El:</span> <span class='ocrx_word' id='word_1_756' title='bbox 2198 5143 2409 5216; x_wconf 59' lang='grc' dir='ltr'>Ἠρῶνα</span> <span class='ocrx_word' id='word_1_757' title='bbox 2432 5138 2563 5216; x_wconf 28' lang='grc' dir='ltr'>⁸τὸν-</span> <span class='ocrx_word' id='word_1_758' title='bbox 2588 5134 2905 5216; x_wconf 44' lang='grc' dir='ltr'>φιλόσοφον.</span> <span class='ocrx_word' id='word_1_759' title='bbox 2938 5134 3189 5216; x_wconf 34' lang='grc' dir='ltr'>ἀπο-’τῆς</span> <span class='ocrx_word' id='word_1_760' title='bbox 3242 5136 3447 5216; x_wconf 41' lang='lat' dir='ltr'>lippi};</span> <span class='ocrx_word' id='word_1_761' title='bbox 3498 5134 3729 5216; x_wconf 59' lang='grc' dir='ltr'>ἐπανελ-</span> 
     </span>
    </p>
   </div>
   <div class='ocr_carea' id='block_1_83' title="bbox 2075 5208 3731 5292">
    <p class='ocr_par' dir='ltr' id='par_1_83' title="bbox 2075 5208 3731 5292">
     <span class='ocr_line' id='line_1_86' title="bbox 2075 5208 3731 5292; baseline -0.002 -24"><span class='ocrx_word' id='word_1_762' title='bbox 2075 5208 2310 5292; x_wconf 74' lang='grc' dir='ltr'>θόντα-ἀ</span> <span class='ocrx_word' id='word_1_763' title='bbox 2340 5214 2401 5292; x_wconf 66' lang='grc' dir='ltr'>[ιι</span> <span class='ocrx_word' id='word_1_764' title='bbox 2432 5208 2665 5292; x_wconf 79' lang='lat' dir='ltr'>laudem</span> <span class='ocrx_word' id='word_1_765' title='bbox 2698 5208 2941 5292; x_wconf 76' lang='lat' dir='ltr'>Neronis</span> <span class='ocrx_word' id='word_1_766' title='bbox 2974 5209 3307 5292; x_wconf 71' lang='lat' dir='ltr'>philosophi</span> <span class='ocrx_word' id='word_1_767' title='bbox 3333 5208 3409 5265; x_wconf 80' lang='lat' dir='ltr'>ab</span> <span class='ocrx_word' id='word_1_768' title='bbox 3441 5208 3613 5292; x_wconf 74' lang='lat' dir='ltr'>exilio</span> <span class='ocrx_word' id='word_1_769' title='bbox 3646 5226 3731 5265; x_wconf 85' lang='lat' dir='ltr'>re-</span> 
     </span>
    </p>
   </div>
   <div class='ocr_carea' id='block_1_84' title="bbox 2076 5281 3730 5352">
    <p class='ocr_par' dir='ltr' id='par_1_84' title="bbox 2076 5281 3730 5352">
     <span class='ocr_line' id='line_1_87' title="bbox 2076 5281 3730 5352; baseline -0.004 -11"><span class='ocrx_word' id='word_1_770' title='bbox 2076 5287 2245 5341; x_wconf 84' lang='lat' dir='ltr'>versi.</span> <span class='ocrx_word' id='word_1_771' title='bbox 2275 5308 2300 5333; x_wconf 77' lang='lat'><strong>»</strong></span> <span class='ocrx_word' id='word_1_772' title='bbox 2334 5285 2616 5337; x_wconf 68' lang='lat' dir='ltr'>Craterum</span> <span class='ocrx_word' id='word_1_773' title='bbox 2649 5282 2705 5334; x_wconf 92' lang='lat' dir='ltr'>in</span> <span class='ocrx_word' id='word_1_774' title='bbox 2740 5281 2960 5335; x_wconf 89' lang='lat' dir='ltr'>monito</span> <span class='ocrx_word' id='word_1_775' title='bbox 2994 5281 3387 5352; x_wconf 63' lang='lat' dir='ltr'>probavimus,</span> <span class='ocrx_word' id='word_1_776' title='bbox 3414 5299 3525 5335; x_wconf 91' lang='lat' dir='ltr'>non</span> <span class='ocrx_word' id='word_1_777' title='bbox 3557 5286 3730 5336; x_wconf 80' lang='lat' dir='ltr'>Hero-</span> 
     </span>
    </p>
   </div>
   <div class='ocr_carea' id='block_1_85' title="bbox 2078 5352 3726 5478">
    <p class='ocr_par' dir='ltr' id='par_1_85' title="bbox 2078 5352 3726 5478">
     <span class='ocr_line' id='line_1_88' title="bbox 2078 5352 3726 5478; baseline -0.004 -63"><span class='ocrx_word' id='word_1_778' title='bbox 2078 5376 2233 5424; x_wconf 88' lang='lat' dir='ltr'>nem,</span> <span class='ocrx_word' id='word_1_779' title='bbox 2268 5358 2369 5412; x_wconf 88' lang='lat' dir='ltr'>sed</span> <span class='ocrx_word' id='word_1_780' title='bbox 2402 5355 2719 5410; x_wconf 83' lang='lat' dir='ltr'>Maximum</span> <span class='ocrx_word' id='word_1_781' title='bbox 2735 5352 3169 5478; x_wconf 51' lang='lat' dir='ltr'>{philosophum</span> <span class='ocrx_word' id='word_1_782' title='bbox 3213 5354 3494 5425; x_wconf 83' lang='lat' dir='ltr'>Cynicum</span> <span class='ocrx_word' id='word_1_783' title='bbox 3526 5354 3586 5409; x_wconf 91' lang='lat' dir='ltr'>in</span> <span class='ocrx_word' id='word_1_784' title='bbox 3616 5354 3726 5409; x_wconf 85' lang='lat' dir='ltr'>hac</span> 
     </span>
     <span class='ocr_line' id='line_1_89' title="bbox 2078 5424 3273 5478; baseline 0 0"><span class='ocrx_word' id='word_1_785' title='bbox 2078 5431 2337 5478; x_wconf 76' lang='lat' dir='ltr'>nmtinnc</span> <span class='ocrx_word' id='word_1_786' title='bbox 2369 5445 2400 5478; x_wconf 75' lang='grc' dir='ltr'>ει</span> <span class='ocrx_word' id='word_1_787' title='bbox 2428 5425 2701 5478; x_wconf 64' lang='lat' dir='ltr'>Gregorio</span> <span class='ocrx_word' id='word_1_788' title='bbox 2760 5424 2917 5478; x_wconf 90' lang='lat' dir='ltr'>uisse</span> <span class='ocrx_word' id='word_1_789' title='bbox 2948 5424 3273 5478; x_wconf 83' lang='lat' dir='ltr'>laudatum.</span> 
     </span>
    </p>
   </div>
   <div class='ocr_carea' id='block_1_86' title="bbox 2076 5424 3273 5488">
    <p class='ocr_par' dir='ltr' id='par_1_86' title="bbox 2076 5424 3273 5488">
     <span class='ocr_line' id='line_1_90' title="bbox 2076 5424 3273 5488; baseline -0.005 -1"><span class='ocrx_word' id='word_1_790' title='bbox 2076 5431 2337 5488; x_wconf 85' lang='lat' dir='ltr'>oratione</span> <span class='ocrx_word' id='word_1_791' title='bbox 2369 5445 2401 5483; x_wconf 87' lang='lat' dir='ltr'>a</span> <span class='ocrx_word' id='word_1_792' title='bbox 2428 5425 2701 5488; x_wconf 72' lang='lat' dir='ltr'>Gregorio</span> <span class='ocrx_word' id='word_1_793' title='bbox 2735 5424 2917 5479; x_wconf 80' lang='lat' dir='ltr'>fuisse</span> <span class='ocrx_word' id='word_1_794' title='bbox 2948 5424 3273 5481; x_wconf 60' lang='lat' dir='ltr'>laudatuml</span> 
     </span>
    </p>
   </div>
   <div class='ocr_carea' id='block_1_87' title="bbox 2147 5493 3089 5573">
    <p class='ocr_par' dir='ltr' id='par_1_87' title="bbox 2147 5493 3089 5573">
     <span class='ocr_line' id='line_1_91' title="bbox 2147 5493 3089 5573; baseline -0.003 -19"><span class='ocrx_word' id='word_1_795' title='bbox 2147 5502 2258 5573; x_wconf 69' lang='grc'>(75)</span> <span class='ocrx_word' id='word_1_796' title='bbox 2290 5500 2509 5573; x_wconf 70' lang='grc' dir='ltr'>Κάμνω.</span> <span class='ocrx_word' id='word_1_797' title='bbox 2544 5493 2742 5573; x_wconf 35' lang='grc' dir='ltr'>Εοὶξῖ..</span> <span class='ocrx_word' id='word_1_798' title='bbox 2768 5497 2815 5573; x_wconf 28' lang='grc'>1.,</span> <span class='ocrx_word' id='word_1_799' title='bbox 2848 5493 3089 5573; x_wconf 68' lang='grc' dir='ltr'>κᾷμνων.</span> 
     </span>
    </p>
   </div>
   <div class='ocr_carea' id='block_1_88' title="bbox 2148 5566 3525 5646">
    <p class='ocr_par' dir='ltr' id='par_1_88' title="bbox 2148 5566 3525 5646">
     <span class='ocr_line' id='line_1_92' title="bbox 2148 5566 3525 5646; baseline -0.007 -21"><span class='ocrx_word' id='word_1_800' title='bbox 2148 5566 2259 5645; x_wconf 73' lang='grc'>(76)</span> <span class='ocrx_word' id='word_1_801' title='bbox 2298 5566 2599 5646; x_wconf 59' lang='grc' dir='ltr'>Πραγμασι.</span> <span class='ocrx_word' id='word_1_802' title='bbox 2652 5568 2825 5623; x_wconf 82' lang='lat' dir='ltr'>Coisl.</span> <span class='ocrx_word' id='word_1_803' title='bbox 2880 5566 3017 5623; x_wconf 10' lang='lat' dir='ltr'>lict</span> <span class='ocrx_word' id='word_1_804' title='bbox 3066 5567 3184 5639; x_wconf 76' lang='lat' dir='ltr'>alii,</span> <span class='ocrx_word' id='word_1_805' title='bbox 3219 5566 3475 5641; x_wconf 64' lang='grc' dir='ltr'>θαύμασι,</span> <span class='ocrx_word' id='word_1_806' title='bbox 3507 5592 3525 5616; x_wconf 76' lang='grc' dir='ltr'><strong><em>α</em></strong></span> 
     </span>
    </p>
   </div>
   <div class='ocr_carea' id='block_1_89' title="bbox 2076 5648 2331 5705">
    <p class='ocr_par' dir='ltr' id='par_1_89' title="bbox 2076 5648 2331 5705">
     <span class='ocr_line' id='line_1_93' title="bbox 2076 5648 2331 5705; baseline -0.02 0"><span class='ocrx_word' id='word_1_807' title='bbox 2076 5648 2272 5705; x_wconf 87' lang='lat' dir='ltr'>rebus.</span> <span class='ocrx_word' id='word_1_808' title='bbox 2306 5668 2331 5695; x_wconf 84' lang='grc'>››</span> 
     </span>
    </p>
   </div>
   <div class='ocr_carea' id='block_1_90' title="bbox 2148 5707 3376 5794">
    <p class='ocr_par' dir='ltr' id='par_1_90' title="bbox 2148 5707 3376 5794">
     <span class='ocr_line' id='line_1_94' title="bbox 2148 5707 3376 5794; baseline 0.015 -42"><span class='ocrx_word' id='word_1_809' title='bbox 2148 5721 2260 5794; x_wconf 66' lang='grc'>(77)</span> <span class='ocrx_word' id='word_1_810' title='bbox 2295 5713 2623 5788; x_wconf 78' lang='grc' dir='ltr'>Ἐλαττώσῃ.</span> <span class='ocrx_word' id='word_1_811' title='bbox 2660 5711 2843 5783; x_wconf 86' lang='lat' dir='ltr'>Forte,</span> <span class='ocrx_word' id='word_1_812' title='bbox 2876 5707 3189 5769; x_wconf 73' lang='grc' dir='ltr'>ἐλαττώσει.</span> <span class='ocrx_word' id='word_1_813' title='bbox 3223 5713 3376 5770; x_wconf 81' lang='grc' dir='ltr'>Εῡιτ.</span> 
     </span>
    </p>
   </div>
   <div class='ocr_carea' id='block_1_91' title="bbox 3566 5565 3725 5624">
    <p class='ocr_par' dir='ltr' id='par_1_91' title="bbox 3566 5565 3725 5624">
     <span class='ocr_line' id='line_1_95' title="bbox 3566 5565 3725 5624; baseline 0.019 -3"><span class='ocrx_word' id='word_1_814' title='bbox 3566 5565 3725 5624; x_wconf 73' lang='lat' dir='ltr'>miris</span> 
     </span>
    </p>
   </div>
  </div>
