4110 6414
292 483 441 546 1201

1073 479 1368 542 ORATIO
1410 478 1594 538 XXV.
1621 476 1798 537 —IN
1849 476 2176 538 LAUDEM
2222 477 2565 540 HERONIS
2615 477 2914 542 PHILOS.

3565 485 3590 544 1
3605 484 3723 546 202

283 620 394 680 θεῖν
421 618 538 677 τοῖς
572 612 796 676 οἰκείοις
827 615 1045 669 πάθεσιν
1079 609 1507 678 έκδιδάσκοντος,
1539 613 1627 664 καὶ
1661 611 1732 664 ὧν
1770 609 1927 664 ἆθλον

2060 611 2475 682 patrocinium,
2497 617 2752 685 tempus,
2777 619 2835 670 et
2865 631 2967 686 pro
3010 631 3071 671 re
3112 614 3371 688 legitima
3401 622 3719 673 consuetu-

282 705 526 780 οὐρανῶν
564 702 830 779 βασιλεία,
864 703 954 758 καὶ
988 704 1114 760 Θεὸν
1149 704 1391 778 γενέσθαι
1420 705 1519 756 τοῦ
1569 701 1756 755 παθεῖν
1804 699 1942 771 ὑψη-

283 793 529 869 λότερον.

2057 700 2254 757 dinem
2284 706 2788 774 assumpserunt);
2812 721 3011 760 verum
3031 705 3320 761 hzeresum
3342 707 3717 763 mendacium

2057 789 2361 861 deviceris,
2392 792 2451 847 in
2485 792 2765 848 honorem
2803 794 2897 849 Dei
2929 795 3198 864 viventis,
3223 795 3323 868 qui
3356 812 3462 852 nos
3484 813 3717 869 quoque

279 904 387 958 per
417 903 558 942 suos
589 885 886 940 cruciatus
919 885 991 939 ad
1033 884 1372 939 subeundos
1417 881 1712 936 cruciatus
1760 879 1974 946 erudit,
2012 896 2259 950 quorum
2293 881 2470 936 etiam
2501 882 2894 938 certaminum
2926 884 3258 956 praemium,
3291 885 3420 942 coeli
3469 903 3714 959 regnum

277 979 389 1039 est,
423 991 490 1030 ac
521 979 701 1030 Deum
735 975 906 1042 efﬁci,
941 974 1100 1029 omni
1131 972 1353 1028 doloris
1386 987 1561 1026 sensu
1597 970 2020 1025 sublimiorem.

353 1061 424 1119 Γ’.
456 1058 631 1116 Ἀλλᾶ
658 1060 740 1123 τίς
774 1063 807 1130 ἡ
843 1060 1175 1136 ἀνάῤῥησις;
1211 1059 1272 1113 Εἰ
1311 1061 1402 1131 μὲν
1453 1059 1552 1126 τὴν
1610 1057 1947 1128 συντομωτέ-

279 1171 376 1226 ραν
435 1154 652 1213 ποθεῖτε
709 1149 799 1203 xxi
847 1148 1265 1225 γνωριμωτέραν
1293 1167 1303 1177 ·
1358 1147 1526 1209 Οὗτος
1557 1153 1654 1215 τῆς
1687 1145 1941 1212 ἀληθείας

275 1239 588 1314 ἀγωνιστὴς
640 1236 1051 1312 ἀψευδέστατος,
1100 1239 1190 1292 καὶ
1228 1244 1327 1306 τῆς
1359 1234 1585 1310 Τριάδος
1620 1237 1939 1310 ὑπέρμαχος

277 1326 444 1403 ἄχρις
475 1326 727 1401 αἵματος,
761 1328 850 1382 καὶ
879 1332 987 1382 τῶν
1020 1325 1325 1382 διωκόντων
1373 1331 1451 1396 τῷ
1499 1330 1674 1380 ποιεῖν
1736 1329 1936 1394 κακῶς,

274 1422 358 1488 τῷ
385 1418 620 1493 πάσχειν
654 1416 954 1492 προθύμως
989 1415 1228 1486 διώκτης
1256 1435 1267 1446 ·
1303 1412 1456 1469 οὐδέν
1490 1415 1593 1489 γὰρ
1627 1413 1770 1468 οὕτω
1817 1418 1939 1482 νικᾷ

271 1507 367 1560 τὸν
398 1505 686 1574 διώκοντα,
719 1507 792 1568 ὡς
823 1507 1100 1580 προθυμία
1130 1509 1227 1559 τοῦ
1253 1506 1578 1580 πάσχοντος.
1632 1502 1694 1557 Εἰ
1739 1499 1796 1556 δὲ
1838 1503 1936 1571 τήν

269 1593 606 1670 τελεωτέραν
657 1598 770 1668 (86)
817 1595 906 1649 καὶ
960 1593 1295 1667 πλατυτέραν
1323 1611 1336 1623 ·
1383 1593 1553 1653 Οὗτος
1585 1592 1804 1667 ἄριστος
1842 1593 1934 1663 μὲν

269 1683 323 1756 ἐξ
367 1684 620 1760 ἀρίστων,
679 1685 768 1738 καὶ
821 1683 872 1754 ἰξ
923 1683 1155 1758 εὐγενῶν
1207 1679 1594 1758 εὐγενέστατος.
1659 1680 1938 1756 Εὐγένειαν

270 1770 330 1827 δὲ
363 1774 534 1848 λέγω,
569 1772 678 1848 οὐχ
734 1775 794 1842 ἢν
856 1774 907 1826 oi
966 1771 1171 1827 πολλοὶ
1231 1771 1546 1844 νομίζουσιν
1574 1790 1585 1802 '
1623 1768 1827 1845 ἅπαγεί
1864 1768 1936 1823 Οὐ

268 1863 410 1937 πρὸς
441 1865 601 1934 ἡμῶν
633 1861 774 1917 οὕτω
806 1863 1094 1936 θαυμάζειν
1127 1865 1261 1935 (87),
1296 1859 1421 1915 οὐδὲ
1469 1859 1791 1938 φιλόσοφον,
1835 1861 1934 1928 τὴν

2132 1059 2226 1114 ΙΙΙ.
2262 1060 2567 1122 Quodnam
2600 1063 2796 1115 autem
2828 1060 2936 1116 hoc
2970 1062 3327 1133 praeconium
3359 1064 3498 1120 est?
3526 1064 3716 1136 Siqui-

2056 1150 2188 1202 dem
2225 1148 2458 1204 brevius
2505 1153 2563 1204 et
2612 1150 2806 1205 notius
2858 1151 3141 1222 quaeritis,
3167 1153 3278 1206 erit
3323 1152 3714 1223 hujusmodi:

2059 1235 2159 1290 Hic
2205 1242 2293 1291 est
2323 1237 2583 1292 veritatis
2632 1238 2854 1294 athleta
2898 1239 3263 1308 verissimus,
3299 1246 3354 1294 et
3406 1242 3717 1299 Trinitatis

2058 1326 2127 1379 ad
2183 1327 2532 1397 sanguinem
2570 1343 2756 1398 usque
2807 1333 3227 1401 propugnator,
3261 1334 3435 1401 atque
3485 1346 3712 1399 eorum,

2058 1414 2156 1485 qui
2193 1414 2412 1486 ipsum,
2443 1414 2674 1486 injuria}
2706 1417 3019 1472 inferendae
3050 1433 3248 1486 causa,
3284 1420 3710 1490 persequeban-

2054 1509 2168 1570 tur,
2196 1521 2296 1574 per
2318 1504 2573 1574 patiendi
2595 1503 2958 1560 alacritatem
2987 1511 3342 1577 persecutor.
3371 1507 3526 1563 Nihil
3549 1508 3706 1565 enim

2052 1597 2478 1663 persecutorem
2530 1593 2609 1648 ita
2639 1600 2895 1664 superat,
2917 1599 2982 1649 ut
3015 1595 3288 1666 patientis
3321 1596 3610 1653 alacritas.
3645 1598 3705 1654 Si

2050 1699 2180 1737 vero
2210 1682 2524 1753 perfectius
2563 1687 2620 1737 et
2664 1683 2842 1739 latius
2893 1684 3223 1757 postulatis,
3247 1685 3362 1741 tale
3409 1686 3519 1742 erit
3551 1703 3563 1742 :
3599 1686 3702 1742 Hic

2049 1789 2116 1825 ex
2147 1771 2388 1841 optimis
2420 1771 2701 1842 optimus,
2733 1778 2790 1828 et
2827 1789 2896 1828 ex
2944 1773 3240 1829 nobilibus
3273 1774 3700 1831 nobilissimus.

2053 1860 2422 1915 Nobilitatem
2455 1865 2652 1916 autem
2696 1862 2847 1927 dico,
2881 1879 2994 1917 non
3027 1862 3182 1919 456
3223 1879 3397 1934 quam
3444 1863 3705 1936 plerique

268 1949 334 2006 ἐκ
366 1950 548 2023 μύθων
582 1951 670 2005 καὶ
699 1951 881 2028 τάφων
918 1951 1225 2025 ἐρχομένην
1272 1951 1362 2005 καὶ
1422 1949 1592 2004 πάλαι
1642 1950 1927 2019 σεσηπυίας

2048 1948 2422 2004 existimant:
2451 1950 2628 2005 absit!
2664 1950 2791 2005 Non
2823 1923 2980 2005 enim
3014 1923 3284 2007 nostrum
3311 1957 3419 2019 est,
3444 1923 3550 2008 nec
3581 1923 3706 2025 p‘hi-

268 2039 520 2117 οφρύοδ·
583 2040 709 2095 οὐδὲ
761 2042 859 2107 τήν
909 2041 958 2110 ἐξ
1007 2039 1253 2113 αἱμάτων
1304 2041 1395 2094 καὶ
1439 2041 1777 2115 γραμμάτων
1821 2043 1933 2112 (88)

265 2131 724 2205 προσ-γινομένην,
755 2132 818 2198 ἣν
857 2130 1044 2192 νύκτες
1094 2135 1204 2203 (89)
1259 2129 1596 2205 χαρίζονται,
1648 2129 1737 2182 καὶ
1790 2130 1936 2204 βασι-

267 2216 414 2273 λέων
443 2216 579 2280 ’ίσως
613 2217 738 2272 οὐδὲ
769 2219 998 2295 εὐγενῶν
1047 2225 1254 2294 χεῖρες,
1305 2218 1775 2294 προστασσόντων,
1827 2217 1932 2271 ὣσ-

264 2327 371 2381 περ
430 2305 570 2362 ἅλλο
626 2330 702 2375 τι,
749 2309 847 2376 τὴν
897 2307 1164 2383 εὐγένειαν
1197 2328 1209 2340 ·
1277 2308 1405 2364 ἀλλ’
1454 2309 1514 2375 ἢν
1562 2302 1802 2360 εὐσέϐεια
1832 2326 1930 2380 χι-

262 2397 586 2473 ρακτηρίζει
616 2397 702 2452 καὶ
734 2396 962 2472 τρόπος,
995 2397 1085 2450 καὶ
1117 2399 1150 2465 ἡ
1185 2397 1322 2471 πρὸς
1351 2398 1413 2451 τὸ
1462 2401 1677 2472 πρῶτον
1727 2395 1927 2470 ἀγαθὸν

261 2483 486 2558 ἄνοδος,
537 2486 655 2541 ὅθεν
708 2487 1030 2561 γεγόναμεν.
1081 2485 1297 2554 Ταύτής
1349 2483 1620 2556 ἀπόδειξις
1674 2483 1770 2556 μία
1825 2487 1922 2553 τῆς

258 2576 549 2651 εὐγενείας.
599 2576 675 2633 Οὐ
725 2577 827 2651 γὰρ
879 2575 1125 2645 ἀθλητὴς
1179 2575 1341 2647 μόνον
1393 2578 1528 2648 ἡμῖν
1582 2576 1608 2629 ὁ
1640 2571 1920 2648 γεννάδας,

257 2664 412 2721 ἀλλὰ
463 2664 553 2720 καὶ
604 2665 663 2720 ἐκ
707 2663 992 2739 μαρτύρων
1021 2684 1033 2696 ο
1083 2663 1219 2719 ὣστε
1269 2663 1474 2727 ο⁹ίκοθεν
1523 2663 1668 2734 αὐτῷ
1713 2664 1774 2717 τὸ
1823 2665 1920 2732 τῆς

257 2754 461 2830 ἀρετῆς
509 2751 876 2829 παράδειγμα.
933 2753 1171 2822 Πολίτης
1224 2751 1300 2822 δὲ,
1350 2753 1511 2830 σοφίᾳ
1553 2753 1667 2825 μὲν,
1714 2759 1814 2821 τῆς
1847 2754 1923 2807 οὶ-

256 2843 539 2915 κουμένης
595 2843 804 2911 ἀπάσης
862 2839 1011 2915 (οὐδὲ
1062 2844 1162 2917 γὰρ
1223 2841 1468 2917 ἀνέχεται
1523 2847 1738 2914 μικροῖς
1771 2840 1921 2916 ὅροις

258 2933 471 2999 Κυνικὴ
526 2933 1015 3007 περιγράφεσθαι)’
1096 2932 1310 2999 σώματι
1371 2930 1448 2997 δὲ,
1509 2938 1606 2998 τῆς
1671 2929 1919 3000 Ἀλεξαν-

257 3019 434 3094 δρέων
494 3019 712 3080 πόλεως
761 3027 861 3089 τῆς
920 3019 1012 3073 σὺν
1065 3019 1191 3090 ὑμῖν
1238 3021 1370 3092 (90),
1495 3020 1607 3092 μεθ’
1637 3019 1776 3090 ὑμᾶς
1811 3022 1923 3091 (91)

257 3107 464 3172 εὐθέως
519 3109 966 3184 ἀριθμουμένης’
1023 3111 1087 3176 ἧς
1147 3114 1276 3162 πᾶσι
1322 3110 1535 3162 πάντων
1592 3107 1918 3182 κρατούσης,

259 3197 538 3274 θερμότης
579 3199 642 3254 τὸ
693 3196 988 3252 ἱδιαίτατον
1053 3201 1188 3272 (92),
1235 3197 1324 3251 καὶ
1372 3197 1571 3267 ταύτης
1613 3198 1676 3251 τὸ
1725 3197 1920 3253 κάλλι-

2046 2035 2438 2108 losophicum,
2465 2055 2590 2092 eam
2624 2038 2926 2105 admirari,
2952 2056 3078 2109 quaa
3107 2057 3140 2094 a
3170 2039 3386 2095 fabulis
3418 2045 3476 2095 et
3504 2042 3704 2113 sepul-

2047 2127 2181 2193 cris,
2216 2144 2281 2181 ac
2325 2126 2636 2198 supercilio
2669 2127 3025 2198 jampridem
3077 2130 3400 2198 putrefacto
3451 2135 3654 2185 manat
3687 2149 3700 2186 :

2048 2232 2148 2269 nec
2187 2232 2337 2281 eam,
2373 2231 2500 2284 quae
2549 2232 2614 2269 ex
2663 2215 3054 2286 sanguinibus
3110 2221 3167 2270 et
3222 2217 3434 2273 litteris
3491 2218 3699 2286 oritur,

2043 2321 2217 2374 quam
2245 2309 2445 2358 noctes
2479 2303 2826 2375 largiuntur,
2852 2322 2917 2360 ac
2942 2321 3143 2376 regum
3175 2306 3526 2378 ignobilium
3551 2325 3695 2379 quo-

2039 2409 2152 2465 que
2202 2393 2450 2448 fortasse
2498 2410 2731 2470 m_anus,
2783 2394 3166 2467 nobilitatem,
3207 2397 3362 2451 velut
3407 2397 3692 2469 quiddam

2036 2480 2218 2550 aliud,
2244 2482 2582 2552 jubentium
2611 2500 2624 2538 :
2650 2483 2751 2538 sed
2775 2500 2952 2555 quam
2986 2484 3171 2556 pietas
3191 2490 3247 2541 et
3268 2502 3461 2542 mores
3485 2490 3692 2542 notant

2034 2576 2209 2643 atque
2239 2571 2519 2638 indicant,
2542 2576 2598 2627 ct
2626 2573 2696 2628 ad
2731 2573 2990 2644 primum
3023 2573 3166 2629 illud
3209 2574 3452 2646 bonum,
3475 2592 3541 2633 ex
3569 2593 3685 2647 quo

2034 2662 2319 2733 originem
2351 2663 2657 2731 traximus,
2691 2680 2994 2719 ascensus.
3018 2665 3208 2735 Hujus
3230 2665 3553 2721 nobilitatis
3576 2667 3685 2723 hoc

2034 2770 2219 2807 unum
2245 2757 2656 2825 argumentum
2679 2757 2787 2807 est.
2813 2753 3040 2808 Etenim
3069 2770 3183 2808 non
3208 2759 3437 2809 tantum
3464 2760 3687 2828 martyr

2033 2843 2159 2912 ipse
2189 2859 2507 2913 generosus
2555 2841 2796 2906 exstitit,
2830 2842 2930 2897 sed
2963 2841 3139 2897 etiam
3189 2859 3259 2897 ex
3305 2845 3686 2914 martyribus.

2035 2934 2236 3002 Itaque
2275 2931 2506 2987 virtutis
2537 2930 2869 3001 exemplum
2914 2931 3040 2996 ipse
3088 2931 3246 2986 domi
3296 2931 3520 2987 habuit.
3551 2934 3685 2988 Jam

2033 3023 2183 3092 quod
2210 3022 2278 3076 ad
2305 3021 2595 3076 civitatem
2619 3019 2846 3089 attinet,
2871 3019 2918 3074 si
2945 3020 3182 3091 quidem
3211 3021 3512 3092 sapientia:-
3541 3023 3688 3078 ratio

2035 3111 2341 3181 habeatur,
2367 3109 2546 3165 totius
2568 3109 2727 3164 orbis
2752 3112 3042 3165 terrarum
3074 3114 3166 3165 est
3185 3109 3364 3166 civis:
3393 3127 3496 3166 nec
3529 3112 3687 3168 enim

2034 3200 2392 3273 cynicismus
2422 3198 2649 3271 exiguis
2689 3199 2909 3254 ﬁnibus
2953 3198 3354 3255 circumscribi
3401 3201 3686 3271 sustinet;

257 3308 411 3356 στον,
465 3287 916 3360 Χριστιανισμὸς,
963 3286 1052 3342 καὶ
1098 3289 1134 3357 ἡ
1175 3287 1299 3362 περὶ
1330 3291 1490 3342 τοῦτο
1521 3289 1632 3361 (93)
1675 3285 1927 3359 διάθεσις,

2045 3291 2090 3345 ei
2122 3307 2253 3345 vero
2287 3306 2498 3362 corpus
2529 3293 2882 3361 spectemus,
2908 3287 3257 3345 Alexandria
3285 3294 3451 3346 ortus
3480 3295 3589 3359 est,
3623 3309 3694 3349 ex

257 3377 325 3432 ἐκ
397 3378 768 3452 προαιρέσεως
853 3377 947 3448 μὲν
1022 3375 1312 3452 ἀρχομένη
1385 3376 1454 3451 τῇ
1513 3375 1570 3431 δὲ
1628 3377 1779 3455 φύσει
1844 3380 1931 3454 βε-

255 3461 594 3538 ϐαιουμένη.
675 3469 752 3538 Τῇ
836 3465 942 3540 γὰρ
1023 3460 1268 3537 εὐσεϐείᾳ
1339 3467 1402 3520 τὸ
1478 3468 1674 3540 θερμὸν
1764 3487 1929 3540 προσ.

260 3561 552 3630 χωρῆσαν,
618 3552 786 3624 ζῆλος
837 3553 1089 3629 ἐγένετο·
1143 3553 1313 3624 ζῆλος
1373 3554 1451 3624 δὲ,
1509 3555 1778 3632 ἀσφάλεια
1835 3557 1928 3610 πί-

262 3664 458 3705 στεως.

2032 3397 2100 3435 ca
2132 3381 2413 3435 nimirum
2457 3378 2710 3446 civitate,
2737 3395 2862 3450 quae
2891 3378 2984 3433 vel
3015 3395 3149 3434 cum
3190 3384 3400 3450 vestra,
3418 3379 3507 3436 vel
3538 3385 3692 3438 certe

2032 3470 2233 3524 statim
2270 3475 2401 3540 post
2449 3484 2577 3523 eam
2621 3472 2970 3522 numeratur
3001 3486 3013 3523 :
3049 3484 3196 3538 quae,
3225 3484 3358 3523 cum
3410 3470 3688 3526 omnibus

2030 3559 2208 3614 rebus
2231 3558 2404 3612 urbes
2427 3571 2630 3610 omnes
2659 3554 2986 3622 antecellat,
3013 3555 3379 3612 nihiltamen
3411 3561 3530 3613 tam
3558 3575 3688 3630 pro-

2030 3648 2219 3718 prium
2254 3646 2450 3712 habet,
2477 3661 2653 3714 quam
2705 3644 3038 3700 animorum
3089 3646 3394 3715 fervorem,
3427 3650 3502 3716 et,
3527 3649 3684 3720 quod

255 3735 324 3790 in
352 3751 420 3789 eo
453 3732 975 3806 praeclarissimum
1019 3737 1128 3796 est,
1161 3732 1505 3788 acerrimum
1539 3749 1677 3805 erga
1706 3735 2092 3793 Christianam
2142 3734 2476 3805 religionem
2509 3733 2799 3800 studium,
2832 3751 2865 3788 a
2893 3733 3194 3790 voluntate
3223 3735 3461 3806 quidem
3512 3741 3687 3808 atque

257 3821 450 3878 animi
482 3822 781 3893 proposito
812 3821 1163 3893 principium
1198 3821 1442 3887 ducens,
1475 3826 1745 3876 caeterum
1778 3841 1809 3876 a
1845 3829 2050 3880 natura
2095 3827 2295 3895 postea
2324 3823 2757 3876 conﬁrmatum.
2796 3821 2988 3877 Animi
3015 3823 3170 3878 enim
3206 3824 3412 3895 fervor,
3445 3841 3580 3880 cum
3611 3827 3685 3882 ad

260 3912 542 3985 pietatem
570 3913 902 3980 accesserit,
931 3911 1116 3967 zelum
1149 3911 1302 3984 parit
1335 3930 1346 3967 :
1380 3911 1538 3967 zelus
1573 3919 1764 3968 autem
1801 3915 1932 3970 ﬁdei
1962 3914 2300 3988 praesidium
2332 3917 2443 3968 est.

337 4002 406 4057 A'.
442 4000 673 4076 Τραφεὶς
707 3997 762 4055 δὲ
793 4000 938 4054 οὕτω
969 4001 1056 4054 καὶ
1106 3997 1439 4067 παιδευθεὶς,
1502 4001 1578 4062 ὡς
1637 4001 1778 4064 εἰκὸς
1837 4004 1928 4058 τὸν

260 4089 326 4145 ἐκ
353 4088 618 4144 τοιούτων
669 4088 935 4164 γεγονότα
981 4087 1070 4142 καὶ
1113 4092 1362 4143 τοιοῦτον
1425 4088 1701 4162 ἐσόμενον,
1737 4089 1922 4161 ἐπειδὴ

265 4178 404 4254 βίων
465 4181 579 4252 (94)
637 4179 894 4255 αἱρέσεως
942 4179 1129 4251 καιρὸς
1180 4175 1355 4234 ἐδόκει
1406 4181 1488 4253 (ἣν
1538 4177 1782 4254 κρηπῖδα
1828 4187 1924 4236 τοῦ

258 4267 516 4345 πράττειν
569 4265 624 4322 εὖ
671 4269 704 4336 ἢ
749 4271 926 4330 κακῶς
961 4266 1070 4342 ἐγὼ
1099 4267 1362 4342 τίθεμαι),
1397 4266 1506 4323 εἷδὲ
1535 4271 1648 4342 (95)
1677 4291 1728 4324 τι
1766 4269 1920 4346 μέγα,

258 4357 353 4413 καὶ
411 4355 678 4426 νεανικὸν,
735 4357 827 4411 καὶ
875 4361 982 4412 τῶν
1032 4355 1258 4412 πολλῶν
1305 4355 1666 4434 ὑψηλοτέρον.
1701 4361 1924 4437 Τρυφήν

264 4447 362 4519 μὶν
395 4446 647 4518 ἀτιμάζει
678 4445 768 4499 καὶ
817 4446 1150 4521 περιουσίαν,
1204 4447 1292 4502 καὶ
1327 4444 1633 4502 δυναστειαν
1666 4446 1856 4521 πλέον,
1891 4451 1922 4517 ἢ

260 4535 391 4597 τοὺς
442 4533 648 4596 ἄλλους
693 4535 744 4589 οἳ
790 4539 956 4588 ταῦτα
1004 4534 1376 4609 προέχοντες⁶
1435 4536 1524 4590 καὶ
1580 4538 1679 4604 τήν
1718 4538 1810 4609 μὲν
1843 4538 1917 4598 ὡς

2111 4003 2201 4058 1V.
2236 4002 2542 4058 Enimvero
2574 4017 2709 4058 cum
2742 4002 2848 4069 ita,
2881 4006 2947 4057 ut
2975 4019 3109 4058 eum
3141 4003 3402 4073 decebat,
3425 4005 3524 4076 qui
3556 4005 3685 4061 tali-

2036 4094 2147 4148 bus
2179 4097 2364 4158 ortus,
2398 4109 2463 4146 ac
2494 4090 2624 4146 talis
2673 4092 2907 4146 futurus
2953 4097 3100 4158 erat,
3133 4092 3416 4149 educatus
3446 4094 3690 4150 institu—

2036 4187 2250 4254 tusque
2276 4180 2503 4247 fuisset,
2529 4182 2774 4251 jamque
2797 4184 3028 4252 tempus
3053 4181 3354 4252 postulare
3373 4182 3691 4255 videretur,

2038 4278 2101 4328 ut
2128 4279 2352 4327 certum
2405 4271 2514 4326 sibi
2548 4271 2679 4325 vitae
2727 4286 2915 4342 genus
2963 4270 3344 4326 constitueret
3373 4273 3552 4342 (quod
3587 4288 3694 4345 ego

2037 4363 2184 4417 tanti
2217 4361 2502 4417 momenti
2546 4376 2675 4416 esse
2717 4361 2888 4425 duco,
2921 4363 2986 4413 ut
3015 4358 3194 4416 totius
3225 4360 3372 4430 vitae,
3395 4360 3483 4416 vel
3516 4366 3690 4430 recte,

2031 4452 2120 4505 vel
2156 4451 2307 4506 male
2339 4450 2709 4505 traducendas
2743 4449 3192 4504 fundamentum
3231 4449 3291 4504 in
3333 4466 3399 4506 eo
3431 4450 3691 4522 positum

2030 4556 2158 4594 esse
2191 4539 2436 4610 putem),
2461 4539 2653 4608 majus
2680 4537 2964 4608 quiddam
2992 4541 3170 4608 atque
3191 4539 3687 4612 excelsius,quam

261 4625 490 4701 πρώτην
541 4625 924 4694 κακοπάθειαν,
971 4624 1070 4692 τήν
1120 4620 1177 4677 δὲ
1209 4624 1286 4686 ὡς
1317 4623 1553 4698 ἐσχάτην
1580 4625 1788 4696 πενίαν,
1816 4628 1914 4694 τὴν

2045 4629 2240 4701 rulgus
2271 4627 2476 4698 soleat,
2500 4628 2696 4682 animo
2727 4626 2951 4698 agitare
3001 4627 3194 4698 coepit.
3226 4627 3477 4685 Delicias
3504 4631 3686 4704 enim,

263 4711 323 4769 δὶ
381 4714 456 4775 ὡς
514 4711 786 4768 ἀσθένειαν
843 4715 943 4781 τὴν
1005 4711 1285 4780 ἀνωτάτω,
1346 4710 1590 4767 διαπτύει
1650 4715 1738 4768 καὶ
1789 4715 1918 4768 ἀπο-

262 4802 555 4876 πέμπεται.
606 4799 775 4859 Οὐδὶν
829 4801 931 4877 γὰρ
992 4802 1186 4876 ἀγαθὸν
1243 4801 1397 4873 εἶναι,
1433 4801 1463 4856 ὅ
1497 4805 1633 4875 μήτε
1668 4801 1916 4879 βελτίους

262 4897 415 4948 ποιεῖ
467 4891 595 4954 τοὺς
653 4893 1042 4965 κεκτημένους,
1102 4888 1249 4946 ἀλλὰ
1301 4891 1390 4946 καὶ
1448 4890 1668 4967 χείρους
1727 4894 1800 4954 ὡς
1855 4895 1921 4948 τὰ

263 4979 482 5038 πολλάσ
521 4983 658 5054 μήτε
692 4978 781 5035 διὰ
808 4979 1000 5043 τέλους
1030 4979 1324 5056 παραμένει
1356 4983 1472 5043 τοῖς
1512 4980 1721 5057 ἔχουσι.
1757 4983 1922 5038 ψιλο-

265 5069 459 5148 σοφίαν
503 5067 561 5124 δὲ
618 5066 940 5145 προΐσταται
995 5070 1094 5138 τήν
1157 5067 1440 5124 δέσποιναν
1485 5075 1592 5125 τῶν
1621 5075 1800 5127 παθῶν
1831 5074 1919 5129 καὶ

262 5161 344 5232 τῷ
375 5157 530 5232 καλῷ
559 5153 872 5235 προσϐαίνει
904 5163 1185 5232 νεανικῶς,
1217 5160 1308 5214 καὶ
1351 5159 1458 5214 ἀπὸ
1511 5167 1611 5230 τῆς
1642 5160 1780 5232 ὕλης
1835 5162 1918 5217 τέ-

480 5318 941 5397 ΤελεωτέρανιΙᾳ
974 5320 1298 5397 nonnullis,
1331 5317 1662 5397 τελεωτέραν
1689 5343 1769 5380 τε.

485 5389 808 5476 ραυμάζειν.
841 5392 1104 5476 Cois1:__1,
1137 5389 1477 5476 φιλοσοιρεῖν.

339 5463 452 5539 (88)
486 5463 854 5539 Γραμμᾴτων.
884 5463 1207 5539 alitteris.
1250 5463 1426 5539 »-Hic
1474 5465 1779 5522 observare
1820 5468 1921 5539 ju-

263 5541 382 5599 vat,
415 5535 566 5611 inter
589 5537 780 5592 varias
807 5536 1130 5611 nobilitatis
1161 5535 1408 5611 species,
1432 5552 1558 5611 eam
1594 5556 1626 5611 ει
1647 5535 1922 5611 Gregorio

269 5607 591 5672 numerari,
626 5625 752 5678 quae
799 5608 1134 5682 principum
1172 5607 1364 5664 favore
1409 5613 1465 5665 et
1504 5607 1936 5682 diplomaiibus'

270 5695 395 5734 com
409 5684 660 5746 paratur.

310 5749 458 5874 ί(89)
489 5750 708 5811 Νὐκτες.
761 5751 995 5807 Schol.:
1032 5757 1361 5826 *Νυκτεριναι
1420 5751 1686 5824 σωμάτων
1734 5772 1922 5807 συνουο

328 5841 402 5874 αι.

272 5840 402 5878 σιαι.

2029 4723 2087 4773 et
2119 4734 2280 4789 opes,
2303 4722 2360 4772 et
2387 4715 2701 4789 potentiam
2734 4716 2923 4788 magis
2945 4721 3312 4788 aspernatur,
3338 4734 3514 4790 quam
3538 4719 3688 4776 alios

2033 4806 2333 4879 aspernari
2363 4806 2553 4862 solent
2583 4805 2643 4877 ii,
2667 4807 2764 4877 qui
2805 4806 2898 4862 his
2931 4807 3106 4863 rebus
3137 4805 3444 4864 excellunt.
3468 4814 3550 4864 Ac
3580 4809 3686 4865 de-

2033 4895 2198 4950 licias
2221 4896 2479 4967 quidem,
2497 4900 2560 4950 ut
2582 4895 2834 4968 primam
2858 4912 3181 4952 aerumnam
3204 4900 3262 4952 et
3283 4897 3681 4965 afﬂictionem,

2033 5002 2169 5058 opes
2202 4990 2424 5055 autem,
2449 4990 2512 5040 ut
2546 4989 2869 5041 extremam
2911 4991 3334 5057 paupertatem,
3366 4987 3685 5057 potentiam

2031 5091 2187 5140 vero,
2225 5080 2288 5130 ut
2339 5091 2632 5130 summam
2681 5073 3146 5130 imbec11litatem
3195 5075 3464 5147 despicit,
3513 5079 3690 5148 atque

2033 5163 2329 5220 amolitur.
2355 5164 2552 5235 Neque
2583 5163 2740 5218 enim
2773 5164 3098 5244 quidquam
3128 5163 3269 5219 boni
3299 5180 3510 5221 nomen
3540 5164 3692 5221 obti-

2107 5325 2221 5450 (90)
2251 5324 2419 5408 Ὑμῖν,
2451 5325 2546 5408 Sic
2578 5325 2715 5408 Reg.
2741 5325 2864 5392 bm,
2894 5330 2954 5381 et
2981 5325 3153 5411 Cois].
3184 5330 3233 5394 1,
3257 5327 3409 5382 Elias
3441 5330 3499 5383 et
3526 5327 3696 5386 Com-

2138 5438 2148 5449 .
2189 5402 2270 5450 Ita
2303 5397 2444 5450 legit
2470 5395 2694 5450 BlllllJS.
2729 5397 2791 5450 In
2824 5397 2940 5450 ed..
2969 5398 3127 5450 ἧμιν.

2035 5395 2148 5451 bet‘.
2189 5402 2270 5451 Ita
2303 5397 2444 5466 legit
2470 5395 2694 5452 Billius.
2729 5397 2791 5452 In
2824 5397 2940 5464 ed.,
2969 5398 3127 5468 ἡμῖν.

2044 5540 2055 5552 ι
2104 5469 2220 5552 (91)
2250 5467 2383 5530 Μεθ’
2425 5467 2586 5540 ὑμᾶς.
2621 5469 2715 5525 Sic
2764 5468 2905 5541 Reg.
2940 5470 3060 5538 bm,
3094 5473 3152 5525 et
3180 5469 3358 5526 Coisl.
3393 5471 3442 5526 1.
3476 5470 3540 5525 In
3573 5470 3692 5539 ed.,

2033 5540 2202 5610 ἡμᾶς·
2863 5540 2871 5541 “

2105 5611 2218 5682 (92)
2248 5605 2585 5666 Ἰδιαίτατον.
2617 5609 2790 5666 Coisl.
2825 5611 2877 5682 1,
2914 5606 3208 5668 ίδιότατον.

2106 5679 2217 5750 (93)
2245 5685 2434 5737 Τοῦτο.
2469 5682 2640 5739 Coisl.
2679 5685 2727 5748 1,
2759 5679 2974 5737 τούτου.

2125 5753 2215 5829 94)
2249 5753 2406 5829 Βίων.
2431 5756 2633 5829 _Forte,
2670 5755 2810 5829 βίου.
2832 5755 2990 5829 Enna

2125 5755 2215 5825 94)
2249 5755 2406 5810 Βίων.
2445 5756 2633 5824 Forte,
2670 5755 2810 5829 βίου.
2835 5755 2990 5811 Εοιτ.

2103 5755 2218 5898 (95)
2248 5822 2392 5880 Εἶδε.
2430 5827 2570 5901 Reg.
2603 5829 2798 5903 Cypr.,
2828 5823 2932 5895 ἴδε,
2956 5850 2982 5878 (ι
3015 5825 3167 5896 vide,
3197 5849 3217 5877 ιι
3253 5829 3360 5882 etc.
