4110 6426
343 490 502 561 1203
1333 515 1336 518 ’
1589 498 1654 559 S.
1705 495 2020 559 GREGOR

2137 495 2523 560 THEOLOGI
3612 487 3771 561 1204

343 647 482 689 nere
512 647 685 704 posse
717 631 1200 703 statuebat,quod
1223 631 1495 688 dominos
1521 647 1660 686 suos
1691 629 1999 700 haudqua-

2137 648 2324 697 ινεται,
2373 629 2498 706 πρὶν
2551 627 2936 705 διαζευχθῆναι
2983 631 3097 702 (96)
3152 636 3253 699 τῆς
3298 626 3438 700 ὕλης
3466 648 3479 662 ⁸
3528 628 3619 685 καὶ
3661 634 3770 685 τῶν

343 740 522 796 quam
557 721 852 790 meliores,
883 722 1000 778 imo
1032 722 1208 777 etiam
1242 737 1499 794 persaepe
1530 721 1848 775 deteriores
1878 719 1999 774 efﬁ-

342 815 520 880 ceret,
541 827 648 868 nec
678 815 1016 868 constanter
1036 827 1171 866 cum
1203 810 1320 880 his,
1344 827 1376 866 a
1406 810 1623 882 quibus
1645 807 1999 881 possidetur,

343 906 633 958 maneret.
655 901 1091 973 Philosophiam
1118 904 1313 956 autem
1341 899 1849 973 perturbationum
1883 897 2002 951 ani-

345 992 427 1047 mi
472 991 770 1046 dominam
803 991 914 1046 sibi
948 991 1207 1062 praeﬁcit,
1232 995 1586 1062 strenueque
1616 989 1687 1044 ad
1724 987 2001 1041 virtutem

345 1081 666 1146 contendit,
690 1084 886 1151 atque,
911 1083 1228 1152 antequam
1253 1097 1286 1134 a
1306 1079 1566 1151 corporis
1599 1077 1752 1133 mole
1777 1075 2002 1148 disjun-

346 1173 539 1241 gatur,
573 1186 607 1225 a
637 1169 896 1242 corporis
927 1167 1081 1224 mole
1113 1185 1241 1224 sese
1273 1167 1588 1236 abscindit,
1613 1183 1678 1222 ac
1709 1183 1888 1238 supra
1916 1182 2002 1235 ea,

347 1275 476 1332 quae
507 1257 693 1315 oculis
742 1262 1083 1328 cernuntur,
1107 1259 1256 1315 451
1303 1256 1583 1330 assurgit,
1618 1261 1807 1311 totum
1857 1271 2002 1322 sese,

344 1348 562 1404 indolis
621 1348 1052 1419 magnitudine,
1103 1365 1168 1403 ac
1213 1346 1535 1404 voluntatis
1592 1345 2003 1418 generositate,

347 1440 522 1495 rebus
553 1439 742 1495 ﬁrmis
763 1446 820 1495 et
842 1439 1155 1494 stabilibus
1179 1439 1479 1494 addicens.
1508 1438 1891 1506 Posteaquam
1926 1437 2007 1490 ita

346 1529 545 1585 animo
575 1529 899 1594 constituit,
934 1528 990 1582 id
1033 1544 1105 1582 ne
1138 1528 1377 1600 quidem
1425 1527 1484 1582 in
1528 1525 2004 1581 deliberationem

346 1618 609 1685 admisit,
652 1621 844 1672 utram
889 1616 1085 1690 potius
1146 1616 1583 1689 philosophiam
1643 1618 2005 1685 sequeretur,

346 1716 764 1779 externamque
813 1722 878 1763 ac
921 1708 1249 1779 profanam,
1285 1711 1460 1778 atque
1507 1705 1565 1760 in
1624 1702 2007 1777 phi1080phl33

347 1797 552 1853 habitu
585 1801 642 1852 et
684 1797 927 1852 obtentu
959 1795 1218 1851 veritatis
1263 1796 1503 1850 umbras
1537 1793 2006 1863 assimulantem,

351 1903 424 1940 an
459 1902 594 1941 vero
625 1890 909 1954 nostram,
941 1884 1229 1940 humilem
1259 1883 1420 1940 illam
1455 1883 1692 1956 quidem
1723 1882 1783 1937 in
1816 1882 2011 1954 specie

351 1979 409 2030 et
429 1975 741 2046 abjectam,
758 1979 1032 2030 caeterum
1056 1975 1112 2030 in
1138 1974 1362 2030 occulto
1386 1973 1914 2044 sublimem,atque
1937 1974 2007 2027 ad

351 2064 537 2119 Deum
583 2063 924 2129 ducentem;
958 2079 1158 2118 verum
1207 2068 1468 2119 nostram
1503 2062 1801 2130 omnibus,
1835 2066 1901 2116 ut
1934 2061 2012 2115 ita

347 2153 564 2222 dicam,
589 2151 887 2224 suffragiis
917 2152 1118 2208 statim
1161 2152 1342 2225 eligit,
1378 2167 1754 2223 nequaquam
1797 2167 2008 2222 passus

347 2245 605 2298 mentem
639 2257 808 2296 suam
860 2241 931 2296 ad
971 2241 1264 2296 deteriora
1312 2245 1706 2296 transversam
1761 2241 1875 2311 agi,
1905 2244 2007 2294 aut

347 2334 596 2403 comptae
645 2329 929 2386 orationis
979 2330 1269 2402 elegantia
1301 2330 1570 2397 distrahi,
1605 2330 1678 2384 ob
1711 2345 1889 2401 quam
1941 2328 2003 2395 ii,

2137 2334 2211 2395 ςῆς
2259 2325 2428 2394 αὐτῆς
2483 2325 2774 2400 μετέχουσι
2829 2323 3061 2402 φύσεως,
3106 2322 3198 2378 καὶ
3247 2326 3394 2400 παρὰ
3437 2329 3532 2379 τοῦ
3581 2324 3770 2395 αἰτοῦ,

345 2421 450 2493 qui
482 2419 794 2492 gentilium
827 2419 1038 2491 placita
1061 2419 1428 2491 proﬁtentur,
1452 2419 1682 2474 animos
1705 2417 1999 2473 attollunt.

2137 2415 2201 2470 Lai
2232 2414 2319 2468 ἐπὶ
2347 2419 2465 2476 τοῖς
2492 2413 2678 2475 αὐτοῖς
2709 2413 3014 2489 γεγόνασιν.

344 2511 466 2568 Hoc
498 2514 696 2566 autem
729 2509 988 2581 primum
1025 2509 1491 2580 philosophatur,
1527 2512 1611 2579 ut,
1645 2523 1712 2564 ex
1761 2508 1996 2563 duobus
2030 2508 2244 2562 nostris
2276 2507 2407 2560 vita:
2438 2506 2773 2578 generibus,
2807 2509 3008 2560 utrum
3052 2505 3429 2576 praestantius
3461 2505 3556 2573 sit,
3591 2509 3767 2578 atque

345 2602 406 2655 et
434 2597 570 2664 sibi,
603 2601 660 2652 et
691 2597 966 2653 omnibus
995 2597 1346 2653 Christianis
1399 2597 1780 2661 fructuosius,
1811 2595 2118 2666 intelligat.
2157 2594 2380 2649 Etenim
2423 2593 2838 2665 perfectissimi
2884 2609 2950 2648 ac
3000 2592 3422 2664 sapientissimi
3454 2593 3634 2648 animi
3667 2609 3801 2649 esse

339 2688 672 2761 judicabat,
709 2687 944 2759 privatae
977 2687 1254 2743 utilitatis
1284 2703 1418 2743 cum
1453 2686 1705 2759 publicis
1749 2685 2072 2741 commodis
2122 2685 2496 2756 conjunctam
2531 2682 2747 2738 habere
2781 2682 3086 2737 rationem.
3121 2681 3322 2754 Neque
3379 2681 3536 2738 enim
3590 2698 3796 2754 quem-

353 2793 535 2851 quam
568 2782 839 2834 nostrum
870 2777 983 2833 sibi
1017 2777 1130 2832 soli
1159 2783 1364 2833 natum
1396 2793 1544 2846 esse,
1578 2776 1679 2832 sed
1712 2775 1991 2831 omnibus
2035 2774 2233 2841 etiam,
2268 2772 2367 2846 qui
2413 2773 2678 2844 ejusdem
2718 2775 2941 2826 naturae
2974 2771 3289 2844 participes
3323 2775 3484 2842 sunt,
3517 2775 3693 2843 atque
3723 2771 3797 2827 ab

355 2866 588 2937 eodem,
622 2871 680 2922 et
711 2867 782 2922 ad
813 2868 1016 2923 eadem
1050 2865 1338 2938 procreati
1369 2870 1529 2922 sunt.

2116 717 2406 792 δρωμένων
2458 719 2908 792 κατεξανίσταται,
2965 719 3174 796 μεγέθει
3235 719 3444 798 φύσεως
3503 719 3592 774 καὶ
3638 741 3775 794 προ-

2113 809 2370 881 αιρέσεως
2421 808 2676 885 εὐγενείᾳ,
2732 813 2849 870 τοῖς
2898 807 3089 863 ἑστῶσι
3123 810 3513 884 προσθέμενος.
3549 805 3771 880 Ἐπειδὴ

2114 895 2257 950 οὕτω
2289 893 2573 969 διενοήθη,
2601 901 2764 952 τοῦτο
2801 898 2893 970 μὲν
2929 895 3054 952 οὐδὲ
3089 895 3300 973 βουλῆς
3342 897 3564 968 ἠξίωσε,
3614 899 3774 954 ποτέ-

2116 1005 2208 1060 ραν
2243 982 2326 1040 δεῖ
2351 990 2458 1040 τῶν
2493 987 2831 1063 φιλοσοφιῶν
2874 984 3089 1050 ἑλέσθαι
3127 984 3362 1059 μᾶλλον,
3390 988 3489 1056 τὴν
3539 984 3637 1058 ἔξω
3685 987 3775 1043 καὶ

2113 1074 2408 1144 παίζουσαν
2463 1075 2561 1138 τὰς
2621 1082 2718 1145 τῆς
2758 1073 3016 1145 ἀληθείας
3045 1076 3195 1138 σκιὰς
3229 1076 3280 1132 ἐν
3313 1080 3391 1148 τῷ
3418 1083 3518 1145 τῆς
3552 1075 3780 1155 φιλοσο-

2116 1163 2238 1238 φίας
2299 1167 2548 1239 σχήματι
2605 1164 2694 1219 καὶ
2754 1159 3138 1240 προϐλήματι,
3170 1165 3204 1233 ἢ
3228 1166 3326 1233 τήν
3503 1165 3771 1240 ἡμετέραν

2113 1254 2203 1307 καὶ
2241 1255 2500 1322 ταπεινὴν
2539 1255 2631 1327 μὲν
2665 1258 2744 1326 τῷ
2774 1256 3111 1332 φαινομένῳ.
3146 1253 3366 1328 ὑψηλὴν
3416 1251 3473 1308 δὲ
3523 1259 3600 1326 τῷ
3642 1275 3773 1330 κρυ-

2114 1343 2394 1414 πτομένῳ,
2452 1341 2540 1396 καὶ
2571 1343 2706 1418 πρὸς
2753 1341 2881 1397 Θεὸν
2933 1339 3166 1417 ἄγουσαν
3193 1361 3206 1373 ·
3261 1342 3408 1397 ἄλλα
3438 1342 3632 1404 πάσαις
3665 1345 3775 1416 ψή-

2117 1452 2236 1506 φοις
2285 1433 2515 1506 αἱρεῖται
2545 1432 2645 1498 τὴν
2682 1429 2974 1506 ἡμετέραν,
3013 1428 3180 1504 μηδὲν
3213 1429 3362 1492 ’ὀλως
3394 1430 3480 1485 ἐπὶ
3513 1432 3578 1485 τὰ
3606 1431 3780 1507 χείρω

2116 1519 2484 1595 παρατραπεῖς
2531 1521 2627 1589 τήν
2685 1518 2942 1588 διάνοιαν,
2997 1517 3139 1592 μηδὲ
3192 1520 3296 1574 ὑπὸ
3325 1523 3425 1589 τῆς
3455 1524 3559 1574 τῶν
3593 1519 3775 1595 λόγων

2114 1609 2384 1682 κομψείας
2432 1615 2779 1685 παρασυρεῖς,
2937 1609 3071 1685 μέγα
3129 1613 3418 1687 φρονοῦσιν
3632 1610 3684 1664 oi.
3711 1611 3780 1664 τά

2119 1698 2402 1769 Ἑλλήνιον
2436 1697 2880 1778 φιλοσοφοῦντες.
2923 1700 3132 1756 Ἐκεῖνο
3193 1697 3250 1753 δὲ
3298 1703 3513 1775 πρῶτον
3551 1699 3779 1778 φιλοσο-

2120 1794 2227 1867 φεῖ,
2260 1793 2457 1864 γνῶναι
2489 1792 2597 1843 τῶν
2627 1789 2908 1864 ἡμετέρων
2942 1789 3056 1862 (99)
3084 1786 3223 1843 ὁδῶν
3275 1789 3371 1858 τήν
3423 1787 3779 1866 αἳρετῶτέραν

2119 1900 2176 1932 τε
2205 1879 2294 1933 καὶ
2327 1877 2767 1950 λυσιτελεστέραν
2801 1877 2990 1948 ἐπίσης
3023 1876 3169 1950 αὐτῷ
3199 1898 3258 1932 τε
3316 1878 3405 1932 καὶ
3464 1883 3594 1933 πᾶσι
3653 1884 3784 1955 Χρι-

2121 1973 2377 2029 στιανοῖς.
2431 1971 2721 2042 Πάν-ταχοῦ
2773 1968 2876 2043 γὰρ
2921 1971 3000 2038 τῷ
3049 1967 3165 2021 καθ’
3203 1967 3390 2022 ἑαυτὸν
3424 1966 3632 2022 καὶτὸν
3665 1989 3782 2022 κυι-

2122 2059 2206 2112 νὸν
2242 2051 2664 2128 συλλαμϐάνειν,
2697 2058 2886 2130 ψυχῆς
2936 2057 3067 2110 εἶναι
3116 2054 3460 2126 τελεωτάτης
3490 2078 3547 2111 τε
3573 2056 3660 2112 καί
3695 2078 3786 2134 φι-

2124 2145 2513 2224 λοσοφωτάτης
2591 2144 2856 2218 ἐνόμιζεν.
2937 2143 3078 2202 Οὐδὲ
3147 2146 3247 2222 γὰρ
3308 2146 3481 2218 ἑαυτῷ
3555 2149 3780 2222 γεγενή-

2119 2240 2236 2290 σθαι
2267 2241 2343 2309 (1)
2399 2230 2562 2308 μόνυν
2613 2232 2838 2290 ῗκαστον
2888 2236 3074 2307 ἡμῶν,
3138 2233 3284 2290 ἀλλὰ
3331 2235 3421 2289 καὶ
3452 2241 3634 2305 πᾶσιν,
3666 2233 3786 2290 ὅσοι

429 2957 499 3012 ν.
533 2958 677 3012 Cum
734 2961 930 3012 autem
990 2957 1278 3029 privatam
1318 2956 1500 3011 vitam
1559 2960 1616 3011 et
1671 2953 2017 3020 solitariam,

362 3051 539 3119 atque
573 3063 607 3100 a
636 3045 796 3118 vulgi
825 3045 1178 3101 commercio
1210 3050 1498 3102 semotam
1523 3049 1579 3100 et
1603 3045 1877 3110 alienam,
1905 3059 2024 3098 ma-

363 3151 538 3209 gnam
572 3135 808 3206 quidem
839 3139 898 3190 et
926 3135 1289 3206 prmelaram,
1315 3139 1493 3206 atque
1536 3133 1814 3188 humanis
1845 3133 2022 3186 rebus

365 3224 775 3281 sublimiorem
821 3241 949 3279 esse
980 3225 1232 3289 videret;
1265 3228 1538 3279 caeterum
1582 3223 1738 3277 intra
1770 3239 1889 3282 eos,
1926 3221 2025 3292 qui

367 3313 480 3370 hoc
508 3313 638 3368 vita:
678 3329 889 3385 genere
935 3328 1068 3367 cum
1122 3313 1294 3367 laude
1341 3313 1742 3384 fungerentur,
1776 3311 2027 3366 defixam

2202 2952 2280 3008 E'.
2318 2954 2483 3026 ’Θρῶν
2519 2947 2576 3005 δὲ
2606 2948 2698 3004 τὸν
2733 2949 2826 3021 μὲν
2878 2948 3141 3024 ἐρημικὸν
3197 2948 3314 3023 βίον
3355 2947 3444 3004 καὶ
3505 2945 3800 3017 ίδιάζοντα,

2132 3036 2219 3093 καὶ
2277 3043 2384 3094 τῶν
2441 3037 2673 3094 πολλῶν
2729 3034 2964 3115 ἔκφυλον
3015 3037 3104 3093 καὶ
3156 3033 3471 3114 ἀλλότριον,
3502 3037 3668 3113 μέγαν
3703 3037 3798 3110 μὲν

2135 3128 2220 3183 καὶ
2282 3127 2518 3201 ὑψηλὸν,
2569 3128 2659 3181 καὶ
2711 3127 2842 3201 ὑπὲρ
2891 3129 2958 3182 τὰ
2999 3126 3332 3203 ἀνθρώπινα,
3389 3127 3583 3202 μέχρις
3615 3125 3790 3181 αὐτῶν

2137 3217 2193 3272 δὲ
2227 3216 2405 3288 μόνων
2437 3221 2543 3271 τῶν
2593 3215 3005 3292 κατορθούντων
3070 3215 3381 3289 ἱστάμενον,
3441 3215 3531 3271 καὶ
3587 3215 3651 3270 τὸ
3698 3221 3800 3284 τῆς

2141 3307 2351 3382 ἀγάπης
2381 3305 2702 3361 κοινωνικὸν
2748 3308 2824 3379 (2)
2870 3305 2961 3360 καὶ
3012 3302 3397 3383 φιλάνθρωπον
3457 3304 3812 3381 ἀπαρνούμε-

368 3383 704 3475 esse,atque
718 3402 786 3458 ch
797 3401 1024 3457 aritatis
1036 3401 1512 3457 communionem
1529 3400 2020 3456 ethumanitatem

2142 3416 2258 3466 νον,
2316 3396 2378 3463 ἣν
2436 3393 2488 3448 ἐν
2542 3395 2784 3468 πρώτοις
2842 3394 2978 3448 εἶναι
3033 3398 3142 3449 τῶν
3185 3393 3586 3468 ἐπαινουμένων
3622 3392 3830 3469 ὶγίνωέ

370 3492 704 3567 repudiare,
737 3507 917 3564 quam
970 3491 1029 3547 in
1079 3491 1704 3563 praestantissimarum
1746 3490 2031 3544 virtutum

373 3598 620 3639 numero
663 3596 795 3637 esse
842 3581 1095 3649 sciebat;
1130 3579 1303 3652 idque
1349 3586 1626 3652 praeterea
1675 3577 2033 3634 incommodi

373 3673 612 3739 habere,
648 3670 804 3741 quod
850 3687 1055 3725 eorum
1101 3669 1306 3740 virtus,
1333 3669 1435 3741 qui
1484 3669 1569 3724 sic
1616 3672 1898 3736 viverent,
1933 3684 2030 3722 ex-

377 3760 593 3835 plorari
627 3776 741 3814 non
776 3765 993 3831 posset,
1020 3759 1239 3831 quippe
1261 3777 1389 3831 qua:
1421 3775 1526 3814 nec
1556 3759 1614 3813 in
1639 3759 1817 3813 rebus
1838 3774 2036 3830 geren-

379 3849 472 3907 dis
501 3855 883 3917 exerceretur,
918 3865 1021 3904 nec
1065 3865 1196 3904 cum
1249 3848 1379 3905 aliis
1425 3848 1484 3903 in
1536 3848 2034 3920 comparationem

379 3939 648 3995 veniret:
684 3955 813 3994 eam
862 3943 1086 4006 contra,
1119 3955 1247 4010 quas
1297 3938 1604 3993 hominum
1656 3937 1934 3992 societate
1980 3941 2037 3991 et

383 4027 714 4099 frequentia
743 4027 980 4099 gaudet,
1013 4033 1397 4099 praeterquam
1430 4027 1585 4098 quod
1626 4025 1810 4081 multa
1841 4027 2037 4098 quoti-

383 4117 478 4173 die
508 4121 847 4184 occurrunt,
883 4117 940 4170 in
992 4117 1206 4186 quibus
1251 4116 1486 4172 virtutis
1542 4133 1661 4172 suae
1712 4115 2037 4187 periculum

380 4208 572 4263 facere
602 4212 798 4276 queat,
848 4207 919 4262 ad
953 4206 1273 4262 multorum
1327 4205 1636 4261 utilitatem
1687 4205 1862 4260 etiam
1911 4221 2042 4260 esse

383 4296 684 4364 diffusam,
717 4299 895 4368 atque
925 4296 1000 4350 ad
1041 4294 1299 4350 divinam
1332 4294 1830 4365 dispensationem
1863 4309 2042 4365 prope

385 4385 678 4450 accedere,
704 4400 832 4455 qua:
882 4383 1216 4439 universam
1251 4397 1448 4438 rerum
1495 4382 1703 4439 molem
1759 4381 2041 4453 condidit,

387 4471 775 4544 amicitiasque
790 4470 1043 4527 vinculis
1061 4471 1432 4541 constrinxit,
1452 4487 1758 4544 genusque
1775 4475 2042 4527 nostrum

387 4566 628 4634 propter
663 4559 791 4616 vitii
844 4577 1146 4616 accessum
1179 4579 1214 4616 a
1244 4561 1395 4617 bono
1447 4561 1823 4617 deturbatum
1874 4565 2047 4632 atque

389 4652 705 4723 dejectum,
741 4667 843 4724 per
894 4650 1353 4706 familiaritatem
1401 4651 1565 4706 illam
1611 4650 1861 4723 vitasque
1910 4667 2046 4706 con-

2145 3505 2238 3539 σκε
2262 3501 2274 3514 ·
2303 3485 2439 3558 πρὸς
2473 3481 2530 3537 δὲ
2558 3483 2645 3538 καὶ
2680 3480 3066 3557 ἀδοκίμαστον,
3121 3483 3195 3545 ὡς
3236 3482 3359 3538 οὔτε
3390 3482 3440 3539 έν
3497 3487 3612 3546 τοῖς
3671 3483 3816 3558 πρά-

2143 3594 2312 3650 γμασι
2365 3567 2801 3649 γυμναζόμενον,
2853 3572 2978 3627 οὕτε
3032 3571 3228 3634 ἄλλοις
3269 3570 3814 3649 παραμετρούμενονο

2143 3664 2206 3718 τὸ
2256 3660 2313 3717 δὲ
2361 3662 2678 3716 κοινωνικὸν
2728 3662 2818 3716 καὶ
2853 3660 3162 3736 ἐπίμικτον,
3197 3662 3331 3737 πρὸς
3361 3664 3429 3734 τῇ
3465 3661 3676 3736 βασάνῳ
3707 3666 3810 3729 τῆς

2146 3754 2362 3829 ἀρετῆς,
2398 3748 2476 3806 ἔτι
2507 3753 2595 3806 καὶ
2629 3750 2704 3813 είς
2734 3750 2863 3814 τοὺς
2895 3750 3143 3812 πολλοὺς
3175 3748 3460 3821 διατεῖνον,
3513 3749 3603 3804 καὶ
3663 3748 3810 3810 θείας

2147 3841 2466 3914 οἷ’κονομίας
2525 3840 2690 3916 ἐγγὺς
2749 3843 2847 3913 (3),
2904 3841 2939 3909 ἢ
2989 3840 3080 3896 καὶ
3137 3840 3408 3911 πεποίηκε
3453 3839 3515 3894 τὸ
3564 3840 3690 3907 πᾶν,
3719 3838 3817 3893 καὶ

2147 3929 2305 4008 φιλίᾳ
2353 3933 2429 4003 (4)
2485 3927 2764 4002 συνέδησε,
2820 3930 2910 3984 καὶ
2957 3929 3020 3984 τὸ
3069 3930 3338 4003 ἡμέτερον
3389 3929 3543 4005 γένος
3592 3927 3817 3982 ἐκπεσὸν

2145 4026 2243 4074 τοῦ
2295 4020 2470 4075 καλοῦ
2530 4017 2621 4074 διὰ
2679 4021 2776 4089 τὴν
2853 4018 3267 4074 ἐπεισελθοῦσαν
3329 4018 3516 4073 κακίαν
3582 4017 3641 4072 ἐκ
3710 4023 3814 4086 τῆς

2148 4109 2284 4185 πρὸς
2316 4111 2466 4182 ἡμᾶς
2517 4107 2793 4182 ἐπιμιξίας
2838 4109 2930 4164 καὶ
2981 4108 3204 4182 ὁμιλίας
3252 4105 3416 4163 πάλιν
3456 4105 3816 4162 ἀνεκαλέσατο

2147 4203 2316 4254 ταῦτα
2346 4195 2656 4269 διανοηθείς
2684 4220 2742 4252 τε
2769 4197 2861 4253 καὶ
2901 4195 3221 4270 διελόμενος
3255 4200 3354 4271 (5),
3405 4197 3496 4251 καὶ
3555 4197 3666 4269 ἅμα
3720 4195 3814 4250 τὸν

2153 4287 2473 4359 Ἑλληνικὸν
2505 4292 2671 4364 τῦφον
2715 4288 2944 4343 κολάσαι
2991 4291 3101 4342 τῶν
3143 4286 3328 4342 καλῶν
3376 4287 3510 4340 εἶναι
3569 4284 3820 4359 νομίσας,

2155 4375 2206 4450 ιίί
2236 4382 2313 4450 τῷ
2336 4372 2557 4454 τρίϐωνι
2590 4377 2678 4432 καὶ
2707 4379 2775 4452 τῇ
2801 4377 2980 4452 ὑπήνῃ
3009 4375 3070 4431 τό
3103 4377 3294 4450 σεμνὸν
3342 4373 3666 4431 ὑποδύονται
3699 4376 3778 4449 (6)
3805 4392 3819 4406 ·

2152 4467 2205 4522 τί
2286 4471 2453 4538 ποιεῖ,
2540 4465 2630 4521 καὶ
2705 4471 2824 4529 πῶς
2872 4468 2972 4536 τὴν
3047 4465 3370 4545 φιλοσοφίαν
3435 4463 3814 4541 μεταχειρίζε-

2155 4576 2280 4626 ται;
2321 4556 2500 4627 Μέσην
2554 4558 2675 4611 τινὰ
2722 4562 2900 4633 χωρεῖ
2944 4563 3044 4626 τῆς
3089 4578 3148 4611 τε
3193 4554 3407 4612 ἐκείνων
3476 4551 3822 4626 ἀλαζονείας,

2156 4646 2244 4701 καὶ
2270 4649 2368 4715 τῆς
2400 4645 2673 4722 ἡμευέρας
2705 4646 2915 4722 σοφίας,
2945 4646 3035 4701 καὶ
3064 4649 3170 4701 τῶν
3236 4646 3330 4719 μὶν
3365 4643 3428 4700 τὸ
3487 4651 3681 4721 σχῆμα
3728 4641 3830 4699 καῖ

391 4741 786 4805 suetudinem,
819 4756 998 4812 quam
1029 4739 1338 4796 nobiscum
1372 4739 1598 4804 habuit,
1632 4740 1703 4795 ad
1738 4739 2020 4812 pristinan

2157 4738 2255 4806 τὴν
2289 4737 2520 4810 σκηνὴν,
2553 4738 2714 4810 ἡμῶν
2749 4734 2807 4791 δὲ
2835 4737 2932 4804 τήν
2969 4735 3226 4806 ἀλήθειαν
3255 4735 3344 4790 καὶ
3403 4735 3465 4790 τὸ
3497 4731 3629 4808 ὕψος
3661 4732 3822 4811 φιλο-

393 4831 739 4903 dignitatem
789 4828 1078 4886 revocavit
1109 4845 1122 4884 :
1157 4829 1298 4897 hac,
1349 4830 1615 4901 inquam,
1663 4845 1798 4884 cum
1850 4829 2050 4885 animo
2163 4831 2336 4904 σοφεῖ.

392 4921 649 4977 volveret
677 4933 743 4977 ac
773 4919 1183 4992 perpenderet,
1217 4918 1514 4990 simulque
1541 4921 1894 4985 Graecorum,
1927 4918 2030 4989 qui
2081 4918 2258 4990 pallio
2290 4921 2349 4973 et
2381 4917 2671 4989 promissa
2720 4916 2923 4985 barba,
2957 4916 3261 4989 gravitatis
3311 4915 3564 4987 speciem
3615 4908 3736 4985 pris
3763 4928 3828 4968 se

393 5011 614 5078 ferunt,
647 5009 866 5066 fastum
923 5013 1104 5081 atque
1155 5007 1533 5065 insolentiam
1588 5008 1904 5081 reprimere
1951 5007 2104 5064 458
2160 5023 2348 5079 operae
2396 5007 2649 5079 pretium
2709 5021 2839 5062 esse
2894 5009 3159 5062 censeret
3192 5021 3206 5060 :
3239 5005 3525 5076 quidnam
3583 5003 3740 5073 facit,
3774 5005 3833 5057 et

466 5205 586 5335 (96%
608 5205 739 5292 ῌρὶν
797 5204 1206 5336 διαζευῦθῆναι.
1245 5208 1329 5263 [ta
1387 5210 1550 5278 Reg.,
1596 5207 1653 5262 et
1699 5205 1860 5262 Colb.
1907 5206 2012 5288 .plu

466 5297 512 5346 s,
591 5281 721 5336 OlSl.
758 5282 782 5336 1
818 5286 875 5336 et
900 5283 955 5347 2,
1039 5298 1082 5334 r.
1112 5283 1160 5349 1,
1187 5279 1341 5347 Par.,
1374 5283 1538 5335 Pass.
1565 5300 1593 5329 «
1631 5284 1670 5332 A
1704 5283 1953 5334 terrenis
1987 5295 2020 5332 si

2254 5206 2302 5274 1)
2336 5210 2684 5278 Γεγινῆσθαι.
2714 5210 2836 5260 Duo
2867 5203 3033 5276 Reg,
3065 5213 3438 5277 γεγεννησθαι.

2233 5207 2309 5350 (2)
2340 5276 2689 5332 Κοινωνικόν.
2735 5278 2882 5350 Reg.
2927 5277 3098 5350 Cypr.
3151 5277 3334 5345 addit,
3386 5295 3438 5330 κο

396 5271 512 5365 res,
541 5271 721 5365 Cois].
758 5282 782 5336 1
818 5286 875 5365 et
900 5271 1341 5365 2,.U_r.'t,_l’ar.,
1374 5271 1543 5335 Pasvs.
1565 5300 1593 5329 «
1631 5284 1670 5332 A
1704 5271 1953 5365 terrenis
1987 5295 2020 5332 si

2233 5271 2309 5362 (2)
2340 5271 2689 5365 ξίοὶνωνικόγ.
2927 5271 3334 5365 (ῖγρς’..ἀ.ἀ(1ἱῑ,
3386 5273 3475 5330 καὶ
3517 5271 3825 5347 ἐπίμικτον,

395 5352 880 5442 abscinditjante
931 5351 1386 5423 disiunctionem
1438 5368 1469 5406 a
1516 5367 1830 5423 corpore.»
1883 5354 2052 5405 Deest
2161 5373 2188 5399 α
2225 5349 3316 5442 m‘is'tamquerebaritzgtisLscpietatem.
3345 5371 3373 5398 »

394 5421 788 5497 “PiYinedit-
1025 5421 1035 5423 ⁷
1168 5495 1198 5497 _
1381 5493 1395 5497 _
1541 5421 1682 5497 ,ᾖ
1876 5493 1899 5497 _
2008 5493 2018 5497 _

2341 5421 2568 5497 Ἐγγύςη
2588 5423 2754 5478 Pass.
2783 5421 2968 5497 addit,
3001 5422 3151 5497 ἧκον.

467 5441 954 5578 (97)“ςᾶ.αιίνξν.νξὶο
1003 5498 1122 5549 tres
1168 5495 1335 5566 Reg,
1365 5493 1481 5550 duo
1529 5492 1732 5560 Coisl.,
1767 5497 1823 5548 et
1867 5493 1962 5548 0r.
1998 5493 2020 5546 1

2255 5441 2305 5492 ὅ)
2359 5441 2552 5547 ergo;
2589 5441 2754 5478 rass.
2783 5441 2968 5488 acuit,
3001 5441 3151 5488 ηκον.

2338 5498 2416 5578 (bi
2460 5493 2509 5578 ίᾳ
2539 5496 2652 5578 Qr.‘
2673 5497 2721 5578 ί,
2757 5489 3158 5578 φιλανθρωπίᾳ,
3194 5513 3213 5540 α
3249 5488 3637 5578 humanitate.
3667 5510 3695 5537 »

399 5563 574 5624 Deest
602 5563 637 5632 ἤ
670 5567 730 5620 in
772 5567 910 5621 edit.
1260 5563 1281 5566 “
1317 5563 1324 5565 ⁷

455 5640 587 5724 ,(98)
613 5639 683 5705 ᾝ
717 5638 854 5724 μέγα
898 5639 1209 5713 φρονοῦσιν.
1241 5637 1337 5692 Sic
1366 5637 1461 5693 Or.
1494 5639 1549 5708 2,
1581 5641 1639 5691 et
1685 5637 1848 5692 Pass.
1889 5638 2020 5690 Dees

2235 5563 2312 5646 (,5)

2166 5635 2312 5724 Gens]

407 5711 544 5784 μέγα
574 5713 634 5766 in
666 5711 807 5766 edit.
912 5711 919 5713 '

408 5851 433 5854 Α
475 5784 586 5850 (99)
617 5783 738 5837 Τῶν
780 5776 1081 5854 ἡμετέρων.
1117 5781 1211 5836 Sic
1259 5783 1398 5848 Reg,
1430 5797 1484 5849 a,
1520 5780 1767 5848 bm,‘0r.
1805 5781 1854 5850 1,
1888 5780 2050 5835 Pass.

407 5851 580 5910 Deest
600 5857 708 5907 τῶν
732 5855 790 5910 in
815 5854 957 5910 edit.

2257 5566 2312 5636 5)
2381 5559 2498 5619 Καί
2549 5559 2888 5636 διελόμενος.
2959 5559 3053 5620 Sic
3118 5559 3380 5636 wquatuor
3455 5559 3831 5636 Colb.,_d.uo

2166 5629 2364 5760 (aciein
2400 5641 2498 5694 Or.
2533 5641 2585 5704 1,
2618 5629 2804 5705 Pass.,
2860 5629 3267 5709 Hervag.,'etc.
3315 5637 3374 5690 In
3426 5635 3541 5701 ed.,
3592 5630 3681 5685 καὶ
3734 5629 3826 5683 ἀν-

2169 5727 2225 5760 ῑκ
2270 5728 2448 5762 μενος.

2169 5727 2448 5780 εΛομενος.

2238 5784 2314 5850 (6)
2344 5777 2717 5836 Ὑποδύονται.
2751 5783 2942 5847 Pass.,
2977 5771 3327 5834 ἀπόδύονται.
