4110 6412
293 482 326 541 1
338 479 455 540 2Οὸ

1077 480 1378 541 ORATIO
1421 479 1608 542 XXV.
1643 512 1718 522 —
1750 479 1825 539 IN
1881 481 2208 542 LAUDEM
2255 481 2597 543 HERONIS
2641 479 2946 540 PHILOS.

3562 475 3734 541 1206

289 630 548 687 quonam
584 616 749 685 pacto
781 611 1213 685 philosOphiam
1247 613 1492 667 tractat?
1520 613 1740 667 Medius
1773 613 2211 684 quodammodo
2250 615 2401 670 inter
2447 614 2681 670 illorum
2731 612 3070 676 vanitatem,
3103 615 3161 665 et
3192 615 3451 666 nostram
3481 612 3715 684 sapien-

286 705 438 760 tiam
467 703 710 772 incedit,
741 708 914 774 atque
955 702 1190 758 illorum
1239 702 1475 774 quidem
1525 703 1796 758 habitum
1847 708 1904 757 et
1951 701 2196 772 larvam,
2230 711 2564 761 nostrorum
2609 708 2806 759 autem
2839 702 3138 758 veritatem
3185 707 3242 756 et
3287 699 3714 759 sublimitatem

291 794 627 866 proﬁtetur.

367 887 426 950 ζ’.
478 881 574 935 Διά
628 884 790 934 τοῦτο
851 877 1184 954 Περιπάτους
1246 879 1380 950 μὶν,
1442 879 1532 932 καὶ

285 969 381 1024 καὶ
412 971 510 1037 τήν
540 969 740 1040 σεμνὴν
792 969 986 1034 Στοὰν,
1036 968 1124 1022 καὶ
1171 969 1233 1022 τὸ
1283 967 1588 1040 αὐτόματον
1623 968 1948 1042 Ἑπικούρου

291 1059 432 1132 μετά
460 1062 568 1112 τῶν
601 1053 820 1130 ἀτόμων
870 1057 958 1110 καὶ
1005 1064 1105 1125 τῆς
1153 1054 1380 1126 ἡδονῆς,
1431 1056 1562 1131 ἐρίῳ
1624 1059 1816 1130 στέψας
1848 1060 1946 1129 (7),

289 1147 367 1209 ὥς
399 1168 481 1209 τις
515 1145 731 1201 ἐκείνων
765 1146 853 1198 τὸν
895 1147 1129 1213 ποιητὴν
1167 1149 1265 1218 (8),
1299 1146 1375 1206 ὡς
1421 1146 1757 1220 πορῥωτάτω
1808 1146 1946 1219 πέμ-

286 1257 384 1290 πει
414 1236 503 1290 καὶ
535 1234 918 1308 ἀποκρούεται.
957 1241 1189 1302 Κυνικῆς
1241 1232 1318 1305 δὲ,
1361 1235 1423 1288 τὸ
1479 1235 1571 1307 μὲν
1626 1237 1776 1289 ἄθεον
1829 1233 1945 1289 δια-

284 1325 517 1390 πτύσας,
550 1326 612 1379 τὸ
645 1323 703 1378 δὶ
751 1325 1034 1400 ἀπέριττον
1082 1324 1380 1393 ἐπαινέσας,
1412 1324 1572 1378 τοῦτό
1625 1323 1765 1378 ἐστιν
1795 1326 1822 1378 ὃ
1854 1329 1944 1378 νῦν

281 1416 447 1488 ὁρᾶτε
475 1417 575 1486 (9),
607 1413 752 1467 κύων
800 1413 935 1467 κατά
964 1418 1068 1466 τῶν
1124 1410 1294 1474 ὅντως
1344 1417 1542 1483 κυνῶν,
1578 1414 1668 1467 καὶ
1725 1412 1945 1491 φιλόσο-

281 1524 388 1579 φος
443 1503 579 1556 κατά
629 1507 737 1555 τῶν
781 1501 1028 1578 ἀσόφων,
1088 1500 1175 1555 καί
1239 1505 1554 1575 Χριστιανὸς
1619 1503 1748 1576 ὑπὲρ
1810 1505 1939 1557 πάνυ

275 1612 411 1660 των,
465 1591 554 1645 καὶ
605 1594 768 1644 νικῶν
834 1592 932 1658 τήν
986 1591 1078 1662 μὲν
1140 1589 1350 1644 ἐκείνων
1401 1589 1680 1654 αὐθάδειαν
1726 1595 1794 1664 τῇ
1842 1590 1939 1645 τοῦ

276 1681 581 1753 σχήματος
600 1678 916 1750 ὁμοιότητι,
947 1683 1053 1732 τῶν
1088 1675 1144 1732 δὲ
1175 1680 1300 1752 παρ’
1348 1681 1483 1750 ἡμῖν
1535 1678 1674 1734 ἔστιν
1723 1681 1794 1732 ὧν
1840 1682 1938 1748 τὴν

283 1767 677 1843 ἀπειροκαλίαν
732 1771 798 1840 τῇ
857 1767 1136 1835 καινότητι
1193 1772 1290 1821 τοῦ
1348 1767 1662 1840 ἐνδύματος,
1713 1767 1940 1840 δεικνὺς,

279 1857 370 1911 ὅτι
408 1856 484 1928 μὴ
518 1855 570 1910 ἐν
609 1861 825 1929 μικροῖς
857 1857 918 1909 τὸ
959 1851 1193 1924 εὐσεϐὲς,
1249 1853 1392 1927 μηδὲ
1424 1857 1474 1910 ἐν
1506 1862 1584 1928 τῷ
1620 1863 1854 1934 κατηφεῖ
1882 1859 1943 1911 τὸ

279 1943 605 2022 φιλόσοφον,
666 1942 790 1998 ἀλλ’
850 1942 901 1996 ἐν
952 1947 1138 2019 ψυχῆς
1187 1943 1504 2020 στερρότητι
1555 1945 1643 1998 καὶ
1705 1943 1942 2007 διανοίας

275 2033 644 2107 καθαρότητι,
699 2033 783 2088 καὶ
834 2033 1032 2107 γνησίᾳ
1078 2038 1148 2106 τῇ
1214 2033 1351 2105 πρὸς
1409 2035 1470 2088 τὸ
1519 2033 1685 2088 καλὸν
1747 2035 1943 2100 νεύσει,

278 2123 434 2184 ὅπως
469 2121 528 2176 ἃν
559 2125 654 2175 τοῦ
695 2124 985 2195 σχήματος
1036 2119 1278 2197 ἔχωμεν,
1312 2124 1400 2177 καὶ
1451 2124 1672 2178 οἷστισιν
1727 2123 1783 2177 ἂν
1819 2125 1943 2195 ὁμι-

280 2210 494 2283 λῶμεν,
529 2209 634 2264 siit:
664 2212 800 2282 ἡμῖν
833 2209 1018 2272 αὐτοῖς
1055 2210 1246 2282 μόνοις
1280 2211 1670 2274 συστέλλοντες
1699 2213 1791 2266 τὸν
1819 2217 1942 2266 νοῦν

275 2300 387 2356 ἀπὸ
446 2304 556 2354 τῶν
612 2299 931 2367 αἰσθήσεων,
989 2297 1094 2353 εἶ’τε
1152 2306 1267 2362 τοῖς
1321 2304 1433 2372 (10)
1484 2299 1718 2364 πολλοῖς
1764 2323 1820 2355 τε
1850 2302 1937 2355 καὶ

273 2388 588 2466 ὁμοφύλοις
622 2386 914 2456 ἰδιάζοντες
948 2387 1000 2442 ἐν
1032 2393 1109 2459 τῷ
1139 2394 1341 2460 κοινῷ,
1375 2389 1463 2442 καὶ
1514 2388 1935 2466 φιλοσοφοῦντες

274 2477 331 2533 ἐν
368 2477 430 2532 ού
463 2474 854 2554 φιλοσοφοῦσιν
890 2476 984 2549 (ὡς
1009 2479 1044 2544 ἡ
1079 2482 1196 2530 Νῶε
1247 2473 1483 2539 κιϐωτὸς
1533 2478 1728 2549 ἐκείνη,
1764 2478 1814 2533 ἐν
1847 2500 1937 2532 κα-

271 2566 581 2638 τακλυσμῷ
633 2565 1021 2639 κατακλυσμοῦ
1081 2569 1193 2638 (11)
1241 2566 1562 2644 κουφοτέρου
1611 2568 1699 2621 καὶ
1753 2570 1787 2636 ἡ
1838 2573 1936 2622 τοῦ

272 2653 441 2733 ὅρους
477 2655 656 2728 βάτος,
687 2657 748 2724 ἦν
801 2661 952 2709 καῖον
997 2657 1060 2710 τὸ
1110 2661 1215 2726 πῦρ
1266 2655 1328 2710 οὐ
1379 2656 1646 2727 κατέκαιε,
1677 2658 1740 2712 τὸ
1794 2659 1933 2732 μέγα

272 2743 560 2806 Μωυσέως
592 2743 773 2819 ὅραμα
805 2747 960 2817 [12]),
1010 2740 1133 2798 οὕτε
1180 2744 1333 2799 αὐτοί
1376 2767 1427 2799 τι
1479 2749 1589 2819 (13)
1628 2745 1932 2820 πάσχοντες

270 2839 392 2895 τοῖς
423 2831 681 2902 πολλοῖς,
716 2832 778 2886 οὐ
814 2832 1026 2906 μᾶλλόν
1077 2853 1140 2907 γε
1275 2832 1486 2906 ἀδάμας
1528 2839 1641 2895 τοῖς
1692 2836 1933 2903 παίουσι,

271 2923 368 2978 καὶ
402 2919 473 2977 δι’
505 2923 705 2977 ἑαυτῶν
739 2923 867 2984 τοὺς
900 2921 1104 2982 ἀλλους
1141 2921 1390 2997 βελτίους
1419 2930 1698 2986 ποιοῦντες
1733 2925 1807 2987 εἲς
1842 2923 1932 2979 δύ-

271 3033 460 3085 ναμιν.
503 3011 711 3081 Ταύτης
759 3011 964 3086 καρπὸς
1008 3019 1107 3081 τῆς
1157 3011 1498 3090 φιλοσοφίας,
1542 3013 1607 3066 ού
1641 3013 1789 3089 λόγῳ
1822 3017 1934 3087 (14)

273 3099 647 3173 πλαττόμεναι
680 3100 868 3162 πόλεις
920 3099 1222 3175 (σκινδαψοί
1265 3123 1422 3166 τινες,
1457 3104 1531 3164 ὡς
1582 3103 1735 3157 αύτοί
1784 3107 1933 3180 φασι,

275 3190 370 3246 καὶ
427 3189 763 3265 τραγέλιιφοι
823 3193 972 3263 (15),
1034 3190 1066 3244 ἆ
1125 3191 1349 3266 γλῶσσα
1401 3192 1538 3264 μόνη
1592 3193 1932 3266 συντίθησιν)

274 3277 408 3335 οὐδὲ
466 3279 786 3353 κατηγορίαι
843 3280 1007 3350 τινὲς,
1068 3280 1158 3333 καὶ
1219 3280 1545 3352 ἀναλύσεις,
1595 3283 1683 3336 καὶ
1747 3283 1934 3355 μίξεις·

272 3365 406 3424 οὐδὶ
439 3363 771 3440 συμϐάματα
804 3369 919 3439 (16)
949 3369 1038 3422 καὶ
1089 3367 1586 3444 παρασυμῧάματα,
1641 3372 1728 3425 καὶ
1777 3374 1810 3439 ἡ
1856 3393 1939 3426 τε-

273 3457 703 3534 χνολογουμένη
737 3456 916 3533 σοφία·
946 3455 1071 3511 οὐδὲ
1103 3460 1360 3534 γραμμαί
1388 3481 1526 3521 τινες
1557 3457 1801 3532 οὐδαμοῦ
1825 3461 1938 3514 κεί-

269 3568 452 3622 μεναι,
487 3543 613 3600 οὐδὲ
663 3547 897 3620 ἀστέρων
949 3545 1154 3600 πλοκαῖ
1204 3547 1292 3601 καὶ
1344 3551 1604 3623 σχήματα
1647 3549 1782 3602 κατᾶ
1831 3558 1934 3618 τῆς

1589 877 1935 951 Ἀκαδημίας

2133 883 2224 939 VI.
2260 885 2648 950 Quamobrem
2674 881 3191 953 Peripateticorum
3223 879 3477 946 scholas,
3501 885 3558 936 et
3575 882 3714 937 Aca-

2061 975 2306 1043 demias,
2341 977 2397 1028 et
2446 973 2837 1027 venerandam
2869 972 3092 1037 Stoam,
3127 975 3184 1026 et
3231 970 3462 1040 Epicuri
3508 987 3710 1026 casum

2060 1078 2124 1114 ac
2160 1063 2546 1118 temeritatem
2577 1079 2694 1116 una
2726 1077 2860 1114 cum
2899 1060 3113 1115 atomis
3161 1063 3217 1114 et
3262 1057 3582 1129 voluptate,
3613 1075 3712 1114 co-

2060 1168 2202 1206 rona
2218 1149 3167 1223 laneacingcns(quemadmodum
3183 1148 3426 1219 quidam
3445 1148 3710 1219 ipsorum

2060 1246 2287 1312 poetam
2308 1242 2759 1313 ornavit),quam
2778 1237 3121 1311 longissime
3135 1237 3366 1309 ablegat
3382 1241 3438 1292 et
3459 1236 3707 1308 repellit.

2057 1331 2280 1402 Cynicae
2312 1335 2508 1385 autem
2543 1334 2734 1396 sectae,
2768 1328 3127 1399 impietatem
3160 1325 3396 1398 quidem
3429 1329 3486 1380 et
3515 1325 3706 1381 numi-

2058 1417 2148 1470 nis
2199 1421 2600 1487 contemptum
2657 1418 3011 1479 exsecratus,
3060 1410 3456 1483 frugalitatem
3506 1415 3703 1466 autem

2056 1505 2334 1560 laudibus
2365 1509 2731 1575 prosecutus,
2762 1503 2871 1558 hoc
2918 1506 3006 1556 est
3047 1501 3194 1573 quod
3248 1499 3508 1566 cernitis,
3541 1499 3703 1555 canis

2059 1595 2337 1649 adversus
2369 1611 2534 1649 veros
2563 1610 2757 1658 canes,
2791 1598 2848 1647 et
2887 1589 3270 1662 philosophus
3302 1590 3579 1645 adversus
3608 1587 3703 1643 in-

2055 1686 2355 1756 sipientes,
2389 1689 2444 1738 et
2473 1683 2844 1739 Christianus
2877 1682 2947 1736 ad
2994 1681 3140 1736 bene
3170 1681 3241 1734 de
3272 1679 3549 1734 omnibus
3583 1695 3703 1735 me-

2056 1777 2190 1829 rend
2205 1791 2303 1828 um
2329 1779 2588 1844 paratus,
2609 1776 2778 1841 atque
2799 1770 3035 1825 illorum
3055 1769 3292 1840 quidem
3309 1768 3700 1839 arrogantiam

2056 1881 2157 1934 per
2187 1863 2422 1918 habitus
2453 1861 2926 1926 similitudinem,
2961 1857 3378 1913 nonnullorum
3411 1862 3605 1913 autem
3635 1873 3702 1912 ex

2057 1953 2276 2008 nostris
2326 1951 2607 2024 ineptiam
2657 1966 2759 2021 per
2804 1949 2983 2004 vestis
3027 1947 3340 2003 novitatem
3394 1947 3654 2003 refutans
3688 1964 3726 2002 :-

2055 2041 2200 2096 illud
2258 2041 2479 2095 scilicet
2527 2039 2861 2103 ostendens,
2913 2052 3016 2090 nec
3066 2036 3344 2107 pietatem
3383 2034 3445 2088 in
3476 2035 3702 2106 exiguis

2057 2131 2251 2193 rebus,
2287 2145 2390 2184 nec
2425 2127 2854 2200 philosophiam
2885 2127 2942 2179 in
2975 2124 3171 2178 vultus
3204 2122 3466 2190 tristitia,
3500 2139 3698 2179 verum

2055 2220 2110 2273 in
2164 2219 2343 2273 animi
2395 2217 2671 2271 ﬁrmitate
2715 2232 2780 2270 ac
2812 2214 3026 2269 mentis
3056 2211 3328 2285 puritate,
3361 2213 3701 2284 sinceraque

2048 2309 2116 2362 ad
2171 2309 2386 2361 bonum
2441 2305 2826 2378 propensione
2868 2302 3234 2358 consistere:
3288 2301 3434 2356 nihil
3465 2302 3700 2369 referre,

2048 2413 2162 2465 quo
2198 2395 2397 2450 habitu
2430 2395 2638 2462 simus,
2673 2397 2728 2449 et
2775 2407 2906 2449 cum
2957 2392 3174 2464 quibus
3214 2391 3702 2446 consuetudinem

2048 2485 2396 2549 habeamus,
2429 2483 2604 2537 modo
2639 2499 2744 2537 nos
2777 2482 2858 2536 ita
2887 2495 3320 2552 comparemus,
3351 2485 3416 2535 ut
3446 2481 3565 2535 sive
3595 2480 3705 2536 soli

2047 2574 2256 2640 simus,
2292 2577 2548 2627 mentem
2583 2588 2616 2625 a
2647 2570 2919 2626 sensibus
2951 2569 3395 2635 contrahamus,
3418 2569 3540 2624 sive
3569 2586 3706 2624 cum

2046 2661 2175 2716 aliis
2206 2677 2524 2728 versemur,
2557 2659 2618 2714 in
2670 2659 2970 2714 communi
3007 2657 3315 2712 hominum
3363 2661 3513 2712 ccetu
3570 2661 3704 2712 tan-

2046 2766 2221 2821 quam
2243 2750 2301 2804 in
2321 2755 2541 2804 secreto
2559 2747 2844 2814 vivamus,
2862 2752 3032 2817 atque
3055 2747 3204 2800 inter
3220 2762 3318 2800 eos
3336 2746 3436 2816 qui
3463 2745 3708 2801 minime

2047 2839 2556 2910 phil030phantur,
2607 2835 2995 2908 philosophias
3045 2835 3242 2890 studia
3290 2834 3573 2890 colamus.
3633 2835 3706 2890 Et

2045 2928 2548 2999 quemadmodum
2573 2942 2707 2981 arca
2738 2925 2839 2981 illa
2865 2925 2981 2980 Noe
3002 2926 3068 2991 αν,
3093 2941 3219 2997 quae
3250 2923 3310 2978 in
3343 2923 3562 2979 diluvio
3582 2924 3702 2978 vim

2045 3017 2244 3072 diluvii
2279 3016 2499 3082 evasit;
2535 3019 2711 3086 atque
2742 3014 2949 3086 ingens
2982 3013 3124 3068 illud
3159 3012 3376 3084 Moysis
3407 3016 3706 3084 spectacu-

2045 3107 2189 3176 lum,
2214 3107 2322 3161 hoc
2353 3110 2462 3170 est,
2488 3105 2581 3159 ille
2605 3104 2822 3159 montis
2856 3103 3041 3158 rubus
3061 3103 3123 3172 ‘5,
3149 3116 3324 3173 quem
3347 3101 3501 3173 ignis
3524 3117 3702 3157 urens

2049 3213 2162 3250 non
2199 3195 2523 3267 perurebat,
2557 3194 2760 3248 eodem
2796 3193 2965 3248 modo
3011 3207 3118 3247 nos
3170 3207 3425 3262 quoque,
3480 3206 3586 3246 nec
3635 3207 3705 3247 ex

2047 3285 2207 3357 vulgi
2239 3284 2584 3354 contagione
2608 3282 3030 3337 detrimentum
3053 3278 3239 3335 ullum
3261 3279 3702 3345 contrahamu,

2050 3374 2550 3444 quemadmodum
2583 3388 2687 3427 nec
2721 3372 2962 3427 adamas
2995 3370 3066 3425 ab
3096 3369 3189 3438 iis,
3240 3387 3273 3424 a
3323 3368 3541 3441 quibus
3573 3386 3705 3440 per.

2046 3463 2285 3529 cutitur,
2310 3466 2365 3517 et
2385 3479 2490 3532 pro
2521 3460 2672 3515 virili
2707 3465 2908 3516 nostra
2928 3473 3223 3524 curemus,
3249 3463 3315 3512 ut
3341 3456 3439 3514 alii
3473 3474 3577 3529 per
3595 3475 3703 3515 nos

2047 3551 2316 3606 meliores
2339 3551 2688 3604 efﬁciantur.
2706 3549 2892 3618 Hujus
2913 3546 3296 3619 philosophia;
3320 3547 3564 3614 fructus,
3586 3564 3702 3603 non

266 3635 544 3710 Προνοίας
595 3633 976 3706 ἐπινοούμενα.
1027 3638 1202 3688 Ταῦτα
1257 3637 1352 3707 μὶν
1401 3637 1500 3712 γὰρ
1553 3637 1698 3708 αὐτῷ
1751 3635 1928 3693 δευτέ-

2053 3655 2313 3693 sermone
2345 3639 2490 3692 ﬁctae
2521 3637 2785 3692 civitates
2835 3635 3153 3707 (scindapsi
3185 3636 3448 3705 quidam,
3469 3640 3548 3691 -ut
3591 3636 3704 3708 ipsi

267 3745 374 3803 ρου
407 3723 579 3800 λόγου
610 3725 699 3778 καὶ
731 3723 993 3799 πάρεργα,
1023 3723 1112 3776 καὶ
1160 3727 1418 3778 τοσοῦτον
1461 3725 1762 3797 παιζόμενα
1794 3729 1926 3797 (17),

266 3814 396 3870 ὅσον
453 3815 529 3887 μή
580 3813 860 3882 παίζεσθαι
914 3813 1060 3889 παρᾶ
1106 3816 1213 3867 τῶν
1273 3810 1468 3868 εἰδέναι
1519 3817 1926 3890 προσποιουμέ-

268 3924 401 3960 νων.

2041 3729 2227 3793 aiunt,
2251 3731 2306 3782 et
2328 3725 2680 3798 tragelaphi,
2707 3741 2834 3795 quae
2869 3723 3070 3797 lingua
3093 3723 3218 3779 sola
3241 3723 3574 3797 construit),
3599 3740 3704 3781 nec

2039 3817 2340 3888 categorim
2373 3816 2646 3887 qumdam
2690 3819 2746 3869 et
2795 3814 3085 3885 analyses,
3121 3831 3187 3869 ac
3233 3813 3565 3884 mistiones,
3598 3830 3705 3872 nec

2040 3908 2410 3978 symbamata
2425 3911 2474 3960 et
2503 3903 3038 3976 parasymbamata,
3053 3910 3109 3958 et
3129 3902 3453 3975 argutatrix
3471 3904 3702 3975 sapien-

269 3997 380 4062 tia,
412 4011 519 4052 nec
569 3995 734 4050 linem
782 3995 1051 4065 quaedam
1100 4011 1396 4066 nusquam
1448 3996 1781 4064 existentes,
1817 4013 1922 4053 nec
1971 3999 2230 4053 siderum
2265 4013 2470 4062 nexus,
2504 4000 2558 4050 et
2589 3994 2784 4066 ﬁgurae
2825 3995 2977 4050 459
3027 3993 3307 4050 adversus
3357 3993 3456 4049 Dei
3509 3997 3702 4066 provi-

267 4085 534 4142 dentiam
564 4083 922 4155 excogitatae.
955 4083 1086 4138 Hac
1135 4085 1291 4138 enim
1344 4084 1440 4140 ille
1472 4087 1726 4141 secundo
1759 4085 1883 4141 loco
1915 4103 2144 4158 semper
2192 4085 2415 4153 habuit,
2450 4085 2753 4157 obiterque
2784 4102 2849 4140 ac
2878 4085 3036 4140 velut
3079 4100 3181 4156 per
3229 4084 3434 4139 ludum
3484 4084 3700 4157 attigit,

272 4177 682 4246 hactenusque
712 4174 1017 4239 duntaxat,
1052 4189 1124 4229 ne
1155 4174 1228 4230 ab
1259 4173 1402 4241 illis,
1437 4177 1537 4247 qui
1571 4191 1631 4231 se
1661 4192 1862 4230 earum
1896 4194 2091 4233 rerum
2133 4175 2438 4232 scientiam
2472 4181 2667 4231 tenere
2706 4175 3073 4247 proﬁtentur,
3099 4173 3268 4229 illudi
3301 4179 3476 4246 atque
3505 4174 3700 4246 exagi-

269 4265 385 4321 tari
417 4266 635 4337 posset.

343 4365 388 4399 “
419 4363 561 4420 Gen.
594 4379 672 4433 v1,
709 4363 792 4416 14.
872 4362 915 4396 ⁴⁵
945 4363 1127 4418 Exod.
1161 4379 1224 4435 ιι,
1257 4366 1308 4419 2.

344 4461 422 4533 (7)
457 4459 684 4538 Στέψας.
722 4458 996 4538 Or_.‘1,_et
1027 4459 1215 4538 Pass.,
1241 4461 1604 4538 στεφανώσας.
1631 4463 1771 4518 Addi
1805 4481 1932 4536 pos-

275 4527 514 4607 βοὴ-’καὶ
572 4527 728 4607 μύρῳ
786 4527 1034 4602 ἀλείψας,
1065 4554 1094 4581 ‹‹
1126 4536 1183 4586 et
1232 4527 1552 4607 unguento-
1589 4527 1932 4607 unguens.»

273 4605 591 4674 Utriusque
639 4604 815 4676 enim,
849 4609 1183 4676 coronaatet
1214 4628 1241 4655 ‹‹
1276 4604 1696 4676 ίωροειιίοιιίἐ
1720 4612 1777 4661 et
1826 4625 1931 4662 un-

273 4676 484 4735 ctionis
517 4697 546 4724 »
580 4674 848 4730 meminit
878 4675 1057 4742 Plato,
1091 4674 1195 4730 lib.
1231 4691 1292 4732 ιιι
1325 4674 1405 4732 De
1429 4678 1644 4742 republ.

348 4749 425 4819 (8)
454 4747 553 4806 “Ως
581 4765 666 4806 τις
697 4744 912 4799 ἐκείνων
956 4745 1052 4820 τὸν
1096 4747 1356 4820 ποιητήν,
1397 4770 1417 4796 σ
1453 4744 1525 4804 Ut
1569 4749 1806 4819 quidem
1840 4749 1928 4820 ip-

275 4818 480 4876 eorum
511 4822 738 4889 poetam
759 4818 1015 4891 _ornavit.
1040 4840 1080 4891 _»
1112 4819 1274 4875 Plato
1304 4820 1429 4891 ipse
1461 4825 1568 4885 est,
1589 4818 1700 4891 qui
1737 4818 1932 4876 llonie-

2119 4465 2230 4535 (Η)
2261 4461 2332 4516 0-5
2385 4459 2561 4536 λόγῳ,
2594 4461 2840 4536 οῐοαῌίο
2873 4460 3172 4517 Platonem
3210 4460 3421 4536 carpit,
3457 4461 3562 4534 qui
3595 4461 3698 4518 lib.

2051 4554 2086 4590 ιι
2125 4532 2346 4606 Dr'rep.
2382 4532 2652 4606 sermone
2683 4533 2972 4606 civitatem
3005 4532 3353 4606 construxit.

2116 4608 2231 4678 (15)
2287 4602 2685 4680 Σκινδαψοί...
2746 4602 3095 4680 τραγέλαφοιἔ
3169 4603 3458 4676 Apollonii
3521 4603 3699 4680 inter:

2045 4675 2177 4749 pres
2209 4675 2389 4733 tradit
2431 4675 2811 4750 scindapsum
2859 4675 3008 4750 esse
3041 4675 3249 4750 plantae
3300 4691 3508 4748 genus,
3541 4678 3697 4750 quod

2044 4747 2197 4822 apud
2248 4751 2499 4822 Nyssum
2533 4750 2591 4803 in
2630 4747 2789 4822 india
2821 4749 3103 4822 nascitur.
3134 4747 3276 4802 Cum
3317 4747 3523 4822 autem
3562 4747 3697 4822 haec

2045 4819 2244 4902 planta
2276 4819 2570 4902 nusquam
2603 4820 2740 4876 alibi
2785 4820 3133 4902 reperiatur,
3163 4819 3692 4902 putatnGregOEius,

275 4907 430 4958 rum,
466 4907 540 4970 ne
575 4889 891 4970 juvenibus
921 4889 1129 4970 noxius
1161 4897 1222 4970 e_t_
1245 4889 1527 4970 exitiosus
1575 4889 1748 4970 esset,
1794 4892 1929 4970 plana
1963 4911 2008 4970 υ
2039 4889 2192 4970 hanc
2213 4889 2427 4970 _vocem
2452 4894 2688 4948 inanem
2720 4889 2870 4970 esse2
2901 4897 2957 4946 et
2988 4892 3134 4970 nihil
3165 4889 3516 4963 signiﬁcare.
3551 4892 3693 4970 Tra-

275 4962 540 5021 coronari
575 4967 634 5018 et
663 4960 879 5016 dimitti
912 4964 1140 5018 statuit.
1180 4961 1294 5019 Hac
1326 4963 1714 5019 similitudine
1747 4969 1928 5018 utitur

273 5033 613 5107 Gregorius,
645 5039 712 5107 ut
743 5034 1057 5107 sublimem
1092 5034 1325 5090 Maximi
1369 5035 1802 5107 philosophiam
1833 5053 1926 5091 ex—

273 5103 464 5174 tollat,
481 5105 599 5175 qui,
616 5103 849 5160 scholas
872 5103 1412 5177 Peripateticorum,
1429 5103 1928 5177 Academicorum,

279 5177 608 5252 Stoicorum
639 5181 710 5252 et_
729 5177 961 5252 Epicuri
1002 5193 1216 5252 corona
1261 5179 1427 5235 lanea
1456 5179 1718 5252 cingens,
1754 5196 1930 5251 quam

283 5248 630 5321 longissime
661 5248 893 5321 ablegat
920 5253 976 5304 et
1007 5249 1255 5320 repellit.

347 5267 378 5304 n
429 5265 630 5305 iSSime
661 5265 893 5321 ablegat
920 5265 976 5304 et
1007 5265 1132 5320 repc

345 5265 664 5395 (750351“.
702 5320 798 5376 Or.
831 5323 888 5395 _1,
923 5321 1132 5395 (Spirat.

385 5339 421 5394 1)
469 5339 513 5376 υ
552 5339 664 5375 ατε.
702 5339 798 5376 UP.
837 5339 888 5389 1,
923 5339 1132 5395 οραται.

385 5393 473 5464 10)
503 5339 630 5447 igitr.
656 5395 793 5464 τοῖς.
830 5392 893 5464 Ip
924 5390 1246 5464 nonnullis,
1277 5388 1380 5445 είίτε
1412 5389 1503 5444 σὺν
1532 5395 1668 5452 τοῖς.

350 5459 465 5535 (⁷11)
499 5459 879 5535 κατακλυσμῷ
920 5459 1331 5535 κατακλυσμοῦ.
1359 5464 1454 5518 Sic
1502 5464 1659 5534 Regii
1709 5469 1764 5518 et
1806 5463 1933 5520 Col-

281 5534 747 5658 bfrtinhplures,
781 5534 955 5592 Coisl.
993 5539 1015 5591 1
1053 5541 1109 5591 et
1135 5537 1188 5604 2,
1219 5541 1325 5590 etc.
1362 5536 1422 5590 In
1455 5537 1545 5590 ed.
1581 5537 1744 5591 deest
1770 5555 1933 5588 κατα-

281 5626 316 5658 κ
358 5626 554 5658 0611ου.

281 5626 554 5660 κΑυσιιου.

359 5627 554 5676 υσμου.

359 5681 470 5746 (12)
503 5675 740 5748 ’Όρτμσι
770 5677 942 5732 Coisl.
978 5680 1028 5743 1,
1064 5674 1255 5748 θέαμα.

359 5697 470 5746 (1‘4)
528 5697 638 5730 υοτ
691 5697 740 5729 α.
770 5697 942 5732 ι.οιιι.
978 5697 1028 5743 1,
1064 5697 1255 5748 ηεαμα.

355 5697 884 5822 (13)-Αότοίλτιηδίο
905 5754 1158 5821 quatuor
1178 5750 1362 5818 Colb.,
1385 5750 1500 5807 duo
1526 5750 1720 5820 Coisl.,
1747 5751 1934 5818 Pass.,

284 5819 402 5896 etc,
427 5819 522 5896 Sic
552 5820 728 5896 etiam
776 5819 952 5879 habet
983 5822 1251 5896 Herv_ag.,
1286 5825 1356 5879 ad
1390 5823 1560 5895 cujus
1607 5819 1932 5896 marginem

290 5893 528 5967 scripsit
557 5892 764 5952 Billius
795 5908 808 5952 :
841 5898 981 5966 forte
1011 5892 1273 5950 «ﬁfth—Tt.

2038 4963 2324 5036 gelapbus
2353 4983 2505 5028 vero,
2537 4970 2627 5020 est
2656 4964 2874 5036 animal
2905 4979 2973 5018 ex
3004 4964 3166 5018 hirco
3196 4968 3252 5018 et
3283 4979 3447 5036 cervo
3478 4963 3691 5018 conﬂa-

2042 5034 2189 5098 tum,
2215 5038 2368 5109 quod
2402 5037 2576 5092 etiam
2612 5051 2645 5109 a
2675 5035 2878 5091 multis
2911 5051 3216 5109 nunquam
3249 5034 3543 5109 exstitisse
3570 5051 3691 5090 cre-

2043 5109 2165 5163 ditu
2179 5105 2332 5164 rfDe
2361 5107 2725 5180 tragelapho,
2748 5111 2962 5180 tamen,
2992 5105 3210 5180 mentio
3240 5111 3328 5180 est
3373 5105 3433 5160 in
3483 5106 3692 5180 Deuts-

2043 5197 2313 5249 ron.x1v,
2347 5182 2413 5250 5;
2459 5178 2515 5237 et
2557 5178 2614 5234 in
2673 5179 2820 5235 libro
2876 5179 3010 5250 Job,
3062 5179 3236 5250 juxta
3288 5178 3695 5251 Septuaginta,

2043 5269 2237 5318 χχχιχ,
2270 5254 2319 5306 1.

2116 5317 2234 5392 (16)
2261 5317 2627 5393 Συμϐάματα,
2659 5325 2766 5376 etc.
2801 5319 3258 5392 Propositiones,
3291 5337 3419 5392 quae
3455 5337 3697 5378 sensum

2043 5395 2338 5465 integrum
2384 5397 2669 5458 efﬁciunt,
2702 5415 2723 5440 α
2757 5394 3128 5465 symbamata‘
3161 5415 3180 5440 ι
3211 5397 3522 5462 vocantur;
3571 5410 3698 5464 quae

2046 5464 2451 5522 vero'sensum
2484 5464 2926 5537 integrumnon
2960 5464 3250 5537 efﬁciunt,
3273 5486 3292 5512 ι
3326 5468 3700 5536 parasymba-

2050 5544 2222 5592 mata.
2254 5562 2279 5587 ››
2312 5538 2534 5592 Alludit
2563 5535 2896 5608 Gregorius,
2929 5536 2998 5590 ad
3050 5535 3466 5608 Chrysippum,
3500 5551 3696 5608 quem,

2045 5611 2197 5664 inter
2227 5610 2392 5673 alios,
2430 5607 2721 5664 Lucianus
2752 5608 2810 5662 in
2846 5607 3074 5678 dialogo
3123 5607 3193 5663 De
3240 5607 3491 5663 unctione
3515 5607 3694 5678 philo-

2043 5683 2337 5763 sOphorum
2377 5681 2596 5763 irridet,
2632 5686 2687 5735 et
2737 5680 2916 5763 stulta
2963 5679 3226 5763 ipsorum
3279 5681 3695 5763 dogmata,“-

2044 5749 2154 5822 que
2197 5757 2254 5810 in
2303 5754 2498 5809 verbis
2546 5752 2831 5809 novandis
2881 5749 3274 5807 curiositatem
3310 5749 3692 5806 deridendam

2085 5827 2338 5882 roninat.

2044 5842 2338 5897 propinat.

2115 5898 2228 5970 (l7)
2260 5893 2592 5972 Παιζόμενα.
2623 5895 2744 5970 Οιυο,
2775 5891 3052 5964 παίζοντα.
