4110 6422
352 448 509 515 1207

1602 464 1668 523 ς.
1718 444 2093 507 esseom!
2140 444 2537 506 THEULOGI

3632 449 3793 510 1208

422 585 540 640 VII.
575 583 883 649 Quodnam
915 587 1109 638 autem
1170 580 1279 637 fuit
1334 578 1677 653 primarium
1740 582 1796 633 et
1852 577 2001 632 anti-

2193 575 2260 632 Z'.
2292 575 2352 628 Τί
2390 572 2447 629 δὲ
2492 576 2556 630 τὸ
2604 580 2821 649 πρῶτον
2868 576 2958 631 καὶ
3010 575 3449 651 σπουδαζόμενον
3482 597 3496 647 ;
3529 579 3592 635 ’Π
3640 580 3781 655 πρὸς

354 674 716 748 quissimum
747 672 937 746 ipsius
958 672 1225 729 studium
1245 674 1271 727 ‘?
1301 672 1409 727 Pro
1432 671 1568 741 jure
1594 675 1651 724 et
1680 685 1848 740 aequo
1880 684 2014 722 cum

352 763 707 838 prmsidibus
738 761 1128 834 expostulare,
1183 760 1336 832 apud
1389 774 1553 829 reges
1607 757 1897 813 sermonis
1945 756 2013 809 li-

353 854 643 911 bertatem
705 850 1004 917 adhibere,
1064 848 1561 922 quemadmodum
1620 846 1870 901 eximius
1921 845 2017 900 ille

352 942 559 1009 David,
594 942 692 1013 qui
732 941 1078 1012 loquebatur
1107 940 1163 994 in
1199 942 1517 1010 conspectu
1551 953 1779 1008 regum,
1813 940 1869 991 et
1902 952 2015 990 non

354 1031 913 1097 confundebatur“,
963 1028 1263 1101 popularis
1294 1026 1479 1082 turbae
1512 1026 1798 1081 ﬂuctuum
1834 1025 2021 1080 instar

356 1121 587 1193 agitatae
663 1118 1046 1174 stoliditatem
1107 1133 1519 1188 compescere,
1580 1116 2016 1184 ferocientium,

356 1224 665 1282 procerum
694 1207 1014 1271 licentiam,
1048 1209 1361 1262 domorum
1404 1205 1557 1260 inter
1610 1223 1672 1260 se
1722 1204 2016 1260 dissiden-

354 1299 504 1355 tium
540 1298 834 1367 morbum,
868 1298 1239 1351 indoctorum
1275 1294 1689 1363 rusticitatem,
1713 1294 2019 1348 doctorum

354 1388 778 1460 arrogantiam,
829 1386 1062 1441 divitias
1121 1386 1443 1441 insolenter
1501 1400 1630 1439 sese
1690 1384 2017 1449 etferentes,

353 1476 725 1533 saturitatem
779 1475 1113 1548 petulanter
1142 1479 1197 1529 et
1229 1472 1657 1529 contumeliose
1706 1488 1767 1527 se
1817 1488 2017 1541 geren-

356 1572 499 1635 tem,
532 1568 935 1637 paupertatem
971 1565 1041 1619 ad
1084 1563 1368 1619 malelicia
1414 1562 1753 1634 proclivem,
1788 1561 2017 1616 iracun-

359 1655 517 1711 diam
548 1654 924 1727 praecipitem,
957 1670 1023 1709 ac
1068 1652 1354 1709 rationem
1405 1667 1607 1707 secum
1660 1651 2020 1717 efferentem,

356 1744 716 1816 voluptatem
742 1744 983 1799 modum
1008 1744 1402 1811 excedentem,
1420 1742 1606 1796 risum
1636 1740 2018 1813 petulantem,

360 1832 626 1888 mceroris
650 1832 1005 1888 anxietatem
1028 1846 1312 1896 coercere,
1332 1830 1664 1901 juventutis
1688 1830 2022 1884 inconstan-

354 1921 525 1987 tiam,
541 1920 859 1977 senectutis
881 1921 1199 1993 ignaviam,
1215 1920 1515 1990 animique
1532 1917 2019 1987 imbecillitatem,

353 2010 656 2065 viduitatis
675 2010 1076 2077 solitudinem,
1094 2009 1362 2065 orbitatis
1380 2009 1847 2080 desperationem
1869 2025 2022 2063 com-

355 2099 631 2170 primere.
666 2098 797 2154 Haec
827 2116 960 2155 vero
992 2114 1186 2153 nonne
1217 2098 1599 2170 syllogismis,
1639 2104 1696 2153 et
1745 2096 1935 2166 lineis,
1967 2102 2024 2151 et

357 2187 545 2244 hianti
573 2187 632 2242 in
655 2187 840 2244 stellis
859 2187 1090 2243 obtutui
1116 2187 1371 2242 multum
1392 2192 1730 2258 anteponet,
1748 2187 2022 2257 quisquis

358 2281 557 2333 mente
588 2294 733 2333 sana
768 2277 985 2333 fuerit?
1035 2276 1181 2333 Illud
1214 2292 1416 2333 secum
1449 2281 1751 2348 reputans,
1784 2277 1936 2346 quod
1972 2276 2019 2329 si

358 2367 432 2423 ad
452 2366 930 2439 syllogismorum
950 2366 1503 2432 conclusionem,vel
1524 2367 1592 2420 ad
1613 2366 2017 2437 geometriam,

359 2460 466 2511 aut
487 2456 932 2526 astronomiam,
957 2471 1162 2511 omnes
1193 2455 1459 2511 studium
1492 2471 1666 2509 suum
1691 2460 1868 2527 atque
1890 2470 2020 2525 ope-

361 2561 489 2599 ram
523 2544 899 2613 contulerint,
934 2543 1082 2600 nihil
1111 2561 1179 2600 ea
1209 2561 1303 2601 res
1334 2545 1465 2599 vita:
1497 2544 1767 2598 humanae
1821 2544 2016 2615 profu-

356 2636 495 2690 tura
527 2634 624 2700 sit,
658 2633 798 2706 quin
845 2634 1043 2705 potius
1083 2635 1283 2689 omnia
1314 2632 1553 2689 dissolvi
1586 2650 1652 2688 ac
1682 2632 2018 2689 labefactari

358 2739 599 2780 necesse
629 2723 742 2779 erit
774 2740 787 2779 :
843 2728 1049 2780 contra
1086 2722 1136 2780 si
1167 2740 1235 2779 ea
1265 2723 1477 2790 ofﬁcia,
1513 2739 1640 2793 quae
1673 2740 1706 2779 a
1737 2739 1829 2778 me
1859 2739 2018 2777 com-

360 2818 687 2869 memorata
735 2817 895 2878 sunt,
927 2814 997 2867 de
1030 2812 1221 2868 medio
1254 2812 1486 2871 sublata
1516 2812 1751 2878 fuerint,
1784 2830 2020 2867 summa

352 2902 622 2958 omnium
672 2918 869 2957 rerum
903 2901 1266 2973 perturbatio
1317 2907 1374 2956 et
1419 2902 1686 2957 confusio
1740 2902 1835 2957 sit.
1890 2902 2017 2957 Haec

352 2997 573 3063 quanto
603 2991 975 3047 Antisthenis
1004 2990 1280 3061 vanitate,
1314 2995 1371 3045 et
1417 2991 1693 3062 Diogenis
1734 2990 2014 3061 ingluvie,

2126 666 2396 741 ἄρχοντας
2453 662 2818 740 δικαιολογία,
2851 670 2886 736 ἡ
2931 669 3069 744 πρὸς
3125 666 3367 742 βασιλεῖς
3403 671 3513 740 (18)
3566 668 3788 745 παῤῥη-

2128 754 2235 823 σία,
2277 756 2413 807 κατά
2457 754 2547 809 τόν
2602 760 2743 819 θεῖον
2796 751 2959 811 Δαϐἶδ
3012 754 3285 813 λαλοῦντα
3344 756 3580 813 ἐναντίον
3640 759 3789 833 βασι-

2128 842 2267 897 λέων
2299 843 2388 897 καὶ
2424 845 2498 917 μή
2524 844 2944 921 αἰσχυνόμενον,
2998 844 3062 916 δή
3077 869 3191 918 μων
3244 846 3469 922 ἀλογίαν
3504 847 3783 904 συστεῖλαι

2124 934 2559 1004 κυμαινομένων,
2614 932 2887 990 δυναστῶν
2940 934 3181 1006 ἐξουσίαν
3236 935 3646 1013 ἀγριαινόντων,
3700 935 3783 992 οἷ’-

2127 1042 2234 1075 κων
2269 1021 2567 1097 ἀρρωστίαν
2619 1024 3037 1097 στασιαζόντων,
3088 1022 3424 1079 ἀπαιδεύτων
3479 1025 3786 1101 ἀγροικίαν,

2128 1108 2572 1184 πεπαιδευμένων
2635 1112 3008 1185 ἀλαζονείαν,
3068 1112 3307 1169 πλοῦτον
3384 1114 3737 1189 ἐπαιρόμενον
3775 1160 3789 1186 ,

2131 1199 2292 1274 κόρον
2364 1197 2728 1275 ύϐρίζονττα,
2781 1201 2967 1257 πενίαν
3018 1208 3447 1278 κακουργοῦσαν,
3489 1204 3658 1277 θυμὸν
3708 1204 3794 1260 ὲκ-

2131 1289 2430 1366 ιρερόμενον
2483 1291 2572 1344 καὶ
2619 1292 2709 1345 τὸν
2765 1290 3028 1367 λογισμὸν
3062 1294 3176 1365 (19)
3226 1292 3541 1369 ἐκφέροντα,
3588 1290 3794 1363 ἡδονῆς

2129 1380 2413 1454 ἀμετρίαν,
2442 1379 2686 1454 γέλωτος
2734 1380 3014 1456 ἀκρασίαν,
3065 1378 3245 1451 λύπης
3298 1380 3604 1454 ἀδημονίαν
3653 1387 3793 1437 παῦ-

2132 1488 2241 1538 σαι,
2318 1468 2576 1537 νεότητος
2661 1468 2981 1542 ἀνωμαλίαν
3028 1514 3041 1539 ,
3122 1473 3311 1545 γήρως
3401 1471 3794 1547 μικροψυχίαν,

2130 1556 2361 1630 χηρείας
2439 1556 2669 1632 ἐρημίαν
2728 1604 2740 1626 ,
2804 1558 3063 1637 ὀρφανίας
3150 1558 3460 1633 ἀπόγνωσιν
3527 1602 3541 1618 .
3618 1564 3796 1615 Ταῦτα

2129 1650 2235 1699 τῶν
2288 1643 2679 1721 συλλογισμῶν
2731 1646 2820 1702 καὶ
2868 1652 2975 1702 τῶν
3035 1652 3334 1724 γραμμῶν,
3395 1649 3484 1703 καὶ
3541 1654 3639 1704 τοῦ
3694 1670 3790 1704 κε-

2131 1734 2357 1810 χηνέναι
2416 1736 2549 1811 πρὸς
2608 1735 2734 1798 τοὺς
2797 1736 3043 1814 ἀστέρας,
3106 1738 3189 1810 ἄρ’
3260 1736 3321 1791 ού
3395 1740 3585 1814 μακρῷ
3650 1758 3792 1812 προ-

2130 1826 2353 1897 τιμήσει
2409 1846 2491 1887 τις
2552 1823 2608 1880 εὖ
2668 1831 2881 1903 φρονῶν
2945 1846 2959 1896 ;
3020 1827 3191 1882 ἐκεῖνο
3274 1826 3599 1901 ἐνθυμηθεὶς
3635 1874 3648 1900 ,
3705 1828 3791 1883 ὅτι

2133 1914 2477 1989 συναγόντων
2533 1915 2627 1988 μὶν
2680 1914 2915 1985 πάντων,
2950 1917 2984 1987 ἢ
3018 1916 3504 1994 γεωμετρούντων,
3534 1919 3569 1987 ἢ
3602 1917 3796 1993 ἀστρο-

2132 2004 2465 2076 νομούντων,
2500 2000 2654 2059 οὐδὲν
2688 2004 2745 2059 ἂν
2781 2005 2808 2059 ὁ
2845 2005 2961 2081 βίος
2991 2008 3155 2078 ἡμῶν
3197 2006 3344 2082 παρά
3381 2011 3541 2061 τοῦτο
3574 2005 3793 2084 ὠφελη-

2133 2092 2272 2161 θείη,
2308 2093 2391 2147 ὅτι
2444 2094 2520 2165 μὴ
2570 2093 2659 2148 καὶ
2708 2092 2775 2149 τὰ
2823 2093 2997 2149 πάντα
3040 2093 3355 2166 λυθήσεται·
3388 2095 3594 2151 τούτων
3629 2094 3685 2151 δὲ
3718 2098 3793 2151 ὧν

2133 2186 2282 2237 εἷπον
2342 2182 2769 2259 ἀναιρουμένων,
2824 2183 3011 2255 ἀταξία
3064 2185 3127 2240 τὸ
3181 2191 3286 2240 πᾶν
3344 2185 3435 2239 καὶ
3486 2184 3790 2260 σύγχυσις.

2130 2276 2304 2326 Ταῦτα
2344 2275 2443 2340 τῆς
2496 2271 2871 2336 Ἀντισθένους
2920 2272 3263 2343 ἀλαζονείας,
3312 2273 3402 2329 καὶ
3448 2277 3549 2343 τῆς
3600 2274 3790 2350 Διογὲ-

2128 2383 2254 2422 νους
2288 2361 2593 2439 ὀψοφαγίας
2623 2408 2638 2432 ,
2682 2362 2772 2416 καὶ
2823 2369 2924 2431 τῆς
2980 2362 3259 2438 Κράτητος
3311 2362 3670 2438 κοινογαμίας
3694 2407 3707 2432 ,
3740 2362 3794 2417 τί

2128 2452 2241 2526 χρὴ
2277 2450 2453 2525 λέγειν
2479 2451 2591 2523 ὅσῳ
2620 2451 2849 2527 κρείττω
2878 2452 2969 2507 καὶ
3004 2450 3323 2528 ὑψηλότερα
3353 2470 3366 2520 ;
3405 2452 3559 2521 Πλὴν
3606 2449 3792 2531 φειδό-

2134 2552 2269 2612 μεθα
2299 2542 2412 2613 (20)
2441 2539 2704 2595 κάκείνων
2735 2539 2882 2596 αἰδοῖ
2930 2544 3028 2611 τῆς
3081 2541 3479 2618 προσηγορίας,
3503 2539 3591 2597 ’ίνα
3613 2564 3664 2597 τι
3694 2547 3793 2597 τοῦ

2131 2629 2321 2707 ἀνδρὸς
2350 2629 2753 2685 ἀπολαύσωσιν.
2802 2634 2993 2706 Ἡμεῖς
3046 2629 3125 2699 δὲ,
3172 2630 3263 2686 ’ίνα
3295 2631 3505 2704 (21)τά
3552 2630 3601 2686 ἐν
3640 2632 3791 2705 μέσῳ

2130 2718 2462 2793 συνέλωμεν,
2511 2720 2572 2774 τὸ
2612 2724 2851 2798 σῶφρον,
2902 2721 2963 2775 τὸ
3015 2720 3299 2797 ἐγκρατὲς,
3345 2719 3407 2775 τὸ
3454 2720 3673 2799 ἄτυφον,
3726 2720 3789 2776 τό

2128 2808 2374 2885 ἐπίχαρι,
2430 2810 2491 2863 τὸ
2544 2810 2884 2883 κοινωνικὸν,
2930 2811 2992 2864 τὸ
3043 2809 3453 2888 φιλάνθρωπον,
3495 2808 3675 2865 τᾶλλα
3705 2812 3785 2873 οἷς

2131 2900 2262 2973 ὑπερ
2297 2901 2532 2960 ἅπαντας
2563 2900 2590 2953 ὁ
2624 2900 2782 2973 ἀνὴρ,
2817 2898 2904 2954 ἐπὶ
2935 2900 2998 2954 τὸ
3049 2899 3359 2955 τελευταῖον
3396 2900 3490 2972 μὶν
3515 2904 3585 2974 τῇ
3617 2902 3785 2974 τάξει,

2129 2994 2343 3064 πρῶτον
2380 2985 2436 3041 δὲ
2465 2991 2534 3061 τῇ
2568 2986 2792 3061 δυνάμει
2824 2988 3138 3062 τρεψόμεθα
3166 2991 3303 3061 (22).

349 3084 411 3137 et
442 3078 740 3136 communi
769 3079 1013 3135 Cratetis
1059 3080 1457 3148 matrimonio,
1493 3078 1838 3135 sublimiora
1870 3087 1927 3135 et
1958 3080 2363 3151 prmstantiora
2412 3079 2551 3145 sint,
2584 3080 2725 3150 quid
2759 3080 2951 3135 dicere
3003 3079 3258 3136 attinet?
3286 3079 3502 3134 Verum
3552 3079 3625 3134 ob
3676 3096 3779 3136 uo-

353 3169 535 3225 minis
568 3184 772 3224 eorum
806 3169 1195 3225 reverentiam
1227 3169 1319 3225 his
1351 3186 1585 3241 quoque
1634 3186 1967 3242 parcamus,
2003 3176 2067 3226 ut
2098 3168 2449 3225 nonnullum
2483 3168 2593 3239 ipsi
2627 3186 2859 3241 quoque
2891 3158 3145 3225 fructUm
3193 3187 3261 3225 ex
3308 3169 3488 3240 hujus
3516 3168 3624 3225 viri
3656 3170 3786 3242 phi-

351 3257 625 3328 losophia
653 3256 909 3328 capiant.
942 3257 1058 3312 Nos
1088 3262 1307 3323 autem,
1337 3261 1400 3313 ut
1432 3258 1626 3312 media
1656 3257 2011 3327 incidamus,
2045 3257 2387 3330 pudicitiam
2424 3272 2652 3329 nempe,
2677 3257 3121 3326 continentiam,
3157 3258 3528 3329 modestiam,
3552 3274 3784 3313 morum

353 3344 731 3411 suavitatem,
766 3344 1192 3411 aﬁabilitatem,
1226 3345 1680 3417 humanitatem,
1712 3351 2070 3417 ceterasque
2105 3346 2365 3410 virtutes,
2399 3345 2617 3417 quibus
2664 3346 2790 3418 ipse
2838 3346 3117 3402 mortales
3166 3363 3371 3403 omnes
3419 3353 3679 3418 superat,
3714 3348 3785 3403 ad

350 3436 435 3503 id,
467 3435 624 3507 quod
657 3434 861 3491 ordine
892 3435 1132 3506 quidem
1176 3439 1596 3508 prostremum,
1630 3436 1915 3509 dignitate
1966 3442 2161 3493 autem
2194 3440 2252 3492 et
2282 3435 2557 3492 facultate
2586 3435 2912 3509 principem
2945 3435 3137 3492 locum
3186 3437 3433 3505 obtinet,
3466 3435 3788 3492 orationem

350 3530 686 3582 convertam
699 3542 786 3581 us.

421 3614 572 3671 VIII.
608 3614 742 3669 Fuit
770 3615 1067 3686 quondam
1102 3614 1247 3670 illud
1278 3619 1534 3687 tempus,
1569 3632 1704 3671 cum
1735 3616 1806 3672 ab
1841 3615 2014 3672 haere-

2203 3616 2283 3672 H'.
2317 3615 2413 3669 Ἦν
2460 3615 2573 3688 (23)
2622 3612 2712 3669 ὅτε
2759 3613 3007 3691 γαλήνην
3054 3611 3279 3689 εἷ’χομεν
3330 3613 3435 3668 ἀπὸ
3484 3617 3589 3668 τῶν
3641 3612 3788 3689 αἱρέ-

352 3719 490 3759 sum
541 3701 812 3773 procellis
861 3701 1184 3773 tranquilla
1233 3702 1430 3758 omnia
1463 3703 1850 3771 habebamus,
1884 3721 2017 3759 cum

349 3791 619 3847 videlicet
647 3792 941 3857 Simones,
973 3797 1031 3847 et
1072 3792 1417 3863 Mareiones,
1450 3793 1604 3848 460
1655 3799 1711 3848 et
1758 3793 2017 3849 Valenti-

348 3882 534 3947 niani,
566 3886 623 3936 et
654 3880 944 3950 Basilidis,
977 3886 1034 3936 et
1081 3880 1396 3951 Cerdones,
1440 3882 1698 3937 Cerintbi
1730 3883 1926 3950 etiam,
1962 3891 2019 3938 et

348 3971 754 4042 Carpocratcs,
787 3975 963 4042 atque
995 3986 1200 4026 omnes
1254 3970 1487 4026 illorum
1540 3988 1707 4043 nugae
1754 3989 1821 4028 ac
1872 3990 2014 4045 pras-

351 4059 564 4131 etigiaz,
615 4065 1000 4131 posteaquam
1058 4076 1253 4115 rerum
1312 4060 1577 4116 omnium
1637 4061 1819 4117 Deum
1883 4078 2017 4134 per—

352 4150 635 4205 diuturno
668 4152 928 4222 tempore
960 4150 1307 4217 secuissent,
1340 4149 1677 4222 bellumque
1728 4168 1830 4223 pro
1860 4153 2017 4209 Bono

352 4228 637 4295 adversus
665 4243 993 4295 Creatorem
1026 4239 1375 4311 gessissent,
1399 4244 1632 4295 suomet
1660 4242 1919 4308 tandem,
1953 4247 2020 4297 ut

354 4344 591 4398 aequum
613 4333 759 4398 erat,
789 4327 1079 4400 prolundo
1101 4329 1413 4399 absorpta,
1438 4345 1504 4383 ac
1535 4328 1770 4384 silentio
1794 4331 2017 4385 traditae

355 4415 618 4471 fuerunt.
652 4416 799 4471 Nam
854 4416 1114 4471 Montani
1165 4432 1401 4487 quoque
1442 4416 1635 4472 malus
1666 4418 1933 4491 spiritus,
1966 4426 2022 4474 et

356 4504 549 4560 Manis
581 4505 857 4577 tenebrae,
886 4508 943 4560 et
973 4503 1179 4561 Novati
1211 4505 1535 4574 temeritas,
1560 4512 1662 4563 aut
1692 4508 1940 4581 puritas,
1967 4515 2024 4565 et

356 4592 594 4651 Sabellii
628 4594 784 4651 mala
825 4594 1177 4651 monarchias
1209 4594 1477 4661 assertio,
1513 4602 1832 4663 cesserant,
1865 4615 2020 4654 sese-

356 4700 474 4758 que
523 4685 944 4754 subduxerant,
989 4684 1174 4741 altera
1222 4685 1501 4742 nimirum
1554 4686 1613 4742 in
1663 4688 2019 4745 contrariam

423 4803 468 4839 “
500 4802 653 4860 Psal.
685 4819 841 4871 cvm,
874 4803 964 4859 46.

456 4928 520 4983 18

428 4930 520 5068 (18

456 5000 521 5055 19

585 5139 921 5227 ,φειᾷόμεθοι
973 5145 1069 5200 Or.
1124 5145 1175 5216 1,
1226 5147 1281 5199 et
1329 5144 1611 5214 Combef.,
1680 5143 2012 5222 φειδώμεθα.

370 5212 457 5269 Ita
486 5213 627 5284 legit
656 5212 884 5270 Billius.

454 5286 542 5357 21)
574 5286 707 5340 Ἵνα.
741 5286 915 5357 Deest
945 5288 1001 5343 in
1040 5288 1179 5357 Reg.
1214 5288 1335 5342 bm.

573 5356 915 5432 Ἰξρεψόαεθα.
951 5356 1239 5428 Combef.,
1266 5358 1609 5432 τρεψώμενα.

428 5375 543 5495 (εξ)
573 5375 915 5483 (pascuum.
951 5375 1239 5442 uomuer.,
1266 5375 1609 5484 τρερωμενα.
1682 5433 1695 5451 ο

428 5432 537 5568 (ἐξ)

478 5500 537 5567 14)
570 5500 701 5573 Ἐπὶ,
721 5497 997 5573 πλεῖστον.
1033 5504 1170 5573 Reg.
1206 5520 1257 5557 a.
1293 5502 1381 5555 καὶ
1406 5500 1491 5555 ἐπὶ
1526 5497 1802 5558 πλεῖστον.

573 4926 841 5003 Βασιλεῖς.
876 4930 1064 5003 Pa_se.,
1101 4926 1380 5003 βασιλέας.

567 5000 665 5053 Τὸν
712 4998 1004 5075 λογισμόν.
1037 4998 1209 5057 Cdisl.
1254 5003 1305 5072 1,
1347 5006 1405 5057 et
1450 5002 1549 5058 0r.
1602 5004 1653 5070 1,
1703 5007 1810 5057 τῶν
1859 5002 2013 5078 λογι-

526 4930 542 5069 l

527 5285 543 5495 ἒ

400 5572 723 5652 ,(25)-Βο›θ-ᾦ
754 5572 841 5652 καὶ
884 5577 953 5646 τῇ
1001 5572 1209 5652 σιγῇζχι
1243 5575 1552 5652 Profunda
1582 5594 1649 5631 ac
1702 5577 2005 5652 silentio.»

354 5639 449 5698 Sic
475 5644 632 5699 enim
666 5639 870 5701 Latine
899 5639 1111 5702 sonant
1156 5647 1240 5702 hae
1284 5663 1470 5701 voces.
1501 5648 1698 5703 Plures
1730 5650 2006 5715 haeretici,

357 5728 422 5789 ac
453 5718 738 5787 praecipue
772 5717 1140 5781 Valentinus,
1165 5742 1191 5768 ‹‹
1227 5717 1409 5788 Bytbo
1432 5742 1457 5767 ››
1489 5726 1545 5774 et
1571 5744 1591 5768 ιι
1620 5721 1767 5789 Sigea
1797 5746 1815 5768 ι
1856 5722 2009 5777 inter

358 5784 568 5842 Aionas
599 5784 758 5857 suos,
792 5791 1011 5862 primas
1042 5784 1395 5846 tribuebant.
1424 5789 1583 5846 Unde
1612 5784 2006 5850 Tertullianus

2129 3725 2283 3771 σεων,
2338 3703 2498 3773 ἡνίκα
2548 3703 2798 3777 Σίμωνες
2854 3705 2971 3777 μὲν,
3020 3702 3108 3758 καὶ
3166 3703 3505 3777 Μαρκίωνες,
3551 3701 3786 3759 Οὖαλενυ

2128 3794 2263 3848 τῖνοί
2292 3795 2350 3848 τὲ
2391 3815 2557 3860 τινες,
2589 3792 2676 3847 καί
2726 3790 3063 3863 Βασιλεῖδαι,
3096 3792 3186 3847 καὶ
3238 3790 3534 3868 Κέρδωνες,
3582 3794 3789 3865 Κήριν-

2127 3882 2208 3936 θοί
2255 3903 2313 3936 τε
2358 3882 2446 3936 καὶ
2499 3885 2928 3958 Καρποκρατεις,
2980 3884 3068 3936 καὶ
3120 3888 3265 3936 πᾶσα
3313 3884 3347 3951 ἡ
3376 3883 3500 3957 περὶ
3552 3881 3788 3943 ἐκείνους

2128 3970 2366 4048 φλυαρία
2392 3992 2451 4027 τε
2500 3974 2591 4025 καὶ
2643 3971 2907 4045 τερατεία,
2960 3970 3048 4025 ἐπὶ
3098 3969 3354 4026 πλεῖστον
3388 3973 3503 4045 (24)
3532 3971 3623 4026 τὸν
3676 3974 3783 4025 τῶν

2128 4059 2274 4115 ὅλων
2307 4061 2435 4115 Θεὸν
2468 4059 2746 4133 τεμόντες,
2798 4060 2888 4115 καὶ
2940 4061 3072 4136 ὑπὲρ
3118 4065 3216 4114 τοῦ
3263 4061 3497 4135 Ἀγαθοῦ
3544 4064 3624 4131 τῷ
3679 4067 3788 4129 Λη-

2132 4153 2381 4224 μιουργῷ
2453 4146 2865 4223 πολεμήσαντες
2901 4196 2914 4221 ,
2989 4148 3174 4204 ἔπειτα
3250 4148 3625 4219 κατεπόθησαν
3704 4154 3785 4221 τῷ

2130 4240 2329 4294 ἑαυτῶν
2384 4240 2533 4313 βυθῐρ
2578 4239 2666 4293 καὶ
2717 4242 2785 4311 τῇ
2818 4242 2947 4313 σιγῇ
2976 4240 3089 4313 (25)
3142 4236 3552 4314 παραδοθέντες,
3604 4237 3785 4315 ὥσπερ

2129 4331 2193 4396 ἦν
2245 4328 2411 4398 ἄξιον.
2462 4332 2741 4383 Μοντανοῦ
2792 4325 2850 4383 δὶ
2891 4329 2955 4383 τὸ
3006 4330 3248 4404 πονηρὸν
3301 4332 3536 4402 πνεῦμα,
3585 4329 3677 4383 καὶ
3723 4329 3787 4384 τὸ

2131 4421 2315 4470 Μανοῦ
2348 4416 2561 4487 σκότος,
2608 4416 2699 4471 καὶ
2746 4419 2781 4487 ἡ
2835 4419 3079 4473 Ναυάτου
3132 4417 3422 4495 θρασύτης,
3473 4418 3508 4487 ἢ
3555 4418 3786 4495 καθαρό-

2129 4528 2252 4577 της,
2288 4501 2597 4563 Σαϐελλίου
2628 4529 2686 4562 τε
2717 4509 2751 4578 ἡ
2801 4508 2942 4577 κακὴ
2989 4507 3291 4584 συνηγορία
3337 4510 3436 4577 τῆς
3486 4508 3787 4584 μοναρχίας

2132 4597 2255 4667 εἶξε,
2286 4618 2376 4651 και
2409 4597 2789 4673 ὑπεχώρησεν,
2822 4601 2856 4668 ἡ
2904 4599 2999 4671 μὶν
3051 4598 3127 4660 εἷς
3178 4596 3617 4672 ἀντίπαλον
3670 4603 3791 4671 μοῖ-

2133 4708 2225 4762 ραν
2288 4687 2680 4761 ἀποκριθεῖσα,
2741 4689 2776 4756 ἡ
2838 4685 2896 4743 δὲ
2952 4687 3041 4743 καὶ
3100 4688 3276 4757 πάντη
3335 4688 3790 4765 περιφρονηθεῖσα

2049 4940 2095 5005 D
2126 4932 2755 5017 Yalentiuistuporem
2798 4938 2986 5017 notat,
3017 4934 3173 5017 quod
3220 4932 3347 5006 Byti
3377 4954 3405 5017 ρ
3442 4950 3654 5017 nomen
3685 4933 3785 5017 de-

2129 5006 2312 5061 disset
2356 5004 2467 5077 illi,
2502 5022 2675 5077 quem
2722 5006 2779 5061 in
2835 5004 3071 5061 sublimi
3121 5004 3498 5062 loco‘sedere
3545 5005 3784 5077 diceret.

2128 5076 2440 5149 Gregorius
2472 5076 2675 5144 etiam,
2709 5079 2781 5134 ad
2830 5078 3066 5135 illorum
3100 5078 3341 5133 nomina
3386 5077 3589 5133 festive
3636 5076 3786 5133 allu-

2126 5149 2295 5222 dens,
2329 5149 2429 5217 ait,
2465 5149 2588 5222 haec
2618 5166 2880 5206 errorum
2928 5154 3193 5207 monstra
3223 5173 3251 5203 ‹‹
3286 5149 3577 5222 profundo
3608 5152 3665 5204 et
3697 5149 3783 5205 si-

2125 5220 2303 5275 lentio
2333 5241 2359 5269 ››
2394 5221 2609 5277 tradita
2648 5223 2849 5278 fuisse.

2196 5293 2309 5364 (26)
2340 5290 2434 5365 Είς
2495 5292 2813 5365 ἀντίπαλον,
2868 5298 2957 5365 etc
3039 5291 3234 5365 Schol.
3279 5308 3293 5347 :
3343 5291 3451 5357 Τὴν
3508 5285 3776 5365 ξοὸατου,

2124 5360 2320 5438 οἴμαι,
2364 5360 2511 5438 λέγει
2573 5360 2809 5438 αἵρεσιν,
2857 5362 3051 5438 ὥσπερ,
3087 5362 3177 5417 καὶ
3226 5365 3260 5431 ἠ
3317 5367 3479 5438 πεῖρα
3525 5360 3629 5438 ’έως
3686 5366 3784 5438 τοῦ

2120 5418 2212 5487 νῦν
2243 5418 2498 5489 δέίκνυάι·
2540 5460 2559 5485 ι
2584 5418 2801 5494 Novati
2849 5418 3140 5503 bmresim,
3176 5418 3260 5489 ut.
3288 5418 3516 5507 opinor,
3551 5418 3783 5505 signifi-

2121 5512 2233 5567 cat.
2258 5510 2755 5579 quemadmodum
2784 5510 2898 5565 huc
2920 5525 3109 5580 usque
3130 5509 3488 5580 experientia
3518 5508 3777 5572 probat.»

2122 5581 2267 5645 Quid
2304 5580 2616 5651 Gregorius
2647 5588 2702 5637 et
2748 5582 3102 5637 Scholiastes
3142 5580 3341 5648 velint,
3389 5580 3614 5651 liquido
3664 5595 3779 5634 non

2121 5656 2296 5721 patet.
2322 5650 2472 5707 Num
2500 5653 2853 5723 intelligunt,
2879 5652 3235 5709 contrariam
3266 5651 3324 5706 in
3350 5650 3597 5721 partem,
3621 5667 3685 5705 ac
3717 5650 3777 5706 in

2118 5723 2413 5798 mitiorem
2430 5724 2819 5798 disciplinam
2855 5729 3145 5782 mutatam
3175 5723 3357 5780 fuisse
3384 5724 3588 5798 Novati
3615 5738 3775 5778 seve-

2117 5794 2391 5852 ritatem?
2421 5794 2777 5868 Super—erant
2805 5798 2962 5854 enim
3001 5803 3143 5854 tunc
3171 5796 3456 5870 temporis
3486 5798 3776 5853 Constan-
