4110 6430
382 453 543 514 1109

1172 450 1464 512 ORATIO
1508 449 1695 511 XXV.
1728 480 1807 495 —
1833 447 1912 510 IN
1955 448 2277 512 LAUDEM
2325 449 2673 513 HERONIS
2719 451 3026 515 PHILOS.

3651 450 3812 515 I210

379 584 469 640 καὶ
526 580 925 660 παραρῥιφεῖσα
984 579 1073 636 διὰ
1126 581 1190 635 τὸ
1247 580 1497 642 ἀσθενὲς·
1560 578 1700 635 ἄλλο
1759 577 1817 634 δὲ
1874 577 2023 634 οὐδὲν

2146 586 2368 654 partem
2404 586 2646 651 secreta,
2682 584 2866 640 altera
2896 601 3140 657 prorsus
3170 583 3346 641 etiam
3377 585 3450 642 ob
3483 584 3673 659 ipsius
3704 585 3814 641 im-

381 672 683 748 παρελύπει
710 674 807 740 τὴν
857 670 1200 740 Ἐκκλησίαν.
1250 671 1314 727 Οἱ
1346 670 1449 745 γάρ
1502 667 1739 743 διωγμοὶ
1772 668 1857 723 καὶ
1898 666 2040 742 λαμ-

382 762 650 837 προτέραν
681 761 846 829 αὐτὴν
882 760 1097 816 ἐποίουν
1142 766 1257 821 τοῖς
1305 758 1545 815 πάθεσιν.
1579 757 1655 815 Οὐ
1706 756 1850 813 πολὺ
1889 759 1952 812 τὸ
1987 758 2036 812 ἐν

388 851 557 923 μὲσῳ,
590 852 677 905 καὶ
708 848 931 926 δευτέρα
964 848 1101 919 ζάλη
1151 852 1285 904 κατὰ
1325 856 1425 918 τῆς
1472 846 1797 918 Ἐκκλησίας
1838 846 2039 923 ἐγείρε-

382 962 495 1005 ται,
528 942 554 994 ὁ
584 941 766 1017 τυφὼν
796 943 895 1008 τῆς
938 938 1169 1003 ἀδικίας,
1218 940 1280 993 τὸ
1311 938 1598 1012 πλήρωμα
1641 940 1740 1005 τῆς
1772 932 2039 1009 ἀσεϐείας,

385 1030 413 1084 ὁ
448 1028 651 1103 λεγεὼν
678 1034 785 1083 τῶν
835 1031 1189 1101 πνευμάτων,
1239 1030 1273 1096 ἡ
1325 1027 1672 1102 ἀντίχριστος
1720 1025 1962 1100 γλῶσσα,
2012 1028 2039 1081 ὁ

382 1116 595 1173 ἀδικίαν
648 1118 722 1179 εἷς
772 1120 833 1173 τὸ
866 1118 1001 1190 ὕψος
1054 1116 1302 1187 λαλήσας
1354 1121 1497 1184 νοῦς,
1542 1118 1576 1183 ὴ
1626 1117 1907 1188 κατατομή
1939 1122 2040 1184 τῆς

382 1207 661 1277 θεότητος·
699 1204 761 1261 οὗ
808 1204 955 1275 δεινὴ
1011 1207 1104 1279 μὲν
1136 1209 1171 1274 ἡ
1206 1205 1542 1280 ἐγχείρησις,
1595 1202 1870 1279 δεινοτέρα
1919 1202 1976 1259 δὶ
2004 1208 2038 1275 ἠ

378 1296 633 1367 τελευτὴ,
694 1298 784 1350 καὶ
843 1303 944 1364 τῆς
999 1299 1113 1367 (27)
1176 1292 1353 1349 Ἰούδα
1409 1291 1704 1366 προδοσίας
1761 1293 1917 1364 ἀξία,
1976 1296 2037 1363 ἣν

380 1386 581 1448 ἐκεῖνος
613 1387 747 1441 κατά
776 1390 872 1441 τοῦ
908 1392 1167 1460 Σωτῆρος
1213 1387 1372 1457 ἡμῶν
1425 1382 1747 1457 ἐτόλμησεν,
1799 1389 2039 1457 Ἄρειος,

380 1477 410 1530 ὁ
441 1474 625 1537 καλῶς
664 1475 798 1549 μετὰ
827 1482 925 1545 τῆς
981 1474 1172 1547 μανίας
1223 1473 1659 1546 ὀνομαζόμενος.
1714 1473 1885 1534 Οὗτος
1934 1473 2038 1527 άπὸ

376 1572 477 1634 τῆς
514 1562 909 1636 Ἀλεξανδρέων
940 1564 1239 1641 ἀρξάμενος
1289 1562 1526 1631 πόλεως,
1558 1563 1713 1617 κάκεῖ
1756 1563 1818 1617 τὸ
1866 1558 2035 1617 δεινὸν

379 1654 754 1727 ἐκμελετήσας
813 1656 948 1726 (28),
1001 1651 1203 1722 ἔπειτα,
1267 1652 1446 1728 ὥσπερ
1506 1673 1587 1715 τις
1643 1651 1807 1727 ἀγρία
1862 1650 2035 1729 φλὸξ,

381 1745 487 1799 ἀπὸ
522 1749 721 1817 μικροῦ
768 1749 866 1798 τοῦ
911 1745 1205 1818 σπινθῆρος
1255 1742 1318 1797 τὸ
1366 1741 1511 1796 πολὺ
1560 1744 1659 1810 τῆς
1711 1742 2038 1815 οἰκουμένης

380 1830 719 1908 ἐπιδραμὼν,
757 1833 859 1887 ὑπὸ
888 1838 996 1887 τῶν
1047 1831 1300 1908 Ιιατὲρων
1354 1834 1514 1904 ἡμῶν
1564 1830 1913 1899 καταλύεται,
1945 1831 2037 1886 καὶ

377 1912 478 1977 τοῦ
535 1917 786 1984 εὐσεϐοῦς
839 1923 1076 1997 ἀριθμοῦ
1140 1926 1237 1975 τοῦ
1292 1921 1417 1975 τότε
1472 1916 1876 1983 καταλαϐόντος
1936 1923 2033 1989 τήν

379 2011 627 2079 Νίκαιαν,
667 2012 756 2066 καὶ
803 2008 930 2065 εἷ’σω
976 2015 1362 2087 περιγραπτῶν
1415 2010 1556 2085 ὅρων
1605 2031 1665 2064 τε
1709 2009 1799 2065 καὶ
1854 2010 2032 2086 ῥημά-

375 2120 485 2156 των
518 2102 617 2170 τήν
648 2100 934 2175 θεολογίαν
968 2104 1282 2170 στήσαντος.

2150 672 2527 727 becillitatem
2561 677 2896 747 contempta
2949 679 3123 746 atque
3183 676 3456 747 projecta.
3504 679 3620 731 Nec
3675 690 3809 729 vero

2149 762 2473 835 quidquam
2497 761 2657 818 aliud
2677 763 2947 820 Ecclesiae
2970 764 3301 821 molestiam
3320 764 3645 821 exhibebat.
3661 766 3806 821 Nam

2150 852 2582 923 persecutiones
2615 851 2999 908 illustriorem
3034 870 3264 925 quoque
3312 854 3504 926 ipsam
3544 854 3809 926 splendi-

2149 938 2491 1010 dioremque
2538 956 2640 1011 per
2690 940 2982 1011 supplicia
3020 942 3364 997 reddebant.
3398 942 3525 998 Non
3557 944 3808 998 multum

2150 1035 2346 1083 autem
2378 1031 2659 1100 temporis
2690 1030 3040 1100 intercessit,
3072 1047 3208 1085 cum
3260 1031 3444 1087 altera
3492 1037 3809 1103 tempestas

2150 1118 2432 1173 adversus
2464 1118 2779 1174 Ecclesiam
2812 1119 3121 1186 excitatur,
3144 1120 3201 1175 id
3234 1125 3342 1186 est,
3378 1119 3477 1176 ille
3509 1122 3810 1191 injustitia

2150 1206 2342 1273 turbo,
2383 1206 2529 1262 illud
2578 1207 2898 1278 impietatis
2949 1208 3467 1280 complementum,
3502 1209 3606 1264 illa
3636 1209 3811 1281 spiri-

2148 1298 2317 1350 tuum
2352 1294 2501 1366 legio
2531 1297 2597 1363 ‘7,
2652 1296 2754 1352 illa
2799 1297 3015 1354 Christi
3072 1298 3406 1353 adversaria
3454 1298 3676 1370 lingua,
3710 1299 3812 1354 illa

2149 1384 2519 1456 iniquitatem
2550 1385 2606 1439 in
2632 1385 2924 1442 excelsum
2960 1386 3154 1443 locuta
3185 1403 3351 1442 mens
3377 1388 3441 1456 ‘3,
3466 1386 3563 1443 ille
3594 1387 3806 1443 divini-

2150 1475 2287 1531 tatis
2318 1478 2526 1546 sector,
2559 1476 2729 1546 cujus
2760 1477 2955 1549 gravis
2986 1476 3222 1549 quidem
3255 1480 3312 1532 et
3340 1476 3672 1534 horrendus
3704 1495 3803 1534 co-

2148 1567 2343 1632 natus,
2374 1564 2604 1637 gravior
2633 1569 2828 1621 autem
2882 1566 3191 1638 magisque
3221 1567 3512 1622 horrenda
3541 1583 3720 1634 mors,
3752 1572 3809 1623 et

2145 1654 2311 1711 Judae
2344 1654 2671 1725 proditione
2701 1654 2899 1728 digna,
2936 1672 3112 1727 quam
3147 1654 3244 1711 ille
3284 1656 3564 1713 adversus
3596 1660 3806 1712 nostra

2147 1742 2358 1799 salutis
2387 1748 2687 1799 auctorem
2719 1745 2913 1801 moliri
2944 1762 3010 1800 ac
3057 1750 3393 1818 perpetrare
3423 1762 3538 1801 non
3572 1746 3802 1802 dubita-

2143 1834 2248 1900 vit,
2270 1834 2465 1899 Arius,
2490 1834 2755 1905 inquam,
2783 1851 2817 1888 a
2838 1834 3032 1890 furore
3053 1834 3294 1906 pulchre
3315 1852 3528 1892 nomen
3561 1836 3805 1892 habens.

2148 1923 2251 1978 Hic
2282 1939 2414 1977 cum
2456 1924 2528 1978 ab
2561 1922 2950 1979 Alexandrina
2979 1924 3218 1980 civitate
3252 1924 3487 1979 initium
3522 1925 3809 1993 duxisset,

2143 2010 2374 2083 illicque
2423 2014 2760 2081 pestiferum
2810 2014 3025 2084 dogma
3080 2013 3138 2067 in
3206 2029 3267 2068 se
3325 2014 3705 2084 concepisset,
3745 2030 3812 2069 ac

2144 2100 2373 2171 deinde,
2404 2101 2656 2155 immitis
2680 2101 2988 2169 cujusdam
3010 2104 3069 2156 et
3088 2100 3305 2171 rapidis
3328 2101 3578 2156 ﬂammai
3599 2101 3806 2169 instar,

376 2193 451 2248 ab
483 2193 692 2265 exigua
724 2192 982 2248 scintilla
1014 2209 1291 2264 magnam
1324 2190 1482 2248 orbis
1512 2196 1799 2247 terrarum
1833 2195 2058 2264 partem
2092 2189 2498 2261 percurrisset,
2528 2190 2765 2244 tandem
2810 2207 2845 2245 a
2892 2189 3163 2245 Patribus
3193 2190 3428 2261 nostris,
3462 2190 3676 2262 pioque
3705 2191 3804 2246 illo

376 2299 646 2349 numero,
682 2283 778 2353 qui
830 2286 954 2337 tum
1002 2282 1254 2336 Nicaeam
1305 2298 1368 2337 se
1414 2280 1682 2348 contulit,
1716 2281 2006 2352 certisque
2036 2279 2253 2335 finibus
2286 2295 2351 2334 ac
2381 2278 2573 2334 verbis
2604 2277 2930 2334 divinitatis
2961 2279 3285 2336 doctrinam
3318 2278 3801 2354 circumscripsit,

373 2388 695 2444 oppressus
723 2377 781 2427 et
810 2371 1105 2426 extinctus
1138 2375 1245 2426 est.
1435 2420 1443 2427 .

443 2466 515 2515 ϐ’.
551 2458 721 2514 Πάλιν
749 2458 959 2533 πονηρὰ
990 2455 1240 2533 βασιλεία
1258 2458 1398 2531 (29),
1418 2456 1509 2511 καὶ
1534 2454 1696 2512 πάλιν
1722 2455 1888 2530 ἀναζῇ
1911 2457 2025 2529 (30)

365 2548 431 2601 τὸ
478 2548 643 2602 κακὸν
678 2594 692 2619 ,
752 2548 842 2601 καὶ
905 2546 1084 2619 ὥσπερ
1140 2547 1208 2601 τά
1262 2545 1478 2601 ὕπουλα
1531 2550 1638 2600 τῶν
1695 2544 2023 2619 τραυμάτων

367 2636 768 2709 ἀναστομοῦται
844 2636 932 2691 καὶ
1010 2635 1406 2711 άναῤῥήγνυται
1449 2679 1462 2691 .
1515 2635 1610 2690 Καὶ
1690 2634 1847 2690 λύκοι
1931 2636 2026 2708 βα-

370 2731 506 2801 ρεῖς,
562 2724 733 2786 ἄλλος
785 2722 1017 2789 ἄλλοθεν
1068 2720 1415 2779 διαλαϐόντες
1456 2726 1627 2797 ἡμᾶς,
1660 2725 1759 2791 τὴν
1794 2723 2023 2792 Ἐκκλη-

368 2814 484 2869 σίαν
540 2815 932 2887 σπαράττουσιν
962 2858 973 2871 .
1030 2817 1214 2891 Ἰερεῖς
1256 2834 1314 2867 τε
1359 2815 1497 2867 κατὰ
1546 2813 1729 2888 ἷερὲων
1784 2810 1973 2882 ἐξοπλι
2001 2844 2024 2853 -

369 2902 604 2970 σθέντες,
658 2904 747 2957 καὶ
808 2902 976 2975 δῆμοι
1039 2900 1243 2975 δήμοις
1296 2901 1664 2975 ἐπιμανὲντες·
1723 2901 1813 2956 καὶ
1872 2903 2024 2976 βασι-

370 2992 499 3054 λεὺς
527 2987 745 3063 ἀσεϐείᾳ
776 2990 959 3054 διδους
1012 2991 1336 3068 παρρησίαν,
1393 2991 1482 3045 καὶ
1532 2990 1667 3045 κατὰ
1711 2997 1811 3060 τῆς
1858 2990 2022 3066 ὀρθῆς

372 3078 535 3151 δόξης
568 3086 876 3154 νομοθετῶν
910 3084 1042 3154 (31)·
1077 3080 1167 3135 καὶ
1217 3081 1267 3135 οἱ
1320 3083 1461 3153 μήτε
1508 3077 1717 3157 ἄνδρες,
1753 3081 1890 3154 μήτε
1927 3101 2025 3155 γυ-

372 3176 573 3238 ναῖκες,
634 3172 761 3245 παρ’
822 3170 969 3242 αὐτῷ
1026 3169 1457 3233 δυναστεύοντες,
1517 3168 1604 3232 Τίς
1667 3170 1723 3224 ἂν
1783 3169 1850 3224 τὰ
1903 3168 2027 3225 τότε

371 3258 511 3314 κακᾶ
546 3260 676 3333 πρὸς
710 3259 855 3331 ἀξίαν
908 3258 1340 3335 ἐκτραγῳδήσειε
1373 3279 1386 3329 ;
1419 3260 1513 3322 τὰς
1554 3260 1745 3337 φυγὰς,
1795 3260 1891 3321 τὰς
1933 3256 2025 3329 δη-

375 3348 615 3420 μεύσεις,
670 3350 767 3411 τὰς
825 3348 1081 3421 ἀτιμίας,
1139 3350 1233 3411 τὰς
1294 3347 1384 3403 ἰπὶ
1438 3356 1537 3419 τῆς
1594 3347 1823 3425 ἐρημίας
1879 3370 2025 3404 συν-

371 3436 533 3507 άξεις,
566 3435 843 3510 μυριάδων
878 3438 1024 3494 ὅλων
1056 3437 1146 3492 καὶ
1178 3438 1393 3494 πόλεων
1422 3439 1717 3513 ὑπαιθρίων
1746 3436 2025 3493 ταλαιπω-

368 3526 651 3597 ρουμένων
676 3572 689 3595 ,
738 3525 827 3581 καὶ
875 3527 1051 3587 ὑετοῖς
1093 3526 1183 3581 καὶ
1234 3533 1476 3601 χειμῶσι
1520 3526 1856 3599 πιεζομένων
1884 3546 1899 3595 ί
1930 3527 2024 3589 τὰς

368 3613 605 3679 ἐντεῦθεν
660 3614 1035 3677 ἐπαναστάσεις
1087 3614 1238 3688 (οὐδὲ
1283 3616 1384 3691 γάρ
1434 3619 1531 3684 τὴν
1584 3614 1812 3691 ἐρημίαν
1868 3616 2018 3690 εἶχον

365 3702 672 3775 ἀκίνδυνον)
704 3722 717 3773 ;
752 3705 816 3759 τὰ
861 3702 936 3760 ἔτι
983 3704 1193 3759 τούτων
1239 3703 1622 3780 χαλεπώτερα,
1680 3703 1806 3766 τοὺς
1859 3705 1972 3759 αἷκι
2000 3738 2023 3748 -

365 3793 559 3865 σμοὺς,
612 3793 739 3856 τοὺς
792 3796 1071 3865 θανάτους,
1125 3796 1220 3857 τὰς
1253 3789 1634 3870 θριαμϐεύσεις
1686 3792 2017 3863 ἐπισκόπων,

366 3881 701 3960 φιλοσόφων,
756 3881 986 3959 ἀνδρῶν,
1037 3888 1329 3959 γυναικῶν,
1378 3884 1536 3951 νέων,
1584 3883 2017 3959 γεγηρακότων;

358 3972 486 4032 τοὺς
513 3972 865 4034 ἐπινοοῦντας
897 3975 963 4027 τὰ
994 3970 1156 4046 δεινά,
1188 3972 1313 4035 τοῦς
1348 3977 1834 4048 προσεπινοοῦντας
1883 3974 2017 4047 (32),

356 4060 486 4123 τοὺς
570 4063 1050 4137 ὑπηρετουμὲνους
1124 4066 1191 4133 τῇ
1257 4057 1494 4133 οάσεὸείᾳ
1568 4060 1825 4124 δυνάστας
1862 4106 1876 4132 ,
1936 4063 2015 4125 οἷς

367 4155 530 4205 τοῦτο
567 4152 731 4225 μόνον
781 4155 899 4223 (33)
948 4150 1223 4214 πολλάκις
1274 4152 1348 4215 εἰς
1399 4149 1749 4224 εὐδοκίμησιν
1800 4148 2016 4226 ἤρκεσε,

358 4239 424 4295 τὸ
476 4241 830 4316 πικροτέρους
880 4248 1108 4319 φανῆναι
1157 4245 1253 4310 τῆς
1296 4246 1392 4296 τοῦ
1436 4246 1760 4317 κρατοῦντος
1811 4242 2017 4318 βουλή-

355 4350 490 4391 σεως
523 4347 538 4399 ;

2209 2456 2300 2515 ΙΧ.
2336 2457 2570 2514 Rursus
2606 2458 2830 2515 malum
2863 2459 3201 2532 imperium,
3231 2461 3287 2515 et
3318 2476 3527 2516 rursus
3577 2458 3802 2516 malum

2134 2547 2453 2613 reviviscit,
2478 2564 2544 2604 ac
2567 2547 2731 2605 velut
2753 2549 3172 2621 subputridum
3196 2548 3467 2620 maleque
3488 2549 3806 2606 obductum

2132 2636 2351 2692 vulnus
2381 2637 2659 2707 aperitur,
2712 2643 2770 2694 et
2822 2639 3080 2710 erumpit
3108 2656 3121 2707 ;
3173 2654 3497 2710 gravesque
3528 2639 3673 2710 lupi,
3707 2638 3806 2693 alii

2135 2724 2374 2780 aliunde
2426 2743 2532 2781 nos
2586 2726 3055 2798 intercipientes,
3089 2727 3406 2784 Ecclesiam
3438 2727 3798 2797 discerpunt.

2133 2818 2457 2869 Armantur
2502 2816 2839 2871 sacerdotes
2891 2816 3177 2872 adversus
3226 2816 3580 2884 sacerdotes,
3630 2815 3796 2888 plebs

2134 2903 2413 2959 adversus
2435 2903 2664 2975 plebem
2686 2905 3007 2960 furibundo
3032 2906 3252 2977 impetu
3287 2906 3509 2969 fertur;
3543 2905 3795 2977 impera-

2132 2996 2227 3047 tor
2254 2992 2380 3063 ipse
2413 2992 2699 3064 impietati
2733 2993 3140 3049 auctoritatem
3174 2994 3409 3066 prebet,
3435 2995 3585 3049 461
3614 2998 3790 3065 atque

2134 3082 2417 3137 adversus
2437 3082 2815 3138 orthodoxam
2839 3083 3163 3140 doctrinam
3200 3084 3359 3155 leges
3389 3083 3679 3152 instituit;
3714 3082 3781 3139 ii-

2135 3186 2249 3243 que
2280 3175 2577 3243 przsterea,
2601 3172 2702 3244 qui
2733 3187 2839 3228 nec
2869 3172 2929 3227 in
2956 3172 3218 3228 virorum
3243 3188 3349 3228 nec
3377 3171 3436 3226 in
3470 3172 3782 3229 mulierum

2138 3277 2384 3318 numero
2414 3261 2692 3316 censendi
2722 3265 2884 3330 sunt,
2918 3278 3168 3334 quorum
3200 3278 3413 3333 magna
3460 3266 3585 3318 erat
3632 3263 3787 3335 apud

2139 3367 2274 3408 eum
2306 3351 2582 3423 potentia.
2616 3352 2756 3415 Quis
2788 3368 2918 3407 vero
2950 3352 3230 3424 temporis
3270 3352 3429 3409 illius
3479 3352 3634 3409 mala
3682 3370 3786 3424 pro

2134 3440 2420 3512 dignitate
2462 3440 2765 3512 deplorare
2796 3441 3021 3512 queat?
3062 3441 3300 3506 Exsilia,
3331 3442 3620 3497 bonorum
3656 3460 3783 3512 pro~

2133 3529 2504 3600 scriptiones,
2538 3531 2877 3601 ignominiae
2908 3534 3097 3599 notas,
3131 3530 3422 3586 infinitam
3473 3531 3783 3588 hominum

2132 3618 2597 3683 multitudinem,
2630 3622 2808 3689 atque
2859 3619 3001 3674 adeo
3051 3620 3311 3690 integras
3342 3620 3627 3687 civitates,
3658 3637 3783 3691 qum

2130 3706 2192 3762 in
2241 3707 2490 3762 desertis
2539 3707 2679 3762 locis
2727 3713 3044 3765 conventus
3094 3708 3408 3775 habebant,
3441 3713 3500 3765 et
3545 3710 3656 3764 sub
3687 3709 3782 3765 dio

2130 3796 2410 3851 erumnis
2440 3797 2879 3867 premebantur,
2911 3813 2977 3852 ac
3025 3797 3243 3870 pluviis
3291 3802 3350 3853 et
3395 3799 3608 3870 frigere
3648 3814 3783 3854 con-

2131 3885 2525 3952 ﬂictabantur,
2560 3889 2735 3956 atque
2767 3890 2941 3942 etiam
2971 3886 3131 3942 illinc
3156 3888 3360 3960 pedem
3388 3889 3590 3943 efferre
3616 3904 3785 3960 coge-

2127 3974 2391 4031 bantur?
2438 3976 2584 4031 Nam
2635 3991 2707 4031 ne
2754 3976 3010 4032 solitudo
3043 3976 3279 4049 quidem
3313 3994 3411 4033 eos
3460 3996 3492 4033 a
3540 3976 3783 4051 periculi

2128 4067 2288 4121 metu
2318 4064 2672 4122 vindicabat.
2707 4066 2871 4133 Quis,
2906 4070 2970 4122 ut
2999 4067 3269 4139 graviora
3302 4067 3614 4139 proferam,
3646 4083 3778 4123 cru-

2126 4154 2335 4223 ciatus,
2368 4159 2612 4227 mortes,
2638 4158 2798 4211 actos
2830 4156 2901 4211 de
2930 4155 3245 4228 episcopis,
3268 4156 3596 4221 monachis,
3619 4156 3779 4227 viris,

2127 4244 2497 4313 mulieribus,
2523 4243 3015 4311 adolescentibus,
3041 4262 3106 4300 ac
3137 4245 3379 4301 senibus
3403 4245 3783 4317 triumphos?

2125 4332 2273 4389 Nam
2297 4333 2433 4405 quid
2459 4334 2530 4390 de
2561 4334 2899 4405 proceribus
2925 4334 3045 4389 illis
3065 4334 3283 4401 dicam,
3310 4334 3408 4406 qui
3438 4335 3610 4391 modo
3632 4350 3781 4391 nova

354 4424 651 4478 tormenta
682 4421 1110 4493 excogitabant,
1144 4424 1319 4479 modo
1369 4423 1427 4478 in
1479 4440 1566 4493 ea,
1612 4440 1740 4494 quae
1785 4423 2111 4495 excogitata
2146 4423 2397 4495 fuerant,
2429 4424 2763 4480 acerbitatis
2793 4424 3015 4495 aliquid
3047 4424 3365 4495 addebant,
3400 4441 3643 4496 seseque
3670 4424 3779 4480 im-

355 4509 590 4580 pietatis
638 4511 1024 4567 administros
1074 4512 1432 4583 praebebant,
1485 4513 1701 4580 quibus
1750 4512 1860 4567 hoc
1912 4528 2095 4567 unum
2143 4510 2494 4584 plerumque
2544 4514 2616 4568 ad
2674 4513 2918 4585 gloriam
2973 4514 3351 4584 nominisque
3408 4514 3777 4586 splendorem

354 4599 590 4655 abunde
622 4601 752 4671 fuit,
785 4602 942 4673 quod
973 4601 1344 4672 imperatoris
1375 4601 1732 4657 voluntatem
1766 4619 1876 4657 sua
1907 4600 2253 4658 crudelitate
2282 4606 2707 4674 superassent?

426 4688 482 4743 1'.
518 4690 679 4764 ’Ἄρτι
715 4688 808 4762 μὲν
858 4689 886 4744 ὁ
919 4686 1172 4765 λαμπρὸς
1224 4687 1469 4765 διωγμὸς
1525 4688 1643 4765 εἶχε
1688 4690 1874 4766 πέρας,
1924 4690 2015 4744 καὶ

420 4851 466 4886 ⁴⁷
494 4855 628 4907 Luc.
660 4866 783 4921 VIII,
818 4850 907 4907 30.
985 4850 1028 4886 “
1060 4850 1210 4909 Psal.
1244 4868 1415 4923 LXXII,
1445 4852 1500 4907 8.

346 5018 594 5094 tinopoli
649 5018 855 5094 Novati
902 5020 1121 5077 erroris
1164 5020 1466 5093 reliquim;
1524 5023 1625 5077 sed
1666 5022 1807 5094 quis
1836 5020 2011 5077 Verbi

352 5092 1029 5167 consubstantialitatem
1080 5092 1497 5165 agnoscebant,
1546 5092 1776 5163 mitius,
1833 5111 2009 5167 quam

352 5164 449 5221 alii
485 5163 765 5232 haeretici,
799 5164 980 5219 habiti
1028 5163 1187 5220 sunt.

425 5236 536 5308 (27)
565 5236 691 5302 Τῆς.
724 5236 815 5308 S_ic
846 5236 940 5291 ΟΡ.
978 5238 1024 5290 1.
1063 5239 1123 5291 In
1159 5237 1275 5304 ed.,
1309 5240 1429 5289 τοῦ.

427 5303 538 5379 (28)
571 5303 991 5377 Ἐκμελετήσας.
1045 5329 1073 5357 ‹‹
1110 5303 1421 5364 Meditatus
1452 5312 1627 5376 esset,
1661 5307 1720 5363 in
1769 5324 1832 5365 se
1872 5325 2008 5365 con-

351 5380 627 5449 cepisset.
661 5399 687 5429 ιι
739 5380 867 5452 _Non
901 5382 973 5436 ab
1006 5381 1118 5435 alio
1146 5380 1382 5451 quidem
1417 5382 1761 5452 pestiferum
1796 5382 2011 5452 dogma

351 5452 637 5507 didicerat
656 5450 859 5518 Arius;
883 5456 1083 5507 auctor
1102 5450 1259 5508 enim
1284 5450 1561 5523 ipse—fuit.
1579 5451 1729 5507 Male
1749 5450 1929 5522 igitur
1949 5453 2008 5508 in

350 5523 531 5596 editis
553 5546 579 5572 ‹‹
598 5523 959 5596 didicisset.»
988 5524 1101 5579 Nec
1119 5530 1310 5579 tamen
1333 5525 1661 5596 culpandus
1678 5530 1766 5580 est
1778 5524 2003 5591 Billius,

352 5612 488 5651 cum
521 5595 578 5648 in
610 5594 799 5665 prima
822 5596 1073 5665 editione
1104 5596 1351 5665 legatur,
1387 5620 1413 5645 ‹‹
1434 5594 1756 5652 meditatus
1778 5600 1950 5653 esset.
1976 5619 2005 5646 ››

426 5666 539 5739 (29)
572 5664 793 5739 Πονηρὰ
846 5664 1127 5739 βασιλείας
1163 5664 1409 5739 36ᾕο1.ἒ
1468 5667 1637 5739 Οἶμαι
1695 5668 1793 5735 τήν
1849 5673 2005 5722 Κων-

350 5734 604 5816 ςταντξου
883 5737 1064 5793 αὐτόν·
1112 5737 1378 5816 ὶπιφὲρειι
1400 5739 1500 5814 γὰρ
1542 5734 1647 5816 ’τήν
1699 5734 1820 5812 ἐξῆ(
1873 5740 2002 5816 Ἰουε-

351 5804 546 5865 λιανοῦ
577 5806 665 5864 καὶ
696 5804 1015 5874 Οὖάλεντος.
1073 5804 1281 5883 Σκοτίῷ
1316 5804 1423 5866 οὖν’
1457 5804 1563 5867 τινι
1606 5804 1664 5867 ἐν
1703 5804 1824 5873 τοῖς
1872 5810 2007 5867 κατὰ

2194 4691 2260 4747 Χ.
2294 4691 2404 4747 Sed
2451 4692 2575 4763 jam
2624 4691 2859 4748 interim
2906 4689 3215 4765 splendida
3242 4692 3570 4765 persecutio
3600 4692 3776 4749 finem

2119 5020 2421 5077 Ἰουλιανοῦ
2454 5022 2659 5078 ἐπαινεῖ
2687 5022 3071 5080 Κωνστάντιον’
3127 5051 3155 5077 ‹‹
3190 5028 3333 5085 Puto
3363 5044 3498 5083 eum
3533 5027 3603 5083 de
3631 5027 3784 5083 Con-

2120 5095 2599 5172 stantiiimperio
2638 5097 2839 5172 loqui;
2892 5115 3028 5155 nam
3078 5098 3138 5154 in
3194 5101 3580 5172 sequentibus
3611 5099 3777 5172 addit

2119 5167 2357 5244 Juliani
2373 5172 2426 5222 et
2448 5167 2734 5244 ’_Valentis
2774 5170 3118 5244 imperium.
3155 5167 3325 5228 Certo
3354 5172 3550 5244 itaque
3581 5171 3774 5227 consi-

2119 5239 2219 5315 lio,
2237 5240 2301 5315 in
2324 5239 2698 5298 Orationibus
2721 5239 3002 5299 adversus
3023 5243 3347 5315 Julianum,
3367 5239 3775 5301 Constantium

2116 5310 2339 5367 laudat.
2376 5335 2398 5363 ι

2190 5384 2303 5455 (30)
2332 5385 2551 5455 Ἀναζῇ.
2585 5389 2723 5442 Tres
2752 5386 2955 5457 Regg.,
2989 5390 3047 5441 et
3075 5387 3170 5443 Or.
3206 5390 3255 5455 1,
3288 5385 3492 5454 ἀναζεῖ.

2195 5457 2305 5525 (31)
2337 5460 2681 5533 Νομοθετῶν.
2733 5459 3110 5533 constantius
3134 5460 3383 5533 impiam
3418 5459 3606 5533 legem
3637 5476 3773 5515 san-

2118 5526 2220 5603 xit,
2256 5544 2372 5599 qua
2402 5529 2524 5584 voci
2558 5529 2861 5601 ὁμοουσίῳ,
2894 5547 3089 5586 vocem
3124 5526 3443 5603 ὁμοίούσιον
3475 5526 3775 5602 “subroga-

2115 5598 2216 5654 vit.

2329 5668 2410 5748 Τᾲ
2458 5666 2626 5745 δεινὰ,
2671 5693 2797 5734 τους
2840 5677 3352 5748 προσεπινοοῦντας.
3387 5679 3515 5729 Haec
3555 5674 3770 5731 desunt

2113 5742 2173 5797 in
2198 5742 2343 5816 Reg.
2378 5744 2497 5816 bm.

2185 5814 2522 5888 (33)'M6vov.
2556 5815 2731 5875 Deest
2759 5816 2825 5874 in
2852 5820 3013 5875 Pass.
