4110 6436
270 427 421 490 1211

1515 437 1581 496 S.
1629 431 2005 496 GREGORII
2051 430 2448 494 THEOLOGI

3538 433 3709 492 1212

258 564 783 637 accepit,recteque
799 567 996 623 Persia
1012 586 1254 625 causam
1274 575 1536 625 nostram
1557 567 1923 639 disceptavit,

2050 563 2235 639 Περσὶς
2268 563 2453 625 καλῶς
2478 566 2613 637 ἡμῖν
2667 562 2879 618 ἐδίκασε
2918 562 3009 617 τὸν
3060 559 3347 638 ἀλιτήριον
3393 543 3703 617 καταλύσα-

260 670 542 724 oppresso
576 655 854 711 nimirum
889 669 947 713 et
978 659 1266 715 exstincto
1296 659 1476 732 impio
1509 658 1608 715 illo
1654 664 1710 713 ct
1758 673 1919 713 exse-

262 743 503 813 crando,
553 761 619 799 ac
671 745 996 801 multorum
1047 749 1402 820 sanguinum
1445 748 1632 821 pcenis
1686 747 1759 803 ab
1811 762 1927 801 uno

266 832 556 904 sanguine
587 837 870 907 repetitis.
906 837 1071 891 Nunc
1103 844 1299 893 autem
1329 838 1519 911 turpis
1549 842 1605 893 et
1654 838 1930 891 indecora

268 924 598 991 persecutio
653 927 927 994 cooritur,
990 942 1140 997 quas,
1199 927 1666 983 Christianorum
1729 930 1926 998 patro-

270 1010 492 1066 cinium
526 1013 597 1068 ad
629 1014 1024 1069 defensionem
1058 1016 1374 1087 impietatis
1419 1034 1535 1073 StltB
1586 1021 1925 1088 praetexens,

264 1116 431 1156 veros
473 1101 836 1158 Christianos
888 1106 1273 1176 aggreditur:
1332 1108 1440 1161 hoc
1490 1105 1691 1176 utique
1741 1105 1927 1159 nomi-

272 1204 342 1243 ne
403 1190 702 1261 superiore
761 1193 1168 1262 persecutione
1226 1194 1523 1263 acerbior,
1584 1194 1740 1264 quod
1801 1199 1926 1247 tum

271 1278 511 1349 quidem
572 1279 817 1336 minime
874 1282 1054 1337 dubia
1110 1288 1168 1339 et
1223 1284 1473 1339 obscura
1529 1288 1652 1339 erat
1710 1286 1927 1354 marty-

272 1383 399 1421 rum
433 1368 772 1439 decertatio,
809 1387 964 1425 nunc
996 1388 1128 1428 vero
1162 1390 1251 1429 res
1282 1389 1348 1428 eo
1381 1373 1573 1443 rediit,
1606 1378 1670 1427 ut
1700 1372 1928 1427 crucia-

273 1460 370 1512 tus
419 1474 655 1529 quoque
702 1459 815 1531 ipsi
866 1459 1041 1515 laude
1089 1467 1343 1531 careant,
1378 1463 1586 1518 saltem
1626 1462 1781 1533 apud
1815 1461 1927 1515 ini-

273 1562 422 1616 quos
479 1546 846 1603 cruciatuum
898 1550 1156 1619 judices.
1225 1551 1417 1607 Vultis
1484 1552 1762 1607 omnibus
1829 1551 1927 1621 qui

270 1636 511 1701 adsunt,
544 1643 720 1707 atque
750 1638 888 1693 huic
920 1641 1097 1695 etiam
1146 1643 1411 1709 fortasse,
1467 1640 1793 1712 quamlibet
1840 1640 1931 1694 in-

270 1724 423 1797 signi
483 1726 665 1780 animi
724 1728 934 1784 robore
993 1746 1059 1784 ac
1118 1730 1426 1786 tolerantia
1484 1731 1749 1803 praedito,
1800 1747 1928 1802 per-

268 1814 824 1887 turbationibusque
846 1817 1028 1873 animi
1062 1818 1416 1887 sublimiori,
1442 1821 1621 1875 unius
1647 1820 1931 1874 duntaxat

270 1920 341 1957 ex
389 1903 503 1970 his,
539 1919 667 1975 quae
718 1910 845 1961 tum
900 1912 1230 1979 perpetrata
1260 1913 1419 1977 sunt,
1456 1910 1807 1978 narratione,
1844 1909 1928 1963 la-

271 2008 504 2064 crymas
534 1997 851 2050 extundam
875 1995 902 2050 ‘I
952 1998 1156 2053 Testes
1207 2002 1402 2053 autem
1433 1997 1610 2067 hujus
1640 1998 1931 2053 sermonis

270 2082 597 2153 permultos
632 2084 838 2139 habeo.
874 2085 1018 2141 Nam
1068 2088 1138 2142 ad
1189 2088 1402 2143 multos
1445 2087 1623 2158 hujus
1656 2087 1929 2159 supplicii

273 2172 553 2244 tragmdia
584 2173 910 2229 dimanavit
941 2193 954 2230 :
1002 2175 1282 2248 illiusque
1316 2177 1491 2233 etiam
1525 2177 1807 2247 temporis
1839 2176 1930 2231 hi-

274 2261 541 2330 storiam,
575 2263 686 2317 nisi
718 2279 811 2318 me
842 2265 1039 2335 opinio
1070 2266 1240 2331 fallit,
1273 2268 1537 2322 omnium
1583 2265 1931 2321 saeculorum

273 2351 589 2422 posteritas
611 2357 922 2425 exceptura
952 2360 1059 2410 est.
1092 2354 1286 2425 Navis,
1312 2356 1715 2429 presbyterum
1749 2373 1932 2411 unum

276 2445 539 2511 portans,
564 2458 820 2514 eumque
840 2460 955 2499 non
984 2444 1219 2500 sceleris
1251 2445 1450 2515 ullius,
1476 2446 1573 2501 sed
1600 2445 1731 2501 ﬁdei
1758 2463 1937 2501 causa

277 2529 728 2602 periclitantem,
764 2533 910 2587 mari
943 2534 1349 2601 committitur,
1385 2551 1500 2591 non
1536 2540 1600 2590 ut
1649 2539 1935 2590 vectorem

280 2624 491 2685 servet,
525 2620 625 2675 sed
658 2625 722 2675 ut
753 2622 975 2691 perdat.
1002 2626 1184 2695 Atque
1211 2625 1263 2679 is
1284 2624 1521 2697 quidem
1555 2624 1654 2695 qui
1686 2624 1937 2679 veheba-

278 2711 397 2775 tur,
434 2713 639 2780 utpote
666 2711 756 2765 vir
785 2711 999 2782 pietate
1029 2718 1333 2785 praestans,
1360 2714 1557 2769 animo
1586 2726 1712 2769 erat
1739 2729 1937 2784 prom-

282 2803 383 2868 pto
415 2802 472 2854 et
502 2798 701 2853 alacri.
733 2804 938 2856 Comes
972 2806 1168 2858 autem
1210 2802 1293 2857 illi
1345 2803 1498 2871 ignis
1546 2802 1889 2875 adjungitur
1922 2819 1935 2856 :

280 2902 348 2941 ac
382 2887 635 2943 novitate
664 2906 845 2960 paenae
877 2892 1030 2948 462
1063 2893 1346 2963 majorem
1391 2892 1450 2947 in
1503 2893 1745 2947 modum
1780 2891 1937 2946 laeta-

281 2980 382 3031 tur
447 2983 805 3048 persecutor.
866 2980 1016 3036 Proh
1077 2982 1442 3052 spetaculum
1504 2981 1722 3053 gravet
1787 2980 1934 3037 Proh

282 3080 521 3135 gravem
552 3068 891 3138 tragcediam
920 3068 933 3123 l
974 3070 1150 3125 Navis
1180 3071 1327 3125 mari
1376 3071 1563 3126 fertur
1597 3088 1609 3125 :
1660 3075 1933 3141 spectan-

279 3153 431 3207 tium
466 3154 783 3211 multitudo
814 3158 886 3212 ad
927 3157 1093 3213 littus
1140 3161 1497 3227 effunditur;
1548 3160 1649 3215 alii
1698 3160 1936 3231 quidem

281 3242 575 3311 laetantur,
627 3243 725 3299 alii
772 3252 969 3301 autem
1018 3247 1238 3319 lugent.
1272 3250 1533 3313 Quonam
1587 3254 1754 3321 pacto
1813 3265 1933 3304 rem

1960 1952 2009 2016 Β

2037 675 2124 723 σα,
2187 654 2277 709 καὶ
2335 651 2562 709 πολλῶν
2625 654 2870 727 αἱμάτων
2932 650 3328 729 εἶσπραξαμὲνη
3406 649 3564 720 δίκην
3626 648 3701 707 δι’

2038 744 2154 805 ἑνὸς
2184 743 2435 816 αἳματος·
2471 741 2592 819 ἄρτι
2624 739 2681 798 δε
2712 742 2739 797 6
2770 740 3020 818 ἀπρεπὴς
3053 738 3303 817 ἄρχεται,
3333 739 3424 797 καὶ
3454 739 3519 796 τὸ
3549 741 3695 815 ἀμύ-

2037 854 2145 886 νειν
2181 826 2519 908 Χριπιανοῖς
2571 832 2879 908 πρόσχημα
2926 826 3069 908 ἔχων
3118 837 3219 900 τῆς
3268 826 3535 893 ἀσεϐείας.
3577 835 3692 893 τοῖς

2040 921 2259 991 άληθῶς
2305 928 2646 997 Χριπιανοῖς
2696 920 2999 999 ἐπιφύεται·
3049 920 3139 975 καὶ
3183 924 3440 975 τοσοῦτον
3488 919 3692 975 ἐκείνου

2038 1009 2427 1087 χαλεπώτερος
2476 1011 2704 1086 γίνεται,
2754 1010 2866 1083 ὅσῳ
2913 1010 3037 1065 τότε
3085 1009 3180 1083 μὲν
3209 1012 3243 1078 ἡ
3276 1005 3507 1079 ἄθλησις
3535 1030 3689 1085 περι-

2039 1099 2331 1175 φανεστὲρα
2387 1100 2477 1154 καὶ
2535 1098 2918 1174 λαμπροτέρα,
2978 1103 3067 1153 νῦν
3124 1096 3182 1153 δὶ
3235 1098 3324 1152 καὶ
3381 1099 3445 1153 τὸ
3503 1101 3689 1153 παθεῖν

2038 1187 2391 1266 ἀφιλότιμον,
2420 1189 2567 1263 παρά
2598 1210 2662 1263 γε
2684 1194 2800 1250 τοῖς
2832 1188 2894 1243 οὐ
2946 1185 3177 1249 δικαίοις
3223 1192 3329 1242 τῶν
3360 1192 3548 1251 παθῶν
3592 1186 3687 1242 λο-

2038 1284 2264 1353 γισταῖς.
2326 1276 2597 1333 Βούλεσθε
2656 1276 2860 1351 δάκρυα
2914 1283 2995 1349 τῷ
3036 1277 3243 1353 θεάτρῳ
3291 1279 3500 1347 κινήσω
3553 1280 3689 1351 (34),

2038 1368 2126 1421 καὶ
2177 1366 2324 1439 αὐτῷ
2375 1388 2439 1442 γε
2490 1366 2617 1428 ἴσως
2665 1370 2745 1438 τῷ
2794 1365 3268 1443 καρτερικωτάτῳ,
3317 1366 3407 1421 καὶ
3450 1371 3558 1421 τῶν
3588 1386 3691 1420 πα-

2040 1460 2146 1511 θῶν
2175 1455 2467 1532 κρείσσονι,
2502 1455 2614 1518 ἐνὸς
2646 1460 2751 1510 τῶν
2791 1455 2915 1511 τότε
2961 1457 3262 1532 γενομένων
3294 1455 3641 1529 ἐπιμνησθείς
3674 1473 3689 1523 ;

2039 1547 2316 1622 Μάρτυρες
2348 1543 2404 1601 δὲ
2432 1543 2636 1601 πολλοὶ
2683 1550 2781 1601 τοῦ
2826 1544 3022 1621 λόγου·
3068 1545 3158 1600 καὶ
3351 1546 3454 1621 γὰρ
3493 1546 3580 1600 καὶ
3614 1544 3693 1607 είς

2038 1634 2287 1698 πολλοὺς
2318 1634 2481 1704 ήλθεν
2510 1637 2545 1705 ἡ
2578 1633 2859 1711 τραγῳδία
2904 1640 3000 1690 τοῦ
3047 1637 3271 1699 πάθους·
3308 1637 3463 1709 οἶμαι
3515 1631 3572 1689 δὲ
3600 1633 3693 1689 καὶ

2040 1729 2068 1781 6
2103 1723 2325 1799 μέλλων
2362 1724 2706 1798 ὑπολήψεται
2737 1724 2939 1801 χρόνος
2967 1728 3065 1780 τοῦ
3096 1722 3292 1799 καιροῦ
3321 1725 3384 1779 τὸ
3415 1721 3691 1797 διήγημα.

2040 1820 2180 1877 Ναῦς
2213 1814 2411 1892 φόρτον
2442 1811 2645 1889 ἔχουσα
2690 1819 2798 1869 τῶν
2844 1809 3221 1889 πρεσϐυτέρων
3267 1810 3362 1869 ἕνα
3547 1858 3561 1884 ,
3603 1811 3692 1867 καί

2036 1910 2227 1960 τοῦτον
2280 1901 2407 1959 οὐδέ
2457 1904 2588 1980 ὑπὲρ
2635 1909 2804 1959 κακοῦ
2846 1925 2994 1966 τινος
3029 1948 3042 1972 ,
3097 1901 3224 1958 ἀλλ’
3276 1903 3408 1978 ὑπὲρ
3458 1901 3691 1963 πίστεως

2040 1993 2439 2066 κινδυνεύοντα,
2489 1993 2625 2048 κατὰ
2671 1990 2949 2068 πελάγους
2997 1992 3212 2069 ἀφίεται
3259 1993 3397 2067 (37),
3449 1991 3557 2065 οὐχ
3602 1988 3695 2043 ’ίνα

2042 2084 2189 2157 σώσῃ
2236 2084 2327 2137 τὸν
2376 2078 2653 2151 ἐπιϐάτην,
2699 2081 2831 2137 ἀλλ’
2871 2080 2963 2136 τίνα
2990 2081 3258 2148 ἀπολὲση.
3292 2080 3391 2135 Καὶ
3424 2081 3452 2135 6
3495 2080 3692 2157 φόρτος

2042 2173 2349 2249 πρόθυμος·
2394 2167 2619 2240 εὐσεϐὴς
2670 2172 2790 2248 γάρ.
2839 2172 2935 2225 Καὶ
2983 2176 3092 2247 πῦρ
3138 2175 3218 2243 τῷ
3264 2170 3451 2249 φόρτῳ
3499 2170 3693 2242 συνὲμ-

2043 2281 2234 2338 πορον’
2296 2263 2385 2317 καὶ
2442 2266 2619 2339 τρυφᾷ
2672 2262 2736 2315 τὸ
2790 2261 2973 2315 καινὸν
3196 2263 3298 2329 τῆς
3348 2258 3624 2321 κολάσεως
3666 2259 3696 2311 6

2047 2351 2307 2421 διώκτης.
2360 2356 2470 2406 Φεῦ
2518 2356 2615 2405 τοῦ
2664 2352 2966 2423 θεάματοςί
3001 2353 3113 2405 Φεῦ
3157 2354 3254 2405 τοῦ
3285 2346 3598 2426 δράματοςί
3632 2349 3697 2404 Ἠ

2043 2448 2172 2504 ναῦς
2198 2440 2480 2517 πελάγιος”
2507 2440 2570 2495 τὸ
2622 2441 2843 2516 θέατρον
2899 2438 2985 2494 ἐπὶ
3032 2440 3150 2501 ταῖς
3203 2438 3412 2507 ἀκταῖς,
3442 2443 3549 2492 τῶν
3605 2439 3701 2511 μὶν

2046 2529 2425 2609 ἐφηδομένων,
2458 2536 2564 2584 τῶν
2594 2526 2653 2584 δὲ
2684 2528 3051 2605 ὀδυρομινων.
3086 2534 3210 2591 Πῶς
3244 2528 3301 2583 ἂν
3335 2528 3387 2583 ἐν
3435 2526 3613 2602 ὀλίγῳ
3636 2527 3701 2581 τὸ

2046 2620 2190 2676 πολὺ
2240 2622 2696 2695 παραστήσαιμι;
2757 2620 3043 2674 άνάπτεται
3098 2619 3162 2674 τὸ
3218 2623 3347 2694 πῦρ,
3404 2615 3701 2672 δαπανᾶται

2046 2715 2081 2781 ἡ
2115 2714 2263 2781 ναῦς,
2309 2707 2700 2764 συνδαπανᾶται
2750 2710 2779 2764 6
2809 2709 3031 2788 φόρτος,
3082 2713 3188 2782 πῦρ
3233 2706 3386 2762 ὕδατι
3424 2706 3699 2782 μίγνυται,

2045 2800 2133 2855 καὶ
2168 2800 2451 2875 συντρέχει
2492 2799 2560 2853 τὰ
2606 2798 2813 2854 ἐναντία
2866 2799 2941 2860 εἰς
2989 2792 3242 2859 εὐσεϐοῦς
3294 2796 3517 2852 κόλασιν
3544 2840 3558 2867 ,
3607 2794 3697 2850 καὶ

2048 2888 2143 2945 δύο
2202 2895 2451 2965 στοιχεῖα
2505 2889 2560 2944 ἓν
2612 2893 2771 2962 σῶμα
2831 2888 3127 2965 μερίζεται,
3178 2887 3267 2943 καὶ
3316 2886 3521 2963 πυρσὸς
3562 2886 3696 2959 ὑπὲρ

2048 2978 2321 3050 θαλάσσης
2351 2977 2555 3051 αἶ’ρεται
2602 2978 2768 3050 ξένος.
2820 2981 2887 3056 ⁷ῼ
2930 2975 3216 3054 προσῆλθε
3263 2977 3359 3050 μὲν
3397 2976 3543 3052 τάχα
3586 2996 3693 3043 τις,

2046 3070 2122 3131 ὡς
2153 3070 2350 3142 ἡμὲρῳ
2374 3068 2464 3123 καὶ
2495 3067 2892 3146 φιλανθρώπῳ·
2924 3066 3244 3143 προσελθὼν
3291 3065 3367 3137 δὲ,
3402 3063 3522 3140 εὗρε
3569 3064 3696 3120 θέα-

2051 3180 2125 3233 μα
2150 3157 2382 3213 ἐλεεινόν
2420 3179 2481 3212 τε
2527 3159 2614 3212 καὶ
2666 3158 2910 3228 ἄπιστον,
2962 3158 3085 3212 ἄνευ
3132 3150 3467 3230 κυϐερνήτου
3496 3153 3696 3223 πλοῦν,

2048 3247 2169 3302 ἄνευ
2223 3250 2497 3322 χειμῶνος
2552 3247 2833 3320 ναυάγιον·
2891 3246 2981 3300 καὶ
3039 3246 3067 3300 6
3116 3240 3478 3321 πρεσϐύτερος
3525 3244 3699 3313 κόνις,

279 3336 506 3387 tantam
539 3334 744 3404 paucis
763 3336 1089 3406 exprimam
1120 3342 1296 3409 atque
1326 3340 1383 3392 in
1414 3344 1655 3411 aspectu
1687 3338 1931 3394 colloca-

2052 3336 2141 3391 καὶ
2173 3334 2299 3390 οὐδὲ
2335 3335 2507 3407 κόνις,
2557 3334 2777 3407 σπαρεὶς
2827 3334 2879 3390 ἰν
2914 3339 3028 3396 τοῖς
3073 3332 3248 3391 ὕδασι.
3305 3334 3401 3389 Καὶ
3447 3331 3573 3389 οὐδὲ
3619 3354 3710 3387 το-

284 3422 407 3476 bo?
458 3422 617 3495 Ignis
665 3425 1024 3497 accenditur,
1057 3427 1224 3483 navis
1275 3444 1391 3484 una
1444 3445 1577 3484 cum
1628 3445 1803 3484 onere
1832 3446 1941 3484 suo

287 3512 643 3581 absumitur,
676 3513 830 3585 ignis
861 3532 1024 3587 aqua:
1075 3517 1373 3587 miscetur,
1426 3534 1637 3590 resque
1685 3519 1836 3574 inter
1884 3534 1946 3573 se

288 3602 593 3658 contrarias
627 3607 699 3659 ad
744 3604 823 3677 pii
854 3605 961 3660 viri
993 3607 1351 3679 snpplicium
1385 3614 1766 3673 concurrunt,
1799 3609 1945 3665 duo-

289 3708 404 3764 que
434 3692 721 3749 elementa
749 3711 963 3767 corpus
995 3712 1179 3751 unum
1214 3699 1572 3769 partiuntur,
1604 3704 1659 3754 et
1689 3715 1835 3754 novo
1868 3703 1948 3755 at-

290 3798 405 3853 que
434 3782 699 3839 inaudito
734 3800 892 3839 more
923 3785 1017 3841 fax
1059 3802 1235 3857 super
1284 3803 1444 3843 mare
1492 3788 1778 3844 attollitur
1812 3806 1824 3843 :
1876 3788 1944 3843 ad

291 3888 490 3942 quam,
512 3878 577 3928 ut
599 3873 915 3946 benignam
937 3880 995 3929 et
1015 3874 1363 3941 humanam,
1382 3877 1630 3933 fortasse
1652 3878 1948 3949 quispiam

2051 3430 2241 3481 σοῦτον
2275 3427 2310 3495 ἡ
2353 3423 2617 3499 ἱερωσύνη
2656 3430 2671 3497 (
2752 3427 2790 3497 ),
2840 3421 2963 3479 ὅσον
3012 3421 3275 3492 τελευτῆς
3320 3427 3447 3499 γοῦν
3500 3422 3707 3497 εὐσχη-

2060 3514 2382 3590 μονεστέρας
2430 3519 2637 3590 τυχεῖν·
2689 3513 2734 3568 εί
2784 3511 2842 3569 δὲ
2889 3514 2965 3587 μή
3013 3512 3297 3583 τελευτῆς,
3345 3510 3491 3568 ἀλλὰ
3535 3514 3710 3588 ταφῆς

2055 3626 2113 3680 γε
2144 3606 2382 3671 πάντως,
2423 3604 2457 3673 ἢ
2503 3603 2593 3658 καὶ
2641 3610 2759 3665 τοῖς
2809 3598 3049 3659 ἀσεϐέσιν
3102 3601 3402 3680 ὀφείλεται.
3460 3606 3714 3662 Τοιοῦτος

2059 3696 2085 3749 ὁ
2114 3699 2212 3749 τοῦ
2254 3689 2480 3756 ἀσεϐοῦς
2528 3693 2744 3755 στόλος·
2790 3698 3037 3747 τοιοῦτον
3082 3698 3181 3747 τοῦ
3230 3687 3484 3754 εὐσεϐοῦς
3532 3692 3597 3746 τὸ
3625 3689 3715 3745 τὲ-

2060 3785 2174 3845 λος’
2207 3784 2297 3838 καὶ
2349 3781 2593 3856 οὐδαμοῦ
2643 3788 2749 3859 πῦρ
2778 3784 2893 3857 (40)
2931 3782 3132 3846 ἄνωθεν
3183 3781 3558 3858 εὐαγέστερον,
3590 3777 3718 3835 οὐδὲ

2059 3873 2382 3930 κολαστικὸν
2412 3877 2511 3929 τοῦ
2542 3877 2765 3929 τοιαῦτα
2794 3871 3174 3948 πυρσεύοντος.

291 3962 574 4026 accessit;
612 3961 849 4034 propior
878 3969 1075 4019 autem
1107 3963 1319 4031 factus,
1345 3965 1747 4021 miserandum
1776 3975 1951 4038 atque

290 4050 634 4105 incredibile
653 4051 1055 4122 spectaculum
1079 4054 1315 4125 reperit,
1340 4054 1771 4127 navigationem
1798 4055 1923 4111 sine
1944 4056 2355 4128 gubernatore,
2374 4052 2749 4125 naufragium
2774 4052 2901 4109 sine
2922 4056 3286 4126 tempestate.
3305 4052 3400 4108 Sic
3421 4052 3721 4125 presbyter

293 4140 445 4195 cinis
464 4139 737 4210 efficitur,
761 4140 881 4196 imo
904 4158 975 4197 ne
996 4142 1146 4198 cinis
1168 4142 1427 4215 quidem,
1453 4149 1655 4216 utpote
1678 4145 1737 4199 in
1760 4144 1932 4216 aquis
1952 4160 2215 4215 sparsus.
2235 4143 2351 4199 Nec
2372 4157 2505 4198 vero
2526 4142 2835 4198 sacerdotii
2857 4142 3115 4215 dignitas
3138 4142 3285 4197 tanti
3308 4140 3439 4211 fuit,
3459 4146 3524 4197 ut
3545 4141 3720 4197 hone-

297 4227 537 4283 stiorem
567 4228 773 4284 saltem
798 4235 1045 4286 mortem
1073 4237 1562 4302 consequeretur;
1589 4236 1690 4287 aut
1714 4233 1762 4287 si
1787 4248 1903 4287 non
1927 4237 2197 4297 mortem,
2219 4248 2286 4286 ac
2307 4236 2462 4287 certe
2482 4230 2870 4304 sepulturam,
2890 4246 3018 4302 qua;
3039 4228 3237 4301 impiis
3262 4229 3436 4285 etiam
3463 4234 3522 4285 et
3546 4228 3723 4286 sacri-

297 4316 444 4389 legis
476 4317 818 4374 hominibus
848 4320 1111 4377 debetur.
1144 4321 1277 4376 Haec
1307 4321 1471 4393 impii
1504 4320 1760 4377 hominis
1791 4321 2019 4377 marina
2050 4320 2344 4393 expeditio
2386 4320 2496 4375 fuit
2528 4337 2540 4376 :
2595 4320 2686 4376 hic
2732 4320 2813 4392 pii
2860 4319 2967 4375 viri
3017 4320 3174 4376 ﬂuis.
3206 4319 3321 4375 Nec
3350 4335 3603 4391 usquam
3648 4318 3721 4374 de

297 4406 440 4461 cualo
472 4406 779 4462 descendit
808 4423 972 4463 sacer
1000 4409 1174 4480 ignis,
1209 4423 1315 4464 nec
1346 4411 1417 4465 ab
1448 4425 1535 4481 eo,
1568 4411 1670 4481 qui
1701 4410 2043 4482 hujusmodi
2077 4412 2264 4465 facem
2296 4409 2713 4482 navigantibus
2752 4409 3116 4481 praeferebat,
3164 4425 3367 4481 pmnas
3416 4407 3673 4480 sumpsit
3704 4408 3719 4463 t

367 4497 457 4550 XI.
494 4496 605 4551 Sed
640 4496 783 4567 quid
829 4501 1068 4555 externa
1097 4498 1353 4572 colligo?
1396 4500 1484 4555 Ad
1517 4500 1937 4556 dimicationen

2140 4499 2247 4553 IA'.
2302 4495 2479 4554 Ἀλλᾶ
2522 4497 2573 4552 τί
2627 4498 2721 4571 μοὶ
2766 4500 2874 4553 τῶν
2926 4496 3165 4568 ἔξωθεν;
3217 4497 3332 4553 Ἐπ’
3393 4494 3559 4565 ὰύτήν
3608 4492 3719 4565 ἤδη

297 4592 462 4641 tuam
489 4587 609 4657 jam
642 4588 1038 4644 accedendum
1070 4592 1179 4657 est,
1229 4594 1406 4662 atque
1455 4590 1527 4645 ad
1578 4596 1679 4645 tua
1722 4590 1937 4663 pietatil

2072 4585 2350 4664 βαδιστέον
2389 4588 2489 4656 τὴν
2536 4589 2634 4657 σὴν
2683 4585 2935 4658 ἄθλησιν,
2988 4587 3076 4642 καὶ
3127 4586 3254 4647 τοὺς
3303 4584 3433 4648 σοὺς
3478 4586 3611 4661 ὑπερ
3643 4583 3727 4638 εὐ-

296 4692 476 4733 causa
505 4674 748 4733 tolerata
786 4679 1127 4748 certamina,
1162 4695 1289 4749 quas
1322 4679 1589 4751 pristinis
1618 4679 1739 4736 tuis
1770 4680 1937 4736 virtut

2067 4674 2278 4741 σεϐείας
2332 4681 2445 4753 (41)
2505 4677 2738 4754 ἀγῶνας,
2798 4677 2889 4740 οὓς
2946 4683 3078 4732 πᾶσι
3131 4681 3249 4739 τοῖς
3304 4670 3721 4752 προλαϐοῦσιν,

295 4766 474 4835 tibus,
511 4771 793 4839 tanquam
827 4767 1169 4839 praeclarum
1201 4769 1500 4839 quoddam
1533 4768 1816 4841 sigillum,
1852 4769 1931 4824 im

2066 4767 2248 4841 ὥσπερ
2296 4770 2415 4822 τινὰ
2460 4765 2726 4846 σφραγῖδα
2772 4768 2971 4837 καλὴν,
3025 4766 3312 4836 ὶπὲθηκας.
3346 4767 3593 4838 ἽΙκμαζε
3628 4763 3724 4834 μὲν

298 4856 570 4927 posuisti.
604 4857 853 4929 Vigebat
881 4857 1121 4914 haeresis
1152 4858 1375 4914 malum
1410 4861 1469 4914 in
1500 4864 1601 4914 tua
1636 4860 1888 4930 civitate,
1923 4875 1937 4913 ε

2065 4856 2116 4911 ἐν
2148 4856 2216 4932 τῇ
2249 4859 2317 4929 σῇ
2346 4855 2506 4912 πόλει
2554 4858 2617 4912 τὸ
2656 4864 2755 4927 τῆς
2806 4855 3062 4932 αἱρέσεως
3108 4855 3310 4927 ταύτης
3358 4854 3547 4926 κακὸν,
3598 4853 3719 4907 ’ὀθεν

369 5060 485 5130 (34)
516 5057 905 5132 Κινήσωηδίο
958 5056 1157 5132 plures
1188 5058 1388 5132 Regg.,
1438 5058 1613 5114 Coisl.
1664 5060 1717 5129 1,
1770 5058 1866 5113 Or.
1901 5060 1954 5127 1,

301 5130 453 5198 Par.,
487 5135 596 5186 etc.
631 5132 691 5185 ln
725 5131 887 5199 edit.,
917 5130 1148 5198 νικήσω.

370 5203 483 5275 (35)
517 5200 635 5257 Καί.
672 5206 843 5257 Deest
860 5202 931 5275 _in
964 5200 1059 5275 Or.
1097 5204 1239 5275 iuet
1269 5201 1430 5275 Pass.

371 5267 485 5345 (36)
541 5277 655 5347 Τῶν
704 5267 1117 5347 πρεσϐυτέρων-
1150 5267 1263 5347 ἕνα.
1325 5273 1517 5329 Schol.
1555 5272 1738 5347 Δ(ζξοὶὶ).
1802 5289 1815 5327 2
1896 5270 1957 5323 Oi

302 5338 517 5433 καέντες
551 5343 601 5398 ἐν
760 5338 993 5435 ’πλθοίιμξ
1034 5341 1373 5435 Ἡλιόδωρος
1407 5338 1956 5435 πρεσξύτεροςηπερι-

302 5414 548 5491 ρδευτῄς,
590 5410 1039 5491 καίθεόδουλος
1087 5410 1487 5491 πρεσϐύτερος.
1525 5410 1957 5491 ΑἈπετμήθησαν

303 5436 548 5484 οοευτης,
597 5437 685 5471 και
738 5436 1039 5472 υεοοουλος
1091 5438 1130 5471 π
1170 5436 1487 5491 εσουτερος.
1556 5436 1957 5487 Λπετμηυησαν

303 5486 361 5564 δὲ
390 5486 552 5564 ἄλλοι
651 5486 1099 5564 ἀναγνῶσταιγκαὶ
1122 5436 1344 5562 ιῑάλται·
1382 5514 1408 5541 ‹‹
1433 5488 1540 5555 Qui
1573 5491 1784 5564 in_nav_i
1810 5504 1962 5544 com-

302 5563 459 5619 busti
493 5561 653 5630 sunt,
688 5561 847 5617 fuere
878 5561 1225 5617 Heliodorus
1256 5563 1557 5634 presbyter
1585 5561 1895 5634 _circuitor,
1937 5582 1961 5607 »ι

307 5635 361 5691 id
397 5640 507 5702 est,
541 5636 835 5707 inspector,
856 5634 1142 5707 visitatur,
1173 5656 1216 5707 _«
1248 5631 1305 5707 et
1335 5631 1677 5707 Theodulus

2136 5060 2250 5135 (37_)
2284 5055 2438 5135 Kurd
2494 5055 2768 5133 πελάγους
2824 5056 3057 5135 ἀφίεται.
3101 5057 3231 5113 Bill.
3285 5074 3299 5113 :
3363 5079 3385 5107 ι
3442 5056 3505 5111 in
3563 5070 3725 5112 mare

2068 5131 2418 5186 demittitur.
2456 5152 2484 5178 »

2139 5204 2251 5273 (38)
2281 5204 2350 5255 Τὸ
2380 5199 2582 5257 καινόν.
2618 5200 2895 5259 Nonnulli
2931 5202 3125 5270 codd.,
3155 5198 3235 5272 τῷ
3283 5202 3472 5271 καινῷ.

2118 5268 2596 5362 ,(39Υ1ερωσύνη.
2658 5274 2750 5330 Sic
2810 5273 3007 5347 plures
3065 5268 3232 5331 cedd.
3293 5278 3360 5328 In
3419 5268 3535 5341 ed.,
3583 5268 3727 5342 ἱερο-

2074 5366 2258 5489 σωξῖὸ)
2289 5416 2385 5498 Καὶ
2418 5413 2824 5498 οὐδαμοῦ-πῦρ,
2854 5422 2963 5498 etc.
2997 5416 3200 5498 _Elias_:
3254 5438 3283 5498 ε(
3320 5416 3435 5498 Nec
3484 5413 3740 5498 desuper

2076 5488 2329 5562 usquam
2354 5490 2508 5562 ignis
2530 5488 2859 5545 sanctusac
2883 5491 3107 5562 justus,
3134 5492 3190 5543 et
3218 5488 3733 5562 vindex_ejus,_qui

2074 5557 2327 5688 Etluhunc
2349 5557 2589 5619 modum
2615 5557 3027 5633 navigantibus
3050 5560 3345 5617 illucebnt.
3367 5582 3394 5609 υ
3416 5560 3529 5617 Sed
3551 5557 3734 5614 etiam

2118 5652 2132 5687 ι
2184 5652 2294 5688 ius.

2118 5652 2294 5689 llllUS.

1764 5634 1964 5703 resby-
2077 5634 2294 5689 Billius.

1764 5704 1797 5759 ii
1847 5705 1963 5760 duo
2146 5705 2259 5775 (41)
2291 5698 2598 5767 Εὐσεϐείας.
2640 5710 2830 5775 Pass.,
2860 5710 2962 5773 τῆς
2996 5696 3292 5764 εὐσεϐείας.

304 5714 409 5762 ter.
443 5709 584 5764 Caesi
620 5704 759 5763 sunt
789 5706 987 5773 etiam,
1025 5705 1304 5763 abscissis
1335 5705 1651 5777 capitibus,
1697 5704 1797 5760 alii
1847 5705 1963 5760 duo

304 5778 549 5835 lectores
582 5784 638 5836 et
678 5783 965 5836 cantores.
1006 5798 1033 5825 η
