4110 6434
395 456 553 518 1213

1175 456 1468 517 ORATIO
1510 455 1693 517 XXV.
1727 487 1803 502 --
1832 453 2285 517 INLAUDEM
2330 456 2676 520 HERONIS
2723 457 3024 520 PHILOS.

3647 455 3810 516 1114

391 589 482 644 καὶ
512 586 733 665 ἤρξατο.
767 587 913 643 Ἐπεὶ
954 584 1012 642 δὲ
1058 589 1149 642 τὸν
1203 588 1295 660 μὲν
1351 587 1653 662 ἁγιώτατον
1704 594 1806 655 τῆς
1856 586 2040 641 οἰκου-

2162 605 2278 659 qua
2307 590 2485 647 etiam
2518 594 2712 647 ortum
2757 593 3022 648 duxerat.
3073 590 3384 662 Postquam
3436 592 3632 645 autem
3662 606 3805 645 sau-

397 677 562 752 μένης
617 676 922 756 ὀφθαλμὸν,
976 678 1064 731 καὶ
1122 676 1381 753 ἀρχιερέα
1426 682 1531 731 τῶν
1578 677 1789 747 ἱερέων,
1828 677 1917 730 τὸν
1946 678 2044 743 τῆς

392 774 493 837 σῆς
528 766 829 843 ὁμολογίας
861 768 1175 843 κηθηγητήν
1204 767 1293 821 καὶ
1327 764 1649 821 διδάσκαλον
1688 770 1805 828 τοῖς
1855 765 2047 820 ἑαυτοῦ

390 858 516 932 περὶ
564 863 664 925 τῆς
716 851 985 931 εύσεϐἥας
1031 858 1221 931 ἀγῶσι,
1278 857 1374 924 τὴν
1439 853 1680 931 μεγάλην
1731 858 1936 932 φωνήν,
1984 853 2046 908 τὸ

390 953 491 1014 τῆς
541 945 772 1007 πίστεως
824 944 1067 1019 ἔρεισμα,
1119 946 1209 999 τὸν
1253 943 1497 1020 δεύτερον
1547 948 1785 1020 Χριστοῦ
1844 942 2048 1018 λύχνον

387 1034 479 1088 καὶ
530 1031 866 1109 πρόδρομον,
920 1034 963 1088 εἱ
1014 1034 1168 1107 θέμις
1218 1039 1379 1089 τοῦτο
1412 1034 1605 1099 εἰπεῖν,
1646 1032 1695 1087 ἐν
1724 1034 1867 1107 γήρᾳ
1894 1030 2048 1103 καλῷ

385 1122 743 1195 κοιμηθέντα,
794 1124 881 1177 καὶ
922 1122 1113 1198 πλήρη
1161 1129 1269 1178 τῶν
1311 1124 1444 1178 κατά
1475 1124 1601 1178 Θεὸν
1636 1125 1878 1197 ἡμερῶν,
1914 1120 2049 1193 μετὰ

384 1214 487 1267 tio
532 1212 908 1287 συκοφαντίας,
962 1213 1094 1284 μετὰ
1141 1212 1268 1274 τοὺς
1319 1211 1539 1279 ἄθλους,
1599 1212 1732 1284 μετὰ
1772 1211 1871 1277 τήν
1900 1230 2047 1283 περι-

387 1295 588 1371 ϐόητον
644 1306 807 1376 χεῖρα
865 1305 997 1374 (42),
1056 1303 1191 1374 μετὰ
1244 1300 1368 1362 τοὺς
1443 1306 1645 1370 ζῶντας
1714 1299 1957 1374 νεκροὺς,
2006 1301 2041 1369 ἡ

384 1392 548 1464 Τριὰς
610 1390 746 1465 πρὸς
806 1391 1000 1459 ἑαυτὴν
1082 1391 1449 1463 μετατίθησιν,
1620 1390 1897 1460 συνέζησε,
1952 1389 2043 1445 καὶ

390 1479 523 1555 ὑπὲρ
555 1480 645 1551 ἧς,
694 1477 1061 1535 ἐλινδύνευσεν
1112 1482 1449 1554 (Ἀθανάσιον
1505 1479 1608 1535 οἶδ’
1653 1478 1735 1533 ὅτι
1768 1481 1960 1541 πάντες
1992 1479 2043 1534 ἐν

383 1574 501 1631 τοῖς
553 1566 744 1643 λόγοις
802 1568 1122 1645 ἀνέγνωτε)·
1199 1569 1419 1644 δευτέρα
1504 1566 1559 1623 δὲ
1617 1590 1698 1630 τις
1764 1567 2041 1643 Αἰγύπτου

383 1656 576 1734 πληγὴ
610 1659 701 1712 καὶ
755 1658 943 1731 μάστιξ
986 1662 1102 1730 (43)
1153 1660 1336 1714 ἑαυτὸν
1388 1658 1657 1733 ἐπεισάγει
1706 1662 1773 1731 τῇ
1806 1657 2039 1728 Ἐκκλη-

383 1748 475 1819 σίᾳ
501 1749 528 1802 ὁ
556 1754 656 1817 τῆς
688 1746 947 1817 ἀληθείας
980 1746 1272 1821 προδότης,
1305 1749 1332 1803 6
1362 1753 1468 1802 τῶν
1522 1747 1700 1803 λύκων
1734 1748 1968 1820 ποιμὴν,
2010 1748 2038 1801 6

386 1834 479 1891 διὰ
504 1844 601 1905 τῆς
634 1836 807 1905 αὐλῆς
840 1832 1175 1912 ὑπερϐαίνων
1197 1837 1425 1909 λῃστὴς,
1458 1837 1485 1890 6
1519 1835 1767 1909 δεύτερος
1797 1839 2039 1911 Ἄρειος,

2156 678 2487 735 ctissimum
2519 680 2685 736 illum
2714 682 2873 736 orbis
2904 680 3161 745 oculum,
3180 684 3235 735 et
3265 680 3633 735 sacerdotum
3656 678 3806 735 anti—

2158 768 2374 837 stitem,
2398 769 2567 825 illum
2599 774 2711 826 tuae
2731 770 3141 838 confessionis,
3166 786 3269 842 per
3298 786 3365 825 ea
3392 767 3803 840 pericula,quae

2158 874 2262 929 pro
2293 859 2423 915 ﬁdei
2454 860 2790 916 orthodoxa:
2821 859 3159 916 defensione
3197 858 3478 930 suscepit,
3510 859 3716 914 ducem
3747 865 3809 913 et

2158 947 2528 1019 magistrum,
2560 949 2721 1005 illam
2755 949 3067 1005 sublimem
3103 964 3323 1015 vocem,
3357 947 3504 1003 illud
3544 947 3678 1003 fidei
3708 964 3802 1003 co-

2156 1035 2380 1103 lumen,
2412 1040 2730 1093 secundam
2764 1039 2924 1093 illam
2958 1037 3173 1093 Christi
3222 1038 3527 1093 lucernam
3570 1041 3626 1092 et
3656 1054 3803 1107 prae-

2156 1142 2476 1197 cursorem,
2510 1128 2559 1182 si
2607 1128 2691 1183 ita
2738 1127 2896 1198 loqui
2943 1127 3030 1182 fas
3078 1132 3187 1193 est,
3221 1126 3279 1180 in
3313 1127 3465 1181 bono
3504 1130 3805 1182 senectute

2156 1219 2478 1285 mortuum,
2505 1232 2570 1271 ac
2601 1216 2827 1272 dierum
2861 1232 3084 1285 eorum,
3116 1215 3219 1286 qui
3251 1216 3578 1269 secundum
3616 1214 3802 1270 Deum

2154 1308 2295 1359 sunt
2328 1304 2587 1375 plenum,
2623 1310 2755 1377 post»
2780 1305 3127 1374 calumnias,
3159 1308 3292 1375 post
3319 1304 3809 1375 certamina,post-

2152 1392 2315 1449 illam
2347 1395 2611 1450 omnium
2644 1411 2742 1450 ore
2771 1394 3120 1449 celebratam
3154 1409 3419 1462 manum,
3451 1396 3583 1465 post
3610 1392 3803 1447 viven-

2150 1486 2240 1539 tes
2282 1488 2565 1555 mortuos,
2617 1484 2896 1554 Trinitas,
2932 1500 3108 1555 quam
3142 1498 3244 1556 per
3284 1500 3453 1539 omne
3485 1482 3613 1537 vitm
3642 1485 3800 1537 tem—

2152 1590 2263 1644 pus
2295 1573 2572 1643 coluerat,
2608 1578 2665 1629 et
2695 1590 2796 1645 pro
2830 1590 2946 1645 qua
2989 1572 3264 1646 periculis
3310 1588 3437 1629 sese
3485 1572 3803 1643 objecerat,

2151 1662 2225 1718 ad
2256 1679 2319 1719 se
2350 1663 2653 1719 transtulit
2700 1664 2840 1734 (non
2888 1667 2978 1720 est
3023 1664 3179 1735 apud
3212 1679 3305 1718 me
3353 1662 3624 1731 dubium,
3654 1660 3797 1732 quin

2148 1767 2219 1807 ex
2249 1752 2340 1807 his
2371 1752 2561 1808 verbis
2589 1752 2982 1808 Athanasium
3012 1751 3365 1823 agnoscatis)
3390 1769 3403 1819 ;
3436 1756 3561 1807 tum
3595 1766 3801 1806 secum

2149 1841 2220 1897 da
2253 1842 2523 1913 quaedam
2538 1840 2771 1914 Egypti
2803 1841 2972 1914 plaga
2991 1846 3049 1896 et
3075 1840 3371 1911 ﬂagellum
3398 1839 3817 1911 ille,inquam,

381 1928 420 1995 ἠ
452 1924 652 2000 θολερᾶ
681 1927 769 1980 καὶ
799 1924 995 1987 ἄποτος
1024 1929 1137 1998 (44)
1170 1927 1467 2001 ἀνατροπὴ,
1515 1928 1543 1980 6
1585 1929 1681 1995 τῆς
1728 1926 1887 1981 ἀθὲου
1936 1947 2040 1997 πη-

2160 1928 2417 2000 inquam,
2440 1930 2701 1986 veritatis
2724 1931 3004 2001 proditor,
3026 1929 3122 1985 ille
3152 1929 3427 2001 luporum
3460 1933 3679 2000 pastor,
3701 1927 3800 1985 ille

380 2022 484 2091 γῆς
516 2012 900 2090 δαψιλεστερος
931 2016 1177 2087 ποταμός
1200 2034 1213 2046 ⁴
1251 2016 1389 2069 ὀκνῶ
1424 2017 1516 2088 μὲν
1547 2017 1641 2077 τὰς
1690 2015 1813 2071 τότε
1862 2037 2034 2091 παρα-

380 2105 580 2177 νομίας
628 2105 793 2159 εἰπεῖν
849 2108 938 2159 καὶ
981 2104 1315 2183 μιαιφονίας,
1369 2107 1483 2179 μεθ’
1532 2107 1605 2159 ὧν
1637 2106 1727 2161 τὸν
1760 2107 1910 2181 ἅγιον
1944 2126 2038 2161 κα-

2150 2036 2255 2091 per
2279 2019 2508 2075 caulam
2529 2020 2952 2074 transcendens
2972 2019 3138 2083 latro,
3165 2019 3460 2073 secundus
3481 2016 3577 2072 ille
3598 2017 3796 2088 Arius,

2146 2107 2385 2163 turbida
2416 2108 2515 2163 illa
2539 2113 2597 2163 et
2637 2124 2837 2163 amara
2865 2106 3107 2173 eversio,
3132 2106 3230 2161 ille
3258 2106 3438 2178 impio
3462 2106 3618 2162 fonte
3652 2107 3796 2162 ube-

366 2190 708 2268 ταλαμϐάνει
764 2195 955 2269 θρόνον
1008 2196 1035 2249 6
1086 2197 1212 2269 θὴρ,
1259 2194 1348 2249 καί
1395 2198 1493 2263 τῆς
1537 2200 1775 2268 πονηρᾶς
1824 2192 2035 2249 εἰσόδου

2160 2196 2266 2252 ξίοιι
2294 2197 2523 2267 fluvius,
2556 2196 2817 2267 seipsum
2865 2195 2924 2249 in
2958 2195 3274 2250 Ecclesium
3320 2195 3661 2251 introduxit.
3699 2196 3793 2250 Pi-

368 2286 442 2339 τὰ,
470 2284 920 2360 προτελὲσματα·
966 2282 1234 2358 ὀδύρομαι
1276 2282 1323 2338 δ’
1372 2284 1525 2356 ὅμως
1574 2284 1737 2357 ὀλίγα
1786 2282 1845 2338 ἐκ
1892 2284 2031 2339 πολ-

2160 2289 2239 2357 ζει
2270 2285 2542 2357 equidem
2576 2285 2798 2358 ﬂagitia
2827 2301 2914 2353 ea,
2966 2302 3097 2355 que
3126 2288 3268 2341 tunc
3297 2286 3604 2357 designata
3632 2290 3792 2352 sunt,

369 2372 484 2428 λῶν
535 2373 587 2445 (ἃ
633 2373 722 2429 καὶ
766 2373 920 2446 ὑμεῖς
980 2370 1235 2447 ὀδύρεσθέ
1289 2376 1403 2446 (45)
1451 2394 1509 2427 τε
1556 2374 1644 2428 καὶ
1702 2370 2028 2448 προωδύρα-

2160 2377 2196 2429 ιι
2216 2376 2369 2431 463
2393 2375 2644 2430 nefarias
2675 2374 2884 2443 caedes,
2915 2392 3050 2430 cum
3072 2375 3290 2447 quibus
3321 2377 3443 2432 fera
3468 2375 3570 2431 illa
3599 2392 3793 2431 sacro-

369 2466 506 2537 σθε),
555 2468 635 2536 τῷ
682 2464 809 2536 θείῳ
856 2458 1019 2517 Δαϐὶδ
1065 2464 1518 2538 συγχρησάμενος
1572 2465 1719 2535 (46)·
1771 2464 1829 2520 Ὀ
1875 2463 2028 2535 θεὸς,

2160 2469 2409 2521 sanctum
2429 2464 2642 2521 solium
2662 2464 2972 2535 invasit,ac
2986 2464 3245 2538 pestiferi
3270 2466 3572 2539 ingressus
3590 2466 3796 2539 praelu-

369 2552 611 2622 ἤλθοσαν
666 2550 790 2623 ἔθνη
865 2553 941 2615 εἷς
995 2554 1092 2621 τὴν
1176 2551 1546 2625 νληρονομίαν
1623 2573 1740 2620 σου,
1807 2551 2027 2624 ἐμίαναν

2160 2555 2237 2611 lia
2279 2554 2492 2611 referre
2524 2573 2537 2611 :
2587 2570 2655 2609 ex
2689 2554 2890 2610 multis
2920 2559 3118 2611 tamen
3150 2573 3335 2627 pauca
3372 2556 3632 2628 deploro,
3664 2572 3793 2627 qua

369 2644 464 2697 τὸν
518 2644 643 2697 ναὸν
696 2644 787 2696 τὸν
840 2642 993 2716 ἅγιόν
1046 2663 1163 2713 σου,
1214 2641 1303 2695 καὶ
1342 2642 1409 2696 τὰ
1438 2640 1523 2696 ἐπὶ
1553 2641 1806 2703 τούτοιςο
1843 2643 2027 2705 Ἐθεν-

2160 2660 2240 2700 ros
2271 2661 2504 2716 quoque
2527 2660 2755 2699 mecum
2779 2644 3119 2717 deploratis,
3141 2652 3200 2702 et
3217 2647 3343 2717 jam
3368 2652 3503 2701 ante
3524 2644 3794 2717 deplora-

370 2752 437 2787 το
503 2733 572 2787 τὰ
634 2733 933 2803 θνησιμαῖα
1000 2734 1107 2803 (47)
1154 2736 1258 2785 τῶν
1322 2728 1534 2786 δούλων
1593 2752 1709 2801 σου,
1772 2735 2027 2785 πετεινῶν

2160 2733 2267 2801 ιῐὶε,
2328 2733 2507 2788 divini
2548 2733 2784 2789 Davidis
2836 2734 3029 2789 verbis
3086 2740 3259 2791 utens
3290 2737 3370 2789 ‘9:
3409 2740 3570 2805 Dm,
3628 2750 3793 2789 vene-

380 2822 665 2898 βρώματα,
725 2820 815 2876 καὶ
873 2821 1077 2895 Θηρίων
1138 2820 1518 2895 σπαράγματα.
1599 2823 1899 2897 Προσθήσω
1975 2818 2032 2874 δὲ

2160 2830 2274 2877 'unt
2299 2827 2485 2893 gentes
2510 2823 2572 2877 in
2607 2823 2998 2880 hxreditatem
3029 2827 3179 2878 tuam
3212 2842 3230 2877 :
3284 2824 3604 2895 polluerunt
3655 2827 3793 2879 tem-

374 2912 502 2985 παρ⁷
572 2910 735 2964 αὐτοῦ
793 2909 1011 2965 κάκεῖνα
1083 2909 1132 2980 ἐξ
1209 2908 1385 2965 ἄλλου
1445 2911 1647 2984 θρήνου
1703 2909 1793 2963 καὶ
1850 2909 2031 2985 ἐτέρας

2160 2911 2297 2965 ilum
2326 2919 2581 2966 sanctum
2612 2919 2807 2973 tuum;
2839 2916 2896 2966 et
2923 2928 3049 2983 quae
3080 2916 3407 2981 sequuntur
3439 2930 3451 2969 :
3486 2915 3797 2968 Pomerunt

378 2996 551 3071 ᾠδῆς.
614 3000 743 3053 Ὀσα
801 2998 1201 3072 ἐτοντ,ρεύσατο
1282 3000 1310 3054 6
1388 2998 1584 3074 ἐχθρὸς
1660 2999 1713 3054 ὲν
1766 3003 1844 3070 τῷ
1898 2998 2033 3074 ἁγίῳ

2160 3000 2455 3055 nortz’cinia
2518 3015 2807 3055 servorum
2861 3004 3085 3056 tzwrum
3135 3016 3320 3056 escam
3367 3001 3713 3069 volatilibus,
3740 3006 3796 3056 et

378 3110 495 3160 σου,
565 3088 653 3142 καὶ
730 3088 1164 3163 ἰνεκαυχγςσαντο
1236 3088 1289 3141 οἳ
1368 3087 1647 3161 μισοῦντές
1715 3108 1771 3142 σε
1829 3086 1879 3140 ἐν
1944 3086 2033 3160 μέ.-

379 3200 459 3251 σῳ
514 3185 615 3247 τῆς
668 3178 861 3253 ἑορτῆς
911 3194 1029 3235 σου.
1084 3182 1202 3239 Πῶς
1251 3179 1353 3253 γὰρ
1405 3176 1505 3232 οὐκ
1560 3177 2031 3253 ἐνεκαυχήσαντο;

378 3272 495 3328 πῶς
525 3265 582 3321 δὲ
612 3266 710 3321 οὐκ
740 3268 963 3339 ἐμίαναν
1019 3268 1107 3322 τὸν
1161 3268 1284 3323 ναὸν
1316 3269 1406 3323 τὸν
1442 3267 1595 3342 ἅγιόν
1626 3290 1720 3322 σου
1751 3271 1864 3343 (48)
1898 3290 2033 3342 συμ-

379 3362 572 3433 φοραῖς
604 3356 975 3432 πολυτρόποις
1006 3358 1097 3412 καὶ
1127 3357 1407 3420 παντοίοις
1434 3363 1622 3419 κακοῖς
1653 3377 1667 3426 ;

2141 3090 2274 3150 feris
2304 3090 2364 3143 in.
2393 3090 2805 3145 lacerationem.
2857 3090 3007 3157 Quin
3038 3089 3181 3145 illud
3213 3091 3458 3162 insuper
3497 3090 3794 3162 adjiciam,

2143 3179 2298 3250 quod
2333 3178 2487 3233 idem
2512 3178 2797 3251 propheta
2818 3177 2875 3233 in
2910 3177 3536 3236 altera‘lamentatione
3567 3179 3799 3251 alioque

2144 3269 2375 3341 psalmo
2401 3269 2612 3324 cecinit
2643 3287 2656 3325 :
2684 3270 2900 3338 Quanta
2940 3271 3277 3341 malignam:
3319 3273 3397 3326 est
3442 3271 3699 3326 inimicus
3738 3272 3799 3325 in

2072 3339 2114 3408 (ἶ
2147 3339 2343 3415 sancto
2387 3366 2497 3428 tuo,
2522 3363 2572 3416 et
2617 3360 2841 3431 gloriati
2863 3364 2994 3415 sunt
3046 3339 3142 3431 qui
3171 3360 3399 3416 oderunt
3427 3368 3495 3427 te,
3529 3361 3589 3415 in
3619 3362 3799 3415 medio

378 3447 752 3505 sollemnitatis
785 3460 899 3505 tua:
926 3450 989 3502 ⁵ο.
1022 3450 1172 3512 Quid
1211 3448 1367 3505 enim
1389 3450 1416 3503 ?
1454 3456 1542 3504 An
1601 3466 1715 3504 non
1764 3448 1998 3521 gloriati
2047 3450 2240 3505 sunt?
2287 3448 2433 3514 Quid
2476 3454 2672 3505 autem
2702 3450 2730 3503 ‘I
2776 3451 2983 3504 Annon
3013 3454 3281 3505 sanctum
3309 3449 3597 3522 templum
3630 3455 3799 3505 tuum

376 3538 557 3594 variis
588 3537 1041 3603 calamitatibus,
1075 3542 1255 3609 atque
1285 3539 1442 3593 omni
1477 3538 1765 3593 malorum
1796 3554 2006 3609 genere
2034 3539 2513 3593 contaminarunt
2537 3538 2565 3592 Ἰ

454 3628 557 3682 ΙΒ’.
610 3627 955 3701 Ἐστρατήγει
1018 3625 1111 3697 μὲν
1167 3624 1304 3700 ἀνὴρ
1364 3627 1518 3684 ἄθεος
1572 3628 1685 3697 (49)
1740 3624 1831 3679 καὶ
1864 3627 2037 3700 παρά-

380 3736 574 3789 νομος,
633 3714 759 3770 οὐδὲ
825 3710 1001 3769 ὄνομα
1077 3718 1400 3790 Χριστιανοῦ
1476 3716 1588 3786 (50)
1662 3714 2038 3787 περικείμενος

380 3808 562 3878 (τοῦτο
610 3804 715 3880 γὰρ
760 3811 860 3873 τῆς
912 3798 1118 3879 ῧὸρεως
1166 3804 1230 3858 τὸ
1280 3800 1625 3876 δεινότατον),
1667 3801 1793 3858 ἀλλ’
1844 3804 2034 3859 ἐκτῶν

382 3892 628 3951 εἰδώλων
681 3894 767 3949 ἐπὶ
815 3894 906 3948 τὸν
955 3898 1052 3949 τοῦ
1102 3896 1235 3949 Θεοῦ
1266 3893 1391 3946 ναὸν
1424 3892 1793 3969 ἐπειγόμενος,
1826 3892 1884 3949 ἐκ
1932 3898 2035 3949 τῶν

382 3983 695 4059 ἀκαθάρτων
744 3982 988 4056 αἱμάτων
1044 3981 1131 4037 ἐπὶ
1181 3983 1246 4037 τὰ
1300 3984 1657 4059 μυσαρώτερά
1701 4003 1759 4037 τε
1788 3983 1878 4037 καὶ
1916 3980 2035 4057 βδε-

381 4073 701 4149 λυκτότερα,
732 4073 819 4127 καὶ
861 4076 1021 4127 τοῦτο
1054 4072 1354 4146 ἱερουργων
1380 4069 1517 4133 ’ίσως
1567 4073 1665 4140 τὴν
1716 4074 1833 4127 καθ’
1878 4075 2039 4145 ἡμῶν

381 4158 536 4237 ὕϐριν
579 4168 697 4224 τοῖς
743 4160 997 4234 δαίμοσι²
1059 4162 1425 4237 παρετάσσετο
1484 4160 1541 4216 δὲ
1599 4159 1824 4235 δύναμις
1881 4163 2037 4236 θυμῷ

384 4253 593 4323 ζέουσα,
646 4250 867 4325 στρατὸς
915 4248 1221 4311 ἀλλόκοτος
1263 4253 1381 4322 (51)
1446 4250 1535 4305 καὶ
1586 4252 1860 4326 ἀνήμερος
1905 4253 2041 4306 κατὰ

379 4346 486 4398 τῶν
512 4340 734 4398 ἀόπλων
766 4340 854 4396 καὶ
886 4338 1209 4412 ἀπολεμων.
1243 4340 1530 4411 Ἐξωθεῖτο
1561 4343 1673 4413 (52)
1726 4342 1819 4414 μὶν
1869 4343 1897 4396 6
1946 4346 2041 4396 τοῦ

380 4433 540 4507 ἁγίου
589 4428 851 4505 διάδοχος
902 4429 1094 4503 ἱερεὺς,
1139 4430 1166 4483 ὁ
1196 4429 1352 4502 νόμῳ
1396 4430 1485 4484 καὶ
1535 4430 1677 4499 τάξει
1725 4430 2039 4503 Πνεύματος

380 4521 742 4597 κεχρισμὲνός
783 4521 919 4591 (53),
964 4519 1054 4573 καὶ
1112 4518 1285 4589 πολιᾷ
1310 4519 1397 4573 καὶ
1457 4520 1718 4597 φρονήσει
1745 4519 2041 4593 τετιμημέ-

379 4632 472 4674 νος
508 4612 655 4684 (54)’
719 4604 999 4664 ἐϐασίλευε
1055 4605 1127 4661 8t
1162 4603 1383 4676 Ταϐεήλ
1440 4610 1574 4681 (55),
1632 4605 2042 4683 ὁκληρονόμος

453 4721 499 4755 ⁴⁹
530 4718 680 4776 Psal.
717 4734 953 4787 Lxxvm,
984 4718 1036 4786 1,
1076 4720 1130 4772 2.
1207 4717 1252 4752 ⁵ο
1279 4716 1430 4772 Psal.
1461 4733 1652 4784 Lxxm,
1683 4717 1737 4786 3,
1770 4718 1820 4772 4.

454 4830 565 4908 (4ἓ)
616 4825 762 4908 Μετᾲ
804 4826 904 4892 τὴν
947 4817 1308 4908 περιᾷόητον.
1342 4828 1525 4908 χεῖρα,
1576 4830 1685 4880 etc.
1736 4824 2042 4896 Signiﬁcat
2069 4832 2117 4898 D

385 4901 477 4956 hic
507 4898 822 4970 Gregorius
864 4897 1233 4970 suppOsitam
1281 4897 1507 4970 Arsenii
1538 4913 1824 4970 manum,
1860 4915 2039 4970 quam

386 4972 533 5028 falso
566 4968 645 5026 ab
669 4968 997 5026 Athanasio
1017 4972 1379 5040 amputatum
1414 4968 1758 5024 dictitabant
1776 4968 2000 5040 Ariani.

453 5040 699 5115 (43)}(a‘:
734 5040 941 5115 μᾴστιξ.
1002 5060 1023 5089 ι
1058 5039 1133 5115 Et
1175 5039 1492 5115 ﬂagellum.
1531 5064 1551 5090 ι
1608 5040 1763 5115 Scol.
1789 5058 1836 5115 _:
1871 5039 2032 5115 ,Λού-

384 5134 520 5188 κιον,
551 5110 764 5188 οἶμαι-,ξ
786 5111 985 5188 λέγειν,
1036 5112 1126 5188 τὸν
1172 5110 1277 5188 ἐπὶ*
1309 5111 1515 5188 Πέτρου
1572 5113 1706 5188 μετὰ
1732 5112 1848 5188 ’τὸν
1870 5113 2036 5188 ’Δθατ

383 5183 564 5240 νάσιον
598 5183 925 5241 clauom-'1.
975 5206 1002 5233 «
1036 5186 1313 5258 Lucium,
1346 5183 1572 5258 opinor,
1606 5184 1898 5257 intelligit,
1934 5186 2037 5258 qui

384 5260 535 5315 Petri
571 5258 928 5314 successoris
959 5257 1267 5312 Athanasii
1299 5257 1499 5311 sedem
1531 5258 1852 5315 occupavit.
1888 5280 1915 5307 ››

455 5332 568 5401 (44)
601 5329 941 5393 ’Δθανάσιον.
969 5329 1060 5383 Sic
1092 5332 1228 5401 Reg.
1261 5327 1456 5401 Cypr.,
1481 5328 1631 5397 Par.,
1658 5327 1842 5384 Pass.
1874 5333 2039 5401 Gom-

385 5397 498 5458 bef.
532 5397 627 5459 Sic
656 5403 781 5474 ipse
813 5401 1019 5457 Billius
1066 5397 1577 5472 videtur'legisse.
1622 5401 1683 5456 In
1736 5401 1869 5455 edit.
1912 5397 2038 5453 ἄτο-

385 5493 505 5527 πος.

600 5541 900 5626 Ὀδύρεσθε.
936 5548 1074 5615 Reg.
1110 5543 1303 5615 Cypra,
1336 5538 1723 5615 προοδύρεσθε,
1752 5564 1779 5593 ‹‹
1816 5543 2039 5615 priores

453 5618 498 5671 si
573 5617 871 5671 enloratis.
905 5635 931 5666 η

384 5618 498 5689 ipsi
531 5617 931 5689 deploratis,»

454 5689 567 5761 (46)
602 5684 1090 5763 Συγχρησάμεν-ος.
1120 5684 1295 5763 ΩρῘΒζ
1332 5687 1382 5753 1,
1412 5685 1893 5763 Δτεινυγχρησοὶριενοι.

458 5758 570 5832 (47)
593 5758 917 5832 Θνησιμαῖα.
951 5759 1045 5832 Sic
1080 5758 1232 5814 LXX.
1268 5759 1327 5813 In
1360 5758 1477 5832 ed.,
1505 5758 1807 5832 θνισιμαῖα.

458 5763 547 5832 (47
593 5763 917 5831 Θνησιμαῖα.
951 5763 1045 5815 Sic
1080 5763 1232 5814 LXX.
1268 5763 1327 5813 In
1360 5763 1477 5829 ed.,
1505 5763 1807 5829 θνισιμαῐα.

458 5763 570 5906 (48)
596 5831 790 5908 ’Ἄγιόν
824 5851 940 5888 σου.
971 5831 1067 5889 Sic
1096 5833 1235 5903 Reg.
1264 5832 1384 5888 bm.
1418 5830 1592 5888 Deest
1622 5849 1717 5884 σοι)
1748 5830 1808 5886 in
1839 5831 1929 5887 ed.

2220 3628 2343 3684 XII.
2394 3627 2572 3681 Ducis
2621 3643 2864 3682 munere
2919 3628 3275 3699 fungebatur
3327 3629 3416 3684 vir
3462 3629 3682 3702 impius
3742 3636 3801 3685 et

2147 3715 2602 3783 consceleratus,
2637 3733 2709 3771 ne
2732 3716 3051 3772 Christiani
3078 3718 3313 3788 quidem
3347 3735 3557 3774 nomen
3590 3734 3800 3791 gerens

2146 3804 2280 3878 (hoc
2309 3805 2464 3861 enim
2497 3806 2679 3860 totius
2724 3805 3089 3861 contumelia:
3140 3806 3617 3880 indignissimum
3666 3812 3797 3880 est),

2146 3910 2350 3951 verum
2383 3895 2453 3950 ab
2486 3894 2656 3951 idolis
2688 3895 2759 3950 ad
2786 3895 2881 3951 Dei
2912 3897 3225 3969 templum,
3249 3897 3320 3953 ab
3350 3897 3602 3970 impuris
3633 3914 3798 3955 cruo-

2149 3984 2313 4040 ribus
2364 3984 2437 4039 ad
2485 3984 2958 4041 exsecrabiliores
3012 3990 3073 4041 et
3102 3986 3565 4043 detestabiliores
3594 4000 3799 4060 prope~

2148 4090 2325 4143 rans;
2358 4091 2425 4130 ac
2458 4073 2704 4130 fortasse
2743 4074 3087 4143 hujusmodi
3138 4076 3415 4131 adversus
3446 4090 3560 4132 nos
3591 4081 3796 4133 contu-

2149 4162 2344 4230 melia,
2392 4164 2560 4235 quasi
2605 4163 2837 4219 victima
2872 4165 3151 4235 quadam,
3203 4166 3565 4222 daemonibus
3596 4166 3795 4223 litans.

2150 4253 2470 4309 Prodibant
2500 4254 2560 4308 in
2591 4253 2776 4308 aciem
2807 4252 3005 4324 copiae,
3040 4255 3235 4310 furore
3265 4256 3555 4325 ardentes,
3584 4257 3797 4313 imma-

2152 4341 2244 4398 nis
2276 4347 2333 4397 et
2361 4344 2521 4398 ferus
2550 4342 2837 4397 exercitus
2880 4343 3160 4399 adversus
3199 4344 3453 4401 inermes
3505 4345 3796 4413 homines,

2152 4448 2218 4488 ac
2245 4432 2326 4488 rei
2360 4432 2577 4488 bellicas
2606 4432 2864 4503 ignaros.
2902 4431 3314 4503 Expellebatur
3364 4435 3660 4501 sacerdos,
3691 4436 3797 4491 viri

2151 4521 2340 4577 sancti
2373 4537 2697 4590 successor,
2734 4520 3018 4592 legitime,
3052 4525 3247 4592 atque,
3281 4526 3347 4577 ut
3378 4523 3628 4594 Spiritus
3658 4527 3799 4580 ordo

2150 4610 2508 4683 postulabat,
2538 4610 2913 4678 inunctus,ac
2945 4611 3157 4666 canitie
3186 4615 3243 4666 et
3272 4612 3585 4684 prudentia
3608 4631 3803 4671 corna-

2218 4824 2530 4901 (119)}ij
2565 4822 2737 4901 ᾄθεος.
2781 4824 2876 4879 Sic
2934 4825 3278 4901 designatur
3323 4826 3620 4901 Palladius
3668 4830 3800 4901 qui-

2148 4898 2308 4967 dam,
2337 4897 2422 4951 vir
2452 4897 2670 4968 impius
2702 4901 2759 4970 et
2788 4897 3048 4970 gentilis,
3082 4898 3202 4970 qui,
3230 4903 3295 4953 ut
3338 4900 3409 4953 ab
3450 4897 3801 4970 imperatore

2148 4975 2206 5026 et
2236 4969 2572 5052 ab‘arianis
2602 4968 2853 5052 gratiam
2901 4968 3406 5035 iniret,’adversus
3437 4968 3767 5031 Orthodoxo

2146 5041 2464 5098 crudeliter
2492 5041 2784 5097 saaviebat.
3748 5076 3751 5079 -

2237 5115 2329 5181 50)
2360 5113 2703 5185 Χριστᾼιανοῦ.
2738 5109 2912 5185 Cgisl.
2948 5112 3477 5185 1,_Xpto'ctava.05.

2237 5185 2329 5257 51)
2362 5182 2721 5251 Ἀλλόκοτος,
2772 5183 2937 5256 Reg,
2991 5182 3157 5255 Cypr.
3210 5188 3267 5240 et
3323 5182 3419 5241 Or.
3466 5188 3514 5259 1,
3546 5182 3801 5242 ἀλλοκώ-

2148 5275 2329 5317 τατος.
2666 5277 2684 5295 ⁸

2219 5329 2331 5401 (52)
2364 5326 2667 5401 Ἐξωθεῖτο.
2705 5328 2808 5381 Hic
2838 5326 3186 5401 intelligitur
3215 5328 3416 5401 Petrus
3456 5328 3803 5387 Alexandri-

2146 5399 2260 5455 nus
2291 5400 2595 5475 Athanasii
2629 5415 2953 5475 successor,
2982 5399 3082 5475 qui
3114 5415 3145 5475 e
3174 5400 3311 5475 sede
3341 5417 3375 5455 a
3409 5403 3803 5475 Lucioexpul-

2148 5489 2251 5529 sus
2278 5476 2385 5527 est.
2404 5471 2689 5545 Totaghzec
2709 5470 2987 5545 tragsedia
3017 5472 3087 5524 ab
3122 5470 3249 5545 ipso
3277 5472 3438 5530 Petro
3468 5470 3699 5545 depicta
3720 5475 3799 5532 le-

2149 5545 2309 5617 gitur
2338 5544 2494 5614 apud
2526 5543 2789 5617 Niceph.,
2823 5543 2923 5617 lib.
2952 5559 3033 5617 ix,
3068 5558 3117 5596 ο.
3140 5544 3240 5617 _28.
3294 5584 3297 5587 -
3492 5561 3527 5617 ς

2221 5617 2333 5685 (53)
2364 5613 2755 5688 Κεχρισμὲνοςἶ
2786 5615 2878 5667 Sic
2909 5614 3107 5688 plures
3140 5613 3298 5687 Reg,,
3328 5622 3383 5672 et
3412 5616 3592 5685 Colb.,
3625 5617 3797 5673 Cois].

2152 5689 2207 5756 1,
2228 5682 2331 5744 'Or.
2373 5682 2660 5760 ι,’ἐίο.⁷1η
2690 5687 2804 5754 ed.,
2836 5682 3183 5760 κεχριμένος.

2222 5760 2335 5845 (éé)
2366 5759 2762 5845 Έεξιμῖιμένοξε
2793 5756 3355 5845 Basia-ﬁrmius:

2221 5823 2337 5901 (55)
2370 5823 2683 5886 Ἐϐασίλευε
2715 5826 2773 5885 δὲ
2799 5823 3036 5901 Ταϐεήλ.
3064 5823 3273 5888 Lusius
3296 5831 3396 5889 hic
3434 5832 3795 5907 designatur.
