4110 6456
281 448 439 510 1215

1526 448 1591 508 8.
1634 446 2007 508 GREGORII
2052 434 2450 508 THEOLOGI

3544 452 3711 512 1216

278 586 400 637 tus.
438 581 741 653 Regnabat
792 584 987 637 autem
1029 579 1264 646 Tabeel,
1306 580 1504 637 alienis
1535 580 1692 635 sedis
1724 579 1930 635 haeres.

2060 582 2151 632 τῶν
2206 575 2538 653 ἀλλοτρίων.
2603 581 2748 634 Κατά
2802 584 2911 635 τῶν
2966 580 3130 657 ἀγίων
3186 578 3352 652 ὅπλα,
3403 582 3541 636 κατά
3597 587 3711 637 τῶν

280 672 577 726 Adversus
626 676 859 725 sanctos
892 689 1075 740 arma,
1129 671 1405 725 adversus
1461 685 1551 724 res
1610 685 1729 738 eas,
1788 685 1935 741 quas

281 760 455 831 diripi
488 762 653 815 nefas
703 765 846 830 erat,
880 760 1125 832 impurae
1177 777 1405 826 manus,
1452 760 1733 816 adversus
1778 756 1933 831 psal-

284 867 411 906 mos
443 850 719 905 tubarum
766 850 1022 922 clangor.
1056 850 1186 904 Jam
1229 867 1351 921 quae
1383 855 1715 920 sequuntur
1745 848 1931 903 consi-

283 939 443 1004 dera,
477 940 752 995 cadentes
783 940 934 995 viros
967 939 1025 993 in
1058 938 1202 994 locis
1234 939 1476 1005 sanctis,
1502 938 1750 1010 pedibus
1800 955 1934 1009 pro-

284 1027 453 1084 tritas
486 1029 776 1096 mulieres,
811 1028 1127 1083 nonnullas
1157 1028 1335 1084 etiam
1378 1046 1511 1084 cum
1548 1033 1765 1083 natura
1797 1045 1935 1084 one-

286 1132 370 1182 re,
404 1122 789 1189 praematuros
832 1124 1052 1190 partus,
1094 1118 1205 1188 vel,
1242 1123 1305 1174 ut
1347 1119 1541 1189 aptius
1573 1118 1783 1185 dicam,
1822 1135 1933 1174 non

285 1212 528 1277 partus;
560 1208 817 1279 virgines
868 1206 1263 1262 miserabilem
1313 1207 1371 1261 in
1415 1209 1652 1262 modum
1688 1207 1936 1263 distrac-

288 1300 399 1362 tas,
453 1295 658 1350 faedius
706 1296 880 1351 etiam
928 1296 1219 1351 cruciatas
1264 1298 1424 1367 (nam
1473 1302 1529 1352 et
1560 1298 1631 1351 ob
1668 1297 1936 1366 feminas,

285 1390 341 1440 et
371 1385 443 1439 ob
473 1385 653 1447 viros,
690 1386 912 1458 pudore
941 1386 1246 1458 impedior,
1282 1386 1599 1457 quominus
1631 1385 1938 1441 crudelita-

279 1474 358 1529 tis
390 1475 631 1531 modum
659 1491 967 1547 exponam,
1001 1480 1176 1548 atque
1205 1477 1433 1531 occulta
1480 1476 1781 1532 dedecoris
1819 1493 1941 1531 ser-

286 1581 458 1619 mone
490 1565 802 1631 denudem,
824 1570 1023 1636 utpote
1050 1567 1122 1621 ob
1146 1582 1294 1637 quas
1326 1566 1500 1620 etiam
1534 1570 1658 1619 tum
1683 1566 1938 1621 denuda-

282 1657 375 1708 tas
407 1654 771 1725 erubescam)
801 1679 814 1721 ς
845 1654 989 1710 alias
1020 1654 1325 1710 interiores
1346 1653 1551 1726 templi
1583 1658 1790 1725 puteos
1811 1670 1940 1709 sese

287 1745 444 1799 464
474 1742 836 1815 dejicientes,
889 1742 1033 1799 alias
1079 1761 1145 1799 ex
1185 1744 1427 1799 editiore
1458 1743 1581 1799 loco
1612 1760 1674 1799 se
1703 1742 1759 1797 in
1797 1760 1939 1815 prae-

284 1848 423 1902 ceps
445 1831 922 1903 dantes,propter
941 1847 1143 1885 earum
1178 1847 1395 1893 rerum,
1421 1848 1568 1904 quas
1601 1832 1937 1898 cernebant,

281 1918 719 1990 indignitatem;
753 1919 899 1975 alias
953 1920 1207 1991 denique
1261 1936 1437 1992 super
1470 1936 1588 1987 eas,
1623 1937 1750 1991 quae
1774 1921 1933 1990 jace-

279 2009 442 2075 bant,
478 2008 787 2064 acervatim
818 2007 1213 2077 collabentes;
1248 2010 1395 2065 adde
1438 2011 1622 2065 caedes
1651 2010 1931 2074 caedibus,

279 2114 453 2153 casus
494 2098 729 2153 casibus
747 2098 1145 2169 succedentes,
1171 2104 1377 2154 sancta
1398 2099 1660 2171 profanis
1685 2099 1932 2170 pedibus

282 2186 525 2253 calcata,
560 2186 770 2242 altaria
802 2187 1013 2259 probro
1048 2187 1249 2243 habita
1291 2205 1392 2260 per
1420 2190 1705 2244 obscenos
1732 2193 1934 2259 gestus

283 2280 341 2331 et
365 2276 698 2348 impudicas
730 2277 1053 2344 cautiones,
1098 2282 1291 2349 atque,
1339 2282 1405 2332 ut
1443 2277 1640 2347 audio,
1675 2277 1940 2348 (hoccine

286 2364 488 2435 lingua
532 2367 726 2422 audax
763 2367 1094 2439 proferet?)
1143 2384 1320 2439 super
1366 2384 1433 2423 ea
1489 2367 1830 2423 saltationes
1885 2371 1941 2421 et

284 2454 585 2526 tripudia;
619 2456 769 2512 adde
805 2455 1184 2528 blasphemas
1230 2456 1463 2528 linguas
1498 2457 1557 2511 in
1598 2472 1937 2513 sacrosanc-

283 2543 362 2599 tis
390 2543 620 2600 thronis
659 2545 1093 2612 concionantes,
1127 2546 1404 2618 mysteria
1450 2545 1746 2617 sugillata,
1781 2544 1941 2617 psal-

288 2633 781 2690 modias'silentio
810 2636 1470 2708 compressas,gemitus
1510 2635 1569 2689 in
1620 2651 1823 2691 earum
1860 2637 1938 2690 lo-

286 2739 422 2778 cum
468 2724 772 2789 excitatos,
824 2725 1073 2781 ﬂuentes
1121 2725 1431 2797 sanguinis
1478 2725 1649 2792 rivos,
1683 2724 1938 2797 lacyma-

289 2829 421 2866 rum
455 2812 664 2879 fontes,
711 2814 1045 2870 sacerdotes
1094 2832 1196 2887 per
1231 2815 1350 2870 vim
1403 2815 1712 2881 obductos,
1744 2831 1943 2869 mona-

289 2902 432 2957 chos
462 2900 766 2973 laceratos,
800 2920 1135 2974 expressam
1186 2905 1435 2975 denique
1488 2904 1844 2960 incursionis
1874 2902 1941 2958 il-

290 2990 405 3045 lius
439 2991 777 3063 imaginem,
804 3009 922 3064 qua
939 2995 1234 3065 quondam
1259 2993 1480 3067 Assyrii
1506 2998 1769 3049 sanctam
1788 2994 1946 3050 Jere-

288 3080 576 3152 solymam
622 3081 888 3153 populati
939 3088 1080 3139 sunt
1109 3084 1191 3151 8‘;
1226 3100 1405 3154 quam
1467 3101 1573 3139 nec
1624 3084 1831 3150 oratio,
1884 3087 1949 3138 ut

291 3170 536 3241 dignum
588 3175 698 3240 est,
748 3170 1092 3243 exprimere,
1127 3190 1232 3229 nec
1265 3173 1426 3229 auris
1465 3189 1670 3245 capere
1711 3177 1943 3245 potest;

292 3259 375 3313 ita
408 3262 472 3313 ut
502 3258 672 3315 aliter
700 3260 984 3317 Jeremias
1015 3262 1085 3317 ad
1118 3279 1248 3318 eam
1282 3262 1677 3318 calamitatem
1711 3279 1811 3333 pro
1857 3250 1948 3316 di-

2046 664 2262 721 ἀσύλων
2329 669 2517 742 μιαραὶ
2577 674 2781 744 χεῖρες,
2842 672 2979 724 κατᾶ
3025 675 3133 727 τῶν
3184 668 3341 743 ᾠδῶν
3384 669 3707 747 σάλπιγγες.

2044 757 2244 812 Σκόπει
2306 778 2400 829 μοι
2446 758 2512 812 τὰ
2556 759 2774 822 τούτοις
2824 759 3081 833 ἑπόμενα,
3131 760 3431 823 πίπτοντας
3498 759 3699 837 ἄνδρας

2048 847 2096 902 ἐν
2161 852 2277 908 τοῖς
2351 846 2544 923 ἁγίοις,
2617 851 3069 923 συμπατουμένας
3132 856 3409 927 γυναῖκας,
3441 848 3583 906 ἔστιν
3645 852 3711 913 ἃς

2046 935 2135 990 καὶ
2171 936 2306 1008 μετά
2343 941 2441 991 to?)
2472 938 2673 1015 φόρτου
2704 947 2802 1009 τῆς
2834 938 3067 1017 φύσεως,
3100 941 3227 1003 τοὺς
3277 941 3565 1016 προώρους
3610 940 3709 995 τό-

2046 1045 2173 1086 κους
2232 1024 2321 1080 καὶ
2383 1026 2631 1099 ἀτόκους,
2683 1029 2851 1083 εἰπεῖν
2902 1029 3271 1103 οἰκειότερος·
3352 1027 3709 1103 διελκομένας

2046 1113 2343 1189 παρθένους
2403 1115 2635 1191 οἷκτρῶς
2687 1118 3036 1191 αἰκιζομένας
3103 1118 3424 1195 αἷσχὸτερον
3502 1119 3711 1194 (αἰσχύ-

2047 1224 2206 1275 νομαι
2266 1203 2355 1257 καὶ
2412 1210 2667 1281 γυναῖκας
2718 1207 2807 1261 καὶ
2868 1205 3064 1283 ἄνδρας
3126 1208 3295 1262 εἰπεῖν
3353 1208 3445 1261 τὸν
3476 1207 3708 1283 τρόπον,

2047 1295 2135 1347 καὶ
2162 1298 2437 1369 γυμνῶσαι
2487 1294 2565 1367 τῷ
2616 1293 2766 1371 λόγῳ
2812 1298 2880 1351 τὰ
2926 1299 3139 1370 κρυπτά
3165 1304 3265 1366 τῆς
3299 1296 3591 1373 αἰσχύνης,
3623 1297 3711 1359 οἷς

2048 1384 2137 1437 καὶ
2194 1383 2316 1437 τότε
2371 1386 2730 1458 γυμνωθεῖσιν
2800 1386 3172 1460 αίσγύνομαι),
3238 1386 3335 1449 τὰς
3419 1388 3510 1459 μὲν
3570 1387 3707 1441 κατά

2051 1472 2292 1551 φρεάτων
2351 1474 2652 1551 φερομένας
2706 1480 2815 1530 τῶν
2871 1473 3020 1531 ἔνδον
3077 1480 3175 1530 τοῦ
3208 1474 3379 1551 ἱεροῦ,
3432 1476 3528 1538 τὰς
3563 1473 3620 1530 δὲ
3650 1475 3711 1530 έκ

2048 1585 2155 1617 των
2189 1563 2448 1637 ὑπερῴων
2622 1566 3064 1638 κρημνιζομένας
3118 1564 3207 1621 ἐπὶ
3237 1570 3304 1638 τῇ
3351 1565 3548 1635 ἀτοπίᾳ
3601 1568 3711 1619 τῶν

2056 1651 2372 1728 ὁρωμένων,
2430 1652 2525 1715 τὰς
2584 1651 2641 1708 δὲ
2697 1660 2816 1718 ταῖς
2867 1656 3144 1728 κειμέναις
3191 1654 3703 1731 ἐπισωρευομένας·

2049 1742 2174 1804 τους
2232 1740 2319 1796 ἐπὶ
2377 1746 2494 1803 τοῖς
2552 1742 2739 1819 φόνοις
2792 1739 3011 1821 φόνους,
3062 1745 3131 1799 τὰ
3162 1743 3249 1799 ἐπὶ
3294 1748 3414 1806 τοῖς
3452 1744 3710 1816 πτώμασι

2050 1832 2338 1903 πτώματα,
2398 1831 2713 1904 πατούμενα
2764 1828 3027 1908 βεϐήλοις
3073 1832 3200 1887 ποσὶ
3248 1833 3315 1887 τὰ
3353 1832 3503 1907 ἅγια,
3529 1834 3710 1887 θυσια-

2053 1923 2246 1996 στήρια
2276 1915 2712 1996 ωθυϐριζὸμενα
2771 1924 3047 1997 σχήμασιν
3102 1920 3353 1997 ἀσελγέσι
3406 1920 3495 1976 καὶ
3542 1919 3715 1994 ᾅσμα-

2042 2031 2144 2079 σιν,
2178 2011 2252 2071 ὡς
2287 2007 2343 2064 δὲ
2372 2009 2575 2082 ἀκούώ,
2605 2010 2679 2079 (τί
2707 2016 2868 2066 τοῦτο
2899 2014 2933 2081 ἡ
2965 2010 3224 2085 τολμηρά
3264 2008 3496 2086 γλῖςσσα
3544 2009 3709 2085 φθέγ-

2044 2102 2185 2169 ξεται
2210 2102 2246 2171 ς)
2295 2099 2384 2154 καὶ
2415 2105 2533 2161 τοῖς
2568 2100 2701 2175 ὑπὲρ
2735 2099 2909 2155 αὐτῶν
2962 2100 3245 2176 ὀρχήμασι
3298 2101 3387 2154 καὶ
3442 2098 3711 2174 λυγίσμα-

2050 2211 2139 2243 σι·
2196 2186 2627 2264 δημηγορούσας
2687 2188 2775 2244 ἐπὶ
2822 2194 2930 2244 τῶν
2974 2194 3139 2265 ἰερῶν
3192 2188 3405 2263 θρόνων
3453 2186 3710 2263 γλώσσας

2054 2278 2438 2356 βλασφήμους,
2494 2280 2766 2354 μυστήρια
2829 2277 3272 2352 κωμῳδούμενα,
3350 2277 3711 2351 σιωπωμένας

2049 2365 2402 2441 ψαλμῳδίας,
2452 2367 2703 2442 οἰμωγὰς
2772 2366 3237 2444 ἀντεγειρομένας,
3306 2365 3522 2439 αἷμάτω
3585 2365 3715 2443 ὀχε-

2046 2456 2193 2527 τοὺς,
2229 2454 2474 2532 δακρύων
2508 2457 2712 2533 πηγὰς,
2743 2457 2906 2533 ἱερεῖς
2957 2455 3283 2531 ἀγομένους,
3337 2455 3709 2529 μονοτρόπους

2050 2544 2543 2623 σπαρασσομένους,
2603 2552 2777 2600 πᾶσαν
2833 2552 2935 2616 τῆς
2995 2545 3299 2621 Ἀσσυρίων
3357 2543 3712 2619 καταδρομῆς

2047 2638 2146 2705 τὴν
2182 2634 2379 2704 εἰκόνα,
2414 2634 2478 2704 ἥν
2511 2655 2643 2689 ποτε
2684 2636 2782 2704 τὴν
2830 2634 2989 2710 ἁγίαν
3035 2632 3404 2710 Ἰερουσαλὴμ
3447 2631 3707 2708 κατέδρα-

2055 2744 2188 2799 μονο
2236 2724 2301 2793 ἦν
2356 2726 2494 2797 μήτε
2544 2722 2712 2799 λόγος
2752 2724 2915 2797 ἀξίως
2969 2726 3328 2800 παραστῆσαι,
3393 2725 3532 2796 μήτε
3574 2723 3711 2791 ἀκοὴ

2051 2821 2307 2890 χωρῆσαι
2360 2810 2600 2886 δύναται,
2657 2814 2831 2886 μόνης
2882 2811 2940 2868 δὲ
2981 2820 3083 2882 τῆς
3109 2812 3376 2886 Ἱερεμίου
3406 2811 3495 2866 καὶ
3526 2813 3712 2887 ψυχῆς

2051 2903 2142 2959 καὶ
2191 2909 2377 2979 φωνῆς
2423 2904 2559 2977 πρὸς
2605 2903 2752 2973 ἀξίαν
2800 2899 3135 2978 ὂδύρασθαμ
3185 2900 3244 2963 ὃς
3294 2900 3382 2955 καὶ
3411 2900 3591 2974 πηγὰς
3622 2896 3717 2954 δα-

2052 2991 2231 3068 κρύων
2266 2991 2528 3062 ἐπιζητεῖ,
2553 2992 2642 3047 καὶ
2671 2991 2731 3046 ἐκ
2771 2996 2972 3067 τειχῶν
3004 2988 3363 3067 προκαλεῖται
3394 2992 3589 3063 θρῆνον
3623 2987 3712 3043 ἐπὶ

2054 3082 2326 3142 τοιούτοις
2376 3081 2590 3150 πάθεσι,
2632 3082 2722 3136 καὶ
2768 3078 2916 3143 ὁδοῖς
2977 3081 3119 3135 Σιὼν
3169 3073 3456 3135 ἐπιϐάλλει
3499 3077 3716 3146 πένθος,

2059 3168 2157 3224 οὐκ
2190 3169 2448 3244 ἀγούσαις
2477 3170 2604 3233 τοὺς
2639 3172 3012 3244 ἑορτάζοντας.

297 3347 523 3419 gnitate
554 3348 1043 3422 complorandum
1076 3351 1447 3408 adhibendus
1479 3352 1594 3419 sit;
1628 3350 1727 3423 qui
1756 3350 1932 3406 etiam
1967 3349 2356 3423 lacrymarum
2392 3351 2582 3405 fontes
2611 3351 2891 3423 exposcit,
2933 3353 3104 3421 atque
3134 3366 3203 3405 ex
3233 3347 3397 3405 urbis
3429 3346 3723 3403 mcenibus

296 3439 369 3493 ob
401 3439 636 3494 easdem
668 3439 1035 3497 calamitates
1065 3442 1137 3497 ad
1169 3441 1397 3497 luctum
1434 3440 1702 3498 homines
1732 3441 2021 3507 hortatur,
2054 3440 2281 3512 viisque
2309 3439 2447 3495 Sion
2478 3439 2705 3496 luctum
2737 3439 2961 3497 indicit.
2998 3457 3063 3496 eo
3094 3439 3250 3511 quod
3285 3437 3499 3509 nullos,
3531 3454 3567 3493 a
3593 3435 3727 3508 qui-

294 3530 407 3583 bus
440 3529 585 3583 festa
614 3529 999 3599 celebrentur,
1032 3532 1329 3587 adducant
1356 3532 1422 3586 5’.

370 3618 516 3674 XIII.
550 3618 711 3674 Hanc
757 3620 1106 3693 tragoediam
1155 3621 1362 3678 Oriens
1408 3622 1643 3693 quidem
1695 3620 1860 3686 vidit,
1893 3625 1951 3675 at
1983 3625 2024 3688 Π

297 3710 580 3765 Occidens
612 3726 841 3781 quoque
870 3712 1121 3778 deflevit,
1153 3712 1245 3767 cui
1286 3712 1674 3769 immanitatis
1707 3712 1952 3782 hujusce

293 3800 463 3871 signa
496 3798 776 3870 fugitivus
824 3801 1071 3856 antistes
1115 3801 1345 3873 publice
1393 3802 1711 3874 spectanda
1742 3818 1950 3873 propo-

299 3889 439 3943 suit.
472 3887 595 3951 Quo
628 3887 842 3959 pacto?
876 3890 979 3944 Pro
1029 3891 1412 3947 cadaveribus
1457 3895 1731 3946 cruentas
1760 3896 1956 3945 vestes

301 3977 573 4034 Ecclesia:
606 3978 879 4033 Romanis
927 3979 1192 4050 protulit,
1216 3997 1281 4035 ac
1314 3998 1415 4053 per
1441 3981 1678 4036 tacitam
1712 3996 1953 4036 accusa-

300 4068 522 4124 tionem
580 4068 858 4125 omnibus
910 4068 1200 4141 lacrymas
1246 4071 1447 4138 movit,
1497 4075 1564 4126 ut
1603 4070 1957 4126 calamitatis

306 4159 775 4231 magnitudinem
806 4160 866 4214 in
898 4160 1084 4216 oculis
1113 4164 1172 4216 et
1202 4166 1442 4232 aspectu
1472 4161 1769 4233 deﬁgeret,
1806 4176 1959 4231 aque

307 4248 590 4304 auxilium
622 4250 1082 4318 nancisceretur,
1118 4251 1617 4321 quemadmodum
1646 4250 1822 4305 etiam
1857 4267 1957 4304 na-

304 4345 462 4394 ctum
481 4354 610 4394 esse
630 4337 873 4395 scimus.
890 4338 980 4394 Fit
999 4338 1154 4394 enim
1180 4339 1391 4405 fere,ut
1407 4339 1509 4410 qui
1535 4338 1745 4409 opibus
1767 4355 1833 4393 ac
1859 4356 1958 4409 po-

305 4429 490 4482 tentia
514 4426 813 4497 praecellit,
831 4428 904 4482 ad
927 4426 1146 4482 inﬁrmi
1166 4427 1482 4499 afﬂictique
1505 4427 1801 4483 miseriam
1824 4427 1961 4483 sub—

303 4516 616 4571 levandum
651 4515 903 4571 maxime
935 4515 1285 4584 inﬂectatur,
1317 4534 1383 4573 ac
1429 4521 1752 4589 spontaneo
1784 4518 1959 4573 bene-

302 4604 568 4661 volentia
622 4606 855 4674 affectu,
889 4606 960 4662 ad
1002 4621 1158 4678 eum,
1192 4606 1292 4679 qui
1340 4606 1626 4680 dignitate
1674 4606 1958 4662 imminu-

300 4701 398 4752 tus
429 4701 538 4767 est,
572 4712 633 4752 se
674 4696 979 4769 adjungat.
1025 4700 1145 4753 Hoc
1192 4698 1430 4769 quidem
1477 4713 1683 4753 omnes
1732 4696 1811 4767 pii
1852 4696 1958 4750 viri

304 4786 649 4859 gravissime
672 4788 977 4855 tulerunt;
1010 4791 1075 4843 tu
1104 4804 1261 4861 vero,
1293 4791 1456 4843 tanto
1487 4786 1677 4860 magis
1710 4802 1962 4841 commo-

301 4880 400 4932 tus
426 4893 512 4944 es,
555 4881 777 4949 quanto
807 4881 866 4933 et
894 4876 1127 4933 dicendi
1156 4874 1433 4932 facultate
1462 4879 1641 4947 atque
1672 4875 1958 4939 doctrina,

2134 3619 2230 3673 II".
2262 3620 2434 3672 Τοῦτο
2463 3618 2525 3672 τὸ
2573 3614 2756 3693 δρᾶμα
2813 3615 2922 3672 εἶδε
2981 3617 3075 3689 μὲν
3114 3616 3223 3688 ἑῴα
3249 3614 3427 3684 λῆξις,
3462 3612 3723 3688 ὲθρήνησε

2060 3706 2118 3762 δὲ
2167 3706 2258 3763 καὶ
2315 3704 2585 3783 ἐσπὲριος,
2640 3706 2677 3781 ᾖ
2729 3707 2798 3761 τὰ
2850 3703 3107 3778 σύμϐολα
3161 3707 3259 3773 τῆς
3306 3700 3560 3764 ἀπονοίας
3590 3702 3720 3779 ὁφυ-

2061 3797 2161 3871 γάς
2217 3795 2393 3871 ἱερεὺς
2451 3799 2564 3869 (57)
2617 3791 2993 3871 ἐθριάμϐευσε.
3053 3794 3184 3849 Τίνα
3236 3793 3479 3869 τρόπον;
3542 3797 3720 3865 Πρου-

2064 3889 2197 3954 θηκε
2225 3889 2293 3959 τῇ
2326 3885 2627 3957 Ἐκκλησία
2663 3885 2974 3958 Ῥωμαίων,
3005 3884 3123 3939 ἀντὶ
3178 3888 3286 3939 τῶν
3344 3886 3570 3955 νεκρῶν,
3618 3880 3718 3947 τήν

2063 3976 2393 4051 ᾑμαγμένην
2454 3975 2671 4046 ἐσθῆτα,
2728 3976 2818 4031 καὶ
2876 3980 3014 4030 κινεῖ
3070 3971 3331 4046 πάνδημα
3381 3969 3585 4045 δάκρυα
3632 3967 3721 4024 διὰ

2064 4073 2163 4135 τῆς
2221 4066 2519 4136 σιωπώσης
2576 4066 2926 4142 κατηγορίας,
2990 4062 3083 4119 ’ίνα
3147 4062 3238 4118 καὶ
3299 4061 3608 4137 παρεστήσῃ
3660 4058 3726 4114 τὸ

2066 4154 2261 4223 πάθος,
2319 4155 2409 4208 καὶ
2456 4159 2565 4209 τῶν
2618 4153 2806 4209 δεινῶν
2854 4153 3139 4226 ἐπίκουρον
3349 4144 3511 4225 λάϐῃ,
3543 4148 3722 4221 ὥσπερ

2068 4245 2158 4299 οὖν
2217 4245 2307 4299 καὶ
2365 4242 2633 4322 εἰληφότα
2689 4242 2970 4319 ἔγνωμεν⁹
3028 4241 3217 4310 ἐπειδή
3277 4238 3428 4319 φιλεῖ
3488 4237 3723 4313 μάλιστα

2067 4336 2405 4407 κάμπτεσθαι
2437 4333 2498 4387 τὸ
2527 4333 2766 4410 προέχον
2800 4334 2939 4409 πρὸσ
2966 4332 3030 4387 τὸ
3085 4332 3321 4402 ἀσθενὲς,
3370 4328 3460 4384 καὶ
3520 4326 3589 4383 δι’
3640 4326 3725 4382 εὐ-

2067 4421 2218 4484 νοίας
2252 4421 2499 4477 ἑκουσίου
2548 4421 2627 4495 τῷ
2675 4422 3058 4495 ἐλαττουμένῳ
3106 4419 3510 4497 προστίθεσθαι.
3558 4421 3727 4472 Τοῦτο

2068 4512 2265 4587 ἤνεγκε
2324 4514 2417 4586 μὲν
2474 4510 2599 4567 οὐδὲ
2644 4516 2749 4567 τῶν
2810 4510 2997 4567 ἄΛλων
3061 4505 3295 4566 εὐσεϐῶν
3346 4505 3474 4564 οὐδὲ
3519 4505 3634 4568 εἷς·
3670 4506 3729 4560 σὲ

2070 4602 2127 4659 δὲ
2182 4607 2321 4657 κινεῖ
2376 4600 2465 4657 καί
2524 4599 2715 4673 πλέον,
2774 4602 2886 4674 ὅσῳ
2942 4599 3032 4656 καὶ
3086 4600 3179 4655 τὸν
3238 4597 3406 4673 λόγον
3480 4593 3728 4651 τελεύτα-

2070 4713 2184 4769 ρος,
2241 4691 2331 4747 καὶ
2386 4693 2477 4747 τὸν
2544 4689 2710 4761 ζῆλον
2771 4689 3123 4764 θερμότερος.
3184 4686 3281 4743 Διὰ
3334 4690 3497 4741 τοῦτο
3552 4683 3723 4739 πολε-

2074 4787 2192 4854 μιῖς
2254 4782 2347 4853 μὲν
2409 4781 2541 4857 ὑπὲρ
2598 4785 2696 4835 τοῦ
2753 4778 2956 4854 Λόγου,
3014 4776 3238 4851 πολεμῇ
3318 4772 3375 4829 δὲ
3451 4772 3555 4830 ὑπὸ
3625 4778 3725 4840 τῆς

2072 4866 2315 4932 ἀσεϐείας
2365 4872 2516 4944 (59)·
2574 4868 2663 4925 καὶ
2713 4869 2849 4946 πρὸς
2909 4866 3148 4929 πολλοῖς
3209 4862 3429 4933 ἄλλοις,
3477 4864 3558 4925 οἷς
3594 4860 3726 4935 ὑπὲρ

300 4971 358 5022 et
387 4965 495 5022 zeli
526 4966 746 5022 fervore
775 4966 998 5023 caeteris
1028 4964 1438 5023 antecellebas.
1464 4965 1746 5031 Quocirca
1766 4968 1831 5019 ut
1854 4980 1948 5035 prc

2068 4964 2166 5015 τοῦ
2224 4957 2397 5015 καλοῦ
2444 4959 2693 5034 πράττων
2752 4959 2841 5015 καὶ
2900 4956 3077 5033 λέγων
3116 4956 3410 5030 ἠγώνισαι,
3442 4949 3728 5020 διδάσκων,

2169 5051 2192 5064 Α
2263 5054 2290 5063 ~
2417 5048 2464 5064 εὴ
2609 5047 2623 5064 Ι
2898 5044 2943 5064 ’Χ
2968 5046 2979 5064 Ι
3251 5043 3265 5064 Ὶ
3377 5063 3381 5064 ,
3445 5046 3473 5057 η’
3508 5062 3512 5064 .
3616 5060 3708 5064 _.,_-

300 5054 490 5111 Verbo
522 5053 741 5110 bellum
774 5055 947 5123 geris,
979 5055 1061 5111 ita
1088 5055 1263 5110 etiam
1300 5055 1372 5109 ab
1402 5054 1706 5126 impietate
1739 5052 1954 5108 bellum

374 5156 391 5190 ί
424 5153 542 5208 Jer.
574 5170 652 5221 1x,
686 5155 738 5220 1,
813 5155 859 5192 ⁵³
891 5156 1106 5210 Thren.
1140 5172 1178 5225 ι,
1211 5154 1237 5209 1
1275 5170 1405 5225 sqq.

303 5251 531 5308 Alludit
560 5251 714 5307 enim
749 5252 1061 5315 Gregorius
1112 5254 1184 5308 ad
1235 5252 1355 5307 haec
1401 5251 1564 5306 Isaiae
1615 5252 1810 5315 verba,
1859 5266 1962 5312 vn,

300 5327 336 5380 6
370 5341 381 5379 :
417 5323 780 5379 Ascendamus
812 5321 888 5379 ad
900 5326 1119 5392 Iudam,
1141 5329 1191 5380 et
1218 5326 1549 5381 suscitemus
1574 5340 1720 5391 eum,
1740 5326 1790 5377 el
1813 5321 1961 5377 avel-

306 5398 490 5451 lamus
520 5410 643 5449 eum
675 5397 744 5450 ad
776 5412 897 5461 nos,
934 5406 985 5453 et
1010 5413 1287 5468 ponamus
1318 5412 1497 5467 regem
1546 5397 1606 5450 in
1633 5394 1813 5450 medio
1844 5394 1963 5463 ejus

310 5470 493 5541 ﬁlium
527 5468 752 5541 Tabeet.

385 5540 500 5610 (56)
530 5538 834 5622 ’ξπερῲωςμ
865 5562 898 5622 ,σε
932 5539 973 5594 Ε
1012 5539 1418 5622 superioribus
1448 5539 1615 5622 locis,
1650 5560 1676 5586 ››
1708 5541 1767 5593 et
1796 5536 1962 5622 quasi

310 5609 835 5679 ccsnaculis,'unde
864 5611 1059 5668 Sacris
1089 5609 1445 5679 intererant;
1489 5611 1598 5679 vel,
1632 5626 1661 5666 e
1692 5609 1965 5665 cancellis

312 5702 415 5757 per
446 5700 592 5757 quos
626 5683 962 5757 audiebant.

385 5753 499 5834 £572
554 5754 609 5806 Ὀ
666 5756 835 5834 φυγὰς
894 5753 1087 5834 ἱερεύς.
1161 5753 1353 5834 Sohpl.
1417 5772 1429 5811 :
1492 5754 1695 5828 Πέτρος
1765 5753 1792 5806 ὁ
1855 5756 1968 5834 μετ’

385 5775 498 5827 (Ol)
571 5775 609 5806 U
666 5776 735 5834 φ’)
776 5775 835 5816 ας
900 5775 1087 5830 ιεριυις.
1162 5775 1353 5811 ῸΟΠΟΙ.
1417 5775 1429 5811 ἶ
1492 5775 1695 5828 ιιετρος
1765 5775 1792 5806 ο
1855 5775 1963 5824 μετ

307 5825 646 5889 ’Δθανάσιθν.
679 5852 705 5881 υ
740 5775 949 5887 ίνοιιδυε
981 5827 1286 5883 Athanasii
1315 5842 1641 5897 successor,
1690 5848 1719 5877 ››
1779 5825 1879 5897 qui
1936 5840 1966 5879 e

2067 5051 2355 5117 νουθετῶν,
2414 5047 2815 5125 ἐξαιρούμενος,
2895 5044 3169 5121 ἰλέγχων,
3246 5043 3533 5116 ἐπιτιμῶν,
3611 5060 3731 5115 συγ-

2074 5248 2210 5302 sede
2231 5247 2730 5318 ejectus,Romam
2752 5244 2948 5319 petiit;
2974 5246 3130 5301 unde
3152 5246 3285 5317 post
3298 5240 3559 5319 Valentis
3581 5254 3726 5319 mor:

2072 5325 2213 5375 tem.
2245 5312 2660 5375 Alexandriam
2712 5312 2981 5374 reversus
3029 5312 3291 5383 estfnon
3332 5313 3461 5369 sine
3490 5312 3729 5368 Damasi

2076 5391 2288 5447 litteris
2319 5392 2390 5446 ad
2418 5391 2871 5447 Alexandrinos.

2144 5464 2268 5544 (58.).
2317 5466 2433 5544 Τῶν
2509 5458 2709 5544 δεινῶν
2780 5461 3108 5544 ἑπικουρσν..
3168 5457 3460 5544 Damasus

2077 5527 2334 5617 pontifex
2367 5534 2461 5590 hic
2492 5534 2855 5608 designatur,
2886 5527 2987 5603 qui
3014 5532 3254 5587 Petrum
3286 5527 3537 5600 benigne
3567 5539 3731 5581 exce-

2077 5613 2415 5747 Ὑπὸ
2453 5682 2554 5745 τῆς
2613 5671 2879 5735 ἀσεϐείας.
2939 5678 3004 5729 In
3061 5671 3386 5747 nonnullis,
3446 5668 3578 5743 ὑπὲρ
3632 5671 3735 5733 τῆς

2078 5743 2368 5817 εὐσεϐείας,
2402 5772 2431 5801 ‹‹
2456 5743 2695 5807 Pietatis
2723 5765 2905 5806 causa
2932 5745 3327 5820 impugnaris.
3383 5764 3405 5793 ι
