4110 6452
313 411 470 482 1217

1101 405 1390 477 ORATIO
1435 407 1622 474 XXV.
1656 445 1734 456 -
1763 408 1838 472 ΙΝ
1887 407 2212 472 LAUDEM
2257 407 2600 475 HERONIS
2647 413 2952 480 PHILOS.

3579 426 3738 490 1218

311 553 480 628 χέων.
515 550 756 620 ἰδιώτας,
784 550 1077 626 ἄρχοντας,
1111 545 1246 617 ἷδίᾷ,
1305 545 1564 619 δημοσίᾳ,
1611 544 1747 598 κατὰ
1797 541 1970 596 πάντα

2116 545 2190 599 ibi
2222 545 2473 601 infertur
2504 566 2518 604 :
2553 565 2618 603 ac
2650 553 2858 620 praeter
2887 551 2998 606 alia
3030 552 3208 608 multa
3244 559 3585 631 certamina,
3609 579 3736 634 quae

315 641 504 719 καιρὸν
534 643 622 696 καὶ
651 643 817 696 τόπον
844 661 856 673 ·
888 639 1072 706 τέλος,
1135 637 1298 711 μανίᾳ
1346 634 1730 711 συναρπασθεὶς
1791 632 1975 688 δυσσε-

315 728 447 794 ϐοῦς
480 732 743 802 ἔξουσίας,
875 736 975 798 τῆς
1007 729 1254 803 εὐγενοῦς
1287 729 1398 801 (60)
1437 730 1720 802 συμφορᾶς
1751 726 1762 780 ί
1797 723 1840 778 ὥ
1870 727 1977 777 τῶν

316 823 479 898 ἱερῶν
528 842 624 876 σου
680 819 1004 896 τραυμάτων
1034 820 1072 891 ί)
1129 817 1280 891 ξαίνῃ
1341 817 1434 888 μὲν
1483 816 1574 869 τὸν
1621 813 1786 868 καλὸν
1819 816 1979 884 σῶμα

314 915 438 972 ταῖς
492 910 757 982 μάστιξιν,
804 908 984 980 ὥσπερ
1035 905 1093 961 δὲ
1138 909 1252 980 (61)
1302 904 1477 960 ἄλλου
1509 905 1704 972 Θεατής
1738 904 1976 975 πάσχον·
2025 925 2034 933 -

315 1020 412 1061 τος
440 1019 450 1029 ·
484 999 573 1052 καὶ
622 1000 846 1071 κάμπτῃ
899 997 992 1070 μὲν
1044 996 1106 1050 τὸ
1137 996 1440 1070 ὁρώμενον,
1471 993 1534 1048 οὐ
1567 986 1889 1065 καταϐάλλῃ
1923 988 1979 1044 δὲ

317 1089 384 1142 τὸ
440 1088 736 1160 νοούμενον
765 1107 776 1120 ·
829 1085 1165 1156 στηκιτεύεις
1211 1087 1328 1158 (62)
1371 1085 1472 1152 τήν
1503 1080 1748 1156 ἀνδρείαν
1782 1080 1833 1132 ἐν
1864 1083 1980 1139 ταῖς

321 1176 574 1232 ἀπάντων
647 1172 843 1249 ὄψεσι·
924 1173 1044 1248 γίνῃ
1123 1171 1180 1227 δὲ
1251 1172 1340 1228 καὶ
1410 1176 1573 1247 σιγῶν
1631 1172 1729 1238 τῆς
1785 1189 1978 1244 καρτε-

319 1267 440 1342 ρίας
497 1263 843 1335 διδάσκαλος,
904 1261 1090 1333 ἐπειδή
1160 1283 1221 1338 γε
1278 1265 1313 1331 ἡ
1370 1259 1594 1337 γλῶσσα
1652 1261 1863 1335 παρῆκε
1919 1259 1980 1312 τὸ

318 1355 662 1434 φθέγγεσθαι.

2090 634 2312 688 honesti
2347 652 2542 701 causa,
2577 655 2749 707 opere
2779 646 2837 693 et
2867 658 3136 697 sermone
3167 645 3422 711 subiisti,
3446 649 3588 704 dum
3621 653 3739 723 pri-

2086 728 2248 778 vatos
2282 729 2338 778 et
2369 726 2684 798 principes,
2728 729 2999 798 privatim
3033 738 3090 786 et
3122 735 3370 803 publice,
3395 739 3595 806 quovis
3639 741 3740 797 de-

2088 813 2266 884 nique
2297 817 2555 886 tempore
2603 820 2659 870 et
2707 815 2832 871 loco
2863 820 3056 886 doces,
3083 824 3382 892 admones,
3407 829 3626 900 arguis,
3651 831 3741 884 in-

2089 919 2314 974 erepas,
2356 905 2701 972 conl'undis;
2734 908 2804 961 ad
2838 913 3162 966 extremum
3199 913 3390 984 impias
3441 920 3743 988 potestatis

2095 995 2284 1046 lurore
2333 995 2792 1065 comprehensus
2841 1003 2894 1065 (0
2928 999 3184 1055 nobilem
3239 1003 3670 1062 calamitatem!
3713 1026 3745 1066 0

2091 1097 2252 1135 sacra
2284 1084 2384 1135 tua
2402 1082 2647 1138 vulnera
2668 1082 2704 1153 l)
2737 1085 2916 1154 virgis
2943 1088 3182 1157 quidem
3214 1091 3466 1163 eleganti
3501 1097 3651 1153 465
3678 1114 3746 1153 ac

2091 1171 2300 1224 decoro
2335 1186 2574 1241 corpore
2607 1173 2903 1240 laceraris,
2930 1176 3030 1231 sed
3065 1177 3168 1244 ita,
3196 1195 3263 1234 ac
3293 1181 3340 1235 si
3371 1184 3747 1254 vapulantem

2092 1258 2340 1312 alterum
2374 1263 2706 1330 spectares:
2732 1269 2789 1316 et
2820 1279 3158 1335 quanquam
3193 1284 3259 1322 ea
3289 1269 3375 1323 tui
3407 1277 3589 1342 parte,
3615 1291 3746 1346 quas

2095 1348 2151 1400 in
2186 1352 2488 1417 aspectum
2512 1349 2687 1416 cadit,
2712 1350 3044 1421 inflectat-is,
3070 1371 3137 1409 ea
3157 1363 3516 1430 tamen,qute
3550 1368 3746 1420 mente

317 1446 662 1519 percipitur,
693 1443 1155 1515 haudquaquam
1206 1440 1475 1512 dejiceris
1505 1457 1518 1495 :
1553 1439 1692 1511 quin
1727 1438 1923 1510 potius
1973 1435 2376 1490 fortitudinem
2407 1437 2482 1491 ob
2512 1439 2778 1495 omnium
2811 1441 3012 1496 oculos
3060 1448 3342 1516 tanquam
3373 1448 3431 1502 in
3465 1448 3744 1508 columna

317 1534 571 1608 seulpis;
606 1538 782 1606 atque
813 1534 987 1589 etiam
1019 1537 1244 1599 tacens,
1277 1531 1488 1604 (neque
1514 1530 1670 1585 enim
1706 1544 1919 1583 munus
1941 1527 2065 1597 jam
2101 1541 2276 1580 suum
2324 1527 2560 1598 exsequi
2611 1527 2811 1600 lingua
2860 1533 3128 1603 poterat),
3162 1537 3503 1593 constantia
3553 1540 3743 1612 magi-

320 1629 512 1681 trum
544 1627 600 1679 te
632 1623 876 1695 praebes.

307 1767 319 1778 _
395 1712 492 1769 IA'.
530 1710 655 1765 Εἶτα
711 1709 802 1776 τί;
861 1714 971 1777 Τῆς
1023 1704 1284 1781 πατρίδος
1342 1705 1652 1780 ὑπερορίζῃ,
1733 1705 1760 1758 6
1818 1701 1981 1775 μηδε-

323 1800 450 1874 μίαν
483 1802 597 1873 (63)
629 1797 785 1861 εἰδὼς
819 1798 1020 1853 οἰκείαν
1068 1796 1157 1851 καὶ
1216 1793 1537 1870 ἀλλοτρίαν,
1596 1793 1720 1865 ἐμοὶ
1783 1789 1982 1862 δοκεῖν,

319 1888 416 1944 ’ίνα
470 1887 559 1943 καὶ
620 1886 785 1942 ἄλλοι
836 1885 1166 1942 παιδευθῶσι
1224 1882 1313 1939 διὰ
1361 1889 1457 1938 σοῦ
1514 1885 1615 1951 τὴν
1671 1876 1980 1936 εὐσέϐειανο

2161 1703 2303 1758 XIV.
2338 1705 2485 1769 Quid
2519 1706 2764 1775 postea?
2808 1708 2850 1762 E
2880 1707 3078 1780 patriae
3131 1711 3346 1768 finibus
3395 1717 3748 1774 extermina-

2097 1793 2198 1858 ris,
2224 1794 2322 1862 qui
2357 1809 2462 1848 nec
2496 1795 2794 1865 propriam
2828 1797 3034 1863 ullam,
3059 1815 3162 1854 nec
3189 1802 3439 1860 alienam
3461 1807 3757 1878 agnoscis,

2098 1889 2162 1935 ut
2195 1881 2317 1952 alii,
2359 1899 2489 1937 mea
2519 1883 2757 1953 quidem
2805 1888 3115 1952 sententia,
3152 1906 3250 1958 per
3298 1896 3353 1947 te
3399 1895 3471 1948 ad
3527 1895 3760 1966 pietatis

327 1978 512 2039 Ὄασίς
573 1997 657 2030 σοι
721 1980 830 2040 (64)
886 1977 948 2030 τὸ
1015 1973 1468 2051 φυγαδευτήριον,
1528 1975 1564 2041 ἡ
1625 1973 1984 2042 ἀπάνθρωπος

2114 1971 2368 2026 studium
2401 1973 2768 2029 erudiantur.
2791 1975 2957 2031 Oasis
2987 1977 3332 2044 inhumana,
3360 1942 3624 2053 inquarm,
3659 1985 3760 2041 illa

327 2067 556 2144 ἐρημία,
605 2067 667 2120 τὸ
722 2063 810 2120 διὰ
860 2067 915 2119 σε
964 2063 1157 2118 λοιπὸν
1198 2063 1378 2138 εὐαγὲς
1408 2065 1522 2135 (65)
1553 2061 1782 2137 χωρίον.
1815 2060 1993 2114 Μετά-

331 2155 428 2218 δος
486 2158 620 2227 ἡμῖν
671 2156 760 2208 καὶ
817 2159 925 2207 τῶν
984 2161 1083 2222 τῆς
1120 2151 1408 2228 ὑπερορίας
1440 2172 1535 2204 σου
1564 2149 1770 2216 καλῶν,
1807 2146 1991 2216 ἐπειδὴ

328 2267 392 2322 γε
451 2249 556 2300 τῶν
616 2251 716 2313 τῆς
759 2240 1023 2298 ἐπανόδου
1059 2241 1388 2314 μετέδωκας.
1447 2239 1682 2308 Ποίησον
1714 2241 1848 2310 ἡμῖν
1884 2236 1996 2290 θὲα-

329 2355 464 2409 τρον
491 2336 590 2403 τὴν
651 2328 935 2386 ἐπάνοδον.
995 2328 1152 2390 Τίνας
1215 2329 1325 2383 ἐκεῖ
1362 2328 1678 2405 φιλοσοφεῖν
1713 2324 1993 2395 ἐδίδαξας;

334 2422 489 2484 τίνας
548 2421 812 2496 ἐκάθηρας
865 2424 973 2474 τῶν
1033 2412 1240 2471 ἀσεϐῶν
1291 2416 1660 2489 ὑπολήψεων;
1718 2415 1867 2475 τίνας
1924 2416 1993 2486 τῇ

342 2507 589 2583 εὐσεϐείᾳ
641 2511 1026 2584 προσήγαγες
1076 2508 1236 2582 Ὀρᾲν
1283 2527 1377 2577 μοι
1437 2502 1582 2559 δοκῶ
1627 2505 1690 2558 τὸ
1740 2503 1847 2558 ἐκεῖ
1875 2523 1998 2556 παι-

337 2600 650 2676 δευτήριον,
709 2600 807 2667 τήν
860 2604 983 2670 περί
1044 2596 1101 2650 σὲ
1155 2594 1379 2663 τελετὴν
1411 2597 1522 2666 (66)
1553 2591 1642 2648 καί
1671 2594 1996 2666 πανήγυριν.

341 2689 481 2746 Εἰπὲ
512 2689 602 2744 καὶ
637 2693 799 2743 τοῦτο
829 2706 842 2720 ’
890 2684 1056 2761 Εἷχές
1100 2706 1220 2740 τινα
1247 2683 1593 2758 παραμυθίαν
1639 2687 1755 2743 τοῖς
1817 2679 2003 2754 λειψά-

337 2800 457 2840 νοις
515 2782 612 2832 τοῦ
657 2779 952 2849 σώματος;
1095 2772 1311 2842 καὶτήν
1343 2775 1454 2844 (67)
1505 2771 1688 2826 πενίαν
1746 2768 1998 2846 ἐφιλοσό-

339 2887 495 2945 φεις;
555 2865 718 2942 Εῖχὲς
773 2885 922 2926 τινας
979 2862 1276 2923 κοινωνοὺς
1329 2868 1429 2929 τῆς
1478 2860 1859 2930 ἀθλήσεωςςῖ
1910 2858 1998 2912 καὶ

342 2961 510 3012 τοῦοο
541 2956 837 3028 πενόμενος
893 2951 1156 3027 ἤνεγκας
1219 2951 1461 3012 Ἐπόθεις
1489 2951 1585 3011 τὰς
1615 2947 1873 3026 ἀδελφὰς.
1905 2948 1998 3008 τὰς

342 3043 640 3105 κοινωνούς
699 3065 782 3097 σοι
835 3041 922 3097 καὶ
979 3048 1078 3109 τῆς
1133 3043 1366 3117 ἁγνείας,
1413 3041 1504 3094 καὶ
1550 3046 1648 3107 τῆς
1680 3038 1998 3112 κα’ρτερίας;

348 3137 386 3205 ἢ
417 3135 509 3189 καὶ
546 3140 646 3203 τῆς
688 3132 896 3186 τούτων
948 3131 1225 3202 συνηθείας
1279 3131 1348 3198 ἧς
1389 3126 1764 3202 ὑψηλότερος;
1796 3128 2004 3198 Ἑκαμ-

346 3223 451 3279 πτέ
482 3243 539 3277 σε
569 3228 800 3297 γηραιᾶς
834 3221 1040 3296 μητρὸς
1072 3218 1314 3294 ἐρημία;
1346 3220 1380 3287 ἢ
1428 3219 1518 3272 καὶ
1568 3215 1690 3271 λίαν
1741 3215 2002 3291 ἐθάρῥεις,

2107 2062 2384 2123 solitudo,
2409 2063 2508 2116 sed
2535 2063 2658 2131 jam
2699 2071 2932 2134 propter
2963 2071 3015 2118 te
3039 2075 3242 2122 sancta
3272 2072 3460 2137 sedes,
3485 2073 3554 2127 ad
3588 2090 3760 2129 exsu-

2113 2153 2348 2204 landum
2384 2151 2486 2204 tibi
2521 2152 2872 2206 decernitur.
2901 2158 3012 2224 Age
3045 2155 3240 2226 igitur,
3265 2161 3499 2228 quando
3532 2163 3759 2219 reditus

2110 2240 2190 2292 tui
2223 2241 2371 2292 bona
2401 2241 2673 2309 erogasti,
2709 2244 2793 2294 t'ac
2835 2244 3019 2296 exsrlii
3054 2262 3280 2315 quoque
3314 2249 3367 2301 in
3403 2250 3558 2306 bona
3587 2253 3760 2309 nobis

2111 2327 2484 2398 impertiaris.
2513 2329 2784 2384 Reditum
2818 2333 2983 2386 tuum
3017 2333 3073 2386 in
3104 2333 3400 2392 theatrum
3435 2340 3603 2396 nobis
3626 2358 3763 2398 con-

2107 2425 2282 2471 verte.
2307 2417 2603 2480 Quosnam
2650 2417 2770 2472 illic
2815 2419 3216 2493 philosophari
3249 2425 3546 2483 docuisti?
3579 2434 3764 2497 Quos-

2111 2521 2246 2560 nam
2278 2506 2349 2561 ab
2387 2505 2588 2578 impiis
2635 2509 3012 2578 opinionibus
3061 2516 3432 2586 repurgasti?
3464 2518 3763 2582 Quosnam

2111 2594 2179 2648 ad
2208 2594 2480 2666 pietatem
2513 2595 2856 2653 adduxisti?
2877 2598 3084 2656 Videre
3106 2601 3250 2657 mihi
3268 2606 3540 2676 equidem
3571 2609 3768 2665 videor

2111 2683 2375 2739 scholam
2401 2684 2588 2750 illam,
2614 2690 2669 2740 et
2699 2688 3128 2757 caeremoniam,
3155 2693 3590 2767 maximamque
3613 2698 3768 2755 circa

2112 2777 2164 2825 te
2197 2773 2501 2828 hominum
2555 2774 2964 2846 frequentiam.
3001 2778 3149 2834 Illud
3199 2781 3376 2837 etiam
3408 2785 3568 2840 dicas
3617 2789 3766 2844 mihi

2111 2861 2280 2916 velim
2316 2879 2330 2918 :
2365 2863 2653 2918 Praestone
2697 2864 2802 2919 tibi
2853 2873 3037 2934 erant,
3067 2870 3169 2939 qui
3201 2873 3460 2942 corporis
3509 2875 3594 2930 tui
3628 2878 3763 2932 reli-

2113 2951 2247 3020 quis
2276 2950 2466 3005 solatii
2495 2950 2716 3023 aliquid
2751 2953 3059 3010 afferrent?
3102 2966 3189 3013 An
3222 2960 3397 3016 etiam
3447 2971 3765 3035 pauperta-

2112 3048 2230 3093 tem
2270 3038 2538 3094 colebas?
2587 3040 2792 3095 Utrum
2841 3045 3180 3101 certaminis
3225 3049 3415 3104 socios
3465 3051 3767 3112 habebas?

2117 3133 2202 3182 An
2234 3127 2414 3198 hujus
2442 3145 2677 3200 quoque
2719 3131 2801 3186 rei
2831 3133 3135 3204 penuriam
3167 3152 3331 3208 sequo
3373 3139 3570 3197 animo
3619 3145 3766 3201 tere-

2117 3217 2266 3272 has?
2309 3217 2512 3272 Utrum
2561 3235 2854 3288 sororum,
2885 3238 3053 3292 quas,
3086 3229 3144 3278 et
3193 3227 3478 3283 castitatis
3511 3235 3569 3285 et
3602 3232 3764 3288 forti-

351 3313 430 3374 ὡς
500 3311 752 3386 μέγιστον
814 3309 892 3371 εἷς
947 3310 1241 3388 ἀσφάλειαν
1296 3305 1610 3362 καταλιπὼν
1672 3305 1859 3368 αὐταῖς
1907 3305 1998 3373 τὴν

2120 3306 2342 3362 tudinis
2371 3313 2547 3379 atque
2579 3311 2918 3365 constantiae
2948 3311 3138 3368 socias
3169 3314 3447 3384 habebas,
3478 3320 3768 3379 desiderio

355 3396 668 3468 εὐσέϐειαν;
728 3398 884 3455 Ἀλλ’
941 3396 1128 3468 ἐπειδή
1181 3418 1246 3473 γε
1281 3396 1465 3459 καλῶς
1522 3400 1694 3451 ποιῶν
1728 3395 2012 3465 ἐπανήκεις

355 3495 518 3564 ἡμῖν,
568 3489 658 3544 καί
703 3510 759 3544 σε
814 3493 929 3550 τοῖς
981 3492 1209 3551 ποθοῦσι
1241 3489 1506 3542 ποθοῦντα
1538 3485 1698 3541 πάλιν
1735 3482 2007 3539 ἀπέδωκεν

355 3583 384 3635 6
417 3578 654 3652 δοξάζων
709 3578 834 3639 τοὺς
894 3574 1214 3647 δοξάζοντας
1275 3576 1458 3644 αὐτὸν,
1515 3577 1604 3630 καὶ
1672 3571 2006 3649 παραζηλῶν

347 3669 480 3730 τοὺς
511 3667 983 3744 παραζηλοῦντας,
1017 3666 1045 3720 6
1096 3665 1314 3738 θέλημα
1343 3669 1451 3719 τῶν
1505 3660 1855 3742 φοϐουμένων
1915 3661 2006 3716 αὐ-

347 3758 443 3812 τὸν
477 3762 674 3824 ποιῶν,
733 3756 820 3811 καὶ
877 3761 992 3816 τοῖς
1049 3760 1257 3829 νεκροῖς
1308 3753 1557 3824 ἐμπνέων
1599 3752 1919 3807 ἀνάστασιν·
1980 3751 2007 3803 6

347 3848 593 3922 Λάζαρον
629 3847 723 3919 μὲν
754 3848 1145 3921 τετραήμερον,
1189 3844 1245 3898 σὲ
1304 3840 1361 3897 δὲ
1416 3845 1674 3918 τετραετῆ
1725 3845 2005 3911 ζωοποιῶν

347 3942 474 4011 παρ’
545 3933 788 4000 ἐλπίδας,
875 3934 963 3989 καὶ
1023 3934 1261 4009 συνάγων
1325 3932 1456 3986 ὀστᾶ
1512 3930 1646 4004 πρὸς
1707 3931 1838 3985 ὁστᾶ
1892 3930 2007 3999 καὶ,

350 4026 613 4099 ἁρμονίαν
666 4026 805 4100 πρὸς
864 4021 1149 4099 ἁρμονίαν,
1207 4023 1306 4090 τῆν
1377 4019 1646 4096 Ἰεζεχιὴλ
1715 4023 1858 4095 ὄψιν,
1910 4024 2008 4074 τοῦ

351 4119 648 4193 προφητῶν
679 4113 1129 4187 θαυμασιωτάτου
1166 4111 1256 4165 καὶ
1289 4109 1664 4185 ὑψηλοτάτου·
1727 4109 1859 4186 ἔχου
1910 4131 2005 4183 μοι

352 4203 518 4259 πάλιν
574 4212 675 4274 τῆς
722 4203 889 4271 αὐτῆς
949 4200 1219 4276 ἐργασίας,
1279 4200 1371 4256 καὶ
1420 4199 1748 4276 παρρησίας,
1780 4199 1870 4254 ἳνα
1930 4200 2005 4272 μὴ

354 4290 509 4368 δόξῃς
541 4292 857 4370 ἐγκεκόφθαι
888 4297 1004 4353 τοῖς
1035 4292 1248 4360 πάθεσι,
1285 4288 1426 4364 μηδὲ
1455 4287 1775 4361 προδιδόναι
1833 4287 2010 4360 δειλίᾳ

351 4386 464 4457 (68)
494 4384 592 4452 τήν
623 4381 944 4460 φιλοσοφίαν
957 4424 968 4438 .

2125 3397 2493 3452 tenebraris?
2549 3404 2637 3452 An
2696 3403 2900 3454 contra
2955 3401 3298 3460 sublimiore
3354 3407 3551 3464 animo
3614 3426 3767 3482 eras,

2122 3501 2300 3557 quam
2331 3491 2397 3542 ut
2426 3503 2628 3541 earum
2678 3490 3162 3546 consuetudinem
3211 3497 3386 3566 atque
3435 3498 3766 3558 convictum

2122 3573 2483 3646 requireres?
2504 3574 2708 3630 Utrum
2734 3581 2789 3632 te
2812 3577 3015 3634 matris
3035 3583 3200 3638 aetate
3217 3584 3491 3640 confectae
3511 3587 3766 3647 solitudo

2121 3663 2426 3718 flectebat?
2469 3666 2553 3718 An
2602 3664 2798 3736 potius
2839 3666 3075 3724 ﬁrmum
3107 3687 3172 3725 ac
3205 3673 3599 3742 praeﬁdentem
3633 3681 3771 3735 ani-

2120 3769 2282 3807 mum
2314 3753 2575 3823 gerebas,
2602 3759 2666 3807 ut
2686 3754 2784 3825 qui
2819 3755 3116 3827 pietatem,
3142 3765 3421 3831 tanquam
3447 3765 3770 3824 maximum

2116 3843 2245 3896 vitae
2278 3841 2635 3912 praesidium,
2667 3843 2748 3898 illi
2773 3844 3158 3916 reliquisses?
3187 3849 3514 3918 Enimvero,
3536 3859 3770 3926 quando

2119 3936 2193 4000 te,
2228 3936 2292 3985 ut
2341 3947 2441 4002 per
2493 3935 2637 3996 erat,
2670 3933 2742 3987 ad
2795 3950 2900 3987 nos
2955 3937 3247 4009 recepisti,
3290 3944 3462 4011 atque
3517 3943 3637 4009 ille,
3670 3947 3773 4017 qui

2118 4020 2514 4092 glorificantes
2565 4037 2626 4075 se
2673 4020 2961 4093 gloriﬁeat
2983 4024 3048 4095 ⁵³,
3077 4031 3135 4080 et
3181 4026 3478 4086 irritantes
3527 4050 3591 4088 se
3639 4035 3771 4090 irri-

2117 4110 2304 4177 tat“;
2365 4114 2441 4176 et,
2501 4109 2864 4165 voluntatem
2924 4114 3260 4171 timentium
3319 4135 3381 4174 se
3438 4120 3658 4191 facit“,
3714 4128 3773 4180 et

2121 4200 2368 4254 mortuis
2420 4215 2622 4254 rursus
2654 4199 2826 4254 vitam
2874 4201 3158 4273 inspirat;
3193 4207 3315 4276 qui,
3349 4213 3413 4262 ut
3461 4210 3767 4282 Lazarum,

2119 4288 2433 4361 quatriduo
2491 4293 2798 4359 postquam
2849 4306 2880 4344 e
2929 4293 3050 4346 vita
3107 4293 3452 4366 migraverat
3471 4298 3533 4370 ⁵⁸,
3575 4301 3659 4356 sic
3715 4308 3773 4358 te

2123 4383 2254 4451 post
2283 4377 2735 4449 quadriennium
2769 4384 2972 4450 praeter
3003 4381 3262 4438 omnium
3298 4401 3463 4456 spem
3495 4389 3565 4444 ad
3590 4389 3771 4446 vitam

2123 4467 2440 4536 revocavit,
2501 4466 2637 4538 qui,
2695 4468 2866 4537 juxta
2934 4470 3282 4540 Ezechielis,
3352 4478 3776 4549 prophetarum

349 4562 619 4618 omnium
653 4561 907 4617 maxime
959 4559 1325 4616 admirabilis
1356 4564 1414 4614 et
1448 4559 1684 4630 excelsi,
1716 4559 2018 4623 visionem,
2053 4576 2189 4614 ossa
2217 4573 2351 4611 cum
2384 4556 2641 4620 ossibus,
2674 4561 2728 4609 et
2759 4573 3097 4628 compagem
3146 4577 3280 4616 cum
3326 4578 3608 4638 compage
3639 4584 3778 4623 con-

349 4651 534 4706 nectit
555 4651 621 4715 ⁵⁷,
653 4651 1125 4706 desiderantibus
1171 4649 1342 4704 nobis
1373 4648 1803 4704 desiderantem
1836 4653 1891 4703 te
1922 4648 2176 4702 reddidit
2209 4661 2222 4701 :
2258 4646 2342 4699 fac
2375 4644 2432 4697 in
2467 4643 2676 4698 iisdem
2709 4643 2834 4698 vita:
2867 4647 3100 4715 studiis,
3134 4655 3189 4704 et
3220 4652 3422 4706 eadem
3454 4653 3573 4708 oris
3602 4654 3780 4711 liber-

352 4745 474 4806 tate
506 4755 860 4812 perseveres,
893 4756 964 4796 ne
1005 4737 1221 4812 alioqui
1254 4737 1689 4794 calamitatibus
1728 4738 1948 4793 fractus
1981 4755 2044 4791 ac
2081 4735 2419 4792 debilitatus
2466 4749 2615 4800 esse,
2649 4749 2715 4789 ac
2746 4733 3183 4808 philosophiam
3215 4740 3287 4795 ob
3319 4740 3611 4813 ignaviam
3643 4761 3779 4816 pro-

333 4828 578 4910 didisse
610 4829 881 4886 videaris.

428 4975 472 5008 ⁸⁸
505 4978 521 5029 Ι
555 4973 692 5046 Reg.
728 4990 789 5046 ιι,
821 4974 912 5030 30.
988 4973 1034 5008 ⁸⁸
1065 4976 1231 5028 Deut.
1263 4987 1440 5043 xxxn,
1470 4971 1564 5026 21.

431 5125 542 5198 (60)
574 5122 862 5199 Εὐγενοῢς.
908 5125 1047 5197 Reg.
1082 5124 1206 5192 bm,
1248 5119 1566 5197 σὀγγενοῦς,
1602 5147 1631 5174 α
1663 5123 2012 5196 consangui-

361 5213 607 5252 DCRHL)>

431 5269 775 5341 (aufem?
816 5263 890 5324 δέ.
921 5268 1012 5323 Sic
1071 5272 1192 5323 tres
1250 5266 1452 5338 Regg.,
1505 5267 1602 5322 Or.
1654 5268 1704 5338 1,
1755 5268 2009 5324 Combef.

358 5335 534 5396 Deest
566 5335 624 5393 δὲ
654 5339 712 5395 in
747 5335 888 5395 edit.

375 5471 380 5478 _
412 5407 952 5500 (ιὸἓξὶΣτηλιτεῦειις.
994 5409 1362 5500 εἱοῒῆθεοηα,
1396 5409 1492 5465 0r.
1527 5410 1580 5482 1,
1611 5409 1795 5480 Pass.,
1841 5410 2016 5468 Com-

358 5479 501 5550 beti,
527 5479 962 5556 ’Bas.'In_edi_t.,
996 5479 1392 5556 στηλιτειξσεις.

430 5557 542 5626 (63)
575 5556 636 5612 Ὁ
684 5551 977 5628 μηδεμίαν,
1019 5559 1127 5611 etc.
1163 5553 1409 5628 Pulchre
1453 5553 1820 5628 Augustinus
1872 5558 2013 5628 tom.

360 5627 424 5700 ν,
461 5645 591 5700 pag.
650 5625 966 5697 1247,'hac
1016 5628 1086 5684 de
1146 5644 1206 5683 re
1245 5627 1322 5700 in
1384 5625 1563 5681 natali
1614 5627 1883 5700 Cypriani
1934 5627 2018 5683 sic

367 5645 424 5696 v,
461 5645 591 5700 pag.
650 5645 806 5697 1241,
858 5645 966 5684 nac
1016 5645 1086 5684 ue
1146 5645 1206 5683 re
1263 5645 1322 5682 in
1384 5645 1563 5681 natau
1614 5645 1883 5753 caprina]
1934 5645 2018 5683 sic

357 5699 623 5783 loquitur
657 5717 724 5783 :_«
764 5701 821 5756 Si
873 5700 1087 5783 quaeris
1135 5698 1430 5783 exsilium,
1482 5713 1595 5781 quo
1668 5771 1683 5783 ῃ
1733 5700 2018 5783 ristianus

353 5771 640 5849 jubeatur
667 5773 786 5842 ire;
815 5771 1002 5848 prius,
1035 5771 1084 5830 si
1115 5775 1306 5846 potes,
1338 5771 1534 5829 inveni
1568 5771 1724 5830 unde
1751 5771 2019 5832 Christus

1644 4971 1688 5005 ⁵⁵
1720 4970 1870 5027 Psal.
1903 4988 2088 5041 cxuv,
2123 4969 2207 5023 19.

2284 4967 2327 5001 ⁵⁸
2356 4967 2527 5022 Joan.
2558 4985 2638 5036 x1,
2673 4967 2762 5023 39.
2840 4969 2882 5004 ⁸⁷
2913 4970 3119 5029 Ezech.
3151 4991 3367 5044 xxxvn,
3401 4976 3453 5031 4.

2126 5124 2370 5192 cogatur
2400 5119 2573 5174 exire.
2607 5121 2681 5176 De
2712 5122 2899 5192 patria
2939 5141 3046 5178 sua
3077 5125 3136 5181 in
3168 5126 3413 5183 alienam
3448 5132 3503 5184 te
3533 5129 3783 5189 arbitra-

2125 5192 2206 5248 ris
2252 5192 2558 5275 excludere
2609 5193 2906 5275 hominem
2963 5197 3079 5260 Dei,
3114 5199 3174 5252 in
3204 5199 3433 5275 Christo
3483 5218 3785 5275 nusquam

2124 5263 2408 5340 exsulem,
2443 5265 2961 5340 in‘carnegubiquc
2993 5271 3387 5340 peregrinum.
3421 5296 3441 5320 ι

2196 5337 2306 5411 (ﬁt)
2344 5339 2460 5411 Σοι.
2495 5335 2674 5411 ςῖοἱεί.
2711 5338 2750 5411 t_
2769 5343 2826 5392 et
2854 5335 3019 5411 Pass.
3054 5335 3282 5397 addunt
3310 5344 3392 5411 ἦν.

2161 5403 2318 5532 ὖ
2341 5403 2571 5481 Εὐαγὲς.
2601 5406 2696 5464 0r.
2730 5408 2757 5463 1
2790 5411 2849 5466 et
2891 5410 3076 5482 Pass.,
3108 5403 3343 5490 εὐγενές,
3369 5417 3428 5470 et
3459 5415 3528 5472 ad
3571 5434 3782 5492 marg;

2126 5496 2339 5539 ευαγες.

2197 5546 2310 5624 (66)
2359 5546 2613 5637 Teia-rvi}
2651 5553 2761 5637 “Sit:
2819 5554 2933 5637 (illo
2991 5557 3192 5637 Κῦρε,
3226 5556 3416 5637 _Coisl.
3471 5561 3521 5627 1,
3572 5561 3666 5618 Or.
3725 5561 3782 5637 1,

2131 5625 2313 5700 Pass”
2347 5629 2401 5700 et
2428 5623 2683 5700 Combef.
2725 5625 2782 5680 In
2818 5627 2977 5700 edit.,
3009 5623 3292 5700 same-4v.

2257 5697 2314 5777 ἶ)
2346 5692 2453 5777 Καὶ
2478 5695 2619 5777 τήνζ
2640 5697 2699 5750 In
2732 5692 3108 5777 quihusdam,
3140 5692 3296 5756 κάκεῖ
3325 5704 3446 5777 τήν.

2218 5763 2310 5844 68)
2342 5763 2547 5839 Δειλίᾳέ
2584 5763 2767 5825 Ραεεῖ
2783 5771 2950 5830 addit
2976 5763 3105 5833 τινίξ
