4110 6432
428 402 582 465 1219

419 631 523 704 qui
554 629 754 701 plures
785 625 925 680 deos
956 621 1177 685 colunt,
1213 619 1593 690 impietatem,
1618 619 1681 670 ut
1720 614 1903 687 prius,
1939 631 2071 704 con-

420 720 567 788 futa,
590 721 647 774 et
676 718 898 771 veteres
929 728 994 766 ac
1025 726 1201 766 novos
1233 708 1394 775 deos,
1423 710 1478 761 et
1506 706 1789 761 obscenas
1821 703 2072 773 fabulas,

416 814 477 866 et
507 805 848 865 sbsceniora
878 800 1167 858 sacriﬁcia
1197 814 1399 853 eorum
1432 796 1533 867 qui
1565 795 1688 850 luto
1716 794 1907 850 lutum
1943 810 2074 865 pur—

418 902 583 971 gant,
609 900 673 951 ut
696 912 765 950 ex
786 892 1038 964 quodam
1060 888 1296 943 illorum
1318 884 1536 955 audivi,
1557 886 1864 940 brutorum
1887 884 2075 937 instar

422 983 813 1043 animantium
863 978 1204 1051 corporibus
1243 993 1488 1048 corpora
1516 992 1625 1031 sua
1666 973 2072 1046 purgantium,

419 1083 478 1133 et
523 1072 852 1129 veneranda
912 1070 1210 1141 ﬁgmenta,
1255 1070 1311 1121 et
1356 1064 1661 1121 indecoras
1711 1061 2072 1135 praestigias;

420 1165 659 1238 quibus,
683 1162 731 1216 si
765 1159 1130 1214 divinitatem
1174 1155 1484 1225 definiunt,
1520 1171 1552 1209 ο
1585 1153 1834 1208 miseros
1863 1156 1920 1207 et
1952 1167 2075 1222 per-

414 1254 571 1311 ditos
603 1246 904 1307 homines!
940 1246 989 1303 si
1019 1250 1212 1302 autem
1245 1261 1370 1301 eam
1405 1244 1739 1315 designant,
1771 1259 1802 1297 o
1832 1240 2072 1295 infelici-

416 1344 558 1399 tatis
606 1338 942 1397 cumulum!
976 1337 1026 1392 si
1076 1339 1275 1391 autem
1327 1332 1610 1399 indicant,
1645 1349 1677 1387 o
1708 1330 2068 1403 singularem

416 1429 761 1490 stultitiam!
794 1429 1050 1485 Doceant
1078 1424 1257 1492 enim,
1281 1439 1407 1495 quas
1441 1422 1610 1491 ratio,
1635 1422 1789 1493 quod
1824 1421 2071 1492 turpitu-

416 1523 576 1579 dinis
607 1521 785 1587 illius,
809 1534 926 1590 qua
954 1517 1012 1571 in
1053 1512 1395 1583 hujusmodi
1446 1512 1620 1567 rebus
1668 1514 1938 1580 utuntur,
1973 1528 2069 1566 ar-

415 1610 669 1669 canum?
699 1609 925 1665 Debent
954 1605 1111 1661 enim
1142 1604 1281 1677 ipsae
1305 1618 1540 1675 quoque
1570 1616 1766 1657 rerum
1796 1600 2068 1656 honesta-

418 1719 547 1759 rum
596 1696 1058 1772 significationes
1088 1698 1144 1750 et
1174 1692 1397 1765 species
1444 1691 1814 1763 turpitudine
1840 1706 2066 1746 vacare.

417 1792 584 1856 Quod
614 1789 663 1847 si
697 1787 854 1844 aliud
885 1784 1168 1857 quiddam
1209 1786 1488 1854 praeterea
1525 1796 1655 1837 esse
1686 1780 2068 1847 contendunt,

417 1879 560 1953 quid
592 1879 701 1933 hoc
731 1876 782 1932 si
825 1874 1091 1947 probent,
1111 1872 1454 1970 quibusque
1501 1886 1571 1925 ex
1615 1869 1781 1970 libris
1812 1874 1869 1924 et
1902 1867 2065 1970 theo-
2102 1906 2148 1970 Β

416 1969 566 2041 legis
587 1964 909 2030 hauserint,
923 1960 1272 2018 ostendant?
1290 1960 1321 2014 J
1329 1977 1421 2015 am
1440 1958 1873 2030 insurgentium
1893 1958 2069 2013 etiam

416 2059 709 2113 haeresum
760 2055 1018 2125 impetus
1048 2050 1269 2121 frange,
1303 2049 1481 2119 idque
1531 2063 1598 2102 eo
1644 2047 1818 2103 etiam
1854 2046 2067 2113 acrius,

413 2148 565 2219 quod
590 2148 715 2217 jam
748 2142 995 2199 antehac
1027 2140 1085 2195 in
1129 2138 1487 2194 cruciatibus
1516 2140 1784 2192 versatus
1816 2153 1897 2191 es.
1932 2135 2068 2190 Phi-

413 2235 753 2308 losophicus
800 2231 957 2288 enim
1010 2229 1245 2285 animus
1292 2245 1360 2283 ex
1408 2242 1496 2295 eo,
1524 2227 1674 2297 quod
1725 2242 1937 2297 passus
1969 2225 2066 2296 sit,

413 2323 751 2399 generosior
777 2320 1061 2387 redditur,
1086 2322 1282 2389 atque,
1307 2320 1372 2371 ut
1393 2315 1649 2372 candens
1672 2314 1889 2370 ferrum
1915 2329 2069 2385 aqua

411 2415 627 2488 frigida
665 2413 745 2468 ita
792 2408 1070 2483 periculis
1100 2406 1456 2463 obdurescit.
1482 2405 1629 2472 Quin
1680 2404 1914 2477 pietatis
1962 2420 2065 2459 no-

411 2511 546 2561 atrae
586 2501 912 2559 doctrinam
960 2498 1290 2571 prmscribe,
1325 2496 1408 2552 sic
1458 2512 1575 2551 non
1628 2494 1967 2564 instituens,
2000 2497 2068 2550 ut

411 2602 596 2651 Deum
631 2608 813 2647 unum
860 2587 1190 2661 ingenitum
1224 2602 1638 2658 agnoscamus,
1668 2584 1775 2640 hoc
1819 2590 1927 2653 est,
1960 2583 2066 2637 Pa-

407 2687 556 2739 trem
585 2699 598 2737 :
623 2696 809 2737 unum
839 2681 981 2733 item
1013 2677 1278 2749 genitum
1308 2674 1639 2744 Dominum,
1668 2672 1874 2728 Filium
1908 2672 2065 2728 vide-

411 2773 566 2840 licet,
589 2772 689 2843 qui
722 2772 873 2825 Deus
895 2767 1131 2839 quidem
1164 2762 1515 2837 appellatur,
1541 2779 1676 2817 cum
1707 2762 1779 2817 de
1807 2778 1874 2818 eo
1904 2778 2067 2833 sepa-

413 2862 585 2917 ratim
608 2875 801 2915 sermo
830 2861 942 2925 est,
967 2855 1253 2912 Dominus
1285 2857 1504 2917 autem,
1528 2852 1766 2925 quando
1788 2867 1921 2907 cum
1955 2851 2065 2907 Pa-

408 2959 499 3008 tre
544 2951 910 3015 nominatur;
960 2944 1108 3000 illud
1159 2948 1394 3016 propter
1440 2946 1737 3010 naturam,
1770 2940 1880 2997 hoc
1928 2955 2061 3013 pro-

410 3047 540 3115 pter
568 3039 812 3095 unicum
844 3032 1164 3091 divinitatis
1205 3032 1599 3105 principatum
1634 3046 1648 3085 :
1682 3046 1867 3085 unum
1900 3030 2061 3086 deni-

408 3148 525 3202 que
566 3128 853 3201 Spiritum
902 3127 1192 3190 sanctum,
1225 3140 1259 3177 a
1291 3121 1457 3177 Patre
1504 3120 1911 3193 procedentem
1962 3122 2064 3174 aut

405 3219 587 3276 etiam
621 3216 1027 3289 prodeuntem,
1051 3217 1228 3267 Deum
1251 3226 1481 3282 quoque
1510 3209 1729 3281 ipsum,
1755 3208 1908 3289 apud
1940 3225 2064 3283 eos,

1667 393 1733 453 S.
1782 383 2154 452 GREGORII
2201 384 2601 450 THEOLOGI

494 537 650 593 466
688 534 802 589 XV.
826 529 1144 587 Gentilium
1205 525 1710 600 superstitionem,
1760 528 1817 579 et
1872 538 2073 579 eorum
2110 526 2155 587 Α

3682 390 3831 455 1220

2264 522 2361 576 lE'.
2400 520 2603 595 Σύγχει
2638 520 2734 593 μὲν
2762 519 2851 575 καὶ
2901 521 3002 589 τὴν
3053 518 3339 592 Ἐλλήνων
3391 519 3832 601 δεισιδαιμονίαν,

2186 609 2258 670 ὡς
2307 609 2592 685 πρότερον,
2637 610 2725 664 καὶ
2776 611 2877 679 τὴν
2934 609 3201 674 πολύθεον
3265 611 3438 667 αὐτῶν
3497 614 3695 691 ἀθεῖαν,
3742 621 3829 674 καὶ

2182 719 2309 759 τους
2340 698 2607 760 παλαιοὺς
2638 698 2792 762 θεοὺς
2825 699 2912 753 καὶ
2943 699 3070 762 τοὺς
3102 701 3279 773 νέους,
3309 703 3399 756 καὶ
3433 703 3555 766 τοὺς
3575 704 3828 781 αἰσχροὺς

2188 786 2414 860 μύθους,
2461 788 2549 843 καὶ
2597 789 2690 850 τὰς
2751 788 3108 865 αἶ’σχροτὲρας
3158 791 3340 853 θυσίας
3415 793 3580 867 πηλῷ
3656 795 3829 866 πηλὸν

2182 876 2574 951 καθαιρόντων,
2625 878 2699 940 ὡς
2753 878 2929 933 αὐτῶν
2961 900 3109 942 τινος
3170 882 3283 955 (69)
3325 878 3576 956 λέγοντος
3607 882 3829 958 ἤκουσα,

2186 966 2333 1042 λέγω
2384 964 2450 1035 δὴ
2495 968 2712 1041 σώμασι
2761 969 2989 1042 σώματα
3022 974 3141 1032 τοῖς
3196 974 3307 1025 τῶν
3342 971 3553 1049 ἀλόγων
3589 975 3738 1044 ζώων
3768 977 3831 1032 τὰ

2183 1057 2385 1111 ἑαυτῶν
2438 1057 2528 1111 καὶ
2584 1057 2651 1111 τὰ
2707 1059 2879 1131 σεμνὰ
2934 1056 3231 1133 πλάσματα
3283 1063 3416 1135 (70),
3448 1063 3630 1117 καὶτᾶ
3658 1064 3829 1140 ἀσχή-

2185 1166 2323 1217 μονα
2350 1146 2724 1220 τερατεύματα
2749 1166 2761 1178 ⁸
2794 1146 2875 1209 οἷς
2904 1147 2949 1202 εἰ
2985 1149 3079 1221 μὲν
3106 1150 3168 1205 τὸ
3200 1154 3352 1205 Θεῖον
3384 1153 3494 1224 (71)
3541 1151 3832 1229 ὁρίζονται,

2177 1241 2279 1302 τῆς
2334 1233 2797 1307 κακοδαιμονίας⁸
2859 1237 2905 1291 εἰ
2962 1234 3019 1293 δὲ
3074 1236 3546 1315 παραδεικνύουσι,
3602 1249 3701 1311 τῆς
3749 1242 3831 1297 εύ-

2180 1324 2383 1393 ηϐείας.
2419 1322 2819 1381 Διδασκὲτωσαν
2852 1328 2978 1402 γὰρ,
3008 1327 3091 1389 τίς
3122 1330 3150 1383 ὁ
3185 1326 3375 1404 λόγος,
3416 1333 3505 1385 καὶ
3544 1330 3596 1386 τί
3645 1332 3708 1387 τὸ
3735 1340 3830 1402 τῆς

2183 1414 2582 1489 ἀσχημοσύνης
2636 1422 2740 1485 τῆς
2794 1416 2921 1491 περὶ
2986 1420 3151 1472 ταῦτα
3206 1421 3545 1496 μυστήριον;
3595 1418 3676 1475 δεῖ
3726 1421 3829 1497 γὰρ

2184 1501 2325 1576 μηδὲ
2372 1505 2467 1565 τὰς
2524 1503 2780 1582 ἐμφάσεις
2833 1510 2944 1561 τῶν
2996 1505 3204 1576 καλῶν,
3259 1510 3322 1563 τὸ
3379 1508 3611 1587 αἷσχφὸν
3663 1507 3826 1586 ἔχειν·

2178 1592 2241 1649 Εἰ
2278 1590 2334 1648 δὲ
2365 1592 2505 1649 ἄλλο
2550 1615 2603 1651 τι
2652 1595 2798 1669 παρά
2846 1600 3014 1650 ταῦτα
3061 1596 3194 1651 εἶναι
3238 1619 3388 1674 φασι,
3418 1599 3471 1654 τί
3500 1604 3683 1671 τοῦτο,
3713 1621 3827 1655 πει-

2180 1682 2440 1753 θέτωσαν,
2499 1684 2587 1739 καὶ
2640 1683 2700 1739 ἐκ
2744 1684 2918 1739 ποίων
2972 1684 3173 1763 λόγων,
3222 1688 3256 1757 ἢ
3303 1686 3599 1765 Θεολογων.
3633 1689 3826 1766 Σύγχει

2180 1770 2237 1827 δὲ
2265 1772 2353 1827 καὶ
2406 1774 2500 1835 τὰς
2546 1778 2654 1828 τῶν
2705 1774 2962 1851 αἰρέσεων
3007 1775 3411 1851 ἐπαναστάσεις,
3464 1777 3552 1833 καί
3590 1778 3828 1852 τοσούτῳ

2178 1862 2529 1939 Θερμότερον,
2578 1862 2692 1937 ὅσῳ
2746 1865 3153 1940 προπέπονθας.
3215 1868 3589 1945 Γενναιότερον
3646 1870 3743 1945 γὰρ
3775 1870 3830 1923 ἐκ

2176 1957 2275 2007 τοῦ
2303 1955 2488 2007 παθεῖν
2517 1954 2580 2007 τὸ
2621 1953 2944 2032 φιλόσοφον,
2992 1955 3173 2032 ὥσπερ
3227 1960 3426 2033 ψυχρῷ
3477 1956 3698 2032 σίδηρος
3744 1957 3830 2030 ἴμ-

2178 2061 2376 2116 πυρος,
2410 2042 2553 2096 οὕτω
2582 2048 2699 2103 τοῖς
2730 2040 3001 2105 κινδύνοις
3050 2046 3451 2119 στομούμενον.
3514 2048 3723 2121 Ὀρίζου
3774 2044 3830 2102 δὲ

2177 2130 2267 2185 καὶ
2320 2132 2417 2199 τὴν
2471 2131 2739 2207 ἡμετέραν
2786 2130 3080 2199 εὐσέϐειαν,
3133 2132 3399 2191 διδάσκων
3447 2135 3546 2191 ἓνα
3578 2138 3671 2209 μὲν
3701 2134 3829 2193 εἶδέ-

2175 2241 2259 2274 ναι
2309 2220 2438 2275 Θεὸν
2488 2220 2802 2296 ἀγέννητον,
2851 2223 2942 2276 τὸν
2996 2224 3250 2300 Πατέρα*
3324 2224 3414 2279 ἕνα
3463 2224 3525 2281 δὲ
3577 2226 3825 2302 γεννητὸν

2178 2310 2401 2386 Κύριον,
2460 2312 2550 2366 τὸν
2611 2310 2753 2365 Υἱόνο
2804 2312 2929 2366 Θεὸν
2997 2314 3112 2385 μὲν,
3175 2313 3300 2369 ὅταν
3359 2316 3478 2369 καθ’
3538 2313 3830 2371 ἑαυτὸνιλέ-

2174 2421 2358 2476 γηται,
2458 2400 3022 2478 προσαγορευόμενον’
3102 2401 3297 2480 Κύριον
3358 2401 3415 2459 δὲ
3494 2406 3619 2461 ’ὁταν
3705 2404 3830 2478 μετὰ

2176 2490 2387 2564 Πατρὸς
2422 2490 2757 2564 ὀνομάζηται
2782 2509 2795 2522 °
2827 2492 2890 2546 τὸ
2924 2492 3018 2565 μὲν
3054 2489 3142 2547 διὰ
3188 2494 3288 2562 τήν
3339 2494 3525 2572 φύσιν,
3568 2496 3632 2550 τὸ
3662 2492 3715 2549 δὲ
3745 2492 3829 2548 διὰ

2174 2580 2273 2649 τὴν
2336 2579 2666 2657 μοναρχίαν.
2718 2584 2811 2635 Ἕν
2872 2578 2929 2636 δὲ
2984 2586 3200 2655 Πνεῦμα
3253 2585 3430 2659 ἅγιον,
3486 2583 3745 2661 προελθὸν
3774 2583 3829 2639 ἐκ

2173 2674 2269 2723 τοῦ
2328 2673 2559 2746 Πατρὸς,
2693 2670 2784 2725 καὶ
2842 2671 3075 2746 προϊόν’
3121 2673 3271 2745 Θεὸν,
3314 2678 3431 2735 τοῖς
3485 2679 3690 2743 νοητὼς

2173 2765 2359 2815 νοοῦσι
2405 2761 2473 2816 τὰ
2526 2760 2931 2836 παρακείμεναο
2988 2767 3107 2823 τοῖς
3170 2763 3266 2835 μὲν
3311 2757 3528 2818 ἀσεϐέσι
3586 2764 3672 2819 καὶ
3730 2784 3826 2818 πο-

2174 2848 2541 2922 λεμούμενον,
2598 2856 2711 2911 τοῖς
2764 2850 2821 2905 δὲ
2880 2850 3012 2926 ὑπὲρ
3064 2850 3292 2914 τούτους
3348 2852 3669 2927 νοούμενον,
3715 2857 3826 2914 τοῖς

2170 2938 2703 3015 πνευματικωτὲροις
2765 2937 2821 2994 δὲ
2876 2939 2966 2994 καὶ
3026 2939 3347 3015 λεγόμενον.
3393 2946 3550 3013 Μήτε
3599 2943 3699 2997 ὑπὸ
3739 2942 3826 3017 ἀρ-

2170 3028 2280 3103 χὴν
2340 3025 2454 3101 (73)
2502 3033 2676 3082 ποιεῖν
2724 3029 2815 3083 τὸν
2864 3028 3093 3105 Πατὲρα,
3150 3027 3242 3085 τίνα
3294 3032 3368 3104 μή
3397 3036 3502 3085 τοῦ
3532 3033 3746 3108 πρώτου
3775 3052 3823 3085 τι

2170 3122 2387 3192 πρῶτον
2447 3121 2562 3189 (74)
2611 3118 2999 3195 εἰσαγάγωμεν,
3050 3118 3101 3189 ἐξ
3170 3119 3230 3173 οὗ
3280 3121 3370 3174 καὶ
3410 3121 3479 3175 τὸ
3527 3121 3658 3176 εἶναι
3717 3122 3826 3193 (75)

2170 3208 2374 3283 πρώτῳ
2422 3209 2920 3283 περιτραπησεταιο
2984 3210 3122 3282 μήτε
3182 3210 3418 3286 ἄναρχον
3482 3212 3575 3267 τὸν
3628 3211 3747 3265 Υἱὸν
3793 3210 3825 3279 ἣ

406 3308 507 3381 qui
538 3282 778 3378 ea,-quaa
818 3303 1148 3375 propinqua
1200 3303 1360 3369 sunt,
1388 3298 1654 3371 apprime
1701 3282 2059 3369 intelligunt,

2176 3282 2234 3351 τὸ
2286 3282 2506 3369 Πνεῦμα
2560 3282 2623 3351 τὸ
2680 3298 2861 3372 ἅγιον,
2912 3294 3001 3351 ’ἶνα
3056 3299 3131 3371 μή
3186 3300 3249 3353 τὸ
3286 3282 3525 3375 ῖΪατρὸς
3556 3297 3822 3374 (76)ἷ¹διον

409 3398 513 3470 qui
541 3397 614 3452 ab
642 3392 844 3466 impiis
870 3391 1109 3463 quidem
1140 3390 1319 3446 etiam
1345 3392 1740 3461 oppugnatur,
1766 3388 1837 3443 ab
1866 3388 1940 3444 iis
1962 3403 2064 3443 au-

407 3492 549 3556 tem,
581 3484 682 3557 qui
740 3497 923 3552 supra
979 3496 1078 3536 eos
1138 3482 1479 3550 assurgunt,
1520 3477 1717 3533 animo
1765 3481 1822 3533 et
1870 3481 2065 3533 mente

407 3574 757 3646 concipitur,
781 3572 855 3626 ab
908 3569 982 3625 iis
1011 3585 1168 3639 vero,
1191 3568 1291 3641 qui
1325 3567 1515 3638 magis
1559 3566 1854 3637 spiritales
1902 3570 2061 3638 sunt,

403 3665 580 3721 etiam
608 3660 976 3734 praedicatur.
1003 3656 1155 3712 Illud
1176 3656 1314 3712 item
1338 3654 1667 3727 praescribe,
1692 3660 1885 3710 utnec
1906 3656 2063 3711 Patri

401 3750 760 3828 principium
790 3747 1147 3817 tribuamus,
1172 3761 1244 3800 ne
1292 3744 1431 3816 quid
1474 3744 1662 3816 primo
1689 3744 1854 3816 prius
1884 3746 2060 3801 indu-

400 3859 629 3911 camus,
662 3856 730 3895 ex
761 3854 876 3910 quo
922 3834 1096 3892 etiam
1130 3835 1211 3906 id,
1236 3835 1388 3906 quod
1439 3834 1697 3906 primum
1728 3838 1839 3902 est,
1874 3834 2061 3906 perire

2171 3384 2534 3462 περιὲλωμεν.
2585 3384 2696 3440 Οὐκ
2752 3386 2963 3462 ἅναρχα
3016 3387 3138 3463 γὰρ,
3198 3387 3287 3444 καὶ
3341 3388 3555 3466 ἄναρχά
3611 3386 3824 3452 πως’δ

2171 3475 2260 3530 καὶ
2318 3472 2645 3552 παράδοξον,
2703 3474 2819 3533 Οὐκ
2876 3473 3087 3553 ἄναρχοι
3148 3478 3241 3551 μὲν
3274 3477 3378 3555 γὰρ
3407 3482 3492 3551 τῷ
3522 3479 3679 3552 αἰτίῳ
3717 3480 3826 3552 (77)

2172 3565 2232 3620 ἐκ
2262 3569 2395 3620 Θεοῦ
2424 3566 2549 3642 γὰρ,
2585 3563 2630 3619 εἰ
2662 3565 2750 3619 καὶ
2786 3566 2861 3638 μὴ
2901 3567 3015 3639 μετ’
3045 3565 3230 3635 αὐτὸν,
3261 3567 3335 3628 ὡς
3363 3566 3414 3638 ἐξ
3460 3566 3629 3638 ἡλίου
3674 3572 3785 3646 φῶς
3808 3587 3821 3600 .

2172 3655 2382 3730 ἄναρχα
2412 3651 2472 3709 δὲ
2498 3658 2577 3726 τῷ
2606 3654 2814 3730 χρόνῳ.
2849 3655 2926 3711 Οὐ
2970 3656 3072 3732 γὰρ
3109 3657 3209 3712 ὑπὸ
3236 3657 3464 3733 χρόνον,
3521 3656 3613 3713 τίνα
3659 3659 3732 3732 μὴ
3763 3657 3823 3712 τὸ

2172 3742 2290 3820 ῥέον
2322 3742 2360 3817 ᾖ
2391 3748 2499 3799 τῶν
2534 3744 2779 3799 ἑστώτων
2813 3740 3200 3822 πρεσϐύτερον,
3230 3747 3319 3801 καὶ
3362 3751 3473 3802 τῶν
3514 3747 3706 3803 οὐσιῶν
3762 3748 3823 3802 τὸ

2168 3853 2442 3889 ανουσιον.
3220 3882 3223 3887 ,

396 3948 635 3991 necesse
664 3929 772 3997 sit;
806 3943 911 3984 nec
942 3924 1153 3981 Filium
1180 3928 1238 3980 et
1268 3922 1555 3996 Spiritum
1601 3926 1872 3979 sanctum
1904 3924 2176 3996 principii
2209 3927 2471 3995 expertes
2516 3940 2645 3980 esse
2693 3928 3057 3995 astruamus,
3089 3943 3161 3982 ne
3209 3925 3387 3994 Patri,
3418 3926 3480 3983 id
3513 3929 3667 4001 quod
3711 3926 3821 4001 ipsi

395 4021 700 4097 proprium
731 4023 841 4085 est,
873 4015 1229 4073 adimamus.
1264 4012 1351 4069 Illi
1402 4013 1618 4086 quippe
1647 4018 1705 4069 et
1737 4013 2023 4086 principio
2074 4014 2318 4069 minime
2350 4017 2570 4083 carent,
2600 4019 2657 4069 et
2688 4015 2940 4085 quodam
2991 4017 3165 4072 modo
3214 4020 3415 4073 carent
3448 4033 3462 4071 :
3500 4019 3650 4090 quod
3685 4033 3821 4074 sane

394 4115 554 4170 dictu
586 4111 802 4166 mirum
836 4113 945 4164 est.
976 4106 1101 4161 Non
1134 4105 1313 4171 enim,
1346 4110 1636 4175 quantum
1683 4106 1755 4159 ad
1803 4119 2066 4174 causam,
2098 4105 2248 4160 467
2288 4103 2577 4176 principio
2603 4110 2804 4161 carent
2837 4121 2850 4159 :
2886 4121 2953 4160 ex
2985 4106 3100 4162 Deo
3149 4106 3305 4162 enim
3352 4111 3514 4177 sunt,
3546 4108 3680 4165 licet
3708 4124 3820 4163 non

391 4208 527 4276 post
555 4202 768 4272 ipsum.
802 4195 1306 4270 quemadmodum
1338 4211 1407 4249 ex
1435 4193 1560 4249 sole
1586 4192 1784 4249 lumen
1823 4212 1835 4249 :

1871 4195 1970 4250 sed
2002 4198 2291 4265 quantum
2324 4194 2396 4249 ad
2431 4198 2686 4266 tempus,
2721 4195 2993 4267 principii
3026 4200 3168 4252 sunt
3197 4200 3485 4269 expertes.
3518 4198 3634 4254 Nec
3667 4197 3819 4253 enim

390 4290 639 4362 tempori
672 4288 919 4358 subjecti
952 4290 1111 4353 sunt,
1145 4301 1217 4339 ne
1247 4283 1403 4354 quod
1455 4282 1676 4338 ﬂuxum
1710 4288 1819 4349 est,
1852 4283 1925 4339 iis
1956 4300 2087 4355 quae
2116 4283 2356 4339 stabilia
2386 4288 2546 4353 sunt,
2577 4288 2636 4338 et
2665 4284 2821 4355 quod
2867 4300 2982 4339 non
3032 4292 3144 4351 est,
3175 4286 3248 4342 iis
3296 4302 3424 4358 quae
3469 4291 3629 4359 sunt,
3662 4284 3823 4360 prius

388 4385 567 4451 atque
596 4376 901 4447 antiquius
941 4374 1036 4429 sit.

402 4498 405 4501 λ
458 4468 604 4524 XVI.
646 4465 761 4521 Nec
806 4464 946 4519 item
999 4462 1114 4517 tria
1160 4459 1447 4533 principia
1494 4460 1946 4530 constituamus,
1980 4478 2053 4519 ne

392 4680 397 4685 η
459 4632 574 4696 (69)
602 4634 780 4689 Τινος.
814 4625 1172 4684 Heraclitum
1210 4622 1508 4696 intelligit.

482 4695 572 4772 70)
608 4700 928 4772 ΙΙλάσματα.
967 4699 1104 4771 Reg.
1137 4715 1191 4763 a,
1222 4695 1596 4772 tulitquam,

479 4768 572 4845 71)
602 4774 665 4828 Εἴ·
701 4768 795 4845 μιν
835 4768 898 4825 τὸ
949 4768 1125 4845 aetat,
1175 4776 1284 4825 etc.
1335 4768 1439 4823 Hic
1465 4768 1701 4845 “obiter
1732 4768 2045 4845 Gregorius

386 4840 739 4921 perstringit
776 4843 1271 4921 absurdissimum
1320 4840 1627 4921 gentilium
1662 4840 2041 4921 theologiam,

387 4912 487 4992 qui
519 4920 630 4975 sub
648 4912 1002 4974 Tabularum
1050 4915 1350 4970 involucro
1385 4912 1674 4968 Deitatem
1725 4912 2043 4970 adumbra—

383 4993 547 5049 bant.
1860 5011 1871 5023 .

459 5062 573 5134 (72)
602 5062 725 5134 Τοῖς
756 5061 992 5134 νοητῷς,
1016 5061 1133 5134 etc.
1159 5079 1186 5105 ‹‹
1221 5054 1327 5123 Qui
1360 5053 1570 5134 solerti
1592 5054 1851 5134 ingenio,
1875 5072 2038 5134 mens

388 5127 475 5188 tis
494 5127 764 5188 acumine
796 5148 865 5185 ea
894 5129 1250 5202 intelligunt,
1276 5143 1402 5199 qure
1442 5127 1958 5202 conjunctasunt
1985 5132 2041 5183 et

386 5205 697 5271 cohaerent,
739 5223 767 5253 »
810 5203 1056 5258 Deitatis
1088 5198 1336 5256 'scilicet
1382 5214 1682 5271 personas,
1714 5198 1819 5271 sic
1870 5200 2038 5255 nobis

388 5294 505 5332 una
535 5270 696 5356 serie
713 5276 1070 5356 propositas;
1102 5270 1411 5356 exquibus
1444 5271 1673 5356 passim.
1697 5270 2035 5356 Gregorius,

384 5351 541 5407 sicut
571 5353 630 5404 et
658 5343 911 5403 Basilius
948 5343 1458 5419 probaut,Fi1ium
1489 5349 1546 5419 et
1577 5343 1862 5415 Spiritum
1894 5362 2036 5400 san-

382 5426 539 5479 ctum
570 5420 753 5475 Deum
777 5415 1004 5491 pariter
1033 5433 1183 5485 esse,
1212 5416 1384 5491 sicuti
1416 5415 1600 5471 Pater.

452 5495 563 5566 (73)
595 5491 723 5543 Ὑπὸ
765 5486 965 5564 ἀρχήν,
999 5497 1105 5548 etc.
1134 5515 1159 5540 ‹‹
1196 5491 1276 5545 Nc
1314 5489 1542 5543 Patrem
1594 5486 1880 5560 principio
1930 5505 2033 5544 sua

380 5565 549 5622 besse
581 5569 932 5620 statuamus.
961 5589 981 5615 ιδ

451 5639 564 5710 (74)
595 5641 654 5689 Τι
687 5638 919 5710 πρῶτον.
939 5635 1055 5710 _Hic
1086 5631 1349 5710 πρότερον
1407 5631 1563 5710 idem
1616 5634 1785 5710 sonat
1805 5648 1874 5710 ac
1901 5630 2033 5703 πρό-

376 5700 557 5785 τερον,
586 5700 741 5781 quod
772 5706 987 5785 Gracia
1019 5700 1304 5785 familiare
1334 5707 1441 5758 est.
1478 5700 1609 5756 Mox
1639 5700 2028 5777 εἰσαγάγωμεν

375 5755 499 5843 alia
515 5755 1391 5855 testatas;aureis?
1768 5755 1778 5777 '
1837 5755 1866 5804 ἀ

556 4632 574 4847 ξ

458 4633 477 4849 ἓ

2077 4626 2126 4691 Ι)

2237 4461 2328 4530 Ιζ’.
2370 4461 2521 4531 Μήτε
2551 4458 2728 4535 ἀρχὰς
2766 4465 2935 4536 τρεῖς,
2988 4458 3081 4517 ἰτα
3138 4463 3216 4537 μὴ
3268 4460 3620 4534 Ἑλληνικὸν,
3675 4466 3709 4534 ἣ
3761 4478 3824 4533 τὸ

2231 4626 2338 4697 (75)
2370 4624 2454 4695 Ἐξ
2487 4621 2550 4676 οὗ
2582 4621 2670 4677 καὶ
2700 4622 2764 4677 τὸ
2796 4622 2953 4695 εἶναι,
2985 4630 3096 4682 etc.
3124 4642 3137 4681 :
3164 4649 3194 4679 «
3226 4643 3295 4683 ex
3339 4627 3493 4697 quod
3543 4627 3626 4694 id,
3659 4624 3814 4697 quod

2157 4699 2417 4768 primum
2452 4702 2561 4765 est,
2595 4696 2878 4768 originem
2906 4698 3154 4754 traxisse
3186 4696 3423 4768 necesse
3453 4700 3553 4754 sit.
3579 4721 3609 4748 ι)

2248 4770 2339 4837 76)
2356 4764 2423 4820 Τὰ
2448 4764 2843 4842 ΙῐατρόςῘΗρε.
2866 4769 3079 4839 hu,0r.
3100 4771 3149 4837 1,
3170 4766 3434 4837 Ρᾶεε.,τὸ
3454 4772 3551 4824 τοῦ
3574 4766 3807 4842 Πατρός.

2248 4842 2340 4908 77)
2369 4843 2455 4909 Τῷ
2486 4838 2664 4912 αἴτ’ίῳ.
2692 4862 2719 4891 ‹‹
2753 4838 3050 4907 Quantum
3097 4843 3169 4897 ad
3211 4858 3522 4898 causam.»
3547 4838 3707 4899 Licet
3737 4840 3807 4896 ab

2153 4910 2262 4967 hac
2284 4929 2419 4966 voce
2448 4910 2781 4967 abstineant
2812 4913 3026 4980 Latini,
3050 4914 3195 4970 nihil
3220 4920 3413 4971 tamen
3435 4918 3525 4969 est
3553 4912 3805 4979 dissidii,

2154 4986 2344 5054 quoad
2388 5000 2509 5039 rem
2558 4991 2617 5039 et
2666 4999 2931 5056 sensum,
2964 4986 3116 5041 inter
3163 4987 3391 5044 Graecos
3439 4990 3497 5042 et
3548 4986 3805 5041 Latinos.

2152 5056 2312 5119 Quod
2344 5056 2501 5111 enim
2534 5056 2715 5110 Graeci
2739 5078 2767 5105 «
2801 5073 2990 5113 causas
3040 5062 3097 5113 et
3139 5059 3364 5115 causati
3389 5079 3416 5109 »
3448 5057 3688 5113 nomine
3719 5056 3806 5110 in-

2152 5128 2447 5203 telligunt,
2481 5128 2767 5203 nosidem
2791 5128 3128 5203 «:‘principii
3173 5137 3231 5187 et
3272 5129 3603 5203 principiati
3642 5148 3669 5179 η
3703 5145 3805 5183 no-

2151 5198 2308 5255 mine
2357 5198 2765 5269 intelligimus.
2801 5198 2963 5256 Unde
3012 5198 3552 5259 sanctus—Thomas
3600 5215 3803 5272 opusc.

2147 5282 2334 5327 contra
2378 5288 2595 5326 errores
2643 5272 2951 5327 Graecorum
2991 5289 3039 5328 ο.
3077 5276 3128 5340 1,
3160 5276 3242 5331 ait
3275 5293 3321 5332 ει
3351 5274 3517 5346 Apud
3568 5273 3805 5346 Latinos

2148 5361 2261 5415 non
2294 5349 2383 5399 est
2411 5349 2779 5411 consuetum,
2804 5346 2957 5415 quod
2991 5347 3159 5402 Pater
3185 5343 3417 5402 dicatur
3441 5360 3620 5401 causa
3652 5343 3800 5414 Filii,

2143 5414 2231 5473 vel
2261 5416 2511 5492 Spiritus
2534 5416 2752 5492 sancti,
2786 5414 2886 5472 sed
2937 5418 3130 5475 solum
3173 5415 3666 5492 principium,vel
3697 5432 3799 5472 au-

2144 5488 2332 5545 ctor...
2369 5488 2568 5546 Graeci.
2597 5488 2693 5559 qui
2728 5502 2913 5545 caus???
2947 5494 3001 5546 rt
3034 5488 3255 5547 causati
3285 5488 3519 5547 nox—nine
3550 5492 3802 5544 utuntur

2143 5562 2203 5616 in
2253 5562 2467 5616 divinis
2518 5566 2807 5632 personis,
2857 5579 2969 5618 non
3027 5564 3343 5620 intendunt
3392 5564 3795 5619 diversitatem

2141 5638 2363 5688 naturae
2392 5634 2689 5701 inducere,
2725 5638 2825 5688 aut
2856 5634 3065 5689 Filium
3112 5653 3241 5691 esse
3279 5642 3606 5693 creaturam
3642 5652 3654 5688 :
3692 5633 3792 5688 sed

2141 5722 2246 5777 per
2278 5706 2383 5782 hoc
2416 5710 2618 5782 volunt
2649 5706 2954 5782 ostendere
2984 5707 3177 5782 solam,
3204 5710 3485 5782 originem
3521 5722 3798 5779 persona-

2138 5776 2295 5849 rum,
2328 5776 2481 5833 sicut
2509 5792 2615 5834 nos
2646 5777 2881 5835 nomine
2908 5780 3205 5854 principii.
3226 5804 3254 5832 υ
3296 5776 3324 5782 ⁹
3523 5776 3540 5779 ⁷
3756 5786 3759 5787 ⁷
