4110 6420
352 379 503 444 1221

1132 375 1422 443 ORATIO
1466 379 1648 442 XXV.
1682 413 1761 427 —
1805 375 1884 442 IN
1931 375 2256 444 LAUDEM
2303 384 2647 450 HERONIS
2693 385 2998 454 PHILOS.

3605 405 3764 474 1222

347 514 615 570 πολύθεον
639 532 652 546 ⁶
691 514 829 586 μήτε
861 514 986 587 μίαν
1025 514 1142 587 μὶν,
1172 511 1469 583 Ἰουδαῖκὴν
1503 511 1560 568 δὲ
1611 514 1796 584 στενήν
1855 517 1994 584 τινα,

2137 533 2168 570 n
2203 518 2479 590 gentilem
2507 521 2750 579 deorum
2784 525 3221 586 multitudinem
3254 532 3586 594 incidamus
3616 555 3628 594 :
3654 557 3761 596 nec

347 607 438 660 καῖ
498 606 780 682 φθονερὰν,
839 604 926 658 καὶ
987 601 1279 658 ἀδύνατον·
1335 604 1370 671 ἢ
1426 602 1506 675 τῷ
1563 601 1866 658 ἀναλίσκειν
1926 603 2002 664 εἷς

350 695 544 762 ἑαυτὴν
578 692 826 763 θεότητα,
860 692 891 746 ὅ
918 714 1036 754 τοις
1069 692 1368 768 προάγουσι
1406 691 1498 765 μὲν
1549 691 1608 747 ἐκ
1641 697 1739 747 τοῦ
1794 693 2002 767 Πατρὸς

348 786 440 839 τὸν
474 783 620 854 Υἱὸν,
654 782 728 844 εἷς
760 781 919 838 αὐτὸν
951 780 1009 837 δὲ
1038 782 1202 837 πάλιν
1248 780 1568 837 ἀναλόουσιν
1603 779 1792 857 ἤρεσεν
1821 801 1832 813 ·
1865 783 1899 851 ἢ
1926 785 2004 852 τῷ

350 866 717 928 κακαϐαλλειν
774 871 869 933 τὰς
921 871 1123 950 φύσεις,
1173 871 1262 926 καὶ
1303 869 1633 948 ἀλλοτριοῦν
1664 871 1944 942 θεότητος,
1978 867 2006 922 ὅ

348 967 468 1024 τοῖς
496 965 586 1015 νῦν
619 961 829 1036 ἀρέσκει
866 966 1078 1038 σοφοῖς,
1111 960 1291 1037 ὣσπερ
1351 958 1652 1016 δεδοικυῖαν
1715 962 1790 1034 μή
1826 961 2004 1032 ἀντεξ-

350 1051 609 1128 ἀγωνται-
644 1053 779 1123 (78),
835 1052 869 1119 ἢ
932 1048 1101 1124 μηδὲν
1159 1048 1457 1124 δυναμένην
1520 1051 1650 1126 ὑπὲρ
1687 1044 1754 1106 τᾶ
1778 1050 2006 1124 καίσμα-

350 1161 436 1195 τα.
471 1143 623 1210 Μήτε
653 1139 944 1214 ἀγέννητον
977 1141 1067 1195 τὸν
1101 1140 1249 1210 Υἱὸν,
1301 1141 1376 1202 εἷς
1409 1141 1512 1216 γὰρ
1547 1142 1574 1194 ὁ
1611 1142 1793 1210 Πατήρ
1819 1157 1832 1170 ·
1871 1142 2009 1212 μήτε

353 1230 476 1283 Υῖον
497 1230 560 1283 τὸ
594 1229 834 1301 Πνεῦμα,
867 1228 910 1282 εἰ
959 1230 1061 1304 γὰρ
1089 1229 1116 1282 ὁ
1148 1230 1459 1304 Μονογενής
1485 1247 1499 1261 ’
1554 1227 1648 1282 ’ἱνα
1701 1228 1790 1282 καὶ
1847 1232 2008 1282 τοῦτο

353 1319 532 1382 θεϊκὸν
580 1315 749 1393 ἔχωσι
797 1316 860 1372 τὸ
914 1315 1225 1391 μοναδικὸν,
1276 1318 1305 1371 ὁ
1367 1318 1461 1390 μὲν
1507 1324 1610 1386 τῆς
1641 1317 1917 1388 υἱότητος,
1945 1316 2008 1371 τὸ

354 1405 412 1462 δὲ
465 1410 564 1476 τῆς
614 1404 876 1482 προόδου,
932 1407 1024 1461 καὶ
1073 1406 1182 1482 οὐχ
1213 1405 1490 1478 υἱότητος,
1525 1404 1774 1474 Ἀληθῶς
1805 1406 2009 1481 πατέρα

350 1499 442 1553 τὸν
474 1496 708 1571 ῙΙατὲρα,
732 1497 820 1550 καὶ
853 1495 998 1551 πολὺ
1028 1516 1088 1572 γε
1115 1500 1222 1550 τῶν
1247 1497 1373 1571 παρ’
1431 1497 1565 1568 ἡμῖν
1625 1493 2005 1568 ἀληθέστερον,

353 1587 436 1643 ὅτι
475 1586 681 1660 μόνως,
715 1583 1044 1660 ἰδιοτρόπως
1074 1584 1198 1662 γὰρ,
1229 1585 1316 1639 καὶ
1350 1584 1458 1660 οὐχ
1506 1584 1580 1646 ὡς
1625 1586 1692 1639 τὰ
1741 1585 2004 1657 σώματα·

353 1676 443 1732 καὶ
506 1675 693 1749 μόνος,
743 1675 803 1729 οὐ
850 1676 951 1750 γὰρ
1011 1674 1146 1748 μετὰ
1193 1673 1480 1750 συζυγίας·
1539 1673 1627 1728 καὶ
1677 1673 1865 1747 μόνου,
1901 1680 2007 1729 Μο-

351 1770 602 1841 νογενοῦς
660 1764 801 1840 γάρ·
859 1763 948 1818 καὶ
1011 1764 1204 1836 μόνον,
1263 1763 1324 1817 οὐ
1383 1764 1482 1839 γὰρ
1542 1763 1662 1825 Υἱὸς
1701 1762 2003 1838 πρότερον·

354 1856 444 1909 καὶ
477 1854 605 1909 ὅλον
639 1855 844 1928 Πατὴρ,
878 1853 965 1907 καὶ
999 1852 1154 1924 ὅλου,
1195 1854 1256 1907 τὸ
1287 1854 1389 1928 γὰρ
1440 1851 1707 1928 ἡμέτερον
1758 1850 1965 1921 ἄδηλον
1995 1869 2007 1880 ·

355 1944 444 1998 καὶ
490 1944 580 1997 ἀπ’
624 1943 822 2020 ἀρχῆς,
877 1942 943 1995 οὗ
1004 1943 1105 2017 γὰρ
1156 1942 1399 2017 ὕστερον.
1461 1940 1714 2012 Ἀληθῶς
1749 1942 1861 1995 υἱὸν
1921 1942 2010 1994 τὸν

357 2034 504 2104 Υἱὸν,
533 2032 614 2086 ὅτι
651 2033 832 2104 μόνος,
881 2031 969 2085 καὶ
1033 2030 1223 2104 μόνου,
1273 2032 1364 2085 καὶ
1419 2032 1622 2104 μόνως,
1671 2031 1761 2084 καὶ
1811 2030 1970 2103 μόνον
2000 2049 2012 2060 ·

357 2121 420 2176 οὐ
449 2122 548 2196 γὰρ
579 2121 668 2175 καὶ
719 2121 929 2195 Πατὴρ,
980 2119 1068 2174 καὶ
1119 2119 1248 2173 ὃλον
1305 2121 1445 2193 Υἱὸς,
1477 2121 1568 2174 καὶ
1617 2119 1772 2186 ὅλου,
1804 2120 1894 2173 καὶ
1927 2120 2016 2174 ἀπ’

355 2211 556 2287 ἀρχῆς,
616 2207 815 2264 οὔποτε
866 2214 964 2263 τοῦ
1023 2211 1156 2263 εἶναι
1215 2209 1337 2271 Υἱὸς
1383 2209 1693 2285 ἡργμένος’
1729 2209 1790 2263 οὐ
1821 2210 1924 2284 γὰρ
1959 2209 2016 2263 ἐκ

361 2297 721 2374 μεταμελείας
771 2301 804 2367 ἡ
857 2298 1070 2369 θεότης,
1121 2296 1248 2352 οὐδὲ
1297 2298 1356 2352 ὶκ
1402 2305 1686 2374 προκοπῆς
1729 2300 1762 2366 ἡ
1799 2297 2012 2364 θὲωσις,

349 2388 441 2444 ’ἶνα
473 2389 636 2463 λείπῃ
663 2389 812 2445 ποτὲ.
840 2387 918 2459 τῷ
953 2388 1045 2460 μὲν
1077 2391 1140 2442 τὸ
1172 2389 1308 2442 εἶναι
1337 2390 1449 2461 (79)
1483 2387 1675 2460 Ηατρὶ,
1720 2391 1798 2457 τῷ
1849 2384 1905 2440 δὲ
1951 2386 2013 2440 τὸ

357 2481 494 2533 εἶναι
527 2478 655 2548 Υἳῷ.
688 2475 940 2544 ’Δληθῶς
970 2477 1119 2551 ἅγιον
1153 2476 1215 2530 τὸ
1250 2479 1469 2548 [Ινεῦμα
1497 2475 1560 2530 τὸ
1607 2474 1850 2552 ἅγιον.οὐ
1909 2476 2012 2551 γὰρ

356 2567 448 2624 καὶ
479 2566 621 2622 ἄλλο
652 2570 897 2622 τοιοῦτον
930 2568 1061 2638 (80),
1095 2562 1219 2619 οὐδὲ
1249 2564 1446 2636 οὕτως,
1471 2561 1596 2619 οὐδέ
1619 2563 1676 2618 ἐκ
1696 2565 2015 2639 προσθήκης

357 2659 386 2711 ὁ
420 2653 838 2732 ἀγιασμὸς,ἀλλ’
867 2653 1226 2728 αὖτοαγιότης
1251 2672 1264 2686 ⁶
1298 2649 1425 2707 οὐδὶ
1461 2652 1672 2726 μᾶλλον
1706 2653 1795 2708 καὶ
1825 2653 2012 2725 ἧττον,

359 2743 486 2800 οὐδὶ
516 2745 811 2820 ἀρξάμενον
845 2747 1137 2819 χρονικῶς,
1178 2743 1212 2811 ἢ
1261 2742 1624 2815 παυσόμενον.
1677 2741 1861 2796 Κοινὸν
1910 2742 2012 2818 γὰρ

363 2835 532 2910 Πατρὶ
590 2835 683 2906 μὲν
726 2832 815 2887 καὶ
867 2831 976 2904 Υἱῲ
1021 2833 1111 2886 καὶ
1163 2831 1300 2907 ἁγίῳ
1345 2831 1638 2904 υνεύματι,
1695 2832 1756 2886 τὸ
1816 2833 1892 2904 μή
1924 2852 2012 2905 γε·

357 2923 597 3001 γονὲναι,
654 2920 746 2976 καί
793 2924 828 2990 ἡ
873 2921 1100 2991 θεότης·
1152 2922 1261 2992 Υἱῷ
1299 2917 1355 2974 δὲ
1405 2921 1493 2974 καὶ
1546 2920 1678 2995 ἁγίῳ
1722 2920 2013 2993 Πνεόματι,

243 3025 254 3032 ’
356 3015 516 3071 τὸέκ
543 3017 639 3068 τοῦ
672 3010 901 3088 Πατρός.
935 3007 1095 3065 Ἵδιον
1130 3007 1186 3064 δὲ
1233 3010 1440 3085 Πατρὸς
1488 3011 1600 3083 μὲν,
1659 3013 1692 3078 ἡ
1753 3009 2013 3085 ἀγγεννη-

360 3103 484 3159 σία·
519 3103 648 3156 Υἱοῦ
700 3098 778 3169 δὲ,
830 3103 864 3170 ἡ
919 3101 1206 3175 γέννησις·
1261 3099 1575 3172 Πνεόματος
1625 3096 1702 3172 δὲ,
1745 3101 1780 3168 ἡ
1814 3097 2014 3174 ἔκπεμ-

357 3197 450 3268 ψις
483 3194 614 3268 (81).
666 3190 728 3245 Εἰ
781 3187 838 3245 δὲ
892 3190 982 3244 τὸν
1027 3183 1230 3260 τρόπον
1265 3187 1562 3260 ἐπιζητεῖς,
1593 3189 1646 3244 τί
1672 3186 2016 3262 καταλείψεις

2115 623 2322 662 rursus
2367 625 2552 664 unum
2581 612 2840 684 quidem,
2875 617 2972 670 sed
3018 617 3327 679 Judaicum
3358 628 3675 701 quoddam,
3708 635 3767 688 et

2115 701 2456 792 angus-tum,
2490 704 2674 792 atque,
2705 702 2968 760 invidum
3013 710 3070 761 et
3118 708 3503 782 imbecillum;
3555 735 3766 792 nempe

2115 786 2199 839 vel
2220 787 2494 842 deitatem
2516 789 2574 842 in
2598 791 2850 862 seipsam
2872 786 3764 872 absumendo,quemadmodu-m

2117 873 2189 930 iis
2221 873 2459 967 placuit,
2485 879 2582 949 qui
2617 879 2827 935 Filium
2853 883 3092 953 quidem
3116 903 3181 941 ex
3211 892 3381 946 Patre
3412 897 3762 967 producunt,

2116 963 2388 1018 eumdem
2429 973 2624 1021 autem
2659 985 2892 1023 rursum
2947 972 3004 1026 in
3041 973 3268 1032 Patrem
3320 963 3650 1054 resolvunt;
3679 963 3767 1044 vel

2121 1059 2360 1147 naturas
2407 1055 2754 1147 dejiciendo,
2797 1065 2972 1130 atque
3005 1079 3040 1118 a
3079 1064 3386 1126 divinitate
3433 1072 3766 1147 alienando,

2121 1149 2179 1196 ut
2211 1143 2575 1214 sapientibus
2607 1145 2785 1216 hujus
2817 1152 3099 1221 temporis
3130 1155 3376 1230 videtur,
3404 1162 3647 1230 perinde
3678 1143 3772 1221 at;

2119 1247 2232 1302 que
2264 1231 2391 1302 ipsa
2421 1233 2529 1290 hoc
2575 1241 2818 1308 metuat,
2853 1255 2924 1294 ne
2968 1239 3106 1311 ipsae
3136 1244 3446 1304 adversum
3479 1268 3542 1307 se
3571 1253 3770 1310 insur-

2119 1324 2281 1390 gant,
2311 1324 2412 1375 aut
2443 1337 2622 1394 supra
2651 1340 2743 1379 res
2775 1326 3040 1383 conditas
3073 1331 3217 1386 nihil
3250 1337 3454 1405 possit.
3488 1341 3603 1398 Nec
3635 1360 3769 1399 rur-

2119 1426 2250 1464 sum
2274 1409 2598 1482 ingenitum
2629 1412 2855 1479 Filium,
2882 1433 3033 1473 unus
3056 1419 3208 1475 enim
3238 1422 3404 1482 Pater
3425 1427 3764 1501 ingenitus:

2121 1515 2222 1552 nec
2254 1498 2540 1568 Spiritum
2571 1506 2838 1558 sanctum
2875 1505 3108 1576 Filium,
3137 1527 3290 1567 unus
3319 1515 3474 1572 enim
3492 1498 3596 1574 Vest
3627 1520 3766 1577 Uni-

2118 1586 2379 1682 glenitus;
2416 1593 2480 1682 ut
2510 1595 2618 1682 hoc
2649 1606 2882 1682 quoque
2901 1595 3170 1682 divinum
3202 1598 3474 1672 habeant,
3503 1607 3768 1682 singula-

2121 1675 2345 1730 rilatem
2378 1675 2684 1746 nimirum,
2716 1679 2812 1734 ille
2856 1680 3176 1753 filiationis,
3210 1687 3305 1744 hic
3353 1675 3766 1769 processiiinis,

2121 1782 2236 1818 non
2263 1769 2458 1820 autem
2489 1765 2806 1822 liliationis.
2828 1769 3057 1826 Patrem
3081 1791 3210 1831 vere
3233 1783 3474 1852 patrem,
3493 1801 3558 1839 ac
3585 1765 3768 1844 multo

2122 1854 2358 1924 quidem
2393 1854 2587 1910 verius
2617 1871 2797 1927 quam
2829 1859 2930 1930 qui
2960 1864 3115 1932 apud
3149 1882 3257 1921 nos
3288 1869 3340 1923 id
3376 1889 3587 1930 nomen
3619 1878 3771 1932 obti-

2127 1948 2284 2006 nent,
2317 1947 2442 1998 tum
2489 1944 2628 2014 quia
2666 1947 2907 2036 preprio
2956 1956 3007 2004 el
3057 1952 3336 2026 singulari
3387 1963 3560 2018 modo
3608 1970 3774 2036 pater

2123 2039 2230 2101 est,
2257 2049 2370 2086 non
2406 2038 2600 2088 autem
2626 2035 2778 2089 sicut
2806 2053 3078 2109 corpora;
3104 2046 3228 2098 tum
3263 2048 3402 2116 quia
3431 2035 3624 2121 solus,
3653 2071 3769 2111 non

2125 2124 2279 2178 cnim
2300 2138 2367 2176 ex
2390 2123 2829 2192 conjunctione;
2863 2131 2986 2180 tum
3011 2130 3150 2199 quia
3173 2132 3376 2203 solius,
3403 2155 3611 2212 nempe
3636 2143 3772 2198 Uni-

2123 2211 2334 2282 geniti;
2370 2214 2493 2264 tum
2527 2211 2666 2281 quia
2693 2213 2908 2278 solum,
2940 2233 3043 2270 nec
3074 2221 3230 2274 enim
3272 2224 3396 2293 ipse
3426 2211 3768 2300 priusquam

2125 2305 2284 2371 pater
2312 2305 2487 2365 esset,
2513 2299 2692 2354 Filius
2719 2301 2854 2370 fuit;
2887 2309 3014 2360 tum
3038 2309 3174 2377 quia
3201 2310 3259 2365 in
3295 2318 3479 2370 totum
3503 2323 3559 2372 et
3589 2299 3772 2378 totius

2125 2387 2308 2455 Pater,
2329 2389 2490 2478 quod
2511 2388 2593 2478 ide
2623 2390 2793 2445 nobis
2842 2397 2994 2450 certe
3044 2397 3325 2456 afﬁrmari
3375 2408 3612 2478 nequit;
3645 2415 3773 2467 tum

2123 2478 2260 2548 quia
2289 2477 2359 2532 ab
2391 2476 2581 2543 initio,
2606 2495 2711 2534 nec
2758 2479 2912 2536 enim
2946 2487 3239 2554 posterius
3268 2491 3438 2548 Pater
3466 2476 3610 2553 esse
3658 2516 3772 2556 co:-

2125 2566 2228 2637 pit.
2257 2564 2464 2659 Filium
2488 2582 2617 2659 vere
2649 2567 2859 2659 tilium,
2884 2573 3036 2642 quod
3069 2581 3124 2631 et
3165 2578 3327 2636 solus
3359 2583 3456 2653 sit,
3479 2590 3537 2640 et
3565 2588 3771 2659 solius,

2123 2671 2187 2709 ac
2222 2653 2502 2726 singulari
2535 2657 2728 2723 modo,
2752 2662 2810 2712 et
2837 2659 3061 2730 solum;
3097 2681 3211 2721 non
3239 2670 3394 2725 enim
3431 2672 3598 2730 Pater
3629 2653 3776 2747 quo;

2080 2810 2087 2816 ⁸
2125 2761 2237 2815 quc
2279 2742 2465 2834 simul
2511 2748 2620 2815 est,
2654 2749 2710 2799 et
2755 2746 2812 2800 in
2866 2753 3053 2806 totum
3112 2754 3308 2829 Filius,
3333 2764 3390 2814 et
3421 2763 3621 2834 totius,
3646 2742 3714 2822 et
3742 2785 3777 2824 a

2125 2833 2429 2905 principio,
2455 2833 2605 2888 hanc
2655 2835 2873 2892 scilicet
2902 2840 3188 2899 rationem
3228 2845 3474 2920 habens,
3506 2859 3572 2907 ut
3621 2873 3776 2912 nun-

2125 2939 2300 2994 quam
2334 2923 2514 2978 Filius
2534 2939 2662 2979 esse
2684 2927 2948 2997 coeperit;
2983 2947 3096 2984 non
3124 2934 3281 2990 enim
3305 2953 3372 2992 ex
3393 2942 3619 2998 consilii
3645 2963 3774 3002 mu-

2123 3012 2341 3102 tatione
2368 3015 2457 3066 est
2486 3011 2692 3102 deitas,
2717 3030 2906 3086 neque
2930 3033 2997 3072 ex
3030 3036 3338 3094 progressu
3374 3029 3682 3102 deilicatio,
3711 3040 3777 3091 ut

2123 3100 2221 3155 ille
2249 3099 2564 3171 aliquando
2596 3105 2788 3170 Pater,
2822 3103 2918 3160 hic
2957 3105 3272 3180 aliquando
3305 3115 3485 3173 Filius
3516 3136 3645 3177 esse
3670 3099 3776 3180 vde-

2126 3188 2591 3260 sinat.Spiritum
2617 3197 2891 3248 sanctum
2912 3212 3040 3252 vere
3060 3207 3328 3257 sanctum
3356 3222 3368 3260 :
3397 3223 3586 3280 neque
3617 3212 3774 3270 enim

354 3288 473 3344 τοῖς
537 3280 720 3354 μόνοις
775 3279 1053 3355 γινώσκειν
1107 3275 1351 3350 ἄλληλα,
1409 3277 1497 3333 καὶ
1542 3279 1898 3353 γινώσκεσθαι
1934 3278 2010 3332 ὑπ¹

2131 3277 2280 3333 alius
2313 3277 2446 3333 talis
2476 3282 2584 3350 est,
2613 3296 2716 3336 nec
2765 3283 2967 3338 eodem
3001 3288 3194 3354 modo,
3227 3307 3415 3363 neque
3459 3275 3528 3352 ex
3577 3316 3777 3357 acces-

355 3370 624 3442 ἀλλήλων
664 3367 1096 3443 μαρτυρομένοις
1132 3371 1265 3442 (82),
1298 3367 1332 3437 ἢ
1365 3368 1454 3422 καὶ
1494 3371 1654 3441 ἡμῶν
1699 3373 1818 3430 τοῖς
1878 3366 2014 3422 ἐκεῖ·

356 3464 444 3516 Θεν
478 3459 1028 3537 ἐλλαμφθησομένοις
1063 3457 1323 3530 ὕστερον;

2126 3369 2288 3423 sione
2321 3368 2688 3459 sanctitatem
2723 3369 2916 3438 habet,
2941 3375 3041 3429 sed
3073 3381 3161 3431 est
3191 3379 3440 3448 ipsamet
3467 3389 3775 3459 sanctitas,

2128 3473 2231 3549 nec
2259 3458 2452 3549 magis
2478 3461 2534 3511 et
2565 3457 2784 3549 minus,
2818 3477 2942 3533 nec,
2966 3467 3157 3534 quoad
3199 3471 3454 3542 tempus,
3488 3457 3775 3549 originem

361 3566 623 3621 unquam
658 3549 883 3614 habuit,
918 3563 1023 3602 nec
1055 3548 1231 3602 finem
1265 3547 1572 3638 habiturus
1601 3552 1705 3638 est.
1742 3547 1858 3638 [loc
1888 3546 2042 3601 enim
2079 3545 2320 3638 Pat‘riuet
2352 3543 2582 3638 Filio‘et
2613 3545 2855 3638 Spiritui
2902 3555 3101 3606 sancto
3132 3569 3447 3616 commune
3477 3543 3776 3638 esu—quod

360 3639 604 3696 minime
633 3638 809 3692 creati
841 3641 998 3705 sunt,
1040 3640 1217 3704 atque
1265 3637 1396 3707 ipsa
1443 3636 1736 3692 divinitas.
1772 3635 1888 3691 Hoc
1919 3642 2112 3690 autem
2165 3633 2305 3688 Filio
2338 3637 2394 3687 et
2424 3633 2666 3704 Spiritui
2717 3642 2938 3707 sancto,
2974 3643 3128 3711 quod
3183 3649 3429 3720 uterque
3475 3633 3676 3710 eorum
3706 3675 3777 3714 ex

364 3730 530 3784 Patre
560 3733 668 3782 est.
701 3728 772 3780 At
810 3742 941 3781 vero
974 3725 1161 3815 Patris
1207 3726 1530 3797 proprietas
1579 3725 1699 3780 haec
1750 3729 1857 3791 est,
1892 3723 2395 3815 quodpingenilus
2426 3722 2502 3777 sit
2535 3741 2547 3778 :
2582 3723 2728 3815 Filii,
2758 3729 2912 3796 quod
2946 3732 3181 3800 genitus
3215 3751 3227 3788 :
3261 3738 3514 3809 Spiritus
3562 3748 3778 3815 sancti,

361 3818 517 3890 quod
553 3817 846 3889 procedat.
881 3815 1044 3878 Quod
1077 3814 1126 3868 si
1160 3815 1403 3869 modum
1434 3815 1668 3886 quaeris,
1701 3815 1842 3886 quid
1861 3814 1948 3907 iis
1980 3814 2300 3907 relicturus-
2324 3827 2409 3878 es,
2440 3828 2589 3882 quos
2622 3814 2779 3869 solos
2827 3826 3030 3873 muluo
3063 3838 3124 3877 se
3155 3825 3306 3880 468
3341 3845 3688 3901 cognoscere
3711 3814 3779 3907 ⁵⁸,

361 3911 537 3978 atque
572 3923 604 3960 ιι
634 3922 695 3960 su
727 3908 932 3960 mutuo
963 3904 1232 3975 cognosci
1263 3904 1561 3976 Scriptura
1591 3907 1841 3960 testatur
1859 3903 1924 3972 ‘9,
1959 3908 2061 3959 aut
2108 3902 2180 3957 iis
2229 3900 2404 3958 etiam
2446 3906 2735 3971 nostrum,
2769 3905 2868 3975 qui
2903 3913 3106 3977 postea
3153 3900 3434 3974 divinitus
3478 3900 3778 3980 illumina;

362 3993 630 4050 buntur?

432 4085 526 4135 IZ'.
587 4082 750 4132 Γενοῦ
806 4099 856 4132 τι
917 4081 1025 4132 τῶν
1085 4075 1390 4153 εἰρημένων
1450 4079 1569 4152 (83)
1638 4077 1925 4154 πρότερον,
1977 4077 2012 4146 ἢ

357 4173 629 4237 τοιοῦτος,
686 4167 774 4222 καὶ
827 4166 950 4221 τότε
1005 4168 1187 4241 γνώσῃ
1241 4171 1522 4234 τοσοῦτον,
1583 4167 1707 4222 ὅσον
1759 4170 1869 4241 (84)
1928 4168 2015 4221 ὑπ’

361 4257 628 4329 ἀλλήλων
679 4257 1038 4332 γινώσκεσθαι
1083 4259 1222 4327 (85).
1274 4261 1379 4310 Νῦν
1427 4253 1482 4311 δὲ
1514 4254 1729 4311 δίδασκε
1755 4262 2013 4312 τοσοῦτον

361 4345 558 4401 εἰδέναι
616 4340 802 4418 μόνον,
853 4342 1057 4418 μονάδα
1117 4344 1170 4400 ἰν
1219 4343 1428 4421 Τριάδι,
1479 4345 1568 4400 καὶ
1597 4343 1796 4422 Τριάδα
1828 4345 1878 4400 ἐν
1917 4368 2015 4420 μο-

359 4434 480 4490 νάδι
538 4433 1044 4510 προσκυνουμένην,
1105 4432 1406 4510 παράδοξον
1481 4433 1711 4511 ἔχουσαν
1771 4436 1860 4491 καὶ
1915 4437 2012 4504 τήν

359 4523 618 4600 διαίρεσιν
679 4524 768 4578 καὶ
824 4523 923 4592 τὴν
993 4520 1201 4580 ἕνωσιν.
1262 4525 1355 4591 Μὴ
1413 4519 1659 4601 φοϐηθῇς
1724 4525 1792 4578 τὰ
1846 4527 2014 4596 πάθη,

358 4615 609 4690 γὲννησιν
644 4611 957 4688 ὁμολογῶν.
1008 4612 1236 4674 Ἀπαθὲς
1281 4612 1382 4688 γὰρ
1429 4614 1492 4667 τὸ
1525 4617 1700 4682 Θεῖον,
1729 4614 1816 4668 καὶ
1851 4613 1896 4669 εἷ
1925 4635 2012 4689 γε-

357 4705 634 4779 γέννηκεν.
668 4702 809 4778 Ἐγώ
841 4722 924 4756 σοι
963 4699 1157 4755 τούτου
1191 4699 1482 4776 ἐγγυητής,
1517 4701 1601 4756 ὅτι
1633 4707 1845 4769 θεῖκῶς,
1887 4701 2012 4757 ἀλλ’

359 4791 459 4847 οὐκ
504 4791 885 4864 ἀνθρωπικῶς.
938 4786 1072 4844 Οὐδὶ
1119 4791 1220 4866 γὰρ
1269 4791 1332 4844 τὸ
1382 4791 1513 4844 εἶναι
1561 4790 1707 4862 αὐτῷ
1739 4790 2012 4866 ἀνθρώπι-

357 4901 474 4938 νον.
542 4873 832 4953 Φοϐήρητι
887 4873 943 4931 δὲ
1001 4879 1110 4950 (86)
1170 4875 1369 4952 χρόνον
1427 4877 1515 4932 καὶ
1565 4876 1754 4931 κτίσιν·
1799 4877 1877 4934 Οὐ
1908 4879 2012 4954 γὰρ

431 5049 474 5084 ⁵⁸
504 5049 672 5106 Joan.
706 5065 843 5118 xvn,
873 5049 964 5103 25.
1041 5049 1085 5083 5°
1114 5047 1136 5104 Ι
1167 5051 1293 5104 Cor.
1327 5064 1449 5118 xm,
1484 5048 1570 5105 12.

433 5220 544 5290 (78)
591 5217 1032 5290 Ἀντεξάγωνται.
1094 5219 1329 5290 Schol.:
1381 5219 1470 5286 Μὴ
1531 5216 1886 5272 στασιάσωσιν
1957 5220 2012 5272 αἱ

363 5289 684 5351 ὑποστάσεις
715 5289 846 5344 Υἱοῦ
877 5289 1325 5364 καὶΠνεόματος³
1355 5313 1376 5341 ι
1413 5291 1494 5347 Ne
1516 5291 1645 5347 Filii
1674 5297 1731 5347 et
1760 5293 2013 5364 Spiritus

357 5379 633 5438 personae
655 5368 946 5438 conti-asa
975 5363 1306 5438 insurgant.
1336 5383 1365 5438 ,3

431 5436 548 5506 (79)
576 5433 838 5509 Tochari.
866 5435 960 5491 Sic
991 5432 1175 5509 Βεεςῖ
1194 5435 1318 5506 bm,
1350 5433 1452 5504 hu,
1477 5432 1648 5492 Coisl.
1683 5435 1708 5492 1
1742 5438 1798 5492 et
1828 5435 1923 5496 0r.
1958 5437 2010 5496 1.

359 5504 534 5562 Deest
562 5504 623 5559 τό
659 5505 716 5561 ἱιι
750 5507 889 5563 edit.

431 5581 546 5650 (80)
573 5583 852 5635 Τοιοῦτον.
886 5578 1059 5635 Cois].
1097 5581 1146 5644 1,
1179 5581 1418 5635 τοιοῦτο.

430 5651 542 5723 (81)
574 5650 902 5723 Ἐκπεμψις.
937 5673 966 5701 ‹‹
1012 5653 1284 5708 Emissio.
1318 5673 1345 5701 »
1380 5651 1480 5708 Hic
1525 5652 1677 5707 idem
1729 5657 1897 5707 sonat
1945 5669 2011 5708 ac

356 5720 700 5798 ἐκπόρευσις,
739 5720 760 5773 ἆ
796 5720 1118 5797 processio.
1146 5746 1175 5774 υ

2193 4077 2363 4134 XVII.
2398 4077 2510 4134 Fac
2542 4078 2623 4134 sis
2672 4079 2835 4150 prius
2868 4083 3144 4152 quiddam
3177 4105 3401 4161 eorum,
3434 4112 3562 4167 quae
3611 4115 3779 4156 com-

2127 4169 2603 4236 memoravimus,
2637 4183 2732 4225 aul
2765 4179 2916 4228 certe
2948 4177 3084 4232 talis
3117 4195 3130 4232 :
3165 4197 3232 4236 ac
3260 4186 3386 4239 tum
3420 4191 3648 4244 tantum
3682 4207 3778 4246 co-

2125 4275 2392 4329 gnosces,
2420 4264 2706 4330 quantum
2741 4263 2856 4316 [nec
2881 4271 3083 4320 mutuo
3114 4285 3148 4322 a
3180 4271 3391 4342 seipsis
3422 4292 3782 4348 cognoscun-

2127 4355 2242 4403 tur.
2295 4349 2460 4404 Nunc
2509 4366 2642 4404 vero
2683 4351 2846 4418 doce,
2895 4357 2959 4407 ut
3006 4354 3114 4410 hoc
3161 4358 3447 4419 duntaxat
3499 4367 3778 4441 sciamus,

2127 4453 2336 4509 nempe
2369 4438 2717 4495 Trinitatem
2751 4443 2809 4495 in
2844 4442 3065 4499 unitate
3093 4450 3150 4501 et
3180 4451 3465 4510 unitatem
3499 4457 3557 4512 in
3587 4438 3782 4514 Trini;

2125 4529 2241 4618 tate
2298 4527 2682 4618 adorandum,
2726 4531 2897 4599 cuius
2955 4538 3012 4587 et
3065 4535 3273 4593 divisio
3331 4547 3390 4598 et
3444 4548 3780 4618 conjunctio

2126 4614 2297 4686 plane
2326 4615 2690 4674 admirabilis
2739 4619 2834 4674 sit.
2867 4621 2949 4676 Ne
3001 4625 3306 4694 passiones
3356 4614 3604 4704 metuas,
3637 4637 3781 4692 dum

2123 4704 2558 4775 generationem
2609 4707 2921 4764 conﬁteris.
2949 4717 3097 4766 Deus
3128 4716 3285 4772 enim
3318 4720 3390 4774 ab
3431 4723 3591 4778 omni
3639 4741 3781 4796 pas-

2125 4792 2288 4846 sione
2308 4791 2468 4884 liber
2515 4800 2623 4860 est,
2658 4796 2885 4852 etiamsi
2930 4803 3153 4871 genuit.
3191 4804 3305 4860 Hoc
3335 4809 3443 4863 tibi
3493 4791 3777 4884 spondeo,

2125 4895 2256 4936 eum
2290 4881 2510 4953 divino,
2546 4901 2660 4939 non
2700 4890 2895 4943 autem
2942 4888 3203 4950 humano
3251 4899 3420 4954 modo
3452 4881 3726 4972 genuisse

2339 5225 2802 5313 ἒέβρτυξομὲνοές·
2849 5228 2987 5313 3,83-
3023 5232 3144 5299 δῖον
3181 5239 3666 5313 μαρτυρουμένοις,

2337 5297 2681 5383 Ξξρημὲνηων,
2713 5300 2852 5383 Beg.
2877 5297 3006 5383 Prii,
3039 5297 3478 5383 προειρημένωνί

2120 5436 2156 5492 b
2194 5367 2309 5491 (84)
2337 5367 2519 5450 Ὅσον.
2568 5369 2660 5454 Sic
2708 5367 2827 5428 tres
2875 5367 3291 5448 Reg'g.,'Coisl'.'
3317 5383 3370 5453 3,
3423 5367 3575 5454 Pam,
3609 5385 3776 5448 Com-

2162 5452 2191 5493 e
2221 5474 2235 5489 .
2268 5439 2331 5494 [n
2361 5439 2524 5505 ed1t.,
2557 5439 2722 5500 ὅσων.

2191 5509 2744 5604 (ἔφηέπνίίξῖκεπθαε-
2808 5515 2948 5604 Tres
3008 5519 3207 5595 Ws»
3284 5525 3433 5600 Par.
3491 5529 3776 5604 Comben.

2121 5585 2460 5660 vivingejcatn.
2482 5585 2685 5660 Pass,
2709 5589 3082 5660 γινώσκονται.

2193 5655 2306 5742 (86)
2338 5649 2637 5742 (ξρςῆθηξι.
2777 5662 2868 5716 Sic
2899 5665 3015 5719 duo
3060 5665 3261 5739 Regg.,
3295 5670 3480 5742 Pass,
3512 5671 3773 5739 Combet‘.

2121 5723 2313 5781 Deest.
2349 5723 2405 5780 δὲ
2436 5728 2491 5783 in
2525 5729 2666 5787 edit.
