4110 6440
301 371 461 434 1223

299 613 441 652 num
484 596 577 650 sit.
612 596 830 649 Verum
882 590 1023 645 illud
1059 590 1297 643 demum
1352 592 1566 655 metue,
1600 600 1671 639 ne
1724 591 1955 657 tempus

301 685 386 741 illi
415 684 663 749 tribuas,
685 698 939 752 eumque
971 683 1231 734 creatum
1264 676 1603 732 contendas.
1638 674 1763 730 Non
1797 675 1952 729 enim

300 774 558 848 profecto
592 774 743 828 Deus
772 770 901 839 erit,
935 768 984 824 si
1026 772 1257 824 creatus
1291 766 1485 833 fuerit,
1518 782 1582 820 ac
1614 781 1685 819 ne
1717 764 1813 818 Dei
1850 781 1954 836 pa-

298 863 615 921 trocinium
646 861 945 916 incassum
990 856 1343 929 suscipiens,
1372 860 1551 911 Deum
1592 852 1787 923 tollas,
1817 870 1953 909 con-

297 968 531 1009 servum
562 955 731 1005 tuum
763 964 899 1003 eum
939 946 1181 1016 faciens,
1214 944 1317 1016 qui
1348 942 1527 999 simul
1569 942 1723 999 Deus
1754 948 1863 1013 est,
1897 945 1954 997 ct

296 1044 396 1113 qui
428 1046 484 1097 te
515 1054 749 1111 quoque
777 1053 847 1093 ex
876 1036 1158 1092 servitute
1198 1035 1257 1089 in
1308 1033 1639 1089 libertatem
1670 1031 1952 1099 vindica‘,

296 1132 347 1188 si
379 1132 550 1185 modo
583 1142 714 1183 vere
744 1131 801 1181 et
830 1126 1057 1181 sincere
1086 1122 1411 1179 dominium
1445 1121 1799 1177 confitearis.
1824 1122 1955 1176 Pro-

1550 360 1615 425 S.
1663 360 2037 425 GREGOHII
2087 350 2484 425 THEOLOGI

298 523 404 563 nec
436 504 675 571 mirum,
709 518 841 558 cum
876 501 1050 557 etiam
1086 499 1276 571 ipsius
1306 513 1435 554 esse
1474 496 1717 551 minime
1748 495 1926 550 huma

2069 494 2218 567 Θεὸς,
2266 493 2310 547 εἰ
2359 494 2571 570 γέγονε,
2629 496 2705 567 μὴ
2759 499 2875 566 Θεῷ
2914 501 3232 570 συνηγορῶν
3285 496 3556 574 διακενῆς,
3597 505 3727 560 Θεὸν
3832 528 3835 533 ι

3574 360 3731 435 1224

2065 583 2277 656 ἀνέλῃς,
2325 580 2633 654 ὁμόδουλον
2692 590 2865 638 ποιῶν
2925 586 2987 638 τὸ
3028 585 3279 657 ὁμόθεον,
3321 586 3352 642 ὅ
3398 590 3487 643 καὶ
3541 592 3598 645 σε
3626 601 3729 662 τῆς

2066 670 2316 733 δουλείας
2350 671 2648 748 ἐλευθεροῖ,
2684 673 2742 727 ἂν
2773 674 3013 749 γνησίως
3046 678 3157 748 (87)
3200 676 3487 752 ὁμολογῇς
3535 678 3729 737 δεσπο-

2064 761 2228 818 τείαν.
2252 762 2338 830 Μή
2373 757 2620 840 φοϐηθῇς
2673 764 2772 830 τὴν
2807 761 3041 837 πρόοδον
3073 785 3084 795 ·
3131 765 3191 819 οὗ
3223 766 3323 842 γὰρ
3356 768 3590 845 ἀνάγκην
3614 775 3727 845 (88)

2065 847 2181 926 ἔχει
2240 851 2393 922 Θεὸς,
2443 853 2477 920 ἣ
2523 853 2597 925 μὴ
2650 847 3011 927 προϐάλλειν,
3053 854 3088 923 ἢ
3122 851 3458 931 προϐάλλειν
3492 859 3722 933 ὁμοίως.

2064 940 2092 994 ὁ
2150 940 2321 996 πάντα
2378 938 2676 1003 πλούσιος·
2740 936 3013 1019 φοϐήθητι
3073 940 3131 997 δὲ
3184 945 3284 1013 τήν
3332 943 3721 1024 ἀλλοτρίωσιν,

2063 1029 2151 1084 καὶ
2180 1031 2279 1098 τῆν
2308 1028 2563 1103 κειμένην
2596 1027 2852 1099 ἀπειλὴν.
2886 1031 2949 1086 οὐ
2994 1036 3111 1093 τοῖς
3153 1031 3525 1110 θεολογοῦσιν,
3578 1035 3726 1094 ἀλλὰ

2060 1124 2179 1181 τοῖς
2212 1118 2600 1197 βλασφημοῦσι
2627 1121 2690 1174 τὸ
2725 1124 2941 1194 Πνεῦμα
2968 1123 3031 1176 τὸ
3063 1122 3237 1198 ἅγιον.

295 1222 619 1277 cessionem
666 1233 738 1273 ne
783 1217 995 1271 timeas
1029 1240 1042 1270 :
1077 1229 1182 1269 nec
1228 1212 1382 1269 enim
1437 1217 1549 1268 Deo
1599 1228 1837 1268 necesse
1867 1219 1955 1266 est
1987 1228 2101 1267 non
2135 1213 2476 1283 producere,
2511 1217 2614 1267 aut
2645 1212 2826 1268 simili
2858 1214 3088 1272 ratione
3145 1217 3490 1288 producere,
3523 1224 3721 1293 utpote

297 1310 397 1381 qui
430 1310 489 1364 in
522 1308 801 1364 omnibus
831 1306 994 1360 dives
1024 1308 1135 1371 est;
1167 1318 1371 1359 verum
1414 1301 1825 1358 alienationem
1859 1306 2072 1366 metue,
2107 1317 2173 1355 ac
2203 1302 2723 1357 comminationem
2756 1304 3047 1375 eamque:
3088 1322 3188 1361 eos
3218 1312 3436 1375 manet,
3472 1326 3583 1364 non
3618 1310 3723 1382 qui

296 1398 580 1472 Spiritum
613 1400 884 1451 sanctum
920 1399 1099 1449 Deum
1131 1408 1259 1448 esse
1289 1391 1658 1464 proﬁtentur,
1692 1392 1795 1446 sed
1827 1391 1925 1462 qui
1960 1406 2095 1445 cum
2124 1390 2498 1445 contumeliis
2529 1390 2813 1447 afﬁciunt.

364 1486 559 1543 XVIII.
583 1486 749 1557 Cave,
775 1502 847 1541 ne
876 1484 1054 1540 unius
1096 1481 1409 1554 imperium
1446 1480 1599 1536 male
1645 1480 1822 1547 colas,
1856 1480 1914 1535 di

2130 1479 2241 1536 IH'.
2282 1479 2433 1549 Μήτε
2459 1479 2559 1547 τήν
2614 1479 2914 1556 μοναρχίαν
2945 1485 3124 1542 κακῶς
3152 1484 3411 1558 τιμήσῃς,
3448 1490 3715 1562 συναιρῶν

295 1578 600 1633 vinitatem
646 1574 997 1632 contrahens
1044 1576 1145 1628 aut
1192 1570 1656 1639 circumcidens;
1690 1586 1796 1626 nec
1845 1571 1948 1625 tri-

289 1667 460 1723 theim
492 1665 713 1721 crimen
746 1663 851 1719 tibi
892 1664 1178 1735 pudorem
1217 1665 1469 1731 moveat,
1501 1660 1762 1734 quandiu
1796 1659 1947 1715 alius

290 1772 527 1830 quoque
574 1755 778 1810 eadem
826 1752 1050 1809 ratione
1104 1751 1165 1806 in
1224 1750 1456 1806 ditheiaa
1514 1748 1771 1822 periculo
1818 1766 1944 1805 ver-

286 1852 475 1902 satur.
499 1848 617 1899 Aut
645 1843 803 1898 enim
836 1858 972 1897 cum
1001 1840 1102 1895 illo
1132 1840 1355 1895 crimen
1384 1839 1679 1910 objectum
1710 1838 1899 1894 dilues
1926 1854 1939 1894 :

283 1943 379 1991 aut
411 1950 546 1989 cum
591 1933 691 1988 illo
723 1932 969 1987 harebis
1003 1946 1016 1985 :
1051 1937 1153 1985 aut
1194 1929 1293 1984 ille
1323 1928 1561 2000 quidem
1594 1927 1772 1982 simul
1803 1944 1939 1983 cum

281 2024 610 2079 rationibus
659 2021 782 2076 suis
816 2019 1140 2074 divinitatis
1185 2018 1561 2090 naufragium
1610 2017 1799 2087 faciet,
1831 2016 1938 2073 tibi

281 2129 414 2168 vero
473 2109 787 2166 incolumis
835 2108 1109 2163 divinitas
1167 2106 1555 2177 permanebit.
1598 2111 1677 2159 Ac
1736 2107 1785 2161 si
1842 2123 1938 2161 ra-

279 2203 363 2257 tio
393 2202 522 2274 ipsa
554 2197 957 2255 imbecillitate
996 2196 1295 2263 laborarit,
1329 2196 1517 2250 satius
1543 2199 1632 2250 est
1660 2194 1717 2248 in
1752 2196 1935 2251 ratio-

278 2291 456 2347 nibus
504 2288 791 2357 laborare,
823 2287 965 2342 dum
1014 2284 1299 2357 Spiritum
1329 2284 1536 2339 ducem
1586 2300 1930 2357 sequamur,

276 2397 456 2453 quam
490 2378 689 2451 impiis
711 2375 1088 2449 dogmatibus
1122 2373 1288 2430 facile
1317 2372 1610 2441 assentiri,
1639 2374 1778 2429 dum
1812 2374 1928 2431 otio

273 2475 475 2526 nostro
501 2473 558 2525 et
583 2466 817 2523 desidia:
841 2465 1228 2522 consulimus.
1250 2463 1571 2520 Instantius
1601 2467 1659 2519 et
1691 2464 1927 2536 opposi-

268 2560 484 2625 tiones,
510 2572 837 2629 novamque
860 2556 1156 2628 pietatem,
1179 2559 1235 2609 et
1254 2554 1524 2626 jejunam
1548 2570 1612 2608 ac
1636 2554 1926 2610 minutam

269 2648 622 2720 sapientiam
647 2651 977 2709 contemne,
1001 2650 1058 2700 et
1088 2644 1327 2715 quidem
1352 2644 1562 2715 magis,
1587 2660 1765 2715 quam
1797 2661 1925 2699 ara-

269 2754 509 2793 nearum
542 2736 709 2802 telas,
744 2751 871 2806 quis
912 2749 1148 2789 muscas
1179 2732 1414 2803 quidem
1456 2732 1729 2801 retinent,
1764 2750 1798 2788 a
1826 2750 1921 2789 ve-

2057 1569 2091 1637 ἣ
2136 1568 2480 1643 περικόπτων
2528 1568 2758 1639 θεότητα
2788 1587 2800 1602 ·
2862 1571 3003 1642 μήτε
3048 1571 3139 1625 τὸν
3190 1577 3293 1642 τῆς
3339 1575 3575 1649 τριθείας

2057 1655 2314 1733 ἔγκλημα
2344 1657 2665 1733 αἰσχυνθῇς,
2692 1654 2797 1719 ἕως
2829 1656 2886 1712 ἂν
2919 1659 3009 1713 καὶ
3054 1657 3227 1723 ἄλλος
3435 1661 3718 1740 κινδυνεύῃ

2052 1749 2152 1817 τὴν
2201 1744 2419 1803 διθείαν.
2469 1748 2539 1801 Ἤ
2583 1747 2685 1824 γὰρ
2736 1746 3048 1820 συνέλυσας,
3176 1750 3575 1828 συνηπόρησας,
3624 1755 3713 1824 ἢὸ

2057 1840 2149 1911 μὲν
2202 1836 2499 1912 έναυάγησε
2558 1837 2694 1910 μετά
2747 1841 2853 1892 τῶν
2937 1836 3221 1914 λογισμῶν
3295 1841 3385 1895 καὶ
3459 1834 3709 1918 θεότητα,

2049 1928 2134 1981 σοὶ
2194 1924 2251 1981 δὲ
2298 1927 2589 2001 παρέμεινε
2637 1925 2846 1997 θεότης.
2904 1928 3001 1982 Καὶ
3061 1928 3106 1982 εί
3157 1929 3184 1983 ὁ
3230 1930 3395 2006 λόγος
3424 1934 3711 2005 ἠσθένησε,

2046 2021 2294 2090 κρεῖσσον
2345 2020 2539 2087 καμεῖν
2586 2018 2697 2088 (91)
2772 2016 2824 2069 ἐν
2872 2021 2989 2078 τοῖς
3060 2015 3355 2092 λογισμοῖς
3414 2022 3548 2092 μετὰ
3604 2029 3705 2092 τῆς

2046 2103 2274 2180 ὁδηγίας
2323 2109 2421 2159 τοῦ
2472 2104 2805 2177 Πνεύματος,
2856 2107 2890 2174 ἢ
2938 2107 3253 2181 προχείρως
3313 2104 3572 2179 ἀσεϐῆσαι
3602 2113 3703 2180 τῆν

2045 2194 2323 2270 ῥᾳστώνην
2380 2192 2669 2250 διώκοντα.
2720 2194 2953 2249 Διάπτυέ
3005 2216 3096 2267 μοι
3143 2197 3237 2259 τὰς
3267 2197 3553 2267 ἐνστάσεις,
3611 2203 3702 2256 καὶ

2038 2284 2133 2345 τὰς
2190 2284 2503 2352 ἀντιθέσεις,
2559 2284 2649 2338 καὶ
2706 2284 2806 2353 τὴν
2867 2283 2987 2339 νέαν
3052 2287 3162 2359 (92)
3229 2283 3523 2355 εὐσέϐειαν,
3609 2290 3699 2344 καὶ

2036 2374 2136 2443 τήν
2174 2372 2505 2450 μικρολόγον
2538 2372 2726 2451 σοφίαν
2752 2391 2765 2404 “
2800 2374 2886 2429 καὶ
2920 2371 3143 2430 διάπτυε
3189 2375 3354 2431 πλέον
3400 2379 3432 2447 ἢ
3478 2379 3544 2433 τὰ
3588 2384 3696 2435 τῶν

2038 2461 2313 2539 ἀραχνίων
2367 2464 2609 2535 νήματα,
2672 2461 2831 2535 μυίας
2903 2463 2997 2537 μὲν
3052 2468 3372 2541 κρατοῦντα,
3431 2468 3589 2545 σφηξὶ
3639 2466 3698 2523 δὲ

2038 2550 2370 2628 ρηγνύμενα,
2403 2551 2556 2607 οὔπω
2588 2549 2737 2627 λέγω
2769 2549 3078 2623 δακτύλοις,
3112 2550 3236 2608 οὐδὲ
3267 2552 3424 2627 ἄλλῳ
3452 2577 3556 2611 τινι
3586 2561 3700 2612 τῶν

2040 2641 2347 2717 βαρυτέρων
2406 2641 2695 2715 σωμάτων.
2755 2644 2848 2699 Ἕν
2908 2639 3127 2698 δίδασκε
3179 2638 3459 2721 φοϐεῖσθαι
3503 2646 3692 2721 μόνον,

2032 2731 2095 2785 τὸ
2139 2729 2286 2785 λύειν
2333 2733 2433 2801 τῆν
2493 2731 2671 2785 πίστιν
2732 2730 2783 2785 έν
2841 2737 2959 2794 τοῖς
3012 2732 3357 2811 σοφίσμασιν.
3411 2734 3486 2791 Ob
3522 2732 3693 2790 δεινὸν

269 2827 393 2899 spis
426 2834 619 2881 autem
652 2827 1137 2896 perrumpuntur,
1171 2837 1244 2876 ne
1277 2821 1469 2876 dicam
1501 2838 1534 2877 a
1565 2821 1788 2892 digitis,
1823 2826 1925 2878 aut

2046 2822 2337 2891 ἡττηθῆναι
2365 2819 2536 2896 λόγῳ,
2567 2820 2627 2875 οὐ
2675 2822 2777 2897 γὰρ
2809 2822 3025 2876 πάντων
3059 2822 3086 2875 ὁ
3141 2820 3343 2896 λόγος·
3403 2820 3578 2878 δεινὸν
3631 2822 3689 2879 δὲ

2046 2916 2071 2933 μγ
2184 2912 2289 2933 ,n-
2442 2910 2668 2933 n,!,-,,_
2754 2911 2883 2933 hic
3069 2912 3117 2933 ς-
3185 2913 3199 2933 ε
3280 2909 3324 2933 η
3391 2910 3403 2933 ρ
3514 2918 3617 2933 ...υ

266 2918 423 2974 469
455 2915 567 2972 alio
591 2914 868 2987 quopiam
891 2912 1140 2983 graviori
1164 2926 1426 2983 corpore.
1450 2915 1568 2967 Hoc
1596 2928 1782 2966 unum
1815 2928 1923 2969 nos

266 3008 459 3063 timeri
490 3007 653 3073 doce,
687 3003 965 3059 nimirum
999 3017 1070 3057 ne
1102 3000 1162 3056 in
1204 3000 1430 3072 argutis
1460 3005 1517 3055 et
1548 3000 1920 3073 captionibus

267 3096 441 3152 ﬁdem
500 3094 818 3150 solvamus.
869 3092 1148 3148 Sermone
1205 3090 1427 3146 victum
1491 3105 1621 3146 esse
1678 3091 1923 3147 minime

265 3200 442 3257 grave
470 3186 645 3255 atque
694 3180 968 3237 acerbum
1002 3182 1110 3247 est,
1133 3195 1251 3234 non
1306 3178 1464 3234 enim
1514 3178 1780 3234 omnium
1831 3184 1923 3235 est

265 3290 460 3330 sermo
495 3288 508 3329 :
544 3275 604 3328 at
632 3287 767 3326 vero
798 3284 972 3342 grave
1003 3273 1060 3324 et
1102 3267 1378 3323 acerbum
1429 3272 1519 3324 est
1572 3267 1808 3324 deitatis
1832 3269 1925 3339 ja-

267 3367 498 3419 cturam
530 3359 757 3429 fecisse,
782 3356 1050 3414 omnium
1074 3355 1232 3412 enim
1261 3361 1351 3411 est
1378 3372 1530 3427 spes.
1558 3356 1774 3411 Verum
1803 3356 1926 3413 hec

2036 2912 2382 2983 ζημιωθῆναι
2442 2910 2690 2981 θεότητα,
2748 2911 2963 2964 πάντων
3024 2912 3124 2987 γὰρ
3174 2913 3209 2980 ἡ
3276 2909 3455 2973 ἐλπίς.
3514 2918 3690 2968 Ταῦτα

2035 2999 2130 3073 μὶν
2187 2998 2277 3054 οὖν
2327 3000 2417 3054 καὶ
2463 2999 2600 3054 κατὰ
2656 3001 2874 3054 σεαυτὸν
2935 2999 3352 3077 φιλοσοφήσειν,
3419 3000 3520 3056 οἵδ’
3582 3002 3689 3075 ὅτι,

2032 3089 2439 3165 προθυμότερόν
2503 3110 2562 3143 τε
2628 3092 2741 3163 (93)
2814 3088 2903 3143 καὶ
2976 3088 3349 3166 τελεώτερον’
3433 3092 3691 3167 ὶγγυᾶταί

2040 3199 2133 3251 μοι
2182 3180 2296 3249 (94)
2344 3178 2411 3233 τὰ
2458 3180 2525 3232 σὰ
2569 3178 2871 3253 τραύματα,
2925 3178 3014 3233 καὶ
3043 3180 3107 3234 τὸ
3129 3180 3219 3234 σὸν
3250 3184 3409 3254 σῶμα
3442 3181 3573 3258 ὑπὲρ
3604 3183 3693 3237 εὖ·

2038 3262 2246 3329 σεϐείας
2276 3266 2583 3338 πεπονηκός
2610 3287 2621 3299 ’
2655 3268 2745 3322 καὶ
2790 3270 2957 3342 ἡμεῖς
3005 3266 3063 3323 δὲ
3109 3267 3692 3349 συμφιλοσοφήσομεν,

2038 3354 2137 3427 ὅση
2171 3358 2285 3431 (95)
2316 3354 2563 3429 δύναμις.

266 3455 394 3525 ipse
425 3469 529 3525 per
557 3455 634 3521 te,
666 3454 758 3507 sat
788 3448 929 3516 scio,
967 3447 1294 3521 promptius
1323 3451 1382 3504 et
1410 3447 1724 3520 perfectius
1752 3448 2294 3523 philosophaberis;
2328 3450 2387 3505 id
2418 3449 2563 3506 mihi
2592 3448 2837 3506 vulnera
2873 3453 2975 3507 tua
3018 3452 3328 3523 spondent,
3352 3433 3694 3526 corpusque

268 3542 453 3608 istud.
484 3541 641 3614 quod
672 3555 775 3612 pro
806 3538 1022 3610 pietate
1070 3536 1392 3610 permultos
1439 3536 1668 3595 labores
1717 3538 2060 3609 exantlavit;
2094 3557 2319 3612 nosque
2349 3541 2526 3598 etiam
2560 3557 2679 3596 una
2707 3546 2902 3597 tecum
2933 3557 3036 3613 pro
3065 3540 3221 3598 virili
3252 3546 3456 3599 nostra
3501 3543 3691 3616 philo-

263 3631 670 3705 sophabimur.

337 3719 478 3778 XIX.
509 3721 583 3774 At
610 3721 697 3788 tu,
721 3732 855 3772 cum
888 3714 1181 3789 egregiam
1208 3716 1733 3789 peregrinationem
1769 3718 1923 3775 obie-

264 3811 368 3879 ris,
393 3808 720 3875 Trinitatis,
744 3807 800 3861 in
833 3804 1230 3861 tabernaculis
1274 3804 1615 3876 habitantis,
1639 3809 1688 3862 si
1720 3814 1918 3865 tamen

266 3902 418 3956 Deus
448 3898 688 3955 omnino
719 3896 779 3952 in
830 3895 1183 3951 manufactis
1225 3894 1470 3965 habitat,
1504 3911 1731 3952 memor
1772 3902 1919 3967 esto,

262 3989 593 4060 messisque
615 3988 792 4056 hujus
816 3984 1056 4057 exiguae,
1081 4001 1193 4040 non
1217 4000 1286 4040 ex
1309 3985 1503 4056 parvis
1526 3985 1764 4058 quidem
1795 3987 1918 4060 pic-

261 4081 400 4135 tatis
444 4077 794 4143 seminibus,
828 4091 1015 4147 parva:
1063 4079 1261 4129 tamen
1293 4074 1485 4130 adhuc
1536 4080 1591 4132 et
1639 4075 1828 4143 exilis,
1862 4080 1921 4134 et

262 4186 391 4242 quaa
441 4166 725 4239 paulatim
768 4163 1096 4236 colligatur.
1130 4163 1283 4218 Facti
1317 4163 1472 4219 enim
1506 4182 1714 4221 sumus
1763 4166 1919 4222 sicut

260 4260 363 4331 qui
392 4256 673 4329 stipulam
712 4254 772 4309 in
808 4268 998 4309 messe
1028 4252 1331 4325 colligunt,
1368 4257 1433 4308 ut
1461 4270 1596 4309 cum
1626 4254 1918 4327 PrOpheta

2105 3723 2203 3774 19'.
2238 3717 2314 3772 Σὺ
2356 3716 2413 3773 δὲ
2462 3719 2585 3773 ὅταν
2635 3720 2749 3793 (96)
2795 3715 3113 3792 ἐκδημήσῃς
3158 3721 3258 3789 τήν
3305 3719 3481 3789 καλὴν
3530 3718 3692 3793 ἐκδη-

2034 3807 2180 3881 μίαν,
2218 3806 2465 3881 μέμνησό
2502 3829 2595 3882 μοι
2619 3814 2721 3877 τῆς
2751 3805 2980 3880 Τριάδος
3030 3806 3081 3863 ἐν
3124 3814 3347 3879 σκηναῖς
3402 3812 3689 3866 κατοικού-

2029 3919 2131 3968 σης
2165 3900 2300 3967 (97),
2335 3895 2483 3974 εἷ’περ
2519 3896 2666 3959 ὅλως
2700 3896 2752 3951 ἐν
2780 3900 3198 3974 χειροποιήτοις
3222 3898 3364 3954 οἰκεῖ
3392 3902 3505 3973 (98)
3534 3901 3688 3971 Θεὸς,

2028 3986 2117 4042 καὶ
2173 3991 2271 4041 τοῦ
2334 3991 2529 4061 μικροῦ
2574 3986 2771 4041 τούτου
2814 3986 3025 4063 θέρους,
3083 3987 3181 4043 οὐκ
3220 3989 3278 4043 ἐκ
3338 3993 3547 4066 μικρῶν
3588 3991 3685 4063 μὲν

2026 4080 2130 4132 τῶν
2190 4082 2291 4145 τῆς
2343 4070 2614 4139 εὐσεϐείας
2666 4080 3010 4153 σπερμάτων,
3070 4075 3216 4146 πλὴν
3260 4077 3336 4133 ἔτι
3401 4083 3597 4153 μικροῦ
3627 4100 3688 4134 τε

2027 4166 2117 4221 καὶ
2146 4168 2434 4241 πενιχροῦ,
2464 4165 2554 4219 καὶ
2602 4166 2719 4220 κατ’
2771 4164 2959 4241 ὀλίγον
3011 4168 3403 4242 συναγομένου.
3458 4168 3689 4243 Ἐγενή-

2026 4266 2197 4327 θημεν
2258 4257 2371 4329 (99)
2420 4255 2523 4330 γὰρ
2579 4254 2652 4316 ὡς
2708 4257 3031 4329 συνάγοντες
3078 4254 3335 4329 καλάμην
3384 4255 3436 4312 έν
3465 4258 3688 4331 ἀμήτῳ,

259 4351 588 4420 opportune
624 4344 854 4414 loquar,
887 4348 946 4397 et
980 4340 1307 4396 racemulos
1337 4342 1397 4395 in
1428 4342 1746 4416 vindemia,
1780 4362 1917 4404 cum

2046 4344 2078 4399 ιί
2108 4341 2189 4399 δεῖ
2216 4345 2279 4399 τὸ
2309 4348 2410 4398 τοῦ
2442 4346 2735 4423 Προφήτου
2766 4344 2934 4400 εἰπεῖν
2982 4345 3033 4402 έν
3066 4346 3265 4422 καιρῷ,
3295 4346 3385 4402 καὶ
3444 4348 3519 4411 ὡς
3576 4348 3691 4403 ἑπι-

330 4453 445 4524 (87)
474 4452 571 4505 Ἀν
605 4446 874 4525 γνησίως.
918 4446 1015 4503 Sic
1063 4445 1326 4520 plerique
1379 4448 1547 4504 codd.
1596 4450 1659 4505 In
1718 4452 1915 4523 editis,

258 4519 561 4597 mendose,
594 4519 883 4597 infimiin.

329 4598 441 4669 (88)
472 4589 554 4653 Οὐ
578 4589 681 4670 γιῖρ
713 4592 969 4670 ὰνᾴγκην,
1000 4593 1114 4670 etc:
1134 4589 1341 4646 Billius
1367 4606 1379 4645 :
1404 4613 1433 4643 «
1464 4592 1579 4648 Nec
1609 4594 1766 4649 enim
1800 4595 1917 4652 D60

255 4663 345 4742 vel
373 4663 962 4742 producerevelnoq
974 4663 1699 4742 producerenecesseest,
1719 4672 1918 4740 utpote

256 4741 313 4796 in
349 4734 626 4797 omnibus
654 4740 839 4795 diviti.
867 4760 895 4787 »
928 4735 1022 4791 Sic
1053 4735 1228 4791 etiam
1260 4734 1514 4793 Nicetes.
1548 4737 1764 4795 Verum
1784 4734 1915 4795 'non

255 4812 531 4867 videntur
550 4811 810 4883 Gregorii
843 4812 1099 4883 mentem
1130 4807 1406 4883 assecuti.
1429 4807 1558 4864 Haec
1578 4812 1736 4866 enim
1759 4812 1916 4868 dicta

257 4890 397 4939 sunt
418 4884 488 4956 de
506 4878 759 4955 Spiritus
782 4880 970 4956 sancti
1000 4878 1395 4956 processione,
1420 4896 1547 4956 quea
1571 4887 1711 4956 tunc
1734 4901 1763 4956 ξι
1790 4884 1917 4956 plu.

257 4957 422 5010 ribus
438 4950 1419 5027 impugnabaturﬂndeﬁregorius
1437 4954 1586 5008 aitzu
1604 4954 1684 5009 Ne
1702 4950 1913 5014 timeas

255 5021 689 5098 processionem
715 5043 728 5082 :
759 5043 862 5099 nec
892 5023 1045 5099 enim
1079 5021 1195 5099 Deo
1228 5037 1464 5078 necesse
1493 5029 1601 5095 est,
1624 5043 1750 5099 non
1785 5045 1913 5099 pro-

256 5094 487 5170 ducere,
513 5105 613 5154 aut
638 5097 818 5153 simili
855 5094 1445 5170 modo_producere,-_3>_
1466 5094 1632 5167 quasi
1667 5094 1909 5156 unicum

252 5169 311 5225 in
347 5165 648 5227 Deo'esset
689 5165 1287 5241 producendigenus,
1320 5165 1545 5222 scilicet
1594 5186 1697 5239 per
1740 5187 1905 5241 gene-

253 5241 561 5311 rationem,
596 5244 677 5297 ita
709 5248 772 5297 ut
801 5241 1057 5312 Spiritus
1094 5243 1363 5312 sanctus,
1396 5254 1631 5312 cumgex
1661 5246 1775 5297 Deo
1808 5245 1903 5310 sit,

250 5314 486 5391 deberet
528 5309 763 5391 quoque
815 5309 1432 5391 essegenitususicut
1480 5310 1696 5383 Filius;
1746 5318 1903 5388 quod

251 5386 487 5457 quidem
520 5381 610 5441 e'st
633 5381 843 5457 contra
869 5381 1403 5457 Deitatisdivitias.

321 5460 433 5532 (89)
464 5455 945 5532 TPLOe'iaqLPass”
977 5448 1391 5532 Tpga’gdoejiicc
1429 5454 1902 5532 Macedoniopum

250 5526 562 5601 cavillatio,
592 5531 690 5602 qui
724 5526 937 5584 Filium
970 5526 1206 5600 quidem
1242 5526 1425 5581 Deum
1462 5529 1751 5599 dicebant,
1789 5551 1903 5590 non

247 5616 395 5675 vero
415 5603 699 5675 Spiritum
731 5606 1027 5675 sanctum.

260 5681 274 5695 "
320 5674 436 5744 (90)
457 5665 565 5728 ⁵Καὶ
598 5671 787 5735 ἄλλος.
821 5673 917 5729 Or.
952 5675 1003 5742 1,
1034 5665 1336 5744 xai_&).)tq2.

338 5741 431 5822 91)
462 5746 690 5822 Καμιῖν.
723 5745 897 5805 Coisl.
946 5744 1000 5813 1,
1038 5748 1096 5800 et
1127 5741 1313 5810 Pass”
1363 5741 1611 5816 κάμνειν.
1644 5745 1792 5805 Male
1841 5749 1899 5810 in

2028 4452 2191 4519 edit.,
2224 4449 2441 4523 κᾴμεῖν.

2101 4524 2213 4597 (92)
2246 4521 2661 4600 Καὶ-τήνηνιαν.
2709 4524 2801 4581 Sic
2846 4528 2967 4583 tres
3016 4526 3217 4599 Regg.,
3249 4526 3346 4583 Or.
3408 4529 3461 4600 1,
3520 4526 3684 4585 Pass.

2026 4594 2202 4653 Deest
2223 4594 2312 4649 καί
2343 4596 2404 4652 in
2430 4595 2572 4653 edit.

2098 4670 2211 4743 (93)
2242 4666 2658 4743 Προθυμότερόν
2688 4687 2767 4725 τε.
2793 4669 2887 4727 Sic
2917 4673 3040 4728 tres
3068 4671 3272 4743 Regg.,
3303 4669 3401 4727 0r.
3433 4671 3483 4741 1,
3515 4671 3681 4728 Pass.

2026 4741 2086 4798 In
2106 4738 2677 4815 :ed.,_1rpoeup6_rspév
2710 4761 2786 4815 τι.

2238 4810 2530 4890 Ἐγγυᾶξεαί
2564 4810 2681 4890 μοιΣ
2715 4814 2781 4890 In_
2805 4813 3181 4886 quibusdam,
3209 4812 3375 4890 ἐγγυᾷ
3400 4811 3459 4870 τέ
3492 4834 3604 4888 μοι.

2095 4883 2205 4957 (95)
2237 4883 2398 4957 Ὅση.
2432 4883 2619 4957 Pass.,
2651 4883 2727 4947 ὡς
2758 4886 2814 4956 ἡ.

2654 4930 3156 5039 ξίο.ΨΜᾳΧὶφυω
3214 4956 3310 5039 hic
3366 4955 3681 5039 compellat

2021 5029 2365 5102 Gregorius,
2386 5034 2565 5102 atque
2593 5046 2727 5087 eum
2761 5035 3046 5102 rogat,ut,
3071 5046 3207 5085 cum
3239 5029 3673 5096 Alexandriam,

2021 5100 2406 5156 confessionis
2436 5100 2620 5173 gloria
2664 5100 2993 5171 decoratus,
3029 5117 3296 5157 reversus
3326 5102 3519 5169 fuerit,
3554 5101 3675 5156 illic

2018 5174 2130 5247 sibi
2164 5189 2391 5247 suoque
2422 5172 2581 5246 gregi
2630 5174 2818 5231 faveat
2848 5176 3002 5247 apud
3031 5172 3503 5247 Alexandrinun._
3523 5173 3675 5228 anti-

2020 5245 2241 5318 stitem,
2274 5245 2445 5315 cujus
2488 5245 2703 5318 magna
2751 5245 2982 5303 eratﬁin
3027 5245 3677 5318 Constantinopolitano.

2019 5316 2277 5391 Ecclesia
2306 5316 2642 5391 auctoritas.
2680 5320 2786 5375 Sed
2819 5336 2928 5376 sua
2970 5318 3314 5391 Gregorium
3347 5316 3482 5391 spes
3513 5316 3673 5373 fefel-

2014 5386 2103 5458 lit,
2135 5393 2201 5446 ut
2230 5405 2365 5446 mox
2392 5388 2743 5447 videbimus.

2086 5460 2199 5533 (97)
2228 5462 2311 5515 Ἔν
2348 5466 2570 5531 σκηναῖς
2599 5461 2978 5532 manassent.
3012 5461 3117 5518 Hic
3151 5459 3485 5534 signiﬁcare
3513 5458 3675 5516 vinis-

2017 5537 2110 5589 tur
2140 5534 2473 5606 Gregorius,
2524 5539 2809 5594 Ecclesiae
2857 5537 3049 5592 adhuc
3080 5552 3209 5591 esse
3262 5536 3319 5590 in
3371 5534 3671 5589 haeretico-

2013 5623 2142 5662 rum

2221 5612 2484 5662 otestate.

2106 5676 2198 5747 98)
2229 5676 2396 5732 Οἰκεῖ.
2435 5684 2615 5747 Pass.,
2650 5683 2912 5735 κατοικεῖ.

2083 5679 2197 5823 (98)
2229 5679 2396 5732 Οἰκεῖ.
2435 5684 2615 5747 Pass.,
2650 5683 2912 5735 κατοικεῖ.

2104 5751 2196 5823 99)
2231 5749 2617 5827 Ἐγενήθημεν.
2651 5754 2836 5821 Pass.,
2869 5749 3174 5828 ἐγενόμεθα.
