4110 6430
347 371 506 434 1229
1456 365 1754 432 ORATIO
1799 369 2003 430 XXVI.

2123 403 2127 414 -
2165 371 2242 430 IN
2289 369 2652 433 SEIPSUM.
3609 369 3765 432 1230

344 506 506 558 τοῦτο
547 500 719 578 Λέγω,
766 499 856 556 καὶ
897 500 996 569 τὴν
1049 497 1202 576 ἁγίαν
1252 500 1542 578 τράπεζανο
1601 501 1674 555 ὧν
1719 503 1883 575 ἡμεῖς
1932 502 1995 556 τὸ

2123 501 2242 568 iias,
2271 517 2370 558 eos
2400 502 2502 574 qui
2533 503 2779 569 ducunt,
2803 504 2861 559 et
2879 500 2975 574 qui
3007 502 3326 572 ducuntur,
3350 516 3448 558 eos
3471 501 3572 574 qui
3595 502 3761 558 dam-

347 595 541 667 κράτος
589 591 734 667 ἔχειν
784 588 1110 663 δοκοῦντες,
1160 591 1249 646 καὶ
1301 596 1410 646 τῶν
1470 590 1790 667 ἐγγιζόντων
1845 585 1996 653 ὄντες

2123 609 2251 647 num
2284 593 2565 664 inferunt,
2597 597 2652 648 et
2683 592 2782 665 qui
2827 592 3156 664 patiuntur,
3188 609 3287 648 eos
3318 592 3416 664 qui
3444 591 3669 664 lugent,
3703 595 3761 646 et

349 686 485 754 Θεῷ,
519 679 738 737 δέδοικα
787 681 862 754 μὴ
911 685 1090 743 κακῶς
1142 679 1466 757 ἐγγίζωμεν,
1514 680 1625 754 καὶ,
1667 681 1740 743 ὡς
1769 679 1994 754 καλάμη

2123 683 2210 754 lui
2241 681 2537 755 lugentur,
2570 699 2668 739 eos
2717 682 2817 755 qui
2868 681 3118 754 plorant,
3151 683 3423 755 gaudent,
3457 682 3762 738 matrimo-

345 772 497 846 πυρὶ,
533 776 640 847 πῦρ
673 770 734 825 οὐ
767 770 1034 848 φέροντες.

2123 771 2274 827 lium
2324 771 2548 838 ineunt,
2601 770 2912 843 sepeliant,
2963 770 3302 840 laudantur,
3337 771 3758 843 vituperantur.

347 863 518 934 hanc,
550 863 816 935 inquam,
847 862 974 919 vitii
1020 862 1247 930 silvam,
1281 863 1490 919 mundi
1544 863 1848 932 fervorem,
1879 861 2104 918 subitas
2151 872 2206 918 et
2253 862 2609 934 repentinas,
2645 861 2802 917 velut
2832 861 2888 917 in
2920 862 3136 934 Euripo
3185 866 3243 918 et
3291 867 3592 918 ventorum
3639 862 3760 934 agi-

344 953 583 1022 tatione,
618 952 1020 1023 mutationes),
1050 969 1254 1009 verum
1311 952 1488 1009 etiam
1544 951 1968 1010 venerabiliora
2024 952 2146 1007 haec
2202 955 2258 1007 et
2308 952 2734 1024 prastantiora,
2769 953 3094 1008 sacrarium
3156 969 3368 1024 nempe
3425 955 3482 1008 et
3539 967 3764 1007 sacram

344 1059 641 1111 mensam;
676 1059 929 1115 quorum
959 1059 1093 1098 cum
1139 1042 1251 1115 ipsi
1285 1042 1677 1115 principatum
1710 1047 1908 1098 tenere
1937 1041 2260 1110 videamur,
2290 1046 2345 1097 et
2399 1042 2458 1097 in
2490 1058 2713 1110 eorum,
2749 1040 2849 1112 qui
2897 1042 2970 1096 ad
3028 1046 3211 1096 Deum
3262 1041 3764 1113 appropinquant,

345 1150 590 1190 numero
621 1133 832 1204 simus,
865 1148 1066 1190 vereor
1096 1148 1166 1188 ne
1199 1132 1352 1189 male
1384 1132 1949 1206 appropinquemus,
1979 1136 2056 1200 et,
2082 1135 2362 1202 tanquam
2395 1130 2614 1203 stipula
2643 1131 2713 1188 ad
2748 1131 2966 1204 ignem,
3000 1130 3153 1203 ignis
3184 1129 3300 1186 vim
3334 1132 3484 1186 ferre
3517 1146 3772 1202 nequeao

348 1239 504 1279 mus.

417 1317 489 1367 B'.
523 1309 676 1380 Ιιλήν
709 1307 1013 1380 ἐπανῆλθον
1063 1309 1214 1382 ὑμῖν,
1270 1309 1363 1385 βίᾳ
1413 1311 1504 1383 μὲν
1548 1306 1902 1385 ἀποδραμὼν,
1936 1307 1996 1363 οὗ

353 1400 445 1476 βίᾳ
475 1397 534 1455 δὲ
583 1398 970 1477 προσδραμὼν,
1018 1396 1166 1454 ἀλλὰ
1211 1399 1301 1454 καὶ
1351 1399 1498 1472 μάλα
1544 1398 1867 1476 προθύμως,
1908 1399 1997 1453 καὶ

348 1488 678 1563 αὐτομάτοις
709 1489 860 1563 ποσὶ,
891 1489 953 1543 τὸ
990 1493 1086 1544 τοῦ
1118 1488 1304 1564 λόγου,
1335 1493 1433 1544 τοῦ
1479 1487 1790 1562 Πνεύματος
1825 1487 1996 1552 οὕτως

348 1577 601 1655 ἄγοντος,
631 1581 869 1655 καθάπερ
901 1600 952 1633 τι
986 1578 1180 1654 ῥεῦμα,
1221 1578 1358 1655 πρὸς
1410 1578 1505 1652 μὲν
1535 1580 1597 1633 τὸ
1636 1580 1853 1640 ἄναντες
1885 1579 1998 1650 (19)

351 1669 698 1744 βιαζόμενον,
735 1669 811 1730 εἰς
864 1665 920 1722 δὲ
949 1669 1010 1722 τὸ
1058 1668 1253 1740 πρανὲς
1299 1670 1412 1741 (20)
1459 1667 1827 1744 ἐπειγόμενον.
1862 1669 1996 1725 "0v-

344 1780 452 1820 τως
481 1760 664 1835 ἡμέρα
696 1758 814 1832 μία,
852 1757 968 1833 βίος
1001 1755 1132 1819 ὅλος
1169 1758 1472 1830 ἀνθρώπου,
1505 1763 1622 1820 τοῖς
1671 1758 1826 1830 πόθῳ
1855 1755 1994 1831 κάμ-

1309 1848 1330 1878 1.

346 1869 550 1904 νουσιν.
611 1849 681 1901 Τὸ
739 1848 841 1934 γάρ
901 1851 996 1934 τοῦ
1057 1842 1249 1902 Ἰακὼϐ
1309 1848 1505 1923 ἑτέρως
1559 1849 1670 1921 (21)
1717 1846 1862 1924 ἔχειν
1909 1868 2080 1934 μοιΒ

350 1937 609 2014 φαίνεται·
671 1937 729 1998 ’ὸς
786 1933 877 2005 ἔτη
957 1933 1317 2011 δεκατέσσαρα
1375 1935 1648 1992 δουλεύων
1704 1942 1783 2008 τῷ
1841 1936 2002 2012 Σύρῳ

351 2021 530 2080 Λαϐαν
581 2026 713 2101 ὑπὲρ
762 2030 869 2080 τῶν
914 2023 1010 2079 δύο
1053 2025 1330 2102 παρθένων
1382 2025 1482 2080 οὐκ
1530 2022 1786 2099 ἔκαμνεν·
1837 2028 2005 2080 Ἦσαν

347 2117 454 2189 γὰρ
499 2115 666 2187 αὐτῷ,
701 2115 887 2191 φησὶν,
936 2115 991 2168 αἱ
1039 2120 1205 2168 πᾶσαι
1255 2113 1482 2191 ἡμέραι,
1530 2115 1604 2177 ὡς
1655 2117 1837 2192 ἡμέρα
1885 2115 2002 2189 μία,

351 2201 440 2259 διά
489 2205 553 2259 τὸ
612 2206 822 2280 ἀγαπᾷν
882 2203 1061 2266 αὐτάς.
1124 2211 1281 2267 Ἰσως
1341 2204 1423 2259 ὅτι
1478 2204 1528 2260 ἐν
1589 2200 1773 2278 ὄψεσιν
1828 2206 1895 2274 ἧν
1940 2206 2003 2259 τὸ

345 2293 710 2366 ποθούμενον,
760 2295 795 2362 ἢ
848 2294 930 2348 ὅτι
990 2298 1190 2370 κοῦιρον
1239 2295 1301 2348 τὸ
1348 2294 1570 2367 κάμνειν
1623 2293 1805 2369 ἔρωτι,
1837 2294 1930 2349 κᾶν
1964 2297 1998 2364 ἡ

347 2379 595 2452 ἀναϐολή
628 2383 691 2438 τὸ
722 2381 967 2457 λυπηρὸν
998 2380 1100 2457 ἔχῃ
1143 2385 1274 2452 (22).
1308 2382 1494 2444 Οὕτως
1541 2383 1603 2437 τὸ
1633 2379 1853 2456 ἕτοιμον
1890 2386 2000 2456 (23)

345 2473 424 2534 εἰς
476 2471 738 2545 ἐξουσίαν,
785 2472 948 2547 ἀργὸν
1002 2471 1077 2532 είς
1129 2470 1437 2544 ἐπιθυμίαν,
1489 2470 1562 2534 ὥς
1612 2493 1696 2534 τις
1741 2471 1841 2549 ἔφη
1890 2477 1996 2527 τῶν

344 2563 453 2636 πρὸ
482 2564 672 2635 ἡμῶν.
714 2562 857 2636 Ἐγὼ
905 2565 1030 2636 γοῦν
1074 2559 1237 2630 ἡνίκα
1287 2561 1381 2632 μὲν
1413 2564 1702 2634 παρήμην,
1737 2561 2000 2636 ἐλάχιστα

342 2656 442 2707 τοῦ
475 2653 680 2714 πάθους
715 2649 1191 2723 ἐπαισθανόμενος,
1223 2648 1385 2718 ἥνίκα
1417 2647 1473 2704 δὲ
1517 2653 1628 2724 (24)
1670 2650 1997 2727 ἐχωρίσθη-ι,

346 2740 513 2818 ἔγνων
563 2742 654 2796 τὸν
695 2739 861 2794 πόθον
920 2741 1010 2794 τὸν
1058 2738 1260 2813 γλυκὺν
1317 2739 1603 2814 τύραννον·
1653 2741 1832 2795 καινὸν
1886 2745 1998 2816 (25)

349 2829 409 2887 δὲ
439 2827 614 2885 οὐδέν.
645 2829 705 2884 Εἰ
735 2830 836 2904 γὰρ
866 2828 1124 2884 τοσοῦτον
1160 2826 1408 2903 ὀδύρεται
1457 2829 1546 2883 καὶ
1593 2830 1860 2904 βουκόλος
1899 2831 1996 2904 μό-

352 2940 489 2996 σχον
521 2926 620 2988 τῆς
669 2917 876 2993 ἀγέλης
924 2918 1388 2996 ἀποφοιτήσαντα,
1417 2919 1506 2972 καὶ
1552 2920 1762 2990 ποιμὴν
1793 2914 2003 2994 πρόϐα-

347 3031 441 3066 τον
505 3007 765 3082 ἐλλεῖψαν
823 3005 1026 3079 δεκάδι,
1084 3008 1172 3061 καὶ
1232 3003 1414 3082 ὄρνεον
1460 3009 1699 3078 νοσσιὰν,
1747 3010 1808 3076 ἣν
1862 3007 2001 3084 πρὸς

353 3098 539 3175 ὀλίγον
591 3097 853 3153 ἀπέλιπεν
905 3101 1038 3171 (26),
1089 3095 1227 3151 ὥστε
1257 3098 1310 3150 οἱ
1345 3097 1439 3170 μὲν
1466 3099 1561 3160 τὰς
1613 3095 1869 3174 σύριγγας
1903 3097 2000 3153 λα-

348 3184 559 3262 ϐόντες,
621 3187 709 3243 ἐπί
756 3208 875 3242 τινα
932 3187 1156 3241 σκοπιάν
1211 3185 1862 3264 ἀνελθόντεςηπληροῦσι
1903 3195 2002 3258 τῆς

350 3277 586 3352 ἀθυμίας
614 3277 742 3339 τοὺς
793 3274 1042 3349 δόνακας,
1093 3276 1181 3330 καὶ
1232 3275 1646 3351 ἀνακαλοῦνται,
1678 3279 1752 3341 ὡς
1785 3276 1998 3354 λογικὰ,
2037 3254 2079 3320 C

343 3370 414 3423 τὰ
470 3365 825 3441 πλανώμενα·
879 3366 974 3421 κᾶν
1038 3366 1407 3437 ὑπακούσωσι,
1467 3367 1719 3444 χαίρουσι
1787 3366 2000 3442 μᾶλλον

347 3459 385 3527 ἢ
417 3463 577 3512 πᾶσιν
609 3457 750 3530 ὁμοῦ
797 3461 914 3518 τοῖς
963 3454 1182 3526 ἄλλοις,
1230 3458 1302 3511 ὧν
1337 3456 1436 3511 οὐκ
1484 3456 1818 3533 ἐφρόντισαν·
1851 3457 1912 3511 τὸ
1945 3455 2002 3511 δὲ

339 3546 537 3622 τρύζον
569 3545 656 3601 ἐπὶ
684 3547 784 3616 τήν
816 3542 1011 3599 καλιὰν
1041 3542 1198 3616 ἵεται,
1232 3543 1324 3600 καί
1364 3544 1618 3617 τρύζουσι
1673 3545 2000 3620 προσπίπτει

333 3643 461 3699 τοῖς
519 3640 784 3705 νεοσσοῖς,
842 3634 931 3688 καὶ
992 3633 1237 3707 περιέπει
1295 3640 1414 3695 ταῖς
1460 3633 1700 3708 πτέρυξι·
1760 3633 1996 3703 πηλίκον

342 3726 403 3781 ἂν
467 3723 549 3795 εἶίη
604 3722 762 3796 δεξιῷ
812 3721 1034 3797 ποιμένι
1083 3720 1279 3798 λογικά
1327 3721 1632 3796 θρέμματα,
1681 3722 1770 3776 καὶ
1823 3724 1895 3776 ὧν
1947 3745 1998 3777 τι

342 3813 837 3892 προεκινδύνευσεν,
871 3813 986 3869 ἐπεὶ
1017 3811 1105 3868 καὶ
1135 3816 1297 3868 τοῦτο
1333 3816 1412 3884 τῷ
1442 3810 1656 3890 φίλτρῳ
1687 3815 1798 3886 (27)
1833 3833 2000 3886 προσ-

345 3907 563 3977 τίθησιν
600 3923 614 3973 ;

2181 1310 2250 1366 ΙΙ.
2285 1310 2568 1366 Caaterum
2618 1310 2690 1366 ad
2723 1327 2824 1366 vos
2854 1309 3023 1378 redii,
3054 1313 3111 1366 et
3140 1309 3238 1381 qui
3271 1327 3306 1365 a
3335 1308 3498 1365 vobis
3547 1308 3765 1365 invitus

2109 1399 2521 1468 discesseram,
2543 1400 2697 1455 idem
2720 1417 2836 1455 non
2868 1399 3104 1466 invitus,
3131 1399 3232 1454 sed
3255 1398 3452 1454 animo
3476 1415 3761 1470 perquam

2109 1488 2306 1560 alacri,
2340 1489 2822 1561 spontaneisque,
2878 1493 2942 1544 ut
2991 1488 3103 1544 dici
3154 1488 3320 1559 solet,
3372 1487 3619 1559 pedibus
3667 1505 3762 1543 ac-

2109 1578 2286 1650 curri,
2319 1579 2538 1650 Spiritu
2587 1577 2811 1635 scilicet
2841 1595 2954 1648 me,
2989 1577 3150 1633 ﬂuvii
3199 1578 3509 1647 cujusdam
3540 1577 3598 1631 in
3633 1594 3764 1632 mo-

2109 1670 2272 1739 dum,
2306 1673 2532 1740 agente,
2565 1668 2665 1740 qui
2697 1685 2800 1740 per
2829 1667 3069 1724 acclivia
3098 1667 3335 1738 quidem
3369 1684 3482 1722 non
3516 1665 3630 1722 nisi
3662 1683 3762 1722 co-

2109 1763 2277 1813 actus
2312 1758 2515 1827 fertur,
2545 1774 2648 1829 per
2678 1774 2863 1829 prona
2893 1761 3088 1812 autem
3121 1761 3176 1811 et
3201 1755 3443 1812 declivia
3463 1755 3765 1811 celerrime

2111 1847 2348 1903 labitur.
2381 1849 2459 1903 Ac
2493 1849 2748 1920 profecto
2781 1846 2867 1903 vel
2902 1846 3110 1902 unicus
3142 1845 3266 1901 dies
3296 1845 3477 1901 totius
3508 1844 3634 1899 vitae
3664 1844 3770 1899 hu-

2115 1955 2301 1992 manae
2332 1937 2519 1992 instar
2550 1941 2640 1993 est
2665 1935 2952 1993 desiderio
2987 1934 3410 1991 laborantibus.
3444 1934 3592 1989 Nam
3625 1932 3770 1989 illud

2117 2027 2462 2099 patriarcth
2483 2027 2662 2082 Jacob
2687 2025 2832 2080 mihi
2855 2024 2967 2080 alio
3000 2025 3172 2080 modo
3196 2040 3257 2080 se
3280 2023 3492 2080 habere
3517 2024 3770 2091 videtur,

2115 2117 2214 2190 qui
2274 2134 2378 2189 pro
2439 2117 2670 2172 duabus
2726 2114 3054 2186 virginibus
3098 2112 3538 2186 quatuordecim
3599 2113 3772 2169 annis

2113 2208 2310 2264 Laban
2342 2209 2483 2280 Syro
2514 2205 2794 2274 serviens,
2820 2206 3283 2277 haudquaquam
3315 2205 3514 2262 labore
3545 2205 3773 2278 frange-

2111 2298 2302 2353 batur.
2335 2299 2510 2352 Erant
2537 2298 2706 2363 em'm,
2741 2295 2954 2367 inquit,
2989 2311 3173 2350 omnes
3204 2297 3294 2351 illi
3321 2296 3437 2351 dies
3468 2297 3626 2366 quasi
3655 2297 3774 2351 dies

2112 2403 2273 2456 unus,
2307 2385 2448 2457 quod
2476 2402 2668 2442 earum
2713 2399 2898 2440 amore
2947 2385 3294 2456 flagraret“.
3329 2385 3508 2456 Cujus
3540 2384 3620 2440 rei
3650 2383 3772 2441 haec

2109 2476 2356 2531 fortasse
2398 2491 2576 2531 causa
2625 2478 2769 2542 erat,
2803 2473 2943 2545 quia
3000 2474 3083 2529 rei
3139 2475 3404 2546 expetitas
3453 2478 3769 2546 conspectu

2110 2566 2415 2621 fruebatur
2450 2580 2462 2620 ε
2493 2564 2584 2620 vel
2622 2563 2817 2631 etiam,
2852 2563 2990 2635 quia
3037 2563 3180 2620 levis
3230 2569 3318 2620 est
3367 2565 3551 2620 amori
3579 2563 3766 2635 labor,

2109 2654 2345 2710 tametsi
2377 2654 2578 2710 dilatio
2608 2653 2737 2726 ipsa
2766 2652 3095 2709 molestiam
3129 2653 3348 2709 afferat.
3374 2653 3467 2709 Sic
3499 2652 3767 2709 videlicet

2111 2748 2323 2799 natura
2354 2746 2757 2815 comparatum
2788 2746 2898 2808 est,
2933 2746 2995 2797 ut
3025 2759 3093 2797 ea
3119 2741 3360 2814 segnius
3391 2746 3766 2813 appetamus,

2111 2834 2329 2905 quibus
2362 2833 2528 2889 facile
2567 2832 2864 2904 libereque
2910 2831 3024 2886 frui
3071 2831 3227 2900 licet,
3263 2831 3764 2903 quemadmodum

2111 2926 2374 2978 veterum
2399 2921 2640 2994 quidam
2663 2921 2997 2977 afﬁrmavit.
3022 2921 3307 2994 Equidem
3328 2921 3614 2994 ipse,qui,
3631 2937 3766 2978 cum

2112 3013 2404 3081 adessem,
2425 3012 2542 3067 vim
2575 3013 2753 3083 hujus
2787 3012 3029 3067 affectus
3051 3029 3262 3084 parum
3288 3011 3608 3068 admodum
3640 3028 3766 3066 sen-

2112 3101 2350 3167 tiebam,
2383 3105 2768 3174 posteaquam
2799 3119 2834 3157 a
2861 3100 3027 3157 vobis
3059 3100 3168 3171 disj
3180 3104 3390 3156 unctus
3422 3116 3580 3169 sum,
3603 3100 3765 3172 cupi-

2114 3190 2356 3246 ditatem
2389 3207 2788 3263 amoremque,
2822 3189 3052 3246 dulcem
3081 3195 3420 3263 tyrannum,
3453 3207 3768 3262 agnoscere

2111 3283 2290 3352 cmpi;
2327 3282 2482 3353 quod
2516 3281 2753 3353 quidem
2796 3298 2912 3338 non
2944 3285 3036 3338 est
3080 3299 3185 3337 cur
3235 3297 3449 3337 novum
3478 3281 3764 3337 videatur.

2113 3370 2341 3425 Etenim
2374 3371 2424 3426 si
2468 3371 2553 3426 vel
2586 3369 2880 3427 bubulcus
2911 3371 2983 3426 ob
3014 3369 3263 3426 vitulum
3313 3385 3500 3425 unum
3549 3371 3622 3424 ab
3673 3387 3763 3424 ar-

2110 3463 2309 3514 mento
2357 3459 2748 3527 aberrantem,
2782 3458 2869 3514 vel
2914 3463 3115 3530 pastor
3152 3458 3223 3513 ob
3257 3458 3538 3530 pecudem
3567 3474 3636 3514 ex
3666 3459 3761 3515 de—

2111 3550 2275 3606 nario
2324 3567 2567 3606 numero
2600 3549 2986 3620 deﬁcientem,
3019 3549 3108 3606 vel
3157 3549 3278 3606 avis
3336 3550 3409 3606 ob
3467 3549 3760 3620 nidulum,

2111 3655 2288 3710 quem
2319 3640 2390 3694 ad
2423 3640 2595 3694 breve
2615 3643 2850 3712 tempus
2881 3637 3136 3711 reliquit,
3158 3655 3345 3711 usque
3367 3640 3510 3696 adeo
3540 3639 3764 3696 discru-

2113 3727 2253 3783 ciari
2285 3727 2495 3794 solent,
2521 3732 2584 3784 ut
2605 3733 2662 3783 et
2685 3728 2788 3799 illi,
2813 3729 3064 3801 arreptis
3095 3728 3331 3797 ﬁstulis,
3363 3731 3518 3785 .173
3549 3730 3609 3784 in
3641 3747 3764 3801 spe-

2112 3818 2306 3874 culam
2334 3819 2654 3890 quamdam
2687 3818 2886 3887 evecti,
2919 3823 3158 3875 maestos
3180 3818 3384 3875 inﬂent
3414 3819 3690 3886 calamos,
3710 3825 3768 3876 et

2113 3908 2373 3979 palantia
2401 3908 2700 3976 animalia,
2733 3909 2902 3981 quasi
2931 3909 3161 3965 ratione
3192 3910 3456 3982 praedita,
3490 3917 3764 3978 evocent;

347 4015 416 4054 ac
445 3997 498 4054 si
529 3995 850 4070 paruerint,
880 3994 1159 4065 majorem
1211 4009 1280 4048 ex
1331 3991 1470 4062 illis,
1502 4008 1682 4063 quam
1711 4009 1781 4048 ex
1817 3993 2058 4066 reliquis
2091 3997 2380 4054 universis
2411 3999 2480 4054 de
2511 3997 2727 4069 quibus
2757 3998 2995 4054 solliciti
3055 4016 3171 4055 non
3231 3999 3484 4068 fuerant,
3520 3999 3770 4054 delecta-

347 4089 566 4144 tionem
601 4084 951 4158 pereipiant;
993 4083 1113 4138 haec
1161 4098 1296 4138 vero
1355 4081 1610 4138 stridens
1668 4082 1740 4138 ad
1797 4083 2002 4140 nidum
2060 4087 2344 4156 convolet,
2379 4088 2672 4160 pullisque
2730 4089 3122 4146 stridentibus
3181 4089 3498 4158 allabatur,
3551 4106 3771 4162 eosque

349 4177 560 4252 pennis
590 4179 777 4232 foveat
807 4191 820 4230 :
856 4178 1073 4246 quanto
1104 4173 1345 4229 tandem
1399 4172 1695 4229 chariores
1724 4190 1852 4229 esse
1883 4192 1986 4246 par
2014 4181 2105 4232 est
2134 4179 2288 4249 apud
2321 4178 2540 4233 bonum
2573 4195 2639 4234 ac
2671 4178 3009 4250 pervigilem
3057 4185 3353 4251 pastorem
3384 4197 3516 4236 oves
3551 4179 3774 4236 ratione

348 4267 644 4343 praditas,
677 4269 734 4322 et
763 4280 866 4337 pro
897 4281 1152 4336 quarum
1180 4263 1371 4320 salute
1401 4263 1666 4321 nonnihil
1717 4264 1959 4335 periculi
2002 4267 2204 4336 subiit,
2235 4284 2370 4323 cum
2411 4268 2518 4324 hoc
2551 4285 2782 4340 quoque
2813 4269 3065 4325 acriores
3109 4269 3326 4325 amoris
3374 4271 3644 4326 ﬂammas
3675 4287 3772 4326 ex-

349 4361 490 4416 citet
510 4358 538 4412 ?

419 4453 491 4505 1".
528 4450 615 4507 Ὡς
663 4443 773 4520 ἐγὼ
824 4441 1040 4499 δέδοικα
1092 4441 1187 4514 μὲν
1235 4441 1361 4503 τοὺς
1414 4442 1597 4517 βαρεῖς
1649 4440 1872 4512 λύκους,
1926 4443 1998 4516 μὴ
2031 4448 2077 4512 D

345 4538 447 4607 τήν
483 4534 847 4607 σκοτόμαιναν
887 4534 994 4605 (28)
1026 4531 1188 4604 ἡμῶν
1242 4532 1600 4606 τηρήσαντες,
1631 4532 1730 4599 τήν
1764 4530 2005 4605 ποίμνην

350 4625 661 4704 σπαράξωσι
714 4621 899 4699 λόγοις
949 4624 1401 4697 συναροπακτικῖς
1428 4639 1488 4675 τε
1519 4622 1629 4694 (29)
1659 4620 1750 4675 καὶ
1786 4621 2003 4696 βιαίοιςο

421 4744 467 4780 ⁸⁸
494 4747 635 4801 Gen.
667 4757 847 4812 xxvn,
879 4741 970 4796 '26.

373 4951 384 4966 ,
425 4877 538 4950 (19)
565 4877 840 4937 Ἃναντες.
872 4875 966 4933 Sic
1013 4873 1272 4948 plerique
1301 4873 1472 4930 codd.
1505 4873 1683 4930 Prave
1731 4873 1792 4929 in
1840 4873 2004 4946 edit.,

353 4950 794 5096 ἂνῗέὄῖἶῆρανές.
829 5020 923 5078 Sic
964 5023 1083 5076 tres
1131 5017 1334 5091 Regg.,
1369 5017 1543 5074 Coisl.
1577 5019 1628 5089 1,
1660 5020 1718 5074 et
1747 5016 2005 5074 Combef.

357 5090 570 5162 ln'ed'q
600 5090 813 5168 τρανές.
1967 5160 1977 5170 ο

431 5165 544 5239 (21)
575 5162 826 5239 Ἑτέρως.
860 5163 1010 5222 Cois.
1043 5163 1094 5232 1,
1127 5158 1234 5237 οὐχ
1264 5159 1481 5237 έτᾶρως.
1516 5161 1608 5218 Sic
1653 5159 1828 5217 etiam
1866 5159 2009 5233 legit

359 5239 632 5295 Ruﬁnus.

395 5312 536 5383 ((22)
567 5305 848 5383 ”H_8f:t._,.
899 5301 1146 5379 λυπηρὸν
1177 5301 1298 5383 ἔῃ.
1332 5305 1463 5383 Haec
1511 5305 1724 5383 desunt
1769 5303 2008 5383 in__plu-

357 5377 528 5439 ribus
568 5381 736 5437 codd.
769 5377 885 5435 Nec
930 5377 1126 5434 tamen
1158 5377 1497 5450 a'Gregorio
1547 5381 1749 5433 nostro
1797 5377 2008 5450 aliena.

357 5453 726 5527 Augustinus
775 5453 934 5527 enim
963 5452 1064 5527 li_b.
1097 5451 1171 5506 De
1214 5447 1703 5527 bonoividuitatis,
1736 5453 1889 5527 tom:
1913 5447 2009 5527 Y_I,

361 5519 497 5601 pag.
528 5525 657 5607 38.4,
687 5525 954 5606 eamdem
987 5524 1104 5579 fere
1141 5521 1494 5605 sententiam
1536 5521 1714 5577 habet
1747 5538 1759 5575 :
1786 5544 1813 5603 ε(
1843 5519 2012 5576 Nullo

363 5599 562 5653 modo.
594 5600 802 5653 inquit.
835 5599 976 5651 sunt
1021 5611 1252 5652 onerosi
1300 5594 1529 5650 labores
1579 5596 2005 5650 amantium...

363 5610 562 5667 modo,
594 5610 802 5667 inquit,
835 5610 976 5651 sunt
1021 5611 1252 5652 0081‘081
1300 5610 1529 5650 labores
1579 5610 1933 5650 amantium.
1957 5633 1968 5648 .
1992 5632 2005 5648 .

363 5670 512 5730 Nam
543 5670 604 5726 in
633 5685 700 5725 eo
730 5667 885 5740 quod
913 5673 1168 5743 amatur,
1195 5669 1298 5726 aut
1327 5683 1444 5725 non
1475 5665 1796 5736 laboratur,
1829 5669 1930 5723 aut
1960 5668 2018 5722 et

360 5743 530 5803 labor
559 5744 810 5800 amatur.
837 5761 866 5790 ››

2182 4447 2278 4503 III.
2312 4447 2600 4518 Equidem
2632 4447 2758 4520 ipse
2782 4465 2984 4520 graves
3019 4453 3074 4504 et
3106 4453 3334 4505 atroces
3364 4448 3534 4522 lupos
3565 4449 3769 4517 timeo,

2121 4551 2214 4602 ne,
2250 4536 2499 4608 caligine
2549 4542 2751 4593 nostra
2798 4538 3122 4605 observata,
3169 4539 3363 4610 rapaci
3409 4557 3475 4596 ac
3521 4539 3774 4596 violenta

2119 4624 2384 4682 doctrina
2413 4641 2650 4698 gregem
2673 4625 3014 4683 dilacerent.
3041 4629 3460 4701 Intempestam
3486 4628 3643 4686 enim
3675 4645 3776 4685 no-

2186 4875 2296 4949 (23)
2343 4873 2531 4951 Οὖτως
2588 4895 2652 4930 το
2707 4871 2954 4951 ἕτοιμον,
3004 4883 3112 4936 etc.
3177 4877 3624 4951 Pliniusepist.
3675 4880 3769 4950 20,

2111 4946 2214 5002 lib.
2248 4946 2488 5024 vnnait
2523 4966 2536 5003 :
2564 4970 2592 5000 «
2622 4946 2900 5024 Omnium
2932 4946 3128 5008 rerum
3175 4951 3386 5024 cupido
3417 4946 3768 5024 languescit,

2116 5037 2250 5075 cum
2285 5019 2476 5077 facilis
2508 5022 2738 5077 occasio
2769 5027 2878 5078 est.
2902 5045 2930 5072 ››

2190 5092 2417 5166 (24)Ἡν
2445 5111 2514 5145 κα
2546 5091 2940 5166 ,μένηεῄἡνίκα
2987 5090 3069 5150 δέ.
3112 5095 3206 5150 Sic
3255 5097 3452 5166 plures
3495 5096 3665 5151 codd.
3709 5095 3775 5152 In

2118 5164 2210 5219 ed.
2248 5161 2461 5220 desunt
2497 5161 2588 5230 μέν
2624 5171 2682 5220 et
2712 5161 2787 5220 δέ.

2193 5237 2301 5305 (2-5)
2335 5235 2547 5291 Καινόν.
2583 5238 2723 5305 Reg.
2755 5239 2876 5303 bm,
2911 5237 3001 5290 καὶ
3040 5235 3242 5293 καινόν.

2190 5308 2302 5379 (26)
2332 5305 2646 5380 Ἀπέλιμπεν.
2669 5305 2818 5380 Ἠθρς.
2852 5310 2975 5376 bm,
3005 5307 3316 5365 κατέλιπεν.

2334 5376 2692 5464 Τέῷοφίλτρ-ῳ.
2726 5376 2819 5438 Sic
2880 5382 3021 5454 Reg.
3055 5383 3176 5454 bm,
3223 5382 3319 5438 ΟΡ.
3371 5380 3396 5436 1
3458 5384 3515 5436 et
3568 5381 3770 5439 Comb.

2122 5448 2291 5507 Deest
2318 5448 2402 5523 τῷ
2429 5448 2486 5508 in
2516 5448 2656 5508 edit.

2195 5523 2308 5594 (‘28)
2341 5523 2732 5596 Σκοτόμαιναν.
2765 5529 2934 5581 Leuv.
2968 5525 3159 5596 vertit,
3191 5545 3212 5574 α
3247 5525 3651 5582 interlunium.
3679 5546 3708 5573 ››

2343 5601 2803 5674 Συ-ναρπακτικοῖς
2857 5616 2936 5652 τε.
2991 5597 3130 5672 Reg.
3189 5599 3314 5671 bm,
3366 5599 3769 5674 σπαρακτικοῖς.

2125 5669 2296 5726 Deest
2324 5688 2381 5724 τε
2411 5670 2472 5726 in
2491 5669 2732 5729 duobus
2760 5674 2937 5746 Regg.
