4110 6444
386 551 546 614 I233

388 685 592 740 ἂσθενῶ
623 702 637 753 ;

388 795 493 843 σις,
553 774 587 842 ἢ
648 772 863 851 φροντίς
920 775 1072 848 (30);
1128 773 1198 828 Οὐ
1241 775 1339 850 γὰρ
1395 778 1540 844 ζητῶ
1583 773 1648 829 τὰ
1681 775 1853 846 ὑμῶν,
1911 772 2038 828 ἀλλ’

384 864 545 936 ὑμᾶς.
602 863 707 918 Καὶ
763 862 1060 938 Ἐγενόμην
1121 864 1509 939 συγκαιόμενος
1582 867 1692 937 (40)
1769 868 1847 936 τῷ
1907 863 2036 918 καῦ-

382 975 510 1008 σωνι
581 955 678 1021 τῆς
756 951 991 1027 ἡμέρας,
1069 953 1156 1006 καὶ
1231 957 1310 1025 τῷ
1386 958 1600 1029 παγετῴ
1672 960 1771 1022 τῆς
1847 954 2035 1013 νυκτὸς

386 1042 730 1115 πιεζόμενος·
781 1042 1121 1117 πατριάρχου
1172 1049 1325 1120 φωνή
1384 1042 1668 1117 ποιμένος,
1728 1044 1786 1098 οὗ
1826 1043 1892 1096 τά
1921 1041 2036 1097 ἐπί-

383 1154 534 1206 σημα
592 1127 856 1208 πρόϐατα,
918 1133 1008 1186 καὶ
1064 1137 1182 1194 ταῖς
1253 1132 1454 1197 ἐκεῖθεν
1527 1133 1713 1204 ληνοῖς
1788 1131 2033 1207 ἐγκισσᾷν

386 1221 783 1295 μελετήσαντα.
824 1219 976 1275 Οὕτω
1012 1222 1104 1294 μὶν
1139 1221 1253 1292 οὗν,
1313 1223 1402 1276 καὶ
1462 1220 1549 1276 διὰ
1595 1228 1761 1277 ταῦτα
1809 1221 2034 1291 ἐπέστην

383 1312 536 1385 ὑμῖν,
585 1311 674 1365 καὶ
720 1309 892 1372 οὕτως
933 1307 1179 1386 ἔχουσιν.
1232 1311 1381 1366 Ἐπεὶ
1430 1310 1487 1366 δὲ
1545 1312 1793 1382 ἐπέστην,
1855 1309 2034 1384 δῶμεν

381 1399 550 1475 λόγον
596 1399 890 1470 ἀλλήλοις,
943 1401 1014 1454 ὧν
1071 1400 1264 1473 μεταξὺ
1321 1402 1776 1475 κατωρθώσαμιν.
1814 1399 2032 1470 Ἐπειδὴ

381 1488 550 1545 καλὸν
626 1491 701 1562 μὴ
763 1489 1006 1565 ῥήματος
1061 1491 1218 1562 μόνον
1274 1491 1362 1545 καὶ
1421 1492 1685 1566 πράξεως,
1748 1489 1893 1545 ἀλλά
1947 1489 2035 1546 καὶ

381 1584 574 1656 καιροῦ
621 1579 837 1650 παντὸς,
896 1579 986 1634 καὶ
1032 1579 1175 1654 ὥρας
1233 1580 1399 1649 αὐτῆς
1456 1585 1553 1636 τοῦ
1605 1580 1888 1656 ἀκαριαίου
1946 1581 2034 1634 καὶ

386 1668 720 1724 λεπτοτάτου
769 1667 971 1723 ἄξεσθαι
1030 1668 1190 1744 λόγον
1243 1669 1577 1724 ἀπαιτεῖσθαι
1634 1673 1803 1742 ἡμᾶς.
1855 1671 2034 1742 Ὑμεῖς

387 1759 483 1830 μὲν
514 1761 624 1831 (41)
685 1756 1050 1833 ἀπαγγείλατὲ
1084 1779 1176 1830 μοι
1206 1761 1303 1827 τὴν
1339 1759 1587 1835 ἐργασίαν
1615 1763 1713 1828 τὴν
1750 1760 2032 1835 ὑμετέρανο

377 1848 489 1923 ἐγὼ
517 1845 574 1902 δὲ
605 1847 680 1909 εἷς
717 1847 878 1921 μίσον
907 1849 1080 1918 θήσω,
1114 1847 1145 1902 ἃ
1175 1851 1290 1913 καθ’
1324 1848 1556 1924 ἡσυχίαν
1592 1849 1810 1922 ἐμαυτῷ
1841 1870 2034 1924 συγγε-

377 1937 607 2011 νόμενος
641 1936 1034 2014 ἐφιλοσόφησα.

451 2207 506 2261 Ε¹
533 2204 661 2259 Τίνα
697 2206 789 2278 μὲν
815 2203 1040 2278 θεωρίαν
1059 2209 1164 2260 τῶν
1187 2203 1435 2280 ὑψηλῶν,
1458 2203 1494 2275 ἤ
1516 2207 1643 2281 παρ’
1671 2205 1806 2279 ἐμοῦ
1837 2200 2035 2261 λαϐόν-

379 2315 466 2357 τες
501 2292 814 2372 ἐφυλάξατε,
847 2296 881 2362 ἢ
909 2296 1033 2367 παρ’
1058 2295 1209 2366 ὑμῶν
1240 2295 1411 2350 αὐτῶν
1449 2295 1811 2371 εἶσηνέγκατε,
1912 2295 2033 2371 περὶ

376 2382 689 2458 θεολογίας,
721 2385 754 2453 ἢ
788 2384 910 2457 περὶ
948 2388 1055 2437 τῶν
1090 2381 1276 2438 ἀλλων
1313 2381 1621 2458 δογμάτων,
1669 2386 1701 2438 ἅ
1731 2383 1916 2440 πολλά
1943 2384 2031 2438 καὶ

375 2473 647 2535 πολλάκις
681 2474 804 2546 ὑμῖν
839 2473 1148 2548 παρεθέμην
1172 2493 1184 2541 ;
1221 2478 1375 2541 Ζητῶ
1399 2475 1503 2549 γὰρ
1530 2474 1592 2527 οὐ
1617 2475 1678 2528 τὸ
1702 2473 1907 2528 δάνειον
1939 2473 2035 2546 μό-

373 2587 496 2632 νον,
529 2561 674 2618 ἆλλα
701 2565 789 2617 καὶ
822 2565 910 2617 τὸν
943 2562 1122 2616 τόκον·
1171 2562 1230 2616 οὐ
1277 2563 1337 2616 τὸ
1367 2563 1629 2618 τάλαντον
1669 2564 1855 2637 μόνον,
1890 2563 2035 2619 ἀλλὰ

373 2653 466 2708 καὶ
497 2654 596 2720 τήν
633 2651 904 2728 ἐργασίαψ
943 2653 1016 2725 μή
1051 2672 1135 2714 τις
1187 2652 1528 2727 κατακρύψας
1575 2653 1661 2707 καὶ
1708 2655 2031 2728 καταχώσας

373 2741 438 2796 τό
498 2742 801 2812 πιστευθὲν,
847 2738 924 2795 ἔτι
983 2742 1072 2795 καὶ
1128 2739 1526 2814 καταψεύδηται
1577 2747 1672 2797 τοῦ
1712 2743 2032 2797 πιστεύσαν-

373 2853 494 2904 τος,
545 2831 618 2893 ὡς
663 2829 906 2906 σκληροῦ
937 2853 992 2885 τε
1021 2831 1109 2885 καὶ
1140 2836 1246 2886 τῶν
1279 2831 1584 2908 ἀλλοτρίων
1621 2832 2030 2904 ἐπιθυμοῦντος.

374 2921 501 2975 Τίνα
552 2918 609 2975 δὲ
656 2921 844 2996 πρᾶξιν
895 2925 1001 2975 τῶν
1055 2919 1477 2992 ἐπαινουμένων,
1539 2922 1572 2990 ἢ
1614 2919 1752 2993 μηδὲ
1779 2929 1878 2990 τῆς
1914 2923 2030 2996 ἀρι-

374 3015 564 3084 στερᾶς
613 3008 1008 3086 γινωσκοῦσης,
1058 3009 1556 3087 ἐκαρποφοργςσατε,
1695 3008 1830 3065 ὥστε
1891 3010 2030 3082 λάμ-

371 3119 492 3154 πειν
541 3100 604 3153 τὸ
655 3103 768 3176 φῶς
821 3099 970 3170 ὑμῶν
1021 3095 1324 3173 ἔμπροσθεν
1368 3103 1475 3153 τῶν
1518 3098 1940 3174 ἀνθριέ›πιι›ν·ἳν’
1975 3099 2032 3154 ἐκ

369 3192 470 3243 τοῦ
497 3193 706 3262 καρποῦ
736 3188 797 3243 τὸ
830 3184 1043 3262 δένδρον
1078 3185 1293 3262 δειχθῇ,
1351 3187 1439 3241 καὶ
1497 3185 1585 3242 διὰ
1630 3192 1737 3241 τῶν
1775 3190 2029 3259 μαθητῶν

373 3279 400 3331 ὁ
464 3274 789 3338 διδάσκαλος
847 3278 960 3349 (42)
1007 3279 1301 3352 γνωρισθῇ,
1357 3275 1447 3331 καὶ
1499 3274 1620 3351 εἴπῃ
1666 3299 1746 3338 τις
1795 3283 1900 3332 τῶν
1946 3277 2034 3333 ἐπ-

373 3365 712 3422 οπτευόντων
741 3365 806 3420 τὰ
837 3367 1078 3441 ἡμέτερα
1107 3364 1333 3439 (πολλοὶ
1367 3364 1423 3420 δέ
1455 3366 1607 3439 εἰσιν,
1631 3366 1681 3421 οἳ.
1717 3368 1810 3440 μὲν
1847 3366 1914 3422 δι’
1947 3369 2034 3423 εὐ-

1511 553 1804 615 ORATIO
1852 551 2069 612 XXVI.
2111 585 2185 596 --
2230 555 2307 612 ΙΝ
2355 553 2722 618 SElPSUM.

717 682 798 744 τίς
857 680 1288 753 σκανδαλίζεται,
1344 684 1432 738 καὶ
1491 684 1591 739 οὐκ
1667 683 1772 756 ἐμή
1851 683 2025 759 πόρω-

2150 685 2452 752 άαίἰτίιιιιν,
2486 697 2536 742 et
2579 704 2673 758 ego
2719 704 2831 743 non
2875 704 3030 759 uror,
3081 696 3133 744 et
3178 704 3310 743 cura
3357 688 3666 744 discrucior
3712 687 3808 744 7’?

3651 553 3808 615 1234

2145 774 2260 830 Non
2294 779 2438 831 enim
2491 794 2610 848 qua:
2659 786 2836 833 vestra.
2880 782 3014 832 sunt
3052 793 3259 849 quacro,
3309 777 3397 832 sed
3439 793 3528 833 vos
3574 778 3639 832 ⁷³.
3685 777 3799 833 Et:

2147 867 2400 921 Perustus
2439 883 2560 921 sum
2591 877 2729 924 essm
2774 868 2906 932 diei,
2942 876 2994 923 et
3041 876 3318 923 nocturna
3346 868 3520 939 glacie
3549 874 3802 933 vastatus,

2147 955 2338 1026 inquit
2386 956 2718 1028 patriarcha
2769 958 2950 1012 Jacob
2987 957 3052 1027 ⁷⁸,
3104 959 3276 1028 cujus
3326 961 3468 1012 sunt
3512 973 3643 1012 oves
3690 956 3803 1012 illa;

2147 1045 2388 1116 signatas
2419 1047 2483 1115 ⁷⁵,
2516 1051 2573 1102 et
2621 1065 2748 1120 quae
2779 1047 2840 1102 in
2889 1046 3222 1103 coelestibus
3253 1047 3562 1103 canalibus
3611 1047 3802 1102 conci-

2147 1152 2281 1206 pere
2312 1135 2659 1191 didicerunt.
2698 1137 2791 1193 Sic
2820 1136 3019 1210 igitur,
3052 1140 3226 1209 atque
3255 1135 3347 1191 his
3380 1137 3451 1190 de
3482 1135 3696 1202 causis,
3730 1135 3802 1190 ad

2145 1241 2267 1293 vos,
2301 1226 2373 1280 ad
2406 1225 2561 1281 hunc
2594 1228 2830 1282 modum
2862 1226 3120 1294 aﬂ‘ectos,
3152 1225 3803 1296 accessi.Posteaquam

2147 1321 2338 1371 autem
2374 1316 2614 1382 accessi,
2643 1333 2766 1388 age,
2803 1316 2954 1371 inter
2984 1334 3086 1372 nos
3118 1333 3185 1371 ea
3214 1315 3636 1381 subducamus,
3671 1331 3804 1386 quae

2145 1405 2366 1461 interea
2398 1411 2552 1460 recte
2583 1411 2639 1460 et
2677 1423 2811 1461 cum
2841 1405 3054 1461 virtute
3102 1404 3416 1478 gessimus.
3448 1403 3800 1460 Praeclarum

2145 1496 2300 1550 enim
2333 1499 2423 1550 est
2454 1511 2560 1550 nos
2591 1496 2650 1550 in
2681 1495 2788 1550 hac
2818 1495 3091 1567 opinione
3121 1495 3361 1560 versari,
3389 1498 3452 1550 ut
3480 1511 3595 1550 non
3627 1495 3800 1550 modo

2145 1584 2453 1650 sermonis,
2487 1591 2591 1639 aut
2620 1584 2886 1650 actionis,
2922 1584 3022 1639 sed
3054 1584 3234 1639 totius
3263 1583 3438 1639 etiam
3491 1583 3796 1655 temporis,

2144 1679 2322 1744 atque
2354 1674 2495 1729 adeo
2530 1673 2860 1729 tenuissimi
2886 1679 2942 1728 et
2970 1671 3302 1729 brevissimi
3323 1673 3611 1743 cujusque
3640 1672 3797 1727 horas

2145 1762 2432 1818 momenti
2478 1762 2766 1817 rationem
2797 1780 2831 1817 a
2881 1762 3052 1817 nobis
3099 1760 3325 1834 reposci
3372 1761 3795 1816 existimemus.

2147 1851 2336 1906 Facite
2366 1851 2567 1923 igitur,
2600 1857 2664 1906 ut
2694 1850 2836 1907 mihi
2885 1867 3121 1923 operam
3152 1855 3410 1906 vestram
3440 1855 3497 1906 et
3533 1851 3796 1905 studium

2146 1942 2490 2011 exponatis:
2527 1944 2583 1996 et
2633 1939 2760 2012 ipse
2806 1940 3067 1996 vicissim
3118 1938 3178 1994 in
3229 1937 3488 1995 medium
3538 1940 3796 2006 afferam,

2066 2066 2114 2130 B
2147 2047 2277 2102 quae
2306 2046 2538 2086 mecum
2570 2029 2716 2102 ipse,
2747 2047 2882 2086 cum
2915 2029 3076 2087 solus
3105 2045 3319 2098 essem,
3351 2027 3801 2101 philosophatus

2149 2137 2303 2176 sum.

2217 2209 2278 2262 V.
2318 2209 2573 2280 Ecquam
2603 2225 2799 2263 rerum
2832 2206 3178 2263 sublimium
3219 2204 3799 2278 contemplationem,

2145 2303 2245 2353 aut
2274 2316 2308 2352 a
2344 2314 2432 2352 me
2464 2301 2758 2368 acceptam
2812 2297 3027 2352 animis
3057 2298 3266 2353 vestris
3313 2295 3661 2361 retinuistis,
3697 2297 3801 2350 aut

2143 2403 2176 2440 a
2221 2386 2384 2441 vobis
2436 2385 2580 2457 ipsis
2628 2385 2983 2453 contulistis,
3022 2385 3111 2440 vel
3163 2387 3235 2440 de
3287 2383 3609 2440 divinitatis
3661 2383 3799 2439 doc-

2142 2477 2317 2543 trina,
2357 2474 2446 2529 vel
2493 2475 2563 2529 de
2612 2474 2745 2530 aliis
2799 2475 2932 2530 ﬁdei
2981 2475 3293 2546 capitibus,
3346 2491 3467 2544 qua
3515 2489 3620 2545 ego
3670 2489 3801 2544 per-

2145 2562 2335 2619 multa
2365 2569 2420 2620 et
2450 2581 2706 2635 persaepe
2739 2564 2902 2620 vobis
2935 2563 3228 2636 apposui?
3258 2564 3456 2635 Neque
3487 2562 3644 2618 enim
3679 2579 3806 2617 mu-

2146 2663 2314 2708 tuum
2365 2654 2648 2709 duntaxat
2697 2671 2913 2725 quaero,
2963 2670 3165 2709 verum
3216 2652 3393 2710 etiam
3442 2653 3655 2720 fenus;
3697 2668 3803 2707 nec

2143 2741 2428 2797 talentum
2477 2741 2690 2811 solum,
2741 2743 2842 2796 sed
2897 2745 2955 2797 et
3005 2741 3211 2797 talenti
3262 2746 3553 2812 quaestum
3602 2739 3688 2794 16:
3730 2755 3804 2794 ne

2144 2832 2273 2902 quis
2308 2833 2470 2900 forte,
2521 2848 2655 2887 cum
2686 2832 2744 2886 in
2780 2837 2930 2887 terra
2954 2831 3034 2902 id,
3069 2831 3223 2904 quod
3273 2829 3384 2902 ipsi
3415 2827 3802 2884 commissum

2143 2926 2250 2991 est,
2303 2922 2628 2992 occultarit,
2679 2926 2736 2977 et
2790 2921 3096 2986 defoderit,
3155 2920 3500 2976 creditorem
3560 2918 3806 2989 insuper

2141 3011 2308 3079 falso,
2346 3017 2407 3066 ut
2455 3013 2669 3066 durum
2703 3016 2761 3066 et
2788 3010 3089 3076 acerbum,
3119 3017 3294 3081 atque
3343 3008 3671 3064 alienarum
3713 3025 3803 3062 re-

2143 3119 2272 3156 rum
2307 3102 2625 3173 cupiditate
2657 3103 2804 3158 475
2842 3101 3187 3173 ﬂagrantem
3217 3099 3581 3155 criminetur.
3616 3100 3804 3166 Quam

2144 3191 2450 3247 honestam
2502 3195 2559 3246 et
2587 3189 2944 3247 laudabilem
2996 3191 3286 3246 actionem
3317 3187 3687 3261 .protulistis,
3712 3186 3804 3244 vel

2144 3280 2225 3335 ita
2255 3279 2496 3348 occulte,
2534 3286 2599 3335 ut
2643 3297 2712 3336 ne
2743 3278 2983 3336 sinistra
3031 3279 3270 3352 quidem
3305 3294 3516 3335 manus
3561 3278 3708 3334 sciat
3734 3278 3800 3346 ⁷⁷,

2144 3369 2232 3424 vel
2263 3371 2438 3426 etiam
2483 3375 2703 3443 aperte,
2739 3374 2803 3425 ut
2829 3369 2930 3426 lux
2977 3374 3172 3426 vestra
3219 3386 3414 3425 coram
3461 3367 3802 3423 hominibus

372 3456 581 3525 δοκίαν,
640 3458 690 3510 οἳ
745 3454 802 3510 δέ
860 3457 950 3510 καὶ
1003 3457 1351 3532 περιέργως),
1411 3457 1492 3512 ὅτι
1536 3459 1704 3520 ὅντως
1737 3460 1763 3512 ὁ
1797 3460 1925 3522 θεὸς
1980 3461 2025 3515 ἐν

2145 3459 2336 3515 luceat
2365 3461 2428 3525 ⁷⁸,
2462 3466 2520 3515 et
2566 3461 2740 3515 arbor
2767 3477 2836 3515 ex
2884 3461 3076 3514 fructu
3111 3462 3462 3530 agnoscatur
3492 3458 3556 3525 7°,
3590 3460 3647 3512 et
3674 3474 3799 3512 ma-

372 3547 500 3622 ὑμῖν
549 3548 660 3620 (43)
714 3543 874 3615 ἐστιν,
926 3545 987 3599 οὐ
1019 3546 1427 3618 κηρυσσόμενος
1465 3547 1631 3620 ὑγιῶς
1668 3546 1852 3618 μόνον,
1886 3545 2030 3602 ἀλλὰ

378 3635 468 3691 καὶ
515 3633 949 3708 λατρευόμενοςς
999 3639 1086 3694 Ὡς
1144 3633 1247 3708 γὰρ
1290 3634 1387 3687 οὐκ
1444 3632 1552 3687 ἔστι
1587 3636 1760 3707 χωρὶς
1795 3633 2028 3696 πίστεως

373 3725 565 3800 πρᾶξις
616 3722 858 3800 ἔγκριτος
907 3719 1114 3796 (ἐπειδὴ
1156 3721 1244 3775 καὶ
1296 3719 1456 3791 δόξης
1487 3719 1656 3777 ἕνεκεν
1717 3724 1766 3776 οἱ
1821 3721 2025 3778 πολλοὶ

367 3815 430 3870 τὸ
473 3811 640 3868 καλὸν
693 3810 1090 3881 ἐπιτηδεύουσι,
1140 3810 1228 3865 καὶ
1295 3810 1503 3888 φύσεως
1543 3811 1715 3872 οὕτως
1761 3810 2020 3887 ἔχοντες)·

370 3903 514 3958 οὕτω
558 3903 646 3958 καὶ
695 3905 729 3972 ἡ
779 3902 957 3963 πίστις
1016 3901 1190 3977 χωρὶς
1248 3898 1414 3976 ἔργων
1467 3901 1647 3976 νεκρά.
1700 3903 1796 3955 Καὶ
1832 3904 1905 3975 μή
1941 3923 2022 3964 τις

369 3993 509 4067 ὑμᾶς
562 3993 816 4047 ἀπατάτω
864 3996 1040 4053 κενοῖς
1091 3989 1275 4066 λόγοις
1320 3994 1426 4044 τῶν
1462 3992 1632 4044 πάντα
1672 3992 2022 4067 συγχωρούν-

361 4104 470 4136 των
523 4080 777 4154 ἐτοίμως,
832 4081 962 4154 ὑπὲρ
1009 4079 1121 4140 ἐνὸς
1167 4084 1263 4133 τοῦ
1295 4075 1501 4134 ἀσεϐεῖν
1537 4079 1588 4134 ἐν
1620 4087 1734 4142 τοῖς
1766 4078 2019 4156 δόγμασι,

362 4171 453 4226 καὶ
500 4171 704 4248 φαῦλον
747 4164 1202 4224 καταϐαλλόντων
1261 4168 1446 4240 μισθὸν
1500 4168 1707 4243 φαύλου
1766 4169 2019 4245 πράγμα-

362 4281 479 4322 τος.
514 4258 726 4330 Δείξατε
755 4259 846 4312 οὗν
881 4258 939 4312 ἐκ
980 4263 1086 4313 τῶν
1120 4254 1291 4333 ἔργων
1338 4259 1434 4326 τὴν
1469 4257 1669 4331 πίστιν,
1700 4265 1797 4328 τῆς
1831 4261 2018 4335 ⁹χώρας

367 4349 520 4421 ὑμῶν
578 4350 640 4403 τὸ
693 4348 943 4419 γόνιμον,
998 4347 1041 4402 εἰ
1103 4349 1177 4420 μὴ
1239 4347 1312 4409 εἷς
1368 4349 1519 4403 κενὸν
1579 4347 1918 4424 ἐσπείραμεν,
1973 4349 2021 4404 εἷ’

364 4436 580 4514 δράγμα
626 4459 676 4491 τι
729 4436 782 4492 ἐν
831 4438 983 4509 ὑμῖν,
1029 4442 1126 4491 τοῦ
1175 4444 1401 4506 ποιῆσαι
1443 4435 1643 4513 ἄλευρα
1675 4438 1831 4514 ἰσχὺν
1867 4439 2016 4515 ἔχον,

360 4528 448 4581 καὶ
508 4528 796 4595 ἀποθηκῶν
860 4522 1026 4596 ἄξιον,
1097 4523 1188 4578 ’ἶνα
1259 4527 1348 4580 καὶ
1405 4528 1813 4602 προθυμότερον
1874 4528 2013 4600 ὑμᾶς

359 4616 783 4693 γεωργήσωμεν,
842 4614 931 4676 Τίς
981 4613 1054 4674 εἷς
1113 4613 1299 4668 ἑκατὸν
1376 4622 1723 4690 καρποτοκεῖ,
1799 4617 1882 4679 τίς
1941 4618 2014 4680 εἷς

361 4705 640 4778 ἐξήκοντα,
671 4704 753 4766 τίς
784 4705 846 4758 τὸ
875 4702 1183 4759 τελευταῖον
1217 4704 1312 4758 κᾶν
1347 4703 1423 4765 εἰς
1470 4706 1759 4779 τριάκοντα
1792 4722 1804 4735 ·
1930 4706 2011 4768 τίς

2139 3548 2322 3618 gister
2348 3564 2448 3618 per
2479 3548 2800 3618 discipulos
2830 3547 3178 3613 innotescat,
3215 3563 3280 3601 ac
3314 3546 3468 3600 dicat
3497 3544 3797 3616 quispiam

2137 3656 2358 3708 eorum,
2392 3638 2490 3708 qui
2553 3640 2678 3693 vitae
2739 3643 2948 3693 nostra:
3010 3637 3264 3692 rationes
3321 3635 3656 3708 inspectant
3713 3636 3794 3708 (id

2138 3729 2292 3799 quod
2328 3728 2495 3782 multi
2544 3727 2786 3795 faciunt,
2822 3726 2920 3782 alii
2969 3726 3222 3799 benigna
3264 3725 3562 3782 voluntate
3613 3726 3796 3794 ducti,

2137 3816 2231 3872 alii
2265 3817 2602 3873 curiositate
2651 3816 2940 3889 impulsi),
2975 3817 3129 3888 quod
3165 3832 3291 3871 vere
3337 3815 3490 3870 Deus
3525 3814 3583 3870 in
3631 3814 3796 3872 vobis

2135 3906 2213 3962 sit
2241 3907 2306 3973 ⁸ο,
2341 3924 2452 3960 non
2511 3906 2682 3961 modo
2715 3923 2856 3961 sane
2907 3923 2973 3961 ac
3015 3904 3240 3961 sincere
3286 3904 3656 3976 praedicatus,
3690 3905 3792 3960 sed

2133 3995 2308 4051 etiam
2342 3996 2537 4050 cultus
2571 3999 2627 4050 et
2674 3997 2954 4051 adoratus
2978 3995 3005 4049 ‘I
3039 3994 3112 4050 Ut
3142 3994 3298 4050 enim
3331 3993 3480 4049 actio
3521 3992 3648 4048 sine
3681 3992 3795 4049 ﬁde

2133 4103 2249 4140 non
2284 4090 2370 4140 est
2400 4089 2639 4156 accepta
2667 4084 3166 4156 (quandoquidem
3219 4081 3387 4138 multi
3422 4082 3617 4154 gloriae
3666 4086 3788 4138 stu-

2131 4174 2248 4240 dio,
2285 4179 2459 4245 atque
2508 4174 2684 4228 etiam
2719 4192 2752 4229 a
2782 4179 2994 4229 natura
3031 4173 3112 4228 ita
3161 4171 3480 4241 informati,
3512 4170 3790 4229 virtutem

2130 4263 2373 4334 colunt),
2405 4263 2487 4318 ita
2534 4263 2677 4318 fides
2709 4263 2834 4318 sine
2882 4263 3156 4335 operibus
3201 4269 3434 4316 mortua
3486 4268 3575 4316 est
3602 4260 3669 4315 εί.
3705 4265 3788 4316 Ac

2130 4353 2416 4421 videte,ne
2438 4353 2571 4424 quis
2584 4369 2785 4408 eorum
2799 4369 2900 4408 vos
2914 4351 3187 4407 inanibus
3200 4351 3394 4406 verbis
3407 4342 3786 4421 decipiat,qui

2129 4445 2328 4500 omnia
2377 4443 2648 4500 omnibus
2699 4442 2806 4498 hac
2862 4459 2978 4497 una
3028 4442 3099 4496 de
3140 4458 3318 4497 causa
3365 4439 3530 4496 facile
3579 4457 3787 4495 conce-

2129 4535 2294 4601 dunt,
2315 4541 2377 4590 ut
2411 4534 2590 4606 impia
2612 4534 2885 4604 dogmata
2907 4529 3176 4586 homines
3201 4529 3785 4599 complexentur,ma-

2125 4623 2358 4694 iamque
2391 4623 2472 4677 rei
2526 4622 2688 4678 malae
2721 4621 3047 4676 mercedem
3093 4619 3454 4692 persolvunt.
3485 4623 3559 4673 Ex
3595 4617 3783 4690 operi-

2125 4713 2235 4767 bus
2298 4728 2434 4783 ergo
2494 4711 2688 4777 fidem,
2752 4716 3035 4781 terraique
3099 4715 3304 4764 vestra:
3364 4707 3779 4763 fecunditatem

359 4793 595 4868 ἔμπαλιν
644 4793 749 4848 ἀπὸ
794 4798 892 4848 τοῦ
940 4795 1233 4868 τριάκοντα
1270 4793 1346 4855 εἰς
1394 4794 1487 4848 τὸν
1520 4794 1780 4865 ἐξήκοντα
1809 4795 2008 4869 προελ-

2140 4799 2431 4867 )8ιθη(1ἱῐθ,
2466 4805 2529 4854 ut
2582 4800 2957 4871 perspicuum
2998 4799 3121 4867 ﬁat,
3155 4816 3228 4854 an
3280 4798 3500 4853 frustra
3547 4813 3778 4852 semen-

358 4885 463 4949 θὼν
505 4881 729 4959 (ἔχομεν
779 4883 882 4958 γὰρ
913 4882 1003 4936 καὶ
1041 4882 1240 4952 ταύτην
1270 4881 1322 4935 ἐν
1354 4887 1470 4944 τοῖς
1503 4882 1874 4960 ’Χῦαγγελίοις
1906 4887 2005 4954 τὴν

355 4973 545 5046 τάξιν),
607 4973 684 5034 εἰς
745 4973 835 5026 τὸν
890 4972 1075 5028 ἑκατὸν
1127 4970 1472 5043 ἐτελεύτησεν
1507 4972 1631 5026 ’ἵνα
1678 4970 2009 5048 προϐαίνων,

355 5063 430 5125 ὡς
491 5064 518 5117 ὁ
575 5061 776 5133 Ἰσαὰκ,
836 5065 1002 5136 μέγας
1047 5062 1291 5136 γένηται,
1338 5061 1704 5136 πορευόμενος
1759 5063 1818 5118 ἐκ
1849 5062 2007 5119 δυνά-

357 5173 503 5226 μεως
535 5151 608 5213 εἷς
659 5147 908 5223 δύναμιν,
958 5151 1046 5205 καὶ
1075 5150 1168 5212 τὰς
1197 5149 1340 5223 ᾠδὰς
1368 5156 1475 5206 τῶν
1511 5147 1865 5226 Ἀναϐαθμῶν
1896 5158 2007 5229 (44)

353 5239 521 5312 ᾅδων,
545 5239 635 5296 καὶ
668 5235 969 5311 ἀναϐάσεις,
1003 5239 1053 5295 ἐν
1081 5243 1148 5314 τῇ
1183 5237 1376 5317 καρδίᾳ
1404 5241 1684 5314 τιθέμενος
1709 5261 1722 5311 ;

424 5359 469 5393 ⁷⁸
499 5358 548 5414 lI
578 5357 705 5414 Cor.
740 5373 819 5421 χι,
852 5358 942 5412 29.
1018 5359 1063 5392 ⁷³
1097 5357 1144 5412 ΙΙ
1195 5358 1324 5413 Cor.
1372 5375 1474 5429 xu,
1507 5360 1591 5415 14.

352 5435 410 5486 et
437 5446 561 5502 seq.
639 5429 682 5462 ⁷⁷
715 5429 922 5485 Matth.
955 5445 1034 5496 vn,
1069 5429 1122 5484 3.
1200 5431 1242 5464 ⁷⁸
1275 5430 1482 5486 Matth.
1509 5448 1565 5500 v,
1606 5432 1687 5487 16.

425 5555 536 5626 (39)
587 5550 946 5632 [Ιῷρωσιςηῆ
997 5553 1231 5632 φροντίς.
1283 5556 1378 5612 Sic
1426 5556 1566 5630 Reg.
1618 5559 1674 5613 d.
1729 5563 1793 5613 In
1844 5560 2006 5632 edit.,

351 5624 595 5702 πύρωσις
626 5624 678 5693 η’
696 5624 937 5702 φροντίς.

426 5691 538 5773 (ω)
595 5691 1019 5773 ὶξυγκαιόμινος.
1067 5698 1202 5770 Reg.
1255 5699 1354 5754 bm
1404 5705 1463 5755 et
1510 5702 1769 5773 quinque
1821 5703 2007 5772 Colb.,

352 5791 417 5823 συ
427 5768 821 5845 μφλιγόμενος.

424 5837 744 5914 (arma;
797 5837 916 5917 μιν,
957 5845 1067 5896 etc.
1107 5864 1128 5890 ε
1162 5842 1273 5897 Vos
1323 5842 1502 5914 igitur
1553 5845 2006 5917 negotiationem

349 5919 608 5974 vestram
637 5915 926 5988 exponite,
971 5930 1165 5972 meam
1196 5931 1302 5987 ego
1339 5917 1596 5975 vicissim
1635 5915 1706 5973 in
1749 5920 2008 5977 medium

1670 5361 1715 5394 ⁷⁴
1744 5361 1884 5418 Gen.
1934 5381 2091 5434 xxx1,
2124 5366 2210 5420 40.

1767 5435 1812 5469 ⁷⁷
1836 5435 2041 5492 Matth.
2073 5453 2176 5505 vn,
2207 5438 2293 5492 16.

2120 4897 2239 4947 tem
2271 4890 2602 4957 fecerimus,
2637 4906 2710 4944 an
2744 4887 3081 4960 manipulus
3115 4888 3356 4960 quidam
3400 4887 3461 4942 in
3491 4885 3655 4941 vobis
3684 4903 3778 4941 re-

2121 4980 2402 5054 periatur,
2431 4996 2500 5034 ex
2547 4994 2662 5049 quo
2711 4978 2919 5033 confici
2973 4977 3154 5033 farina
3201 4981 3393 5048 queat,
3444 4975 3777 5047 dignusque

2119 5071 2216 5142 qui
2247 5069 2307 5125 in
2339 5069 2613 5124 horreum
2664 5067 2967 5135 inferatur,
3002 5083 3118 5137 quo
3151 5065 3532 5122 alacrioribus
3562 5063 3776 5120 animis

2120 5177 2219 5214 vos
2250 5158 2310 5214 in
2343 5163 2637 5230 posterum
2669 5155 3025 5212 excolamus.
3056 5157 3198 5221 Quis
3229 5155 3614 5212 centesimum
3646 5154 3774 5210 fru-

2120 5253 2280 5304 ctum
2312 5247 2473 5303 edit?
2501 5246 2643 5310 Quis
2675 5245 3107 5318 sexagesimum
3127 5245 3155 5300 ?
3176 5247 3316 5311 Quis
3347 5249 3643 5317 postremo
3675 5246 3773 5301 tri-

2289 5366 2333 5399 ⁷⁵
2363 5364 2504 5420 Gen.
2555 5379 2685 5431 xxx,
2731 5363 2820 5426 32,
2871 5365 2929 5417 et
2980 5378 3102 5433 seq.
3183 5363 3226 5397 ⁷⁸
3258 5362 3464 5420 Matth.
3515 5379 3644 5433 xxv,
3679 5362 3770 5432 48,

2368 5438 2412 5471 ⁸ο
2442 5435 2464 5491 Ι
2493 5435 2622 5490 Cor.
2655 5451 2768 5502 xxv,
2799 5435 2888 5490 25.
2964 5435 3007 5469 ⁸¹
3037 5435 3162 5491 Jac.
3193 5451 3255 5500 ιι,
3287 5435 3374 5490 20.

2119 5563 2433 5634 proferam_.
2449 5630 2457 5634 _
2471 5582 2498 5609 ››

2190 5634 2301 5704 (42)
2335 5627 2688 5692 Διδάσκαλος.
2723 5631 2820 5687 Or.
2854 5633 2879 5686 1
2915 5630 3095 5700 addit,
3129 5629 3304 5702 ὑμῶν.

2215 5705 2302 5776 43)
2330 5704 2678 5776 Ὑμῖνρᾳῆθε.
2713 5721 2766 5775 8,
2796 5704 2956 5776 ἡμῖνἶ

2215 5723 2281 5761 4ο
2333 5723 2503 5775 “ιμιν.
2538 5723 2678 5776 neg.
2713 5723 2766 5775 8,
2796 5723 2832 5770 η
2892 5723 2956 5757 ιν.

2214 5723 2302 5846 44)
2329 5776 2430 5837 Τὰς
2463 5771 2606 5846 ᾠδὰς
2651 5777 2758 5828 τῶν
2808 5723 3188 5844 ’Χιαὸαθμῶψ
3223 5797 3254 5825 ‹‹
3281 5773 3580 5829 Graduum
3629 5789 3772 5829 can-

2116 5846 2252 5904 tica.
2283 5846 2392 5916 QSic
2442 5849 2739 5918 dicuntur,
2792 5847 2986 5919 inquit
3033 5847 3224 5919 Elius,
3258 5846 3474 5902 Psalmi
3523 5862 3768 5919 numero

2118 5921 2659 5995 quindecim,pares
2679 5918 2963 5994 gradibus
2995 5920 3112 5978 illis
3133 5918 3233 5993 qui
3259 5923 3424 5978 erant
3454 5919 3512 5976 in
3544 5918 3765 5992 templo
