4110 6468
346 573 498 633 123Ἷ

1447 572 1742 632 ORATIO
1786 572 2000 632 XXVI.
2052 603 2128 616 —
2159 571 2234 630 IN
2285 572 2652 634 SEIPSUM.

3607 573 3765 635 1238

337 703 401 758 τὸ
455 702 787 780 εἰρημένονο
847 704 1006 780 Κάγὼ
1060 698 1298 779 ἔρχομαι
1365 701 1431 757 τά
1500 700 1846 778 βουλεύματα
1897 724 1950 758 κε

2067 764 2073 771 _
2106 721 2277 776 quem
2312 704 2510 760 omnia
2526 709 2727 759 nostra
2749 705 3129 776 colliguntur,
3147 705 3641 778 quemadmodum
3664 706 3760 764 his

335 792 429 855 τάς
515 793 732 869 πράξεις
821 794 970 866 ὑμῶν
1060 797 1406 870 συναγαγεῖν
1495 793 1605 865 καὶ,
1688 790 1828 850 Ἰδοὺ
1894 789 1984 846 ἄν-

337 885 557 958 θρωπος
615 885 746 955 (26),
823 883 911 936 καὶ
977 882 1039 936 τὸ
1108 881 1263 959 ἔργον
1326 881 1514 952 αὐτοῦ,
1569 883 1656 936 καὶ
1707 883 1736 936 ὁ
1795 883 1987 955 μισθὸς

336 970 499 1026 αὖτοῦ
561 973 676 1044 μετ’
729 971 916 1028 αὐτοῦ.
974 974 1048 1026 Τά
1083 969 1139 1026 δὲ
1193 970 1457 1047 ἡμέτερα,
1512 973 1601 1026 καὶ
1652 971 1681 1026 ἃ
1712 971 1855 1046 παρά
1885 975 1982 1040 τῆς

330 1059 561 1135 ἐρημίας
622 1062 747 1134 ὑμῖν
803 1061 1125 1134 κομίζομεν.
1185 1059 1407 1129 Ἐπειδή
1438 1060 1525 1115 καὶ
1557 1059 1746 1123 Ἠλίας
1804 1059 1980 1130 ἡδέως

329 1149 699 1229 ἑνεφιλοσόφει
747 1155 824 1222 τῷ
873 1150 1178 1226 Καρμήλῳ,
1237 1150 1327 1205 καὶ
1375 1150 1628 1220 Ἰωάννης
1668 1172 1733 1224 τῃ
1765 1149 1978 1226 ἐρήμῳ,

324 1239 414 1294 καὶ
475 1242 684 1310 Ἰησοῦς
750 1240 931 1310 αὐτὸς,
1001 1240 1096 1302 τάς
1158 1241 1252 1314 μὲν
1308 1240 1526 1316 πράξεις
1581 1246 1699 1302 τοῖς
1757 1236 1976 1315 ὄχλοις,

323 1331 418 1392 τάς
469 1330 634 1405 εὐχὰς
682 1326 740 1384 δὶ
793 1329 861 1403 τῇ
908 1327 1089 1404 σχολῇ
1146 1329 1236 1383 καὶ
1292 1335 1409 1390 ταῖς
1458 1329 1734 1405 ἐρημίαις,
1789 1329 1864 1390 ὡς
1912 1330 1978 1382 τὰ

321 1415 530 1487 πολλὰ,
610 1417 958 1494 προσένεμεν.
1025 1418 1084 1472 Τί
1140 1419 1486 1491 νομοθετῶν;
1545 1419 1631 1480 Ὡς
1679 1417 1856 1490 οἶμαι,
1913 1419 1975 1472 τὸ

320 1507 520 1584 χρῆναί
549 1529 602 1562 τι
649 1509 740 1563 καὶ
787 1508 1104 1583 ἡσυχάζειν,
1166 1507 1302 1562 ὥστε
1357 1505 1653 1571 ἀθολώτως
1701 1528 1971 1580 προσομι-

321 1596 434 1652 λεῖν
490 1602 566 1669 τῷ
617 1603 754 1669 Θεῷ,
816 1597 905 1653 καὶ
976 1599 1167 1672 μικρὸν
1220 1597 1500 1672 ἐπανάγειν
1555 1599 1646 1652 τὸν
1691 1602 1814 1650 νοῦν
1865 1597 1971 1651 ἀπὸ

315 1691 427 1742 τῶν
479 1687 876 1759 πλανωμένων.
924 1687 997 1740 Ού
1045 1687 1146 1762 γὰρ
1181 1686 1338 1748 αὐτὸς
1364 1685 1534 1741 έδεῖτο
1568 1686 1970 1762 ἀναχωρήσεως

316 1774 467 1849 (οὐδὲ
497 1779 599 1853 γάρ
628 1778 772 1852 εἶχεν
807 1777 883 1838 εἱς
927 1776 956 1831 ὅ
1009 1798 1063 1830 τι
1095 1774 1351 1850 συσταλῇ,
1387 1778 1515 1838 Θεὸς
1549 1775 1643 1848 ὥν,
1677 1777 1765 1830 καὶ
1797 1777 1969 1830 πάντα

314 1865 588 1944 πληρῶν),
649 1865 774 1920 ἀλλ’
825 1864 895 1919 ἵν’
944 1868 1109 1938 ἡμεῖς
1158 1866 1412 1938 μάθωμεν
1463 1864 1549 1920 καί
1580 1865 1823 1940 πράξεως
1855 1887 1970 1920 και-

310 1958 429 2030 ρὸν,
500 1955 590 2010 καὶ
667 1953 934 2030 ἀσχολίας
995 1953 1359 2030 ὑψηλοτέρας.
1418 1955 1546 2009 Τίνα
1602 1953 1692 2008 οὖν
1748 1957 1814 2009 τά
1868 1963 1966 2024 τῆς

308 2045 448 2118 ἐμῆς
483 2047 594 2118 (57)
644 2045 914 2119 ἐρημίας
966 2044 1251 2118 Βούλομαι
1299 2046 1425 2120 γάρ,
1459 2045 1533 2106 ὡς
1568 2046 1761 2121 ἀγαθὸς
1794 2043 1964 2116 ἔμπο-

306 2156 402 2211 ρος
430 2136 518 2189 καὶ
549 2134 884 2210 πανταχόθεν
917 2133 1236 2210 κερδαίνων,
1263 2134 1544 2189 κάντεῦθέν
1575 2156 1628 2188 τι
1672 2155 1961 2210 προσενεγ-

301 2230 416 2280 κεῖν
451 2225 577 2297 ὑμῖν
613 2226 918 2300 ἀγώγιμον.

2095 794 2287 850 verbis
2318 795 2616 867 Scriptura
2667 798 2920 850 testatur
2952 812 2964 849 :
3001 797 3065 851 Et
3094 811 3197 868 ego
3225 797 3402 867 venio,
3435 800 3495 851 ut
3520 799 3757 854 consilia

2093 888 2271 939 vestra
2321 887 2373 938 et
2419 886 2657 939 actiones
2703 899 3022 955 congregem
3075 885 3139 937 92.
3193 888 3280 955 Et,
3332 887 3460 940 Ecce
3497 887 3676 954 homo,
3703 895 3754 942 et

2093 991 2227 1045 Opus
2254 975 2389 1045 ejus,
2439 982 2490 1028 et
2517 989 2723 1029 merces
2765 973 2883 1044 ejus
2909 991 3032 1028 cum
3077 990 3138 1029 eo
3168 975 3230 1029 93.
3263 975 3398 1030 Jam
3429 979 3628 1031 nostra
3657 993 3751 1032 ex-

2095 1080 2404 1135 ponamus,
2439 1067 2614 1136 atque
2643 1079 2730 1129 ea,
2765 1079 2896 1134 quae
2926 1081 2958 1118 a
2988 1063 3308 1119 solitudine
3360 1065 3530 1120 vobis
3561 1065 3750 1120 aﬂ'eri-

2091 1170 2245 1208 mus.
2270 1153 2416 1208 Nam
2449 1156 2504 1207 et
2534 1152 2686 1208 Elias
2720 1152 2968 1208 libenter
2996 1153 3056 1208 in
3088 1152 3350 1209 Carmelo
3381 1153 3754 1226 philosopha-

2090 1246 2186 1297 tur
2215 1244 2259 1277 “
2289 1247 2346 1297 et
2377 1243 2632 1298 Joannes
2665 1242 2724 1296 in
2777 1243 3000 1297 deserto
3032 1243 3096 1313 9‘,
3129 1245 3186 1297 et
3215 1243 3388 1298 Jesus
3431 1241 3557 1315 ipse
3586 1245 3652 1310 96,
3685 1249 3751 1301 ut

2089 1333 2342 1388 actiones
2396 1331 2762 1386 multitudini
2794 1331 3221 1404 hominumque
3270 1332 3632 1404 frequentia),
3664 1334 3748 1390 ita

2086 1438 2284 1494 preces
2316 1420 2495 1493 quieti
2527 1421 2787 1492 locisque
2815 1422 2884 1476 ab
2917 1421 3226 1476 hominum
3264 1422 3615 1477 commercio
3647 1440 3744 1479 se-

2084 1512 2261 1567 motis
2311 1511 2426 1566 i‘ere
2473 1510 2787 1565 tribuebat.
2837 1511 2984 1574 Quid
3036 1510 3192 1578 hinc,
3223 1510 3382 1566 velut
3425 1511 3545 1566 lata
3592 1511 3740 1584 lege,

2081 1600 2327 1657 statuit?
2357 1600 2576 1672 Nempe
2606 1599 2775 1655 nobis
2807 1617 3060 1672 quoque,
3096 1604 3160 1655 ut
3218 1600 3448 1672 opinor,
3471 1601 3737 1658 nonnihil

2077 1690 2500 1762 quiescendum
2533 1705 2681 1756 esse,
2718 1693 2782 1743 ut
2811 1688 3006 1745 animo
3059 1689 3302 1744 minime
3331 1688 3567 1745 turbido
3597 1706 3734 1747 cum

2078 1779 2193 1834 Deo
2223 1795 2545 1845 versemur,
2570 1782 2948 1848 mentemque
2978 1779 3049 1833 ab
3079 1778 3339 1834 erroneis
3369 1778 3528 1834 hisce
3559 1781 3734 1836 rebus

2079 1866 2388 1939 paululum
2417 1867 2792 1921 reducamus.
2825 1866 3024 1938 Neque
3057 1867 3213 1922 enim
3245 1866 3358 1938 ipsi
3410 1867 3734 1926 secessione

2077 1973 2228 2027 opus
2258 1959 2382 2011 erat
2430 1957 2572 2028 (non
2604 1955 2760 2011 enim
2791 1955 3048 2012 habebat
3102 1972 3216 2028 quo
3249 1972 3311 2011 se
3340 1956 3731 2030 contraheret,

2077 2061 2212 2100 cum
2245 2045 2398 2100 Deus
2451 2048 2624 2111 esset,
2659 2049 2715 2100 et
2745 2044 2944 2100 omnia
2987 2044 3316 2116 impleret);
3349 2061 3550 2100 verum
3583 2050 3647 2102 ut
3677 2051 3733 2102 et

2074 2134 2339 2199 actionis,
2372 2137 2429 2188 et
2477 2132 2836 2188 sublimioris
2889 2132 3288 2204 occupationis
3335 2136 3570 2204 tempus
3600 2150 3728 2191 esse

2072 2224 2454 2279 disceremus.
2517 2222 2654 2286 Quis
2712 2239 2848 2293 ergo
2905 2221 3240 2277 solitudinis
3309 2225 3514 2278 nostra
3571 2226 3720 2279 477

301 2317 531 2371 fructus
561 2316 829 2370 exstitit?
860 2315 1022 2371 Libet
1053 2315 1232 2383 enim,
1267 2315 1453 2370 instar
1483 2315 1617 2370 boni
1653 2314 2030 2388 negotiatoris
2060 2317 2117 2368 et
2149 2317 2440 2384 quastum
2475 2313 2885 2383 undecumque
2935 2312 3277 2382 factitantis,
3311 2316 3377 2366 ut
3407 2310 3544 2368 hinc
3574 2329 3724 2384 quo-

299 2422 418 2478 que
447 2405 610 2461 vobis
639 2403 906 2460 nonnihil
940 2405 1224 2459 mercium
1258 2405 1518 2460 offeram.

372 2495 436 2548 H'
481 2487 765 2561 Ἐϐάϐιζον
817 2491 959 2545 οὕτω
1017 2498 1129 2546 κατ’
1167 2491 1421 2564 ἐμαυτὸν,
1487 2489 1596 2561 ἤδη
1655 2489 1950 2562 κλινούσης

292 2583 531 2658 ἡμέρας.
567 2583 730 2650 Ἀκτή
755 2579 812 2636 δὲ
839 2584 904 2649 ἦν
955 2583 982 2635 ὁ
1015 2580 1310 2656 περίπατος
1342 2603 1354 2615 ο
1387 2581 1475 2635 καὶ
1509 2583 1610 2657 γάρ
1639 2603 1756 2643 πως
1790 2579 1952 2636 εἷ’ωθα

285 2671 423 2734 τοὺς
477 2671 679 2732 πόνους
741 2669 819 2725 ἀεὶ
870 2675 988 2732 ταῖς
1044 2671 1320 2732 τοιαύταις
1375 2668 1612 2725 διαλύειν
1666 2672 1944 2724 ἀνέσεσιν·

286 2760 410 2816 ἐπεὶ
464 2758 604 2833 μηδὲ
667 2761 829 2836 νευρά
889 2761 1036 2837 φέρει
1089 2759 1150 2814 τὸ
1196 2759 1446 2814 σύντονον
1508 2759 1589 2814 ἀεὶ
1634 2761 1946 2832 τεινομένη,

281 2851 379 2906 καὶ
434 2848 604 2906 δεῖταί
641 2871 693 2904 τι
747 2850 938 2926 μικρὸν
979 2853 1086 2904 τῶν
1117 2847 1392 2927 γλυφίδων
1562 2847 1866 2915 ἐκλύεσθαι,
1901 2848 1946 2904 εἷ

287 2937 495 3013 μέλλοι
542 2941 865 3010 ταθήσεσθαι
913 2939 1096 3006 πάλιν,
1139 2939 1228 2993 καὶ
1283 2941 1356 3012 μὴ
1407 2940 1684 3014 ἄχρηστος
1736 2936 1943 2994 ἔσεσθαι

280 3034 369 3101 τῷ
413 3029 624 3103 τοξότῃ,
681 3027 820 3101 μηδὲ
870 3029 1131 3098 ἀνόνητος
1175 3028 1227 3082 ἐν
1259 3034 1431 3102 καιρῷ
1461 3030 1735 3104 χρήσεως.
1785 3023 1943 3084 Ἐϐά-

283 3117 443 3189 διζον
479 3116 593 3188 οὖν,
647 3119 736 3172 καὶ
795 3119 847 3174 οἱ
881 3120 973 3190 μὲν
1001 3117 1162 3179 πόδες
1194 3117 1468 3195 ἐφέροντο,
1502 3121 1536 3187 ἡ
1587 3115 1645 3172 δὲ
1675 3114 1797 3191 ὄψις
1830 3119 1945 3194 εἶχε

278 3212 388 3279 τήν
451 3207 741 3271 θάλασσαν.
800 3209 864 3263 Ἠ
913 3207 970 3262 δὲ
1025 3208 1091 3276 ἦν
1139 3209 1312 3281 θέαμα
1369 3206 1477 3282 οὐχ
1532 3205 1660 3277 ἡδὺ,
1707 3206 2018 3312 καίτοιγεο

285 3296 340 3312 ..ς
365 3296 384 3312 κ
530 3295 589 3312 ..κ
813 3295 838 3312 τ
996 3296 1021 3312 ..
1242 3295 1260 3312 ς
1299 3299 1310 3312 ,
1604 3296 1615 3312 μ
1928 3296 1941 3312 κ

280 3296 477 3358 ἄλλως
525 3295 738 3365 ἣδιστον
781 3295 932 3365 οὖσα,
992 3296 1116 3350 ὅταν
1167 3295 1382 3372 γαλήνῃ
1438 3296 1806 3374 πορφύρηται,
1856 3296 1944 3350 καὶ

277 3385 597 3464 προσπαίζη
644 3392 763 3448 ταῖς
811 3388 997 3448 ἀκταῖς
1039 3384 1146 3456 ἡδύ
1175 3408 1229 3442 τι
1286 3387 1375 3440 καὶ
1434 3387 1660 3460 ἥμερον.
1693 3384 1868 3441 Ἀλλά
1896 3385 1948 3439 τί

275 3477 409 3532 τότε
464 3476 788 3554 (φθέγγομαι
825 3479 938 3547 (59)
969 3497 1072 3551 γάρ
1105 3475 1282 3545 ἡδέως
1314 3477 1402 3529 καὶ
1613 3477 1676 3528 τά
1728 3476 1947 3550 ῥήματα

272 3573 382 3635 τῆς
417 3566 691 3642 I‘pxeﬁq);
735 3561 967 3634 Ἀνέμου
1019 3563 1267 3638 μεγάλου
1315 3565 1594 3634 πνέοντος,
1638 3562 1941 3638 διηγείρετὸ

268 3677 334 3710 τε
387 3654 475 3708 καὶ
527 3652 819 3728 ἐπωρύετο·
878 3656 986 3706 τῶν
1036 3649 1093 3706 δὲ
1135 3653 1414 3724 κυμάτων,
1467 3649 1495 3704 ὅ
1528 3651 1678 3728 φιλεῖ
1708 3646 1938 3718 συμϐαί-

267 3764 384 3800 νειν
443 3741 494 3797 ἐν
548 3748 666 3803 τοῖς
723 3739 992 3802 τοιούτοις
1032 3743 1292 3813 κινήμασι
1327 3742 1462 3812 (61),
1492 3739 1558 3793 τά
1593 3741 1685 3812 μὲν
1717 3739 1935 3815 πόῤῥω-

270 3835 363 3887 θεν
423 3831 768 3904 ἀνιστάμενα,
817 3831 908 3885 καὶ
960 3831 1095 3884 κατά
1153 3829 1345 3902 μικρὸν
1399 3829 1779 3907 κορυφούμενα
1841 3830 1937 3884 εἴτ’

272 3920 671 3992 έλαττούμενα,
729 3920 862 3994 πρὸς
921 3925 1039 3981 ταῖς
1099 3919 1282 3980 ἀκταῖς
1340 3917 1698 3991 ἐλύετο
1758 3919 1826 3972 τὰ
1882 3916 1938 3973 δὲ

270 4016 394 4070 ταῖς
448 4009 652 4084 γείτοσι
733 4009 952 4082 πέτραις
1028 4008 1438 4081 προσπίπτοντα
1495 4007 1582 4061 καὶ
1640 4007 1936 4082 ἀποκρουὸ-

277 4119 436 4170 μενα,
471 4098 545 4159 εἰς
603 4095 778 4172 ἄχνην
809 4094 1032 4174 ἀφρώδη
1082 4097 1171 4151 καὶ
1220 4097 1389 4170 ψιλὴν
1423 4100 1534 4170 (63)
1567 4095 1933 4171 έσκορπίζετο.

271 4189 443 4244 ’Ένθα
481 4185 762 4262 κάχληκες
820 4188 938 4260 μὲν,
995 4185 1082 4240 καί
1141 4187 1324 4264 φυκία,
1387 4186 1474 4240 καὶ
1531 4188 1790 4261 κήρυκες,
1845 4185 1934 4238 καὶ

269 4281 383 4331 τῶν
419 4275 653 4352 ὀστρέων
695 4279 763 4330 τὰ
815 4276 1154 4354 ἐλαφρότατα
1185 4275 1431 4346 ἐξωθεῖτο
1462 4275 1552 4329 καὶ
1586 4274 1885 4329 ἀπεπτύετο
1919 4293 1930 4306 ·

271 4362 389 4420 ἔστι
432 4363 490 4419 δὲ
548 4364 578 4419 ἃ
633 4366 723 4420 καὶ
772 4366 1047 4440 ἡρπάζετο
1105 4364 1292 4434 πάλιν,
1370 4363 1784 4441 ἀ-ναχωροῦντος
1840 4369 1937 4418 τοῦ

271 4453 540 4526 κύματος.
602 4454 669 4508 Αἱ
724 4451 781 4508 δὲ
835 4455 967 4523 ἦσαν
1016 4453 1251 4508 ἅσειστοι
1295 4454 1384 4508 καὶ
1443 4454 1738 4524 ἀτίνακτοι,
1783 4453 1933 4508 οὐδέν

270 4563 338 4615 γε
386 4542 548 4610 ἧττον
595 4542 629 4612 ἢ
683 4540 1041 4620 διοχλοῦντος
1085 4541 1326 4612 οὐδενὸς,
1359 4542 1505 4612 πλὴν
1535 4544 1658 4598 ’ὀσον
1689 4549 1806 4606 τοῖς
1839 4543 1932 4598 κύ-

277 4652 411 4703 μασι
439 4631 756 4706 βάλλεσθαι.

347 4901 511 4956 θ”Ε
602 4901 664 4953 *θ
816 4899 898 4953 ι“’
1133 4901 1145 4916 ‘
1299 4900 1330 4956 λ
1483 4899 1494 4922 '
1616 4901 1658 4940 ὀ
1715 4900 1746 4956 λ
1855 4903 1870 4922 ‘

408 4943 420 4955 .
512 4919 632 4955 ντιυ
670 4919 721 4954 εν
783 4921 810 4954 ο
839 4919 904 4954 οα
951 4922 1000 4955 τι
1051 4921 1184 4976 προς
1234 4923 1290 4978 φι
1338 4922 1560 4979 οσοφιαν
1598 4923 1710 4980 ωρε
1754 4913 1924 4974 ηθεις,

273 4990 366 5043 καὶ
411 4988 547 5063 (οἶος
605 4988 710 5065 ἐγὼ
767 4988 939 5044 πάντα
987 4989 1270 5045 συντείνων
1325 4993 1438 5066 (6-4)
1489 4991 1624 5066 πρὸς
1671 4991 1924 5064 ἐμαυτὸν,

273 5077 365 5132 καὶ
413 5077 650 5152 μάλιστα
698 5078 743 5133 el
790 5078 1021 5156 τύχοιμι
1071 5080 1206 5156 πρός
1245 5102 1298 5135 τι
1354 5085 1460 5136 τῶν
1521 5076 1928 5154 συμϐαινόντων

346 5240 392 5277 ⁸³
425 5239 535 5297 Isa.
569 5256 718 5308 vai,
745 5242 831 5298 18.
910 5242 954 5278 ⁹³
984 5246 1094 5298 In.
1128 5259 1219 5312 xc,
1254 5244 1342 5300 10.

489 5417 844 5500 fAvawrroq.
894 5421 1068 5478 Sacer
1122 5425 1334 5494 textus,
1387 5420 1601 5496 Κύριος.
1656 5422 1926 5496 Vulgata,

274 5513 301 5538 ‹‹
336 5507 642 5546 uominus.
679 5513 707 5541 ››

316 5638 322 5640 _
348 5563 458 5640 (§7)
492 5562 684 5640 Epic.
722 5563 891 5620 Deest
916 5564 977 5621 in
1009 5565 1240 5622 duobus
1271 5565 1742 5640 Regg.,quatuor
1770 5567 1928 5624 Colb.

276 5634 472 5788 et
496 5637 840 5788 rimam...
869 5709 1053 5788 Arcus
1086 5726 1360 5776 cornua,»
1394 5711 1448 5765 id
1483 5713 1928 5788 est,«__crenas,»

280 5789 381 5831 seu
413 5782 748 5906 uinciaturas
770 5800 798 5829 ››
820 5782 879 5836 in
902 5787 1160 5838 extrema
1189 5798 1356 5838 arcus
1373 5782 1778 5856 parte,quibus
1801 5801 1932 5841 ner-

280 5860 385 5904 vus
415 5867 592 5906 inseri
625 5867 711 5908 ur.

353 5919 466 5996 (59)
496 5921 837 6000 Φθὲγγομαι.
871 5924 1012 5998 Reg.
1044 5925 1166 5994 bm,
1197 5924 1514 6004 φθέγξομαι.

1417 5243 1463 5278 ⁹⁴
1495 5243 1567 5299 IlI
1598 5246 1737 5316 Reg.
1772 5260 1931 5313 xvm,
1965 5245 2052 5302 19.

2136 2493 2284 2547 VIII.
2319 2491 2767 2547 Inambulabam
2819 2506 2926 2562 ego
2955 2491 3138 2560 solus,
3188 2493 3459 2563 vergente
3503 2492 3630 2562 jam
3662 2492 3723 2549 in

2060 2599 2335 2638 occasum
2355 2581 2689 2636 sole.Locus
2719 2597 2889 2652 porro
2910 2581 2968 2635 in
3001 2598 3116 2652 quo
3135 2581 3527 2652 spatiabatur,
3544 2581 3722 2637 maris

2059 2672 2189 2743 ripa
2220 2675 2361 2726 erat.
2395 2675 2635 2741 Semper
2681 2671 2837 2725 enim
2871 2669 3029 2726 soleo
3077 2669 3418 2741 hujusmodi
3468 2670 3719 2727 oblecta-

2060 2759 2273 2815 mentis
2304 2759 2531 2815 labores
2564 2758 2878 2814 dissolvere
2919 2763 2977 2814 et
3007 2758 3264 2813 relaxare
3298 2777 3310 2826 ;
3345 2759 3717 2832 quandoqui-

2057 2851 2190 2906 dem
2219 2867 2323 2904 nec
2356 2853 2693 2922 perpetuam
2727 2848 3158 2905 contentionem
3191 2865 3404 2904 nervus
3435 2848 3584 2904 ferre
3613 2866 3716 2922 po-

2057 2943 2190 3007 test,
2207 2940 2307 2994 sed
2341 2938 2520 2994 laxari
2553 2954 2979 3009 nonnunquam
3012 2954 3183 2994 arcus
3213 2954 3433 2993 cornua
3463 2943 3712 3010 oportet,

2056 3031 2106 3087 si
2137 3033 2374 3103 quidem
2410 3049 2614 3086 rursus
2638 3030 3030 3086 intendendus
3053 3029 3232 3097 sit,ac
3263 3046 3377 3086 non
3410 3029 3713 3103 sagittario

2056 3121 2279 3176 inutilis
2309 3126 2434 3176 tum
2461 3121 2861 3187 futurus,cum
2892 3136 2957 3176 eo
2981 3119 3264 3175 utendum
3289 3119 3416 3175 erit.
3434 3119 3713 3176 Inambu-

2057 3210 2253 3267 labam
2303 3211 2502 3283 igitur,
2535 3214 2710 3282 atque
2742 3211 2823 3265 ita
2871 3209 3121 3283 pedibus
3149 3208 3390 3275 ferebar,
3423 3213 3489 3265 ut
3531 3210 3717 3267 oculi-

2059 3301 2240 3357 maris
2291 3306 2532 3373 aspectu
2584 3301 2934 3356 fruerentur.
2972 3301 3088 3355 Nec
3134 3316 3268 3355 vero
3317 3301 3717 3371 spectaculum

2055 3389 2202 3444 illud
2235 3390 2433 3445 laetum
2465 3407 2530 3444 ac
2556 3391 2890 3460 jucundum
2938 3393 3083 3456 erat,
3120 3405 3464 3461 quanquam
3495 3391 3718 3463 alioqui

2045 3481 2552 3548 jucundissimum
2585 3497 2714 3535 esse
2745 3480 2944 3544 soleat,
2969 3496 3102 3534 cum
3135 3480 3563 3550 tranquillitate
3584 3497 3720 3552 pur-

2051 3567 2334 3638 purascit,
2370 3585 2434 3622 ac
2477 3567 2775 3623 littoribus
2807 3567 3090 3623 blandum
3139 3568 3420 3638 quiddam
3452 3572 3508 3624 et
3540 3585 3719 3625 suave

2054 3656 2281 3711 alludit.
2313 3657 2421 3710 Sed
2477 3656 2617 3725 quid
2653 3661 2777 3710 tum
2804 3657 2832 3711 ?
2861 3657 3018 3711 Mare
3064 3656 3337 3728 (libenter
3382 3657 3538 3712 enim
3583 3665 3719 3714 utor

2053 3745 2367 3816 Scriptura:
2399 3745 2636 3816 verbis),
2671 3749 2842 3801 vento
2874 3762 3086 3818 magno
3118 3746 3317 3812 flante,
3351 3747 3717 3803 excitabatur

2051 3839 2107 3890 et
2140 3835 2488 3889 inl'remebat
2516 3836 2558 3869 9⁷
2584 3852 2596 3902 ;
2628 3835 2840 3890 ﬂuctus
2871 3839 3170 3904 autem,ut
3198 3836 3258 3891 in
3288 3837 3506 3892 talibus
3537 3839 3712 3894 rebus

2052 3925 2171 3979 ﬁeri
2209 3923 2524 3991 consuevit,
2559 3925 2734 3979 modo
2780 3925 2980 3996 procul
3031 3931 3429 3998 exsurgentes,
3465 3942 3712 3997 seseque

2046 4013 2331 4084 paulatim
2351 4013 2410 4067 in
2432 4030 2731 4068 summam
2749 4013 3121 4069 altitudinem
3143 4015 3467 4081 efferentes,
3492 4033 3557 4071 ac
3581 4033 3711 4088 pos-

2046 4107 2139 4158 tea
2169 4104 2572 4158 decrescentes
2623 4103 2695 4157 ad
2741 4103 2929 4173 ripam
2980 4102 3393 4166 solvebantur;
3428 4106 3598 4161 modo
3645 4105 3704 4160 in

2048 4192 2407 4263 pr0pinquas
2432 4196 2624 4262 petras
2652 4191 3192 4264 incidentes,atque
3221 4193 3356 4248 inde
3388 4193 3705 4265 repulsi,in

2046 4297 2388 4352 spumosam
2413 4297 2478 4335 ac
2513 4285 2742 4335 tenuem
2769 4281 3140 4352 asperginem
3161 4281 3706 4339 dilabebantur.Hio

2047 4373 2104 4424 et
2133 4370 2339 4442 lapilli,
2372 4375 2426 4426 et
2475 4369 2638 4441 algae,
2672 4374 2728 4424 et
2757 4369 3032 4436 murices,
3066 4375 3122 4425 et
3167 4371 3466 4428 levissima
3513 4377 3707 4430 ostrea

2047 4460 2508 4515 extrudebantur
2560 4463 2616 4515 et
2673 4460 2840 4531 quasi
2892 4461 3369 4532 exspuebantur;
3422 4462 3707 4520 nonnulla

2044 4549 2218 4605 etiam
2251 4551 2409 4605 unda
2441 4551 2744 4606 recedente
2778 4568 2983 4607 rursus
3018 4552 3477 4624 abripiebantur.
3525 4553 3705 4610 Petra:

1965 4626 2011 4690 D
2043 4643 2238 4693 autem
2271 4639 2502 4695 interim
2554 4657 2668 4694 non
2703 4640 2900 4694 minus
2951 4641 3206 4697 immota:
3237 4647 3296 4697 et
3340 4643 3702 4698 inconcussas

2039 4728 2438 4798 remanebant,
2473 4746 2644 4798 quam
2677 4729 2724 4784 si
2756 4728 2918 4784 nulla
2943 4729 3184 4786 omnino
3214 4730 3301 4786 vis
3332 4730 3479 4802 ipsis
3505 4732 3704 4788 admo-

2036 4821 2286 4888 veretur,
2320 4817 2433 4873 nisi
2467 4819 2620 4890 quod
2652 4820 2936 4875 ﬂuctuum
2972 4820 3187 4877 ictibus
3219 4820 3698 4877 verberabantur.

2115 4907 2202 4961 IX.
2237 4907 2317 4961 Ex
2348 4907 2458 4962 hoc
2491 4907 2822 4980 spectaculo
2854 4909 3122 4965 nonnihil
3159 4909 3430 4966 utilitatis
3461 4911 3531 4966 ad
3567 4910 3702 4982 phi-

2041 4995 2368 5068 losophiam
2390 4997 2718 5069 percepisse
2749 5014 2842 5053 me
2863 4998 3214 5071 sensi,et(ut
3247 4999 3446 5055 omnia
3473 4999 3542 5054 ad
3576 5015 3698 5056 me-

2040 5086 2236 5158 ipsum
2269 5086 2482 5143 referre
2511 5091 2686 5159 atque
2716 5087 2967 5161 dirigere
3015 5089 3192 5160 soleo,
3225 5106 3292 5146 ac
3322 5088 3696 5160 potissimum

2128 5245 2172 5281 π
2203 5247 2342 5302 Luc.
2377 5264 2416 5317 ι,
2448 5248 2538 5303 80.
2615 5248 2658 5283 ⁹⁶
2689 5249 2827 5304 Luc.
2860 5265 2916 5317 ν,
2949 5249 3035 5304 16.
3111 5249 3156 5283 ⁹⁷
3184 5249 3355 5306 Joan.
3386 5261 3464 5318 vx,
3498 5249 3585 5306 18.

2253 5424 2388 5512 51L,
2405 5427 2577 5484 Deest
2584 5429 2665 5512 “in
2700 5427 2837 5512 Reg.
2870 5445 2928 5486 a.

2112 5499 2526 5572 (61)]ἱινήμασι
2583 5501 2752 5557 Deest
2780 5499 2840 5556 in
2896 5499 3164 5572 pluribus
3196 5502 3370 5572 Regg.
3423 5503 3482 5555 et
3511 5499 3606 5556 0r.
3641 5499 3694 5557 4.

2042 5569 2158 5644 Nec
2191 5569 2705 5644 Billius'agnoscit.

2113 5643 2227 5713 (62)
2257 5639 2497 5716 Ἐλύετιῖ.
2535 5645 2595 5698 In
2629 5643 3005 5716 quibusdam,
3036 5639 3301 5698 διελύετο.

2112 5716 2225 5784 (63)
2257 5713 2464 5770 Ψιλτίν.
2518 5716 2610 5771 Sic
2644 5713 2908 5788 plerique
2957 5713 3126 5771 cedd.
3160 5719 3218 5771 ct
3259 5717 3386 5771 Bas.
3422 5714 3700 5772 Mendose

2045 5784 2101 5838 in
2133 5788 2225 5842 ed.
2261 5761 2525 5842 ,ὑψηλήν.

2041 5801 2101 5838 1n
2133 5801 2225 5842 ea.
2261 5801 2500 5842 ,υψηλήν
2513 5831 2525 5842 .

2133 5789 2525 5860 θά.,ὑψηλήν.

2266 5857 2584 5916 Συντείνων.
2640 5860 2734 5916 Or.
2794 5862 2818 5916 1
2871 5877 3006 5917 cum
3055 5859 3187 5918 aliis
3235 5858 3521 5933 pluribus,
3571 5878 3700 5913 συν-

2039 5946 2224 6004 τεινω⁸
