4110 6416
365 496 513 556 1241

1469 496 1765 560 ORATIO
1808 494 2020 558 XXVI.
2055 523 2131 537 —
2168 492 2246 554 ΙΝ
2292 482 2663 550 SEIPSUM.

3619 467 3776 530 1242

367 648 544 702 μενον.
592 631 766 681 Ταῦτα
820 629 912 702 μὲν
963 627 1053 682 οὖν
1102 630 1215 701 (75)
1245 629 1273 681 6
1307 633 1496 702 μῦθος,
1527 631 1614 684 καὶ
1646 631 1682 700 ἡ
1715 627 2008 702 αὖτονομία

2143 625 2288 693 ulat,
2320 627 2517 696 atque,
2549 637 2684 678 cum
2710 615 3056 686 assumitur,
3088 610 3312 670 crescit.
3336 605 3575 665 Habetis
3609 603 3776 702 faba:

359 723 457 772 τοῦ
503 715 825 790 πλάσματος
876 720 1006 791 (76)·
1058 716 1182 791 ἐμοὶ
1213 715 1270 772 δὲ
1301 715 1450 774 δοκεῖ
1479 724 1660 797 σαφῶς
1827 721 2011 774 τοιοῦ-

359 829 452 862 τον
486 807 618 862 εἷναί
647 828 699 861 τι
731 808 758 860 ὁ
791 805 1112 886 φιλόσοφος.
1145 805 1441 881 Εύδοκιμεῖ
1481 812 1593 882 (78)
1648 814 1766 872 τοῖς
1822 807 2010 863 πάθεσι

362 897 450 952 καὶ
483 896 618 968 ὕλην
684 897 877 972 ἀρετῆς
929 902 1160 952 ποιεῖται
1218 898 1286 951 τὰ
1315 896 1556 974 λυπηρὰ,
1588 897 1822 959 καὶτοῖς
1863 897 2010 952 ἐναν-

362 985 504 1047 τίοις
537 983 1005 1061 ἒγκαλλωπίζεται
1042 1004 1054 1018 ”
1128 988 1267 1058 μήτε
1320 993 1436 1049 τοῖς
1464 985 1658 1060 δεξιοῖς
1687 988 1882 1049 ὅπλοις
1911 992 2013 1054 τῆς

365 1072 710 1143 δικαιοσύνης
751 1074 1058 1150 αἰρόμενος,
1094 1078 1234 1148 μήτε
1287 1081 1403 1138 τοῖς
1431 1076 1733 1152 ἀριστεροῖς
1764 1070 2014 1150 καμπτό-

369 1185 530 1237 μενος
567 1186 578 1198 ·
614 1163 740 1219 ἀλλ’
784 1166 811 1218 ὁ
850 1164 1009 1222 αὐτὸς
1041 1164 1139 1220 οὐκ
1167 1164 1218 1220 ἐν
1249 1171 1366 1228 τοῖς
1397 1165 1577 1229 αὐτοῖς
1607 1166 1687 1221 ἀεὶ
1722 1163 2016 1239 διαμένων,

364 1254 399 1323 ἢ
451 1255 538 1308 καὶ
589 1251 982 1330 δοκιμώτερος,
1034 1253 1215 1330 ὥσπερ
1267 1255 1318 1310 ἐν
1369 1256 1586 1330 καμίνῳ
1617 1255 1844 1332 χρυσὸς,
1881 1254 2020 1331 εύρι-

365 1343 648 1416 σκὸμενος.
712 1347 1011 1415 Σκοπῶμεν
1074 1341 1132 1397 δὲ
1189 1342 1362 1406 οὕτως
1395 1364 1408 1378 ·
1443 1342 1791 1420 Εὐπατρίδης
1841 1343 2016 1413 ἐστίνς

367 1429 781 1502 ἀντεπιδείξεται
832 1435 944 1506 (79)
999 1433 1099 1501 τήν
1159 1431 1443 1510 εὐτροπίαν
1501 1439 1581 1506 τῷ
1613 1432 1800 1507 α’ίματι
1836 1454 1847 1465 ·
1883 1431 2021 1488 ὥστε

368 1518 586 1598 διχόθεν
646 1519 976 1596 εὐδοκιμεῖν,
1033 1523 1122 1577 καὶ
1181 1522 1678 1599 γενεαλογούμενος
1737 1526 1872 1598 (80),
1931 1520 2022 1577 καὶ

371 1611 673 1688 ὁρώμενος.
736 1613 998 1686 Δυσγενὴς
1055 1613 1146 1667 τὸν
1205 1611 1489 1688 ἀνδριάντα
1538 1613 1628 1668 καὶ
1691 1614 1781 1669 τὸν
1839 1611 2019 1682 πηλὸν

368 1698 540 1776 (εἷ’περ
596 1721 647 1754 τι
711 1703 846 1778 μέγα
901 1701 1084 1770 πηλὸς
1131 1701 1317 1772 πηλοῦ
1372 1701 1671 1782 διαφέρει);
1705 1702 2022 1758 ἀντεισοίσει

367 1791 465 1858 τήν
495 1791 793 1864 νοουμένην
857 1791 1143 1866 εύγένειαν,
1193 1791 1283 1846 καὶ
1329 1792 1392 1861 ἥν
1432 1791 1651 1855 ἕκαστος
1684 1792 1870 1847 ἑαυτὸν
1904 1789 2026 1846 δια-

368 1879 592 1935 πλάττει
639 1881 775 1955 πρὸς
815 1881 877 1936 τὸ
907 1887 1092 1957 χεῖρον
1126 1882 1160 1951 ἢ
1199 1882 1411 1956 βέλτιον
1442 1884 1554 1956 (81)
1588 1901 1600 1914 ·
1627 1884 1724 1951 τήν
1759 1880 1818 1937 δὲ
1847 1880 2024 1951 ἄλλην

368 1971 799 2074 παρα-γράψεται),
852 1971 949 2040 ’ὸσῃ
991 1971 1261 2046 σπείρεται
1306 1972 1341 2041 ἢ
1390 1971 1674 2050 γράφεται,
1705 1971 1780 2034 ὡς
1814 1969 2028 2032 οὐδενὸς
2058 2009 2105 2074 Β

635 2058 647 2074 ι
742 2059 752 2074 .
801 2057 823 2074 κ
871 2057 890 2074 κ
1038 2061 1103 2074 η,
1291 2059 1301 2074 .
1514 2062 1524 2074 ,
1823 2060 1834 2074 .
2004 2059 2018 2074 .

2004 2059 2018 2076 ἱ

369 2058 516 2132 ἀξίαν
561 2058 649 2113 καὶ
700 2054 987 2130 κίϐδηλον.
1038 2061 1190 2116 Ἐστι
1239 2059 1342 2136 γάρ
1385 2082 1436 2115 τι
1469 2062 1622 2135 γένος
1650 2060 1867 2136 τρισσόν
1897 2079 1910 2092 ·
1966 2059 2028 2114 τὸ

379 2148 472 2221 μὲν
533 2149 733 2212 ἄνωθεν
791 2147 1080 2226 ἠργμένον,
1133 2148 1163 2204 6'
1211 2152 1402 2212 πάντες
1451 2149 1607 2224 ἐσμὲν
1668 2150 1900 2227 εύγενεῖς
1948 2149 2030 2205 ἐπ’

377 2237 498 2306 ἴσης
555 2241 666 2312 (82)
722 2237 836 2294 ἐπεὶ
895 2240 1011 2293 κατ’
1070 2239 1250 2294 εἶ’κόνα
1301 2243 1436 2295 Θεοῦ
1493 2239 1819 2314 γεγόναμεν·
1878 2239 1939 2294 τὸ
1973 2236 2030 2292 δὲ

373 2326 480 2381 ἀπὸ
529 2328 725 2404 σαρκὸς
768 2327 1066 2403 ἐργόμενον
1119 2331 1255 2402 (83),
1301 2329 1400 2382 οὐκ
1447 2327 1549 2383 οἶδ’
1578 2326 1630 2384 εἷ’
1669 2350 1752 2390 τις
1787 2328 2028 2403 εὐγενὴς,

374 2421 534 2471 τοῦτο
583 2418 754 2495 φθορᾷ
801 2416 1180 2489 συνιστάμενον
1217 2437 1229 2449 ο
1280 2419 1342 2472 τὸ
1392 2415 1448 2472 δὶ
1487 2417 1592 2471 ἀπὸ
1623 2417 1812 2479 κακίας
1909 2417 2029 2491 ἀρε-

372 2513 473 2576 τῆς
505 2506 930 2581 γνωριζόμενον,
983 2505 1043 2560 οὗ
1088 2504 1300 2580 μᾶλλον
1349 2506 1437 2561 καὶ
1479 2508 1642 2576 ἧττον
1673 2501 2026 2580 μεταλαμϐά-

372 2617 532 2669 νομεν
588 2595 709 2650 ὅσον
773 2597 853 2664 ἂν,
906 2595 1082 2668 οἶμαι,
1234 2598 1564 2671 τηρήσωμεν
1621 2596 1720 2664 την
1756 2595 1958 2664 εἷ’κὸνα,
1990 2596 2024 2665 ἢ

374 2683 793 2763 διαφθείρωμεν.
845 2685 1053 2755 Ταύτην
1114 2685 1377 2762 ἀγαπήσει
1428 2689 1541 2758 (84)
1595 2686 1694 2753 τήν
1762 2684 2028 2760 εὐγένειαν

374 2771 465 2850 ὅγε
518 2773 740 2843 ἀληθῶς
789 2774 952 2852 σοφὸς
998 2775 1087 2828 καὶ
1139 2772 1456 2853 φιλόσοφος.
1502 2774 1571 2828 Τὸ
1629 2775 1732 2848 γὰρ
1772 2775 2024 2850 τέταρτον

373 2863 548 2938 γένος,
581 2859 704 2918 τότε
750 2862 963 2934 ἀξιώσω
995 2861 1188 2937 λόγου,
1216 2865 1307 2917 τὸν
1341 2862 1391 2918 ἐν
1423 2865 1705 2940 γράμμασι
1737 2862 1827 2917 καὶ
1859 2884 2027 2938 προσ-

371 2954 666 3027 τάγμασιν,
700 2953 825 3007 ’ὀταν
893 2952 980 3007 καὶ
1041 2951 1246 3015 κάλλος
1297 2957 1410 3026 (85)
1457 2950 1805 3026 ἀποδέξωμαι
1852 2952 1915 3007 τὸ
1974 2952 2024 3007 ἐν

373 3043 658 3118 χρώμασι,
707 3042 797 3096 καὶ
846 3042 1076 3111 πίθηκον
1124 3039 1352 3097 αἰδεσθῶ
1390 3041 1584 3097 λέοντα
1614 3041 1745 3096 εἶναι
1777 3039 2026 3097 κεκελευ-

373 3130 502 3204 σμέν
512 3151 568 3185 ον
577 3177 588 3188 .

2119 691 2427 786 Ιαωςέωιὲ
2476 728 2582 768 suo
2632 709 2865 782 quidvis
2918 705 3098 761 libere
3147 699 3596 786 contingentem.
3631 691 3777 786 Mihi

2119 783 2252 861 vero
2282 783 2624 875 hujusmodi
2652 798 2931 872 quiddam
2951 795 3122 867 plane
3139 808 3267 848 esse
3285 789 3371 844 vir
3392 783 3778 875 philosophus

2120 871 2379 952 videtur:
2403 893 2592 949 Floret
2620 871 2775 946 enim
2807 889 2960 942 inter
3010 882 3328 948 cruciatus,
3360 893 3427 934 ac
3457 875 3608 931 4'19
3648 871 3777 929 vita:

2124 982 2423 1041 molestias
2448 981 2604 1037 velut
2635 977 2865 1033 virtutis
2892 978 3147 1048 segetem
3179 969 3496 1037 existimat,
3513 968 3689 1037 atque
3720 962 3780 1017 in

2125 1072 2385 1129 adversis
2417 1069 2592 1143 gestit
2621 1073 2678 1124 et
2709 1065 3028 1140 gloriatur;
3062 1077 3166 1117 nec
3197 1059 3270 1115 ob
3311 1058 3514 1112 dextra
3534 1051 3780 1126 justitiea

2127 1180 2288 1220 arma
2341 1162 2598 1226 effertur,
2626 1174 2730 1214 nec
2774 1157 2846 1212 ob
2893 1153 3134 1211 sinistra
3179 1146 3498 1205 inﬂectitur
3526 1163 3540 1213 ί
3573 1143 3677 1200 sed
3722 1141 3784 1198 in

2127 1251 2374 1309 diversis
2405 1251 2579 1306 rebus
2610 1248 2764 1304 idem
2796 1259 3026 1316 semper
3071 1239 3283 1312 suique
3310 1234 3522 1292 similis
3552 1249 3786 1306 perma-

2128 1347 2244 1410 net,
2278 1345 2450 1413 atque
2482 1339 2624 1395 adeo
2675 1335 2990 1409 probatior,
3024 1335 3308 1403 tanquam
3339 1340 3547 1382 aurum
3578 1323 3640 1379 in
3671 1322 3786 1378 for-

2131 1450 2292 1500 nace,
2327 1429 2636 1503 reperitur.
2669 1425 2831 1491 Quod
2863 1427 2928 1479 ut
2972 1420 3348 1495 perspicuum
3398 1416 3520 1485 fiat,
3551 1413 3634 1468 ita
3662 1426 3786 1467 rem

2131 1502 2552 1594 expendamus.
2605 1514 2797 1574 Nobili
2843 1513 2970 1570 loco
3024 1515 3201 1566 natus
3248 1508 3384 1564 est?
3427 1502 3786 1559 Probitatem

2133 1589 2364 1668 morum
2414 1607 2646 1681 generis
2694 1601 2990 1678 Splendori
3043 1604 3316 1672 opponet,
3347 1598 3522 1666 atque
3568 1607 3639 1647 ex
3685 1589 3787 1644 ad-

2130 1715 2296 1755 verso
2330 1677 2710 1769 spectandam
2728 1677 3141 1764 iproducet.lta
3171 1682 3392 1757 duplici
3422 1678 3656 1737 nomine
3679 1677 3793 1734 cla-

2134 1805 2237 1844 rus
2266 1787 2415 1854 erit;
2448 1800 2660 1856 nempe
2707 1786 2763 1838 et
2800 1781 3094 1851 majorum
3139 1772 3522 1846 imaginibus,
3553 1772 3612 1826 et
3657 1784 3792 1840 pro-

2137 1877 2264 1950 pria
2293 1875 2504 1932 virtute
2552 1874 2871 1945 inspectus.
2904 1869 3166 1925 Obscuro
3213 1867 3272 1920 et
3301 1859 3545 1935 ignobili
3581 1873 3793 1932 genere

2138 1944 2302 2022 ortus
2321 1969 2430 2032 est,
2446 1944 2732 2036 quantum
2755 1961 2826 2016 ad
2853 1962 3108 2016 statuam
3131 1959 3186 2012 et
3205 1954 3396 2010 lutum
3423 1947 3688 2007 attineit?
3710 1944 3794 2019 (Si

2139 2055 2280 2128 quid
2313 2060 2513 2110 tamen
2546 2051 2743 2124 magni
2773 2051 2925 2105 inter
2952 2047 3140 2103 lutum
3173 2060 3239 2099 ac
3282 2041 3474 2098 lutum
3505 2039 3792 2104 interest).

2137 2127 2222 2202 Ᾱά
2273 2142 2638 2216 spiritualem
2687 2138 3050 2195 nobilitatem
3102 2133 3263 2190 illius
3309 2131 3437 2187 loco
3485 2127 3709 2216 afferet,
3739 2128 3797 2181 et

2139 2250 2315 2306 quam
2349 2232 2460 2289 sibi
2511 2230 2784 2303 quisque,
2821 2227 2905 2283 vel
2953 2227 3013 2281 in
3049 2223 3278 2288 melius,
3311 2219 3398 2277 vel
3445 2217 3506 2273 in
3536 2213 3792 2272 deterius

2135 2303 2363 2396 efﬁngit
2393 2341 2407 2379 :
2442 2321 2700 2393 reliquas
2753 2321 2950 2374 autem
3003 2312 3360 2378 nobilitates,
3398 2324 3525 2381 quas
3572 2303 3662 2362 vel
3709 2303 3797 2360 fe-

2136 2417 2368 2480 runtur,
2396 2411 2483 2467 vel
2514 2408 2850 2483 principum
2883 2401 3304 2478 diplomatibus
3353 2398 3796 2469 comparantur,

2138 2509 2201 2558 ut
2234 2501 2377 2557 viles
2406 2505 2464 2556 et
2511 2497 2894 2564 adulterinas,
2929 2493 3204 2563 nulloque
3236 2491 3296 2545 in
3340 2486 3526 2561 pretio
3568 2483 3792 2540 haben-

2138 2593 2265 2660 das,
2300 2589 2499 2664 procul
2548 2585 2937 2644 submovebit.
2970 2585 3070 2640 Est
3115 2580 3271 2637 enim
3324 2575 3539 2648 triplex
3583 2590 3791 2648 genus.

2137 2662 2353 2752 Unum,
2386 2679 2540 2752 quod
2570 2691 2822 2751 superne
2844 2672 3128 2746 originem
3146 2669 3342 2738 traxit,
3367 2665 3522 2737 quod
3553 2662 3792 2736 quidem

2137 2773 2187 2827 si
2219 2771 2676 2838 consideremus,
2709 2780 2915 2821 omnes
2963 2775 3230 2835 peraeque
3279 2753 3504 2812 nobiles
3557 2768 3789 2819 sumus,

2137 2861 2356 2933 quippe
2386 2861 2457 2916 ad
2491 2858 2808 2930 imaginem
2841 2853 2938 2910 Dei
2975 2849 3154 2908 creati
3182 2849 3223 2903 ³.
3256 2845 3539 2913 Alterum,
3572 2841 3728 2914 quod
3761 2857 3796 2896 a

2137 2950 2425 3023 sanguine
2455 2947 2866 3021 proﬁciscitur,
2899 2943 3069 3014 cujus
3114 2937 3336 2995 ratione
3364 2933 3522 2990 haud
3554 2930 3793 3004 quidem

2136 3041 2362 3109 scio,an
2375 3019 2693 3111 quisquam
2706 3032 2922 3091 nobilis
2937 3027 3408 3102 dicipossit,cum
3420 3019 3796 3094 corruptione

2139 3109 2408 3186 constet.‘
2435 3126 2699 3183 Tertium
2746 3143 2782 3180 a
2830 3123 3042 3178 virtute
3089 3121 3192 3175 aut
3235 3115 3376 3172 vitio
3435 3109 3796 3184 agnoscitur,

374 3223 546 3294 cujus
576 3221 662 3278 vel
695 3222 932 3279 uberius
961 3221 1050 3278 vel
1100 3220 1311 3278 exilius
1340 3222 1656 3295 participes
1706 3222 2013 3292 efﬁcimur,
2045 3224 2241 3294 prout,
2275 3218 2501 3293 opinor,
2546 3215 2803 3274 divinam
2855 3210 3176 3284 imaginem
3209 3205 3294 3263 vel
3340 3204 3634 3276 integram
3674 3216 3796 3256 ser-

371 3310 724 3384 vaverimus,
757 3310 844 3366 vel
896 3311 1354 3384 corruperimus.
1389 3315 1580 3384 Atque
1629 3311 1782 3368 hanc
1811 3291 2065 3367 demum
2084 3291 2450 3366 nobilitatem
2504 3305 2913 3378 amplectetur,
2947 3297 3220 3372 quisquis
3267 3310 3399 3351 vere
3447 3291 3682 3364 sapiens
3729 3306 3797 3345 ac

373 3378 763 3473 philosOphus
795 3400 990 3456 fuerit.
1025 3378 1173 3457 Nam
1205 3378 1501 3473 quartum
1529 3401 1675 3457 illud
1708 3400 2030 3457 nobilitatis
2079 3415 2285 3473 genus,
2321 3398 2473 3469 quod
2524 3397 2582 3452 in
2633 3393 2969 3468 principum
3019 3384 3438 3460 diplomatibus
3486 3385 3542 3437 et
3590 3378 3797 3436 edictis

373 3468 662 3556 consistit,
694 3492 821 3544 tum
855 3488 973 3544 ullo
1019 3490 1146 3545 loco
1177 3468 1243 3544 ac
1290 3491 1477 3562 pretio
1508 3491 1759 3558 habebo,
1809 3506 1944 3545 cum
1976 3468 2150 3545 sitain
2202 3489 2262 3544 in
2294 3468 2586 3543 coloribus
2635 3478 3134 3556 pulchritudinem
3186 3471 3491 3545 amplexus
3522 3470 3683 3526 fuero
3715 3468 3793 3524 si-

373 3578 674 3650 miamque
701 3577 772 3634 ob
805 3578 858 3631 id
885 3578 1145 3633 venerari
1174 3595 1420 3650 coepero,
1455 3579 1610 3650 quod
1643 3578 1733 3635 leo
1764 3595 1889 3634 esse
1911 3579 2085 3650 jussa
2114 3578 2211 3635 sit.

447 3671 550 3723 IA'.
580 3647 748 3730 _Néoq
797 3663 946 3734 ἐστί;
997 3665 1142 3719 Κατά
1193 3647 1302 3720 τιῖίν
1363 3647 1548 3730 παθῖύν
1594 3647 2024 3739 ἀνδρισθήσεται,

2211 3665 2302 3722 XI.
2333 3663 2571 3720 Iuvenis
2601 3661 2738 3718 est?
2768 3661 3060 3716 Adversus
3095 3653 3337 3711 vitiosos
3366 3647 3548 3706 animi
3597 3648 3795 3702 motus

374 3755 464 3811 καὶ
513 3759 676 3810 τοῦτο
726 3752 1019 3810 ἀπολαύσει
1062 3757 1162 3823 τῆς
1210 3753 1487 3827 νεότητος,
1535 3755 1597 3809 τὸ
1652 3757 1726 3828 μὴ
1780 3756 1848 3811 τὰ
1894 3756 2028 3810 νέων

374 3851 585 3915 παθεῖν,
637 3843 782 3900 ἀλλά
829 3841 993 3916 δεῖξαι
1031 3839 1392 3921 πρεσϐυτικὴν
1427 3843 1687 3922 φρόνησιν
1723 3844 1774 3900 ἐν
1807 3844 2026 3918 ἀκμαίῳ

375 3937 454 4009 τῷ
505 3936 716 4008 σώματι
753 3953 767 3968 ⁵
822 3933 910 3989 καὶ
960 3936 1214 4012 χαιρήσει
1270 3936 1341 4007 τῇ
1397 3934 1520 4009 νίκῃ
1573 3933 1741 3990 πλέον
1796 3935 1831 4004 ἣ
1878 3935 1928 3989 οἱ
1973 3932 2025 3988 ἐν

375 4024 658 4099 Ὀλυμπίᾳ
739 4023 1206 4100 στεφανούμενον
1291 4025 1502 4094 νικήσει
1568 4025 1672 4101 γὰρ
1732 4023 1783 4078 ἐν
1858 4027 2029 4097 κοινῷ

375 4115 583 4189 θεάτρῳ
637 4118 706 4189 τῇ
767 4114 1074 4188 οἰκουμένῃ,
1152 4114 1240 4168 καὶ
1317 4113 1470 4185 νίκην
1539 4112 1798 4189 ἄπρατον.
1872 4112 2027 4169 Νεύει

377 4207 512 4283 πρὸς
545 4211 719 4281 γῆρας
746 4223 760 4274 ;
795 4201 953 4259 Ἀλλ’
985 4203 1114 4279 οὐχὶ
1145 4204 1370 4281 γηράσει
1402 4202 1490 4259 καὶ
1521 4205 1620 4274 τήν
1681 4205 1884 4279 ψυχήν·
1940 4200 2026 4258 δέ·

377 4297 518 4370 ξεται
546 4295 645 4364 τήν
697 4291 967 4364 διάλυσιν,
1011 4293 1086 4357 ὡς
1122 4294 1452 4368 προθεσμίαν
1488 4292 1781 4371 ἀναγκαίας
1814 4293 2027 4350 ἐλευθε-

379 4385 487 4462 ρία·
544 4381 721 4453 ῆδέως
780 4385 897 4456 (86)
951 4384 1086 4458 πρὸς
1114 4383 1180 4438 τὰ
1209 4384 1332 4456 ἑξῆς
1368 4378 1749 4457 μεταϐήσεται,
1782 4381 1902 4438 ἔνθα
1931 4381 2033 4438 οὐκ

375 4473 517 4530 ἔστιν
587 4475 784 4549 ἄωρος,
865 4469 990 4526 οὐδὲ
1054 4467 1387 4546 πρεσϐύτης,
1464 4472 1609 4528 ἀλλὰ
1673 4472 1867 4535 πάντες
1929 4473 2027 4542 τήν

374 4563 740 4638 πνευματικὴν
792 4559 1012 4632 ἡλικίαν
1060 4560 1284 4618 τέλειοι.
1335 4565 1500 4637 Ὥρας
1559 4560 1796 4638 ἔλαχέν;
1853 4563 2028 4618 Ἀντι-

377 4654 592 4732 στίνψὲι
646 4652 710 4706 τὸ
739 4649 948 4714 κάλλος
1003 4655 1083 4723 τῷ
1127 4649 1343 4724 κάλλει,
1372 4650 1435 4706 τὸ
1462 4657 1564 4721 τῆς
1589 4653 1777 4726 ψυχῆς
1807 4655 1885 4724 τῷ
1931 4654 2029 4706 τοῦ

378 4745 652 4818 σώματος.
692 4739 947 4818 Παρῆλθε
965 4741 1028 4797 τὸ
1057 4741 1212 4804 ἄνθος
1243 4739 1640 4818 ἀνεπηρέαστον
1674 4759 1687 4810 ;
1721 4740 1859 4797 νεύει
1890 4742 2026 4818 πρὸς

377 4834 586 4907 ἑαυτὸν,
635 4829 761 4888 οὐδὲ
809 4828 951 4887 οἶδεν
1001 4831 1303 4907 ὁρώμενος.
1333 4831 1574 4907 Αἰσχρὸς
1603 4833 1722 4907 (87)
1749 4830 1810 4887 τὸ
1840 4831 2028 4910 φαινό-

446 4952 470 4987 ⁸
499 4950 642 5008 Gen.
673 4967 716 5018 ι,
743 4950 838 5007 2ἶ.

448 5068 560 5140 (75)
586 5067 769 5140 Ταῦτα
804 5065 895 5138 μὲν
929 5063 1044 5140 οὖν.
1078 5065 1213 5140 Haec
1239 5067 1453 5140 desunt
1482 5066 1541 5122 in
1562 5070 1664 5140 Ωιι.
1700 5067 1753 5121 1.

2059 5072 2107 5138 D
2135 5083 2235 5138 vi?
2259 5133 2270 5138 _
2292 5061 2473 5136 ἀγαπή

2139 3755 2387 3813 viriliter
2415 3770 2478 3809 se
2525 3756 2709 3826 geret,
2741 3755 2918 3822 atque
2964 3746 3073 3802 hoc
3104 3741 3396 3800 commodi
3439 3756 3509 3796 ex
3546 3735 3796 3810 juvenili

2138 3848 2303 3902 astate
2332 3841 2633 3917 percipiet,
2668 3845 2733 3896 ut
2782 3839 2853 3895 iis
2883 3837 3212 3905 aﬂ'ectibus,
3245 3831 3460 3906 quibus
3508 3829 3625 3884 haec
3657 3829 3796 3883 aetas

2137 3935 2388 3991 obnoxia
2416 3937 2525 4002 est,
2573 3949 2688 3987 non
2721 3928 3044 4000 indulgeat,
3075 3925 3176 3982 sed
3209 3924 3266 3978 in
3296 3918 3517 3993 vigenti
3553 3930 3796 3988 corpore

2138 4023 2383 4081 senilem
2415 4021 2788 4095 prudentiam
2837 4016 3129 4086 exhibeat,
3161 4013 3562 4084 majoremque
3588 4022 3658 4063 ex
3683 4004 3794 4061 hac

2137 4112 2381 4170 victoria
2409 4109 2726 4182 voluptatis
2756 4123 2996 4164 sensum
3046 4103 3256 4176 capiet,
3285 4116 3462 4174 quam
3497 4095 3598 4169 qui
3629 4112 3792 4151 coro-

2139 4220 2274 4258 nam
2300 4201 2358 4257 in
2381 4199 2666 4273 Olympiis
2690 4191 3443 4270 adipiscuntur.Victoriam
3462 4187 3619 4244 enim
3651 4185 3797 4241 feret

2140 4293 2200 4348 in
2231 4289 2528 4357 communi
2559 4288 2718 4346 orbis
2771 4293 2935 4344 terras
2970 4284 3216 4349 theatro,
3249 4284 3306 4337 et
3345 4279 3581 4351 quidem
3608 4275 3794 4332 victo-

2140 4381 2288 4439 riam
2323 4381 2566 4438 minime
2613 4377 2899 4436 venalem.
2951 4375 3039 4430 Ad
3071 4373 3432 4429 senectutem
3460 4364 3696 4439 vergit?
3729 4366 3797 4421 At

2140 4490 2254 4528 non
2278 4471 2474 4528 animo
2500 4485 2731 4543 quoque
2753 4469 3015 4524 senescat
3037 4459 3541 4532 ;dissolutionem,
3557 4460 3621 4513 ut
3654 4472 3795 4528 prs:-

2139 4561 2409 4618 stitutum
2461 4557 2802 4615 necessariae
2853 4553 3142 4612 libertatis
3190 4555 3446 4622 tempus,
3498 4545 3792 4618 accipiet:

2137 4651 2329 4707 libens
2361 4650 2432 4706 ad
2465 4666 2551 4718 ea,
2577 4666 2704 4721 quae
2734 4647 2884 4703 hanc
2915 4645 3090 4701 vitam
3121 4643 3463 4711 sequuntur,
3496 4636 3794 4709 migrabit,

2138 4740 2240 4798 ubi
2269 4755 2440 4796 nemo
2489 4741 2579 4794 est
2625 4737 2998 4806 immaturus,
3038 4731 3192 4790 480
3241 4745 3411 4786 nemo
3463 4743 3661 4795 senex,
3693 4726 3793 4781 sed

2141 4846 2348 4889 omnes
2378 4828 2440 4884 in
2470 4825 2763 4900 spirituali
2795 4828 2962 4882 atate
2989 4820 3251 4896 perfecti.
3287 4817 3533 4875 Pulcher
3562 4815 3698 4874 est?
3729 4814 3795 4871 Id

2483 5080 2560 5114 σει
2609 5059 2710 5128 τήν
2763 5056 3030 5132 εὐγένειαν
3078 5051 3464 5132 ὅγε-ἀληθῶς.
3492 5050 3654 5127 σοφὸς
3705 5049 3796 5105 καὶ

448 5124 975 5226 (76)”Ηαύτοίδομία
1019 5140 1118 5190 τοῦ
1157 5135 1498 5210 πλάσματος.
1551 5139 1666 5196 Sic.
1716 5141 1812 5194 Or.
1866 5139 1915 5194 1.
1966 5137 2024 5194 In

2141 5124 2541 5226 ςεδςλὸσοέριοςὲε(1
2563 5124 2727 5226 Illa-rp
2779 5124 3142 5188 nobilitatem
3174 5127 3377 5199 diliget
3408 5124 3504 5181 ille
3543 5124 3673 5180 vere
3702 5139 3796 5179 sa-

375 5207 490 5281 ed.,
532 5207 837 5282 αὐτονομία
867 5207 1212 5281 πλάσματος.

445 5279 559 5354 ('77)
590 5279 928 5358 Σαφῷς.-8ἱο
957 5279 1154 5358 plures
1184 5287 1362 5355 Regg.
1394 5285 1451 5338 et
1496 5279 1658 5336 Colb.
1691 5285 1756 5337 In
1789 5281 1906 5348 ed.,
1941 5300 2032 5334 σα-

377 5353 784 5432 φίςίΆυοεε-Ελίο
814 5353 969 5432 Reg.’
981 5355 1081 5432 bm
1092 5395 1105 5408 .

387 5421 398 5432 '
449 5428 565 5500 (78)
613 5421 929 5499 Εὐδοκιμεῗῖ
981 5426 1103 5483 Duo
1151 5425 1355 5499 Regg.,
1404 5423 1576 5482 Cois].
1629 5425 1655 5479 1
1705 5428 1762 5481 et
1811 5424 2032 5492 Comb.,

377 5495 733 5552 ἰνευδοκιμεῖ.

401 5517 733 5570 νευοοκιμει.

448 5573 560 5642 (79)
620 5563 1088 5642 ‘AvumSeiEnm,
1137 5571 1246 5642 etc.
1307 5591 1336 5617 ‹‹
1388 5566 1742 5642 Probitatem
1799 5583 2032 5623 morum

379 5658 444 5698 ex
457 5639 699 5698 adverso
715 5641 944 5715 generis
957 5640 1206 5697 claritati
1235 5639 1686 5715 respondentem
1704 5642 2025 5696 ostendet.-

449 5715 562 5786 (80)
608 5710 1133 5794 I‘sve'aloyodpgvec,
1166 5716 1276 5769 etc.
1310 5710 1347 5764 «'
1372 5713 1523 5794 Tum
1565 5713 1876 5784 majorum,
1907 5715 2031 5768 tum

377 5802 483 5860 per
512 5803 573 5860 se
595 5785 930 5860 et‘propria
954 5785 1170 5860 virtute
1201 5785 1575 5860 conspicuus.
1613 5806 1642 5834 »

450 5858 562 5933 (81)
592 5851 841 5916 ΒίΧτιον.
873 5856 1076 5918 Plures
1104 5858 1284 5932 Regg.
1317 5851 1374 5918 et
1401 5856 1497 5916 0r.
1527 5855 1552 5917 l
1592 5855 1818 5916 addunt
1849 5872 1863 5915 :
1894 5851 2033 5910 Ταύο

2142 5204 2316 5282 piens
2337 5204 2409 5282 et,
2425 5204 2831 5282 philosophus.
2863 5222 2890 5254 ι

2235 5279 2326 5356 βξ)
2354 5266 2473 5356 Ἐπ’
2503 5266 2830 5356 ξ’σηςδΟιιλ1
2865 5270 3250 5356 conjunctim,
3283 5266 3494 5337 ἐπίσης.

2235 5342 2326 5442 si
2357 5342 2712 5442 severam
2747 5349 2843 5442 ιτ·
2882 5342 3292 5442 uvam;

2214 5363 2326 5424 (83)
2357 5363 2712 5442 Ἐρχομενον.
2747 5363 2843 5404 Ur.
2882 5363 2932 5412 -l,
2964 5363 3292 5472 αρχὲμενον.
3721 5407 3732 5426 1

2212 5424 2328 5492 (84)
2357 5427 2571 5494 Ταυτην
2596 5419 2887 5494 ἀγαπήσει,
2918 5421 3026 5473 etc.
3109 5432 3201 5494 εειὶ
3231 5427 3420 5494 usque
3451 5411 3523 5468 ad
3570 5407 3641 5464 Τὸ
3671 5428 3794 5484 γαρ,

2142 5487 2358 5552 desunt
2387 5497 2445 5550 in
2479 5487 2836 5564 quibusdam
2869 5493 3043 5564 Begg.
3080 5494 3135 5544 et
3164 5487 3260 5541 0r.
3296 5487 3347 5564 Ιτ

2213 5569 2323 5638 (85)
2358 5556 2596 5635 ΚάλΧος,
2649 5571 2758 5638 etc.
2800 5556 3017 5638 _Bill.':_
3055 5575 3250 5638 «_cum
3302 5556 3512 5629 pictam
3562 5569 3796 5626 quoque

2143 5633 2644 5711 pulchritudinem
2675 5636 3032 5711 laudandam
3067 5633 3304 5711 durem:
3342 5652 3370 5711 η

2214 5714 2324 5784 (86)
2355 5707 2578 5784 Ἡδέως..
2616 5713 2790 5784 R_egg.
2822 5725 2877 5784 ᾳ,
2910 5708 2945 5761 b
2979 5711 3038 5784 et
3066 5703 3326 5784 Coishl,
3361 5696 3542 5784 ὶλὲως.

2213 5769 2326 5858 (87)
2357 5769 2615 5859 Αἰσχρὸς.
2649 5769 3104 5855 Ιιῖἧιιὶῢιιεάεω
3131 5773 3366 5833 additur
3394 5769 3525 5827 ἐστι.
