  <div class='ocr_page' id='page_1' title='image "/cluster/home/n/w/nwhite01/storage/ocr_20150623/35:no.1/coo.31924054869320/627.png"; bbox 0 0 4110 6468; ppageno 0'>
   <div class='ocr_carea' id='block_1_1' title="bbox 240 520 1891 590">
    <p class='ocr_par' dir='ltr' id='par_1_1' title="bbox 240 520 1891 585">
     <span class='ocr_line' id='line_1_1' title="bbox 240 520 1891 585; baseline 0.001 -3"><span class='ocrx_word' id='word_1_1' title='bbox 240 520 399 583; x_wconf 59' lang='grc'>1243</span> <span class='ocrx_word' id='word_1_2' title='bbox 1490 527 1555 584; x_wconf 92' lang='lat' dir='ltr'>S.</span> <span class='ocrx_word' id='word_1_3' title='bbox 1604 524 1891 585; x_wconf 85' lang='lat' dir='ltr'>GREGOl</span> 
     </span>
    </p>
   </div>
   <div class='ocr_carea' id='block_1_2' title="bbox 2006 520 3672 590">
    <p class='ocr_par' dir='ltr' id='par_1_2' title="bbox 2022 527 3672 590">
     <span class='ocr_line' id='line_1_2' title="bbox 2022 527 3672 590; baseline 0.001 -2"><span class='ocrx_word' id='word_1_4' title='bbox 2022 527 2418 589; x_wconf 87' lang='lat' dir='ltr'>THEOLOGI</span> <span class='ocrx_word' id='word_1_5' title='bbox 3512 529 3672 590; x_wconf 76' lang='grc'>1244</span> 
     </span>
    </p>
   </div>
   <div class='ocr_carea' id='block_1_3' title="bbox 233 652 1891 737">
    <p class='ocr_par' dir='ltr' id='par_1_3' title="bbox 233 652 1888 728">
     <span class='ocr_line' id='line_1_3' title="bbox 233 652 1888 728; baseline 0 -17"><span class='ocrx_word' id='word_1_6' title='bbox 233 658 387 728; x_wconf 89' lang='lat' dir='ltr'>aget,</span> <span class='ocrx_word' id='word_1_7' title='bbox 422 657 488 709; x_wconf 88' lang='lat' dir='ltr'>ut</span> <span class='ocrx_word' id='word_1_8' title='bbox 514 653 890 727; x_wconf 84' lang='lat' dir='ltr'>pulchritudo</span> <span class='ocrx_word' id='word_1_9' title='bbox 921 652 1131 709; x_wconf 72' lang='lat' dir='ltr'>animae</span> <span class='ocrx_word' id='word_1_10' title='bbox 1163 654 1422 726; x_wconf 90' lang='lat' dir='ltr'>corporis</span> <span class='ocrx_word' id='word_1_11' title='bbox 1460 654 1888 727; x_wconf 79' lang='lat' dir='ltr'>pulchritudini</span> 
     </span>
    </p>
   </div>
   <div class='ocr_carea' id='block_1_4' title="bbox 2006 652 3674 737">
    <p class='ocr_par' dir='ltr' id='par_1_4' title="bbox 2007 654 3674 737">
     <span class='ocr_line' id='line_1_4' title="bbox 2007 654 3674 737; baseline 0.004 -27"><span class='ocrx_word' id='word_1_12' title='bbox 2007 676 2203 729; x_wconf 87' lang='grc' dir='ltr'>μενον;</span> <span class='ocrx_word' id='word_1_13' title='bbox 2264 654 2390 713; x_wconf 86' lang='grc' dir='ltr'>ἀλλ’</span> <span class='ocrx_word' id='word_1_14' title='bbox 2441 658 2641 737; x_wconf 73' lang='grc' dir='ltr'>εὐφυὴς</span> <span class='ocrx_word' id='word_1_15' title='bbox 2698 659 2761 714; x_wconf 84' lang='grc' dir='ltr'>τὸ</span> <span class='ocrx_word' id='word_1_16' title='bbox 2794 659 3190 736; x_wconf 80' lang='grc' dir='ltr'>κρυπτόμενον,</span> <span class='ocrx_word' id='word_1_17' title='bbox 3225 658 3406 737; x_wconf 82' lang='grc' dir='ltr'>ὥσπερ</span> <span class='ocrx_word' id='word_1_18' title='bbox 3465 660 3516 717; x_wconf 72' lang='grc' dir='ltr'>ἰν</span> <span class='ocrx_word' id='word_1_19' title='bbox 3578 663 3674 716; x_wconf 80' lang='grc' dir='ltr'>κά-</span> 
     </span>
    </p>
   </div>
   <div class='ocr_carea' id='block_1_5' title="bbox 233 743 1891 825">
    <p class='ocr_par' dir='ltr' id='par_1_5' title="bbox 233 743 1891 817">
     <span class='ocr_line' id='line_1_5' title="bbox 233 743 1891 817; baseline 0.001 -17"><span class='ocrx_word' id='word_1_20' title='bbox 233 761 301 800; x_wconf 89' lang='lat' dir='ltr'>ex</span> <span class='ocrx_word' id='word_1_21' title='bbox 334 744 575 799; x_wconf 89' lang='lat' dir='ltr'>adverso</span> <span class='ocrx_word' id='word_1_22' title='bbox 606 743 911 815; x_wconf 80' lang='lat' dir='ltr'>refulgeat.</span> <span class='ocrx_word' id='word_1_23' title='bbox 966 745 1291 799; x_wconf 79' lang='lat' dir='ltr'>Inoﬂ‘ensus</span> <span class='ocrx_word' id='word_1_24' title='bbox 1321 745 1429 800; x_wconf 88' lang='lat' dir='ltr'>ﬂos</span> <span class='ocrx_word' id='word_1_25' title='bbox 1478 745 1803 817; x_wconf 66' lang='lat' dir='ltr'>praeteriit?</span> <span class='ocrx_word' id='word_1_26' title='bbox 1832 747 1891 802; x_wconf 91' lang='lat' dir='ltr'>In</span> 
     </span>
    </p>
   </div>
   <div class='ocr_carea' id='block_1_6' title="bbox 2006 743 3669 825">
    <p class='ocr_par' dir='ltr' id='par_1_6' title="bbox 2011 743 3669 825">
     <span class='ocr_line' id='line_1_6' title="bbox 2011 743 3669 825; baseline 0.004 -26"><span class='ocrx_word' id='word_1_27' title='bbox 2011 743 2133 800; x_wconf 88' lang='grc' dir='ltr'>λυκι</span> <span class='ocrx_word' id='word_1_28' title='bbox 2212 745 2371 823; x_wconf 80' lang='grc' dir='ltr'>ῥόδον</span> <span class='ocrx_word' id='word_1_29' title='bbox 2441 748 2677 825; x_wconf 83' lang='grc' dir='ltr'>ἀνθηρὸν</span> <span class='ocrx_word' id='word_1_30' title='bbox 2752 748 2851 804; x_wconf 78' lang='grc' dir='ltr'>οὐκ</span> <span class='ocrx_word' id='word_1_31' title='bbox 2905 749 3115 825; x_wconf 78' lang='grc' dir='ltr'>ἀνθηρᾷ</span> <span class='ocrx_word' id='word_1_32' title='bbox 3172 748 3262 805; x_wconf 85' lang='grc' dir='ltr'>καὶ</span> <span class='ocrx_word' id='word_1_33' title='bbox 3323 747 3548 824; x_wconf 76' lang='grc' dir='ltr'>ἆνὸδμῳ</span> <span class='ocrx_word' id='word_1_34' title='bbox 3605 751 3669 806; x_wconf 83' lang='grc' dir='ltr'>τὸ</span> 
     </span>
    </p>
   </div>
   <div class='ocr_carea' id='block_1_7' title="bbox 237 833 1891 917">
    <p class='ocr_par' dir='ltr' id='par_1_7' title="bbox 237 833 1891 906">
     <span class='ocr_line' id='line_1_7' title="bbox 237 833 1891 906; baseline 0.001 -17"><span class='ocrx_word' id='word_1_35' title='bbox 237 834 317 890; x_wconf 90' lang='lat' dir='ltr'>sei</span> <span class='ocrx_word' id='word_1_36' title='bbox 326 850 498 905; x_wconf 91' lang='lat' dir='ltr'>psum</span> <span class='ocrx_word' id='word_1_37' title='bbox 533 833 739 905; x_wconf 86' lang='lat' dir='ltr'>vergit,</span> <span class='ocrx_word' id='word_1_38' title='bbox 757 850 823 888; x_wconf 88' lang='lat' dir='ltr'>ac</span> <span class='ocrx_word' id='word_1_39' title='bbox 855 848 925 887; x_wconf 91' lang='lat' dir='ltr'>ne</span> <span class='ocrx_word' id='word_1_40' title='bbox 958 833 1207 905; x_wconf 91' lang='lat' dir='ltr'>spectari</span> <span class='ocrx_word' id='word_1_41' title='bbox 1238 834 1475 906; x_wconf 87' lang='lat' dir='ltr'>quidem</span> <span class='ocrx_word' id='word_1_42' title='bbox 1508 850 1570 890; x_wconf 92' lang='lat' dir='ltr'>se</span> <span class='ocrx_word' id='word_1_43' title='bbox 1601 835 1781 891; x_wconf 87' lang='lat' dir='ltr'>novit.</span> <span class='ocrx_word' id='word_1_44' title='bbox 1802 840 1891 892; x_wconf 90' lang='lat' dir='ltr'>De-</span> 
     </span>
    </p>
   </div>
   <div class='ocr_carea' id='block_1_8' title="bbox 2006 833 3669 917">
    <p class='ocr_par' dir='ltr' id='par_1_8' title="bbox 2008 834 3669 917">
     <span class='ocr_line' id='line_1_8' title="bbox 2008 834 3669 917; baseline 0.004 -28"><span class='ocrx_word' id='word_1_45' title='bbox 2008 834 2391 896; x_wconf 76' lang='grc' dir='ltr'>εὐωδέστατον.</span> <span class='ocrx_word' id='word_1_46' title='bbox 2445 839 2659 914; x_wconf 82' lang='grc' dir='ltr'>Ὠραῖος</span> <span class='ocrx_word' id='word_1_47' title='bbox 2709 836 2903 895; x_wconf 85' lang='grc' dir='ltr'>κάλλει</span> <span class='ocrx_word' id='word_1_48' title='bbox 2955 839 3101 917; x_wconf 85' lang='grc' dir='ltr'>παρᾶ</span> <span class='ocrx_word' id='word_1_49' title='bbox 3163 838 3293 901; x_wconf 64' lang='grc' dir='ltr'>τοὺς</span> <span class='ocrx_word' id='word_1_50' title='bbox 3360 839 3511 902; x_wconf 70' lang='grc' dir='ltr'>υἱοὺς</span> <span class='ocrx_word' id='word_1_51' title='bbox 3560 844 3669 896; x_wconf 82' lang='grc' dir='ltr'>τῶν</span> 
     </span>
    </p>
   </div>
   <div class='ocr_carea' id='block_1_9' title="bbox 233 922 1891 1006">
    <p class='ocr_par' dir='ltr' id='par_1_9' title="bbox 233 922 1891 996">
     <span class='ocr_line' id='line_1_9' title="bbox 233 922 1891 996; baseline 0.001 -17"><span class='ocrx_word' id='word_1_52' title='bbox 233 923 440 979; x_wconf 83' lang='lat' dir='ltr'>formis</span> <span class='ocrx_word' id='word_1_53' title='bbox 469 928 560 979; x_wconf 89' lang='lat' dir='ltr'>est</span> <span class='ocrx_word' id='word_1_54' title='bbox 586 928 871 994; x_wconf 88' lang='lat' dir='ltr'>quantum</span> <span class='ocrx_word' id='word_1_55' title='bbox 903 924 975 977; x_wconf 92' lang='lat' dir='ltr'>ad</span> <span class='ocrx_word' id='word_1_56' title='bbox 1004 922 1063 978; x_wconf 89' lang='lat' dir='ltr'>id</span> <span class='ocrx_word' id='word_1_57' title='bbox 1096 924 1250 995; x_wconf 92' lang='lat' dir='ltr'>quod</span> <span class='ocrx_word' id='word_1_58' title='bbox 1286 924 1343 979; x_wconf 92' lang='lat' dir='ltr'>in</span> <span class='ocrx_word' id='word_1_59' title='bbox 1374 927 1675 996; x_wconf 79' lang='lat' dir='ltr'>aspectum</span> <span class='ocrx_word' id='word_1_60' title='bbox 1709 926 1891 981; x_wconf 77' lang='lat' dir='ltr'>caditi</span> 
     </span>
    </p>
   </div>
   <div class='ocr_carea' id='block_1_10' title="bbox 2006 922 3666 1006">
    <p class='ocr_par' dir='ltr' id='par_1_10' title="bbox 2006 924 3666 1006">
     <span class='ocr_line' id='line_1_10' title="bbox 2006 924 3666 1006; baseline 0.003 -27"><span class='ocrx_word' id='word_1_61' title='bbox 2006 924 2304 1002; x_wconf 84' lang='grc' dir='ltr'>ἀνθρώπων</span> <span class='ocrx_word' id='word_1_62' title='bbox 2333 948 2347 997; x_wconf 86' lang='lat'><strong>;</strong></span> <span class='ocrx_word' id='word_1_63' title='bbox 2399 926 2525 982; x_wconf 71' lang='grc' dir='ltr'>οὐδὲ</span> <span class='ocrx_word' id='word_1_64' title='bbox 2565 928 2752 1001; x_wconf 86' lang='grc' dir='ltr'>καιρὸν</span> <span class='ocrx_word' id='word_1_65' title='bbox 2787 926 2979 984; x_wconf 87' lang='grc' dir='ltr'>δίδωσι</span> <span class='ocrx_word' id='word_1_66' title='bbox 3032 928 3094 984; x_wconf 88' lang='grc' dir='ltr'>τὸ</span> <span class='ocrx_word' id='word_1_67' title='bbox 3127 929 3279 991; x_wconf 81' lang='grc' dir='ltr'>ἐκτὸς</span> <span class='ocrx_word' id='word_1_68' title='bbox 3313 931 3666 1006; x_wconf 78' lang='grc' dir='ltr'>καθορᾶσθαι,</span> 
     </span>
    </p>
   </div>
   <div class='ocr_carea' id='block_1_11' title="bbox 234 1012 1891 1096">
    <p class='ocr_par' dir='ltr' id='par_1_11' title="bbox 234 1012 1891 1086">
     <span class='ocr_line' id='line_1_11' title="bbox 234 1012 1891 1086; baseline 0.001 -17"><span class='ocrx_word' id='word_1_69' title='bbox 234 1015 310 1070; x_wconf 80' lang='lat' dir='ltr'>At</span> <span class='ocrx_word' id='word_1_70' title='bbox 337 1030 405 1069; x_wconf 88' lang='lat' dir='ltr'>ea</span> <span class='ocrx_word' id='word_1_71' title='bbox 453 1018 617 1084; x_wconf 90' lang='lat' dir='ltr'>parte</span> <span class='ocrx_word' id='word_1_72' title='bbox 668 1014 962 1069; x_wconf 78' lang='lat' dir='ltr'>formosus</span> <span class='ocrx_word' id='word_1_73' title='bbox 1010 1016 1068 1069; x_wconf 91' lang='lat' dir='ltr'>et</span> <span class='ocrx_word' id='word_1_74' title='bbox 1114 1014 1372 1086; x_wconf 83' lang='lat' dir='ltr'>elegans,</span> <span class='ocrx_word' id='word_1_75' title='bbox 1408 1030 1537 1085; x_wconf 67' lang='lat' dir='ltr'>quae</span> <span class='ocrx_word' id='word_1_76' title='bbox 1589 1012 1891 1071; x_wconf 89' lang='lat' dir='ltr'>oculorum</span> 
     </span>
    </p>
   </div>
   <div class='ocr_carea' id='block_1_12' title="bbox 2006 1012 3663 1096">
    <p class='ocr_par' dir='ltr' id='par_1_12' title="bbox 2009 1016 3663 1096">
     <span class='ocr_line' id='line_1_12' title="bbox 2009 1016 3663 1096; baseline 0.002 -25"><span class='ocrx_word' id='word_1_77' title='bbox 2009 1016 2388 1095; x_wconf 73' lang='grc' dir='ltr'>μεταστρέφων</span> <span class='ocrx_word' id='word_1_78' title='bbox 2436 1020 2529 1073; x_wconf 80' lang='grc' dir='ltr'>τὸν</span> <span class='ocrx_word' id='word_1_79' title='bbox 2578 1019 2770 1087; x_wconf 79' lang='grc' dir='ltr'>θεατὴν</span> <span class='ocrx_word' id='word_1_80' title='bbox 2823 1018 2959 1094; x_wconf 78' lang='grc' dir='ltr'>πρὸς</span> <span class='ocrx_word' id='word_1_81' title='bbox 3004 1019 3095 1073; x_wconf 85' lang='grc' dir='ltr'>τὸν</span> <span class='ocrx_word' id='word_1_82' title='bbox 3130 1017 3281 1081; x_wconf 76' lang='grc' dir='ltr'>ἐντὸς</span> <span class='ocrx_word' id='word_1_83' title='bbox 3454 1017 3663 1096; x_wconf 81' lang='grc' dir='ltr'>ἅνθρω-</span> 
     </span>
    </p>
   </div>
   <div class='ocr_carea' id='block_1_13' title="bbox 234 1102 1895 1177">
    <p class='ocr_par' dir='ltr' id='par_1_13' title="bbox 234 1102 1895 1177">
     <span class='ocr_line' id='line_1_13' title="bbox 234 1102 1895 1177; baseline 0.001 -17"><span class='ocrx_word' id='word_1_84' title='bbox 234 1104 421 1160; x_wconf 90' lang='lat' dir='ltr'>aciem</span> <span class='ocrx_word' id='word_1_85' title='bbox 449 1103 633 1177; x_wconf 81' lang='lat' dir='ltr'>fugit;</span> <span class='ocrx_word' id='word_1_86' title='bbox 667 1118 810 1158; x_wconf 69' lang='lat' dir='ltr'>rosae</span> <span class='ocrx_word' id='word_1_87' title='bbox 843 1119 958 1159; x_wconf 91' lang='lat' dir='ltr'>non</span> <span class='ocrx_word' id='word_1_88' title='bbox 991 1102 1300 1167; x_wconf 86' lang='lat' dir='ltr'>absimilis,</span> <span class='ocrx_word' id='word_1_89' title='bbox 1333 1120 1461 1175; x_wconf 66' lang='lat' dir='ltr'>quae</span> <span class='ocrx_word' id='word_1_90' title='bbox 1492 1103 1550 1158; x_wconf 92' lang='lat' dir='ltr'>in</span> <span class='ocrx_word' id='word_1_91' title='bbox 1578 1104 1759 1160; x_wconf 88' lang='lat' dir='ltr'>bacca</span> <span class='ocrx_word' id='word_1_92' title='bbox 1788 1122 1895 1161; x_wconf 90' lang='lat' dir='ltr'>nec</span> 
     </span>
    </p>
   </div>
   <div class='ocr_carea' id='block_1_14' title="bbox 232 1193 1894 1266">
    <p class='ocr_par' dir='ltr' id='par_1_14' title="bbox 232 1193 1894 1266">
     <span class='ocr_line' id='line_1_14' title="bbox 232 1193 1894 1266; baseline 0.001 -16"><span class='ocrx_word' id='word_1_93' title='bbox 232 1193 578 1259; x_wconf 84' lang='lat' dir='ltr'>ﬂorida,nec</span> <span class='ocrx_word' id='word_1_94' title='bbox 607 1193 783 1248; x_wconf 81' lang='lat' dir='ltr'>odore</span> <span class='ocrx_word' id='word_1_95' title='bbox 812 1193 1223 1265; x_wconf 86' lang='lat' dir='ltr'>grata,florida</span> <span class='ocrx_word' id='word_1_96' title='bbox 1249 1198 1448 1249; x_wconf 80' lang='lat' dir='ltr'>tamen</span> <span class='ocrx_word' id='word_1_97' title='bbox 1481 1194 1611 1266; x_wconf 89' lang='lat' dir='ltr'>ipsa</span> <span class='ocrx_word' id='word_1_98' title='bbox 1639 1198 1729 1249; x_wconf 90' lang='lat' dir='ltr'>est</span> <span class='ocrx_word' id='word_1_99' title='bbox 1757 1211 1894 1252; x_wconf 87' lang='lat' dir='ltr'>sua-</span> 
     </span>
    </p>
   </div>
   <div class='ocr_carea' id='block_1_15' title="bbox 227 1283 1895 1355">
    <p class='ocr_par' dir='ltr' id='par_1_15' title="bbox 227 1283 1895 1355">
     <span class='ocr_line' id='line_1_15' title="bbox 227 1283 1895 1355; baseline 0.001 -15"><span class='ocrx_word' id='word_1_100' title='bbox 227 1284 655 1354; x_wconf 88' lang='lat' dir='ltr'>vissimumque</span> <span class='ocrx_word' id='word_1_101' title='bbox 672 1284 908 1339; x_wconf 89' lang='lat' dir='ltr'>odorem</span> <span class='ocrx_word' id='word_1_102' title='bbox 926 1283 1399 1354; x_wconf 79' lang='lat' dir='ltr'>efﬂat.Speczosus</span> <span class='ocrx_word' id='word_1_103' title='bbox 1417 1287 1599 1354; x_wconf 79' lang='lat' dir='ltr'>forma</span> <span class='ocrx_word' id='word_1_104' title='bbox 1614 1299 1737 1354; x_wconf 71' lang='lat' dir='ltr'>prae</span> <span class='ocrx_word' id='word_1_105' title='bbox 1756 1285 1895 1355; x_wconf 75' lang='lat' dir='ltr'>ﬁliis</span> 
     </span>
    </p>
   </div>
   <div class='ocr_carea' id='block_1_16' title="bbox 228 1372 1890 1445">
    <p class='ocr_par' dir='ltr' id='par_1_16' title="bbox 228 1372 1890 1445">
     <span class='ocr_line' id='line_1_16' title="bbox 228 1372 1890 1445; baseline 0 -15"><span class='ocrx_word' id='word_1_106' title='bbox 228 1374 551 1431; x_wconf 72' lang='lat' dir='ltr'>hominum‘</span> <span class='ocrx_word' id='word_1_107' title='bbox 576 1376 599 1429; x_wconf 70' lang='grc' dir='ltr'><strong><em>Ρ</em></strong></span> <span class='ocrx_word' id='word_1_108' title='bbox 626 1373 709 1429; x_wconf 89' lang='lat' dir='ltr'>Ne</span> <span class='ocrx_word' id='word_1_109' title='bbox 739 1372 997 1445; x_wconf 81' lang='lat' dir='ltr'>spatium</span> <span class='ocrx_word' id='word_1_110' title='bbox 1022 1372 1553 1445; x_wconf 88' lang='lat' dir='ltr'>quidem,id,quod</span> <span class='ocrx_word' id='word_1_111' title='bbox 1583 1376 1890 1430; x_wconf 89' lang='lat' dir='ltr'>externum</span> 
     </span>
    </p>
   </div>
   <div class='ocr_carea' id='block_1_17' title="bbox 224 1462 1888 1537">
    <p class='ocr_par' dir='ltr' id='par_1_17' title="bbox 224 1462 1888 1537">
     <span class='ocr_line' id='line_1_17' title="bbox 224 1462 1888 1537; baseline -0.001 -16"><span class='ocrx_word' id='word_1_112' title='bbox 224 1468 332 1537; x_wconf 87' lang='lat' dir='ltr'>est,</span> <span class='ocrx_word' id='word_1_113' title='bbox 366 1463 687 1535; x_wconf 85' lang='lat' dir='ltr'>aspiciendi</span> <span class='ocrx_word' id='word_1_114' title='bbox 719 1463 1006 1533; x_wconf 87' lang='lat' dir='ltr'>concedit,</span> <span class='ocrx_word' id='word_1_115' title='bbox 1027 1462 1242 1535; x_wconf 90' lang='lat' dir='ltr'>quippe</span> <span class='ocrx_word' id='word_1_116' title='bbox 1272 1462 1372 1533; x_wconf 89' lang='lat' dir='ltr'>qui</span> <span class='ocrx_word' id='word_1_117' title='bbox 1403 1466 1790 1534; x_wconf 79' lang='lat' dir='ltr'>spectatorem</span> <span class='ocrx_word' id='word_1_118' title='bbox 1814 1465 1888 1519; x_wconf 91' lang='lat' dir='ltr'>ad</span> 
     </span>
    </p>
   </div>
   <div class='ocr_carea' id='block_1_18' title="bbox 226 1553 1891 1611">
    <p class='ocr_par' dir='ltr' id='par_1_18' title="bbox 226 1553 1891 1611">
     <span class='ocr_line' id='line_1_18' title="bbox 226 1553 1891 1611; baseline -0.001 0"><span class='ocrx_word' id='word_1_119' title='bbox 226 1556 522 1611; x_wconf 89' lang='lat' dir='ltr'>internum</span> <span class='ocrx_word' id='word_1_120' title='bbox 556 1553 855 1610; x_wconf 89' lang='lat' dir='ltr'>hominem</span> <span class='ocrx_word' id='word_1_121' title='bbox 879 1554 1179 1610; x_wconf 81' lang='lat' dir='ltr'>convertit.</span> <span class='ocrx_word' id='word_1_122' title='bbox 1202 1553 1387 1609; x_wconf 90' lang='lat' dir='ltr'>Proba</span> <span class='ocrx_word' id='word_1_123' title='bbox 1406 1553 1737 1610; x_wconf 83' lang='lat' dir='ltr'>valetudine</span> <span class='ocrx_word' id='word_1_124' title='bbox 1759 1558 1891 1611; x_wconf 82' lang='lat' dir='ltr'>est?</span> 
     </span>
    </p>
   </div>
   <div class='ocr_carea' id='block_1_19' title="bbox 221 1644 1886 1717">
    <p class='ocr_par' dir='ltr' id='par_1_19' title="bbox 221 1644 1886 1717">
     <span class='ocr_line' id='line_1_19' title="bbox 221 1644 1886 1717; baseline -0.001 -16"><span class='ocrx_word' id='word_1_125' title='bbox 221 1646 305 1701; x_wconf 79' lang='lat' dir='ltr'>Ad</span> <span class='ocrx_word' id='word_1_126' title='bbox 340 1644 563 1717; x_wconf 91' lang='lat' dir='ltr'>optima</span> <span class='ocrx_word' id='word_1_127' title='bbox 592 1659 835 1717; x_wconf 86' lang='lat' dir='ltr'>quaeque</span> <span class='ocrx_word' id='word_1_128' title='bbox 864 1644 1115 1699; x_wconf 84' lang='lat' dir='ltr'>sanitate</span> <span class='ocrx_word' id='word_1_129' title='bbox 1145 1646 1382 1712; x_wconf 81' lang='lat' dir='ltr'>utetur;</span> <span class='ocrx_word' id='word_1_130' title='bbox 1408 1644 1767 1712; x_wconf 88' lang='lat' dir='ltr'>admonebit,</span> <span class='ocrx_word' id='word_1_131' title='bbox 1798 1644 1886 1699; x_wconf 88' lang='lat' dir='ltr'>in—</span> 
     </span>
    </p>
   </div>
   <div class='ocr_carea' id='block_1_20' title="bbox 223 1732 1886 1809">
    <p class='ocr_par' dir='ltr' id='par_1_20' title="bbox 223 1732 1886 1809">
     <span class='ocr_line' id='line_1_20' title="bbox 223 1732 1886 1809; baseline -0.001 -18"><span class='ocrx_word' id='word_1_132' title='bbox 223 1735 504 1809; x_wconf 90' lang='lat' dir='ltr'>crepabit,</span> <span class='ocrx_word' id='word_1_133' title='bbox 519 1735 831 1790; x_wconf 87' lang='lat' dir='ltr'>verborum</span> <span class='ocrx_word' id='word_1_134' title='bbox 863 1732 1084 1789; x_wconf 87' lang='lat' dir='ltr'>aculeis</span> <span class='ocrx_word' id='word_1_135' title='bbox 1106 1737 1347 1805; x_wconf 90' lang='lat' dir='ltr'>punget,</span> <span class='ocrx_word' id='word_1_136' title='bbox 1363 1732 1667 1789; x_wconf 87' lang='lat' dir='ltr'>insomnes</span> <span class='ocrx_word' id='word_1_137' title='bbox 1684 1738 1886 1790; x_wconf 91' lang='lat' dir='ltr'>noctes</span> 
     </span>
    </p>
   </div>
   <div class='ocr_carea' id='block_1_21' title="bbox 224 1822 1887 1898">
    <p class='ocr_par' dir='ltr' id='par_1_21' title="bbox 224 1822 1887 1898">
     <span class='ocr_line' id='line_1_21' title="bbox 224 1822 1887 1898; baseline -0.001 -17"><span class='ocrx_word' id='word_1_138' title='bbox 224 1825 491 1898; x_wconf 61' lang='lat' dir='ltr'>ducet,§in</span> <span class='ocrx_word' id='word_1_139' title='bbox 524 1824 684 1879; x_wconf 90' lang='lat' dir='ltr'>nuda</span> <span class='ocrx_word' id='word_1_140' title='bbox 711 1824 890 1879; x_wconf 89' lang='lat' dir='ltr'>humo</span> <span class='ocrx_word' id='word_1_141' title='bbox 921 1822 1467 1895; x_wconf 87' lang='lat' dir='ltr'>dormiet,corporis</span> <span class='ocrx_word' id='word_1_142' title='bbox 1500 1823 1709 1879; x_wconf 90' lang='lat' dir='ltr'>molem</span> <span class='ocrx_word' id='word_1_143' title='bbox 1733 1827 1887 1880; x_wconf 87' lang='lat' dir='ltr'>exte-</span> 
     </span>
    </p>
   </div>
   <div class='ocr_carea' id='block_1_22' title="bbox 224 1911 1884 1985">
    <p class='ocr_par' dir='ltr' id='par_1_22' title="bbox 224 1911 1884 1985">
     <span class='ocr_line' id='line_1_22' title="bbox 224 1911 1884 1985; baseline -0.001 -15"><span class='ocrx_word' id='word_1_144' title='bbox 224 1915 453 1985; x_wconf 90' lang='lat' dir='ltr'>nuabit,</span> <span class='ocrx_word' id='word_1_145' title='bbox 504 1918 738 1969; x_wconf 87' lang='lat' dir='ltr'>terrena</span> <span class='ocrx_word' id='word_1_146' title='bbox 786 1916 843 1968; x_wconf 90' lang='lat' dir='ltr'>et</span> <span class='ocrx_word' id='word_1_147' title='bbox 889 1911 1149 1968; x_wconf 67' lang='lat' dir='ltr'>coelestia</span> <span class='ocrx_word' id='word_1_148' title='bbox 1194 1911 1615 1984; x_wconf 90' lang='lat' dir='ltr'>speculabitur,</span> <span class='ocrx_word' id='word_1_149' title='bbox 1649 1926 1884 1969; x_wconf 88' lang='lat' dir='ltr'>summo</span> 
     </span>
    </p>
   </div>
   <div class='ocr_carea' id='block_1_23' title="bbox 222 2000 1887 2075">
    <p class='ocr_par' dir='ltr' id='par_1_23' title="bbox 222 2000 1887 2075">
     <span class='ocr_line' id='line_1_23' title="bbox 222 2000 1887 2075; baseline -0.002 -14"><span class='ocrx_word' id='word_1_150' title='bbox 222 2003 421 2061; x_wconf 83' lang='lat' dir='ltr'>studio</span> <span class='ocrx_word' id='word_1_151' title='bbox 454 2007 701 2059; x_wconf 90' lang='lat' dir='ltr'>mortem</span> <span class='ocrx_word' id='word_1_152' title='bbox 734 2001 1351 2057; x_wconf 90' lang='lat' dir='ltr'>meditabitur.Morbo</span> <span class='ocrx_word' id='word_1_153' title='bbox 1373 2000 1647 2057; x_wconf 88' lang='lat' dir='ltr'>laborat?</span> <span class='ocrx_word' id='word_1_154' title='bbox 1669 2003 1887 2075; x_wconf 88' lang='lat' dir='ltr'>Pugna-</span> 
     </span>
    </p>
   </div>
   <div class='ocr_carea' id='block_1_24' title="bbox 222 2091 1883 2162">
    <p class='ocr_par' dir='ltr' id='par_1_24' title="bbox 222 2091 1883 2162">
     <span class='ocr_line' id='line_1_24' title="bbox 222 2091 1883 2162; baseline -0.001 -13"><span class='ocrx_word' id='word_1_155' title='bbox 222 2093 328 2149; x_wconf 90' lang='lat' dir='ltr'>bit.</span> <span class='ocrx_word' id='word_1_156' title='bbox 362 2094 523 2160; x_wconf 85' lang='lat' dir='ltr'>Quod</span> <span class='ocrx_word' id='word_1_157' title='bbox 558 2092 609 2148; x_wconf 88' lang='lat' dir='ltr'>si</span> <span class='ocrx_word' id='word_1_158' title='bbox 640 2091 833 2148; x_wconf 89' lang='lat' dir='ltr'>victus</span> <span class='ocrx_word' id='word_1_159' title='bbox 863 2091 1059 2160; x_wconf 80' lang='lat' dir='ltr'>fuerit,</span> <span class='ocrx_word' id='word_1_160' title='bbox 1091 2091 1303 2162; x_wconf 84' lang='lat' dir='ltr'>vincet,</span> <span class='ocrx_word' id='word_1_161' title='bbox 1337 2091 1446 2147; x_wconf 90' lang='lat' dir='ltr'>hoc</span> <span class='ocrx_word' id='word_1_162' title='bbox 1474 2091 1696 2147; x_wconf 90' lang='lat' dir='ltr'>scilicet</span> <span class='ocrx_word' id='word_1_163' title='bbox 1724 2109 1883 2148; x_wconf 88' lang='lat' dir='ltr'>asse-</span> 
     </span>
    </p>
   </div>
   <div class='ocr_carea' id='block_1_25' title="bbox 222 2180 1882 2254">
    <p class='ocr_par' dir='ltr' id='par_1_25' title="bbox 222 2180 1882 2254">
     <span class='ocr_line' id='line_1_25' title="bbox 222 2180 1882 2254; baseline -0.001 -15"><span class='ocrx_word' id='word_1_164' title='bbox 222 2186 415 2252; x_wconf 86' lang='lat' dir='ltr'>cutus,</span> <span class='ocrx_word' id='word_1_165' title='bbox 450 2186 516 2238; x_wconf 91' lang='lat' dir='ltr'>ut</span> <span class='ocrx_word' id='word_1_166' title='bbox 546 2198 661 2239; x_wconf 87' lang='lat' dir='ltr'>non</span> <span class='ocrx_word' id='word_1_167' title='bbox 710 2183 837 2254; x_wconf 87' lang='lat' dir='ltr'>jam</span> <span class='ocrx_word' id='word_1_168' title='bbox 868 2180 1127 2254; x_wconf 87' lang='lat' dir='ltr'>amplius</span> <span class='ocrx_word' id='word_1_169' title='bbox 1175 2186 1415 2254; x_wconf 84' lang='lat' dir='ltr'>pugnet.</span> <span class='ocrx_word' id='word_1_170' title='bbox 1450 2181 1622 2237; x_wconf 90' lang='lat' dir='ltr'>Dives</span> <span class='ocrx_word' id='word_1_171' title='bbox 1652 2182 1790 2237; x_wconf 90' lang='lat' dir='ltr'>est?</span> <span class='ocrx_word' id='word_1_172' title='bbox 1820 2182 1882 2237; x_wconf 92' lang='lat' dir='ltr'>Id</span> 
     </span>
    </p>
   </div>
   <div class='ocr_carea' id='block_1_26' title="bbox 221 2271 1882 2344">
    <p class='ocr_par' dir='ltr' id='par_1_26' title="bbox 221 2271 1882 2344">
     <span class='ocr_line' id='line_1_26' title="bbox 221 2271 1882 2344; baseline -0.001 -15"><span class='ocrx_word' id='word_1_173' title='bbox 221 2272 418 2329; x_wconf 87' lang='lat' dir='ltr'>studio</span> <span class='ocrx_word' id='word_1_174' title='bbox 448 2272 708 2340; x_wconf 87' lang='lat' dir='ltr'>habebit,</span> <span class='ocrx_word' id='word_1_175' title='bbox 727 2276 794 2327; x_wconf 88' lang='lat' dir='ltr'>ut</span> <span class='ocrx_word' id='word_1_176' title='bbox 821 2272 1031 2343; x_wconf 89' lang='lat' dir='ltr'>opibus</span> <span class='ocrx_word' id='word_1_177' title='bbox 1063 2271 1400 2327; x_wconf 88' lang='lat' dir='ltr'>minuatur:</span> <span class='ocrx_word' id='word_1_178' title='bbox 1435 2287 1753 2344; x_wconf 86' lang='lat' dir='ltr'>pauperem</span> <span class='ocrx_word' id='word_1_179' title='bbox 1774 2272 1882 2327; x_wconf 86' lang='lat' dir='ltr'>bo-</span> 
     </span>
    </p>
   </div>
   <div class='ocr_carea' id='block_1_27' title="bbox 2004 1106 3663 1184">
    <p class='ocr_par' dir='ltr' id='par_1_27' title="bbox 2004 1106 3663 1184">
     <span class='ocr_line' id='line_1_27' title="bbox 2004 1106 3663 1184; baseline 0.002 -24"><span class='ocrx_word' id='word_1_180' title='bbox 2004 1127 2128 1162; x_wconf 86' lang='grc' dir='ltr'>πον.</span> <span class='ocrx_word' id='word_1_181' title='bbox 2162 1106 2420 1177; x_wconf 74' lang='grc' dir='ltr'>Εόεκτεῖς</span> <span class='ocrx_word' id='word_1_182' title='bbox 2473 1110 2741 1184; x_wconf 84' lang='grc' dir='ltr'>Χρήσεται</span> <span class='ocrx_word' id='word_1_183' title='bbox 2784 1112 2854 1182; x_wconf 78' lang='grc' dir='ltr'>τῇ</span> <span class='ocrx_word' id='word_1_184' title='bbox 2888 1107 3065 1183; x_wconf 80' lang='grc' dir='ltr'>ὑγιείᾳ</span> <span class='ocrx_word' id='word_1_185' title='bbox 3094 1109 3228 1181; x_wconf 86' lang='grc' dir='ltr'>πρὸς</span> <span class='ocrx_word' id='word_1_186' title='bbox 3260 1109 3321 1163; x_wconf 89' lang='grc' dir='ltr'>τὸ</span> <span class='ocrx_word' id='word_1_187' title='bbox 3359 1107 3663 1183; x_wconf 77' lang='grc' dir='ltr'>βέλτιστον·</span> 
     </span>
    </p>
   </div>
   <div class='ocr_carea' id='block_1_28' title="bbox 2003 1194 3668 1275">
    <p class='ocr_par' dir='ltr' id='par_1_28' title="bbox 2003 1194 3668 1275">
     <span class='ocr_line' id='line_1_28' title="bbox 2003 1194 3668 1275; baseline 0.001 -25"><span class='ocrx_word' id='word_1_188' title='bbox 2003 1198 2338 1269; x_wconf 76' lang='grc' dir='ltr'>νουθετήσει,</span> <span class='ocrx_word' id='word_1_189' title='bbox 2388 1194 2608 1268; x_wconf 81' lang='grc' dir='ltr'>πλήξει,</span> <span class='ocrx_word' id='word_1_190' title='bbox 2660 1196 2811 1273; x_wconf 90' lang='grc' dir='ltr'>λόγῳ</span> <span class='ocrx_word' id='word_1_191' title='bbox 2878 1196 3331 1275; x_wconf 77' lang='grc' dir='ltr'>παῤῥησιάσεται,</span> <span class='ocrx_word' id='word_1_192' title='bbox 3391 1197 3668 1274; x_wconf 87' lang='grc' dir='ltr'>ἀγρυπνή-</span> 
     </span>
    </p>
   </div>
   <div class='ocr_carea' id='block_1_29' title="bbox 2003 1285 3661 1362">
    <p class='ocr_par' dir='ltr' id='par_1_29' title="bbox 2003 1285 3661 1362">
     <span class='ocr_line' id='line_1_29' title="bbox 2003 1285 3661 1362; baseline 0.002 -23"><span class='ocrx_word' id='word_1_193' title='bbox 2003 1306 2104 1355; x_wconf 89' lang='grc' dir='ltr'>σει,</span> <span class='ocrx_word' id='word_1_194' title='bbox 2185 1288 2546 1362; x_wconf 87' lang='grc' dir='ltr'>χαμευνήσει,</span> <span class='ocrx_word' id='word_1_195' title='bbox 2632 1285 2936 1358; x_wconf 85' lang='grc' dir='ltr'>νηστεύσει,</span> <span class='ocrx_word' id='word_1_196' title='bbox 3022 1288 3245 1343; x_wconf 82' lang='grc' dir='ltr'>κενώσει</span> <span class='ocrx_word' id='word_1_197' title='bbox 3320 1288 3421 1356; x_wconf 81' lang='grc' dir='ltr'>τήν</span> <span class='ocrx_word' id='word_1_198' title='bbox 3498 1286 3661 1358; x_wconf 75' lang='grc' dir='ltr'>ὕλην,</span> 
     </span>
    </p>
   </div>
   <div class='ocr_carea' id='block_1_30' title="bbox 2001 1374 3667 1451">
    <p class='ocr_par' dir='ltr' id='par_1_30' title="bbox 2001 1374 3667 1451">
     <span class='ocr_line' id='line_1_30' title="bbox 2001 1374 3667 1451; baseline 0.002 -22"><span class='ocrx_word' id='word_1_199' title='bbox 2001 1374 2265 1451; x_wconf 84' lang='grc' dir='ltr'>θεωρήσει</span> <span class='ocrx_word' id='word_1_200' title='bbox 2317 1375 2386 1431; x_wconf 70' lang='grc' dir='ltr'>τὰ</span> <span class='ocrx_word' id='word_1_201' title='bbox 2449 1376 2662 1451; x_wconf 79' lang='grc' dir='ltr'>ἐπίγεια</span> <span class='ocrx_word' id='word_1_202' title='bbox 2718 1375 2810 1431; x_wconf 82' lang='grc' dir='ltr'>καὶ</span> <span class='ocrx_word' id='word_1_203' title='bbox 2867 1377 2939 1433; x_wconf 74' lang='grc' dir='ltr'>τὰ</span> <span class='ocrx_word' id='word_1_204' title='bbox 2993 1376 3239 1451; x_wconf 76' lang='grc' dir='ltr'>οὐράνια,</span> <span class='ocrx_word' id='word_1_205' title='bbox 3311 1377 3449 1431; x_wconf 80' lang='grc' dir='ltr'>κατὰ</span> <span class='ocrx_word' id='word_1_206' title='bbox 3494 1382 3667 1432; x_wconf 76' lang='grc' dir='ltr'>πᾶσαν</span> 
     </span>
    </p>
   </div>
   <div class='ocr_carea' id='block_1_31' title="bbox 2001 1463 3663 1541">
    <p class='ocr_par' dir='ltr' id='par_1_31' title="bbox 2001 1463 3663 1541">
     <span class='ocr_line' id='line_1_31' title="bbox 2001 1463 3663 1541; baseline 0.002 -23"><span class='ocrx_word' id='word_1_207' title='bbox 2001 1464 2241 1534; x_wconf 80' lang='grc' dir='ltr'>σπουδὴν</span> <span class='ocrx_word' id='word_1_208' title='bbox 2278 1463 2567 1538; x_wconf 76' lang='grc' dir='ltr'>μελετήσει</span> <span class='ocrx_word' id='word_1_209' title='bbox 2614 1466 2706 1520; x_wconf 86' lang='grc' dir='ltr'>τὸν</span> <span class='ocrx_word' id='word_1_210' title='bbox 2768 1464 3013 1522; x_wconf 81' lang='grc' dir='ltr'>θάνατον.</span> <span class='ocrx_word' id='word_1_211' title='bbox 3078 1465 3494 1541; x_wconf 79' lang='grc' dir='ltr'>’Δῤῥωστήσει;</span> <span class='ocrx_word' id='word_1_212' title='bbox 3547 1473 3663 1521; x_wconf 84' lang='grc' dir='ltr'>Μα-</span> 
     </span>
    </p>
   </div>
   <div class='ocr_carea' id='block_1_32' title="bbox 1998 1550 3660 1629">
    <p class='ocr_par' dir='ltr' id='par_1_32' title="bbox 1998 1550 3660 1629">
     <span class='ocr_line' id='line_1_32' title="bbox 1998 1550 3660 1629; baseline 0.001 -20"><span class='ocrx_word' id='word_1_213' title='bbox 1998 1556 2229 1629; x_wconf 86' lang='grc' dir='ltr'>χήσεται</span> <span class='ocrx_word' id='word_1_214' title='bbox 2265 1574 2278 1588; x_wconf 85' lang='grc'>⁶</span> <span class='ocrx_word' id='word_1_215' title='bbox 2338 1554 2397 1609; x_wconf 76' lang='grc' dir='ltr'>ἂν</span> <span class='ocrx_word' id='word_1_216' title='bbox 2451 1552 2509 1610; x_wconf 71' lang='grc' dir='ltr'>δὲ</span> <span class='ocrx_word' id='word_1_217' title='bbox 2545 1556 2779 1629; x_wconf 79' lang='grc' dir='ltr'>ἡττηθῇ,</span> <span class='ocrx_word' id='word_1_218' title='bbox 2838 1557 3051 1625; x_wconf 75' lang='grc' dir='ltr'>νικήσει</span> <span class='ocrx_word' id='word_1_219' title='bbox 3100 1550 3285 1610; x_wconf 77' lang='grc' dir='ltr'>λαϐὼν</span> <span class='ocrx_word' id='word_1_220' title='bbox 3340 1556 3404 1610; x_wconf 86' lang='grc' dir='ltr'>τὸ</span> <span class='ocrx_word' id='word_1_221' title='bbox 3468 1555 3660 1628; x_wconf 80' lang='grc' dir='ltr'>μηκέτι</span> 
     </span>
    </p>
   </div>
   <div class='ocr_carea' id='block_1_33' title="bbox 2000 1642 3660 1721">
    <p class='ocr_par' dir='ltr' id='par_1_33' title="bbox 2000 1642 3660 1721">
     <span class='ocr_line' id='line_1_33' title="bbox 2000 1642 3660 1721; baseline 0.001 -24"><span class='ocrx_word' id='word_1_222' title='bbox 2000 1642 2285 1719; x_wconf 65' lang='grc' dir='ltr'>μάχεσθαι.</span> <span class='ocrx_word' id='word_1_223' title='bbox 2337 1643 2607 1706; x_wconf 76' lang='grc' dir='ltr'>Πλούσιός</span> <span class='ocrx_word' id='word_1_224' title='bbox 2655 1644 2766 1699; x_wconf 83' lang='grc' dir='ltr'>ἐστι</span> <span class='ocrx_word' id='word_1_225' title='bbox 2802 1664 2815 1714; x_wconf 89' lang='lat'><strong>;</strong></span> <span class='ocrx_word' id='word_1_226' title='bbox 2868 1644 3240 1721; x_wconf 82' lang='grc' dir='ltr'>Φιλοσοφήσει</span> <span class='ocrx_word' id='word_1_227' title='bbox 3280 1643 3344 1699; x_wconf 82' lang='grc' dir='ltr'>τὸ</span> <span class='ocrx_word' id='word_1_228' title='bbox 3374 1642 3660 1699; x_wconf 86' lang='grc' dir='ltr'>ἀποπλου-</span> 
     </span>
    </p>
   </div>
   <div class='ocr_carea' id='block_1_34' title="bbox 1994 1728 3657 1807">
    <p class='ocr_par' dir='ltr' id='par_1_34' title="bbox 1994 1728 3657 1807">
     <span class='ocr_line' id='line_1_34' title="bbox 1994 1728 3657 1807; baseline 0.001 -20"><span class='ocrx_word' id='word_1_229' title='bbox 1994 1738 2127 1803; x_wconf 85' lang='grc' dir='ltr'>τεῖν,</span> <span class='ocrx_word' id='word_1_230' title='bbox 2184 1731 2481 1807; x_wconf 80' lang='grc' dir='ltr'>μεταδώσει</span> <span class='ocrx_word' id='word_1_231' title='bbox 2530 1739 2607 1806; x_wconf 79' lang='grc' dir='ltr'>τῷ</span> <span class='ocrx_word' id='word_1_232' title='bbox 2664 1730 2909 1806; x_wconf 84' lang='grc' dir='ltr'>δεομένῳ</span> <span class='ocrx_word' id='word_1_233' title='bbox 2955 1738 3063 1789; x_wconf 79' lang='grc' dir='ltr'>τῶν</span> <span class='ocrx_word' id='word_1_234' title='bbox 3106 1728 3298 1804; x_wconf 75' lang='grc' dir='ltr'>ὄντων,</span> <span class='ocrx_word' id='word_1_235' title='bbox 3330 1734 3405 1795; x_wconf 81' lang='grc' dir='ltr'>ὡς</span> <span class='ocrx_word' id='word_1_236' title='bbox 3445 1734 3657 1789; x_wconf 75' lang='grc' dir='ltr'>οἰκονό-</span> 
     </span>
    </p>
   </div>
   <div class='ocr_carea' id='block_1_35' title="bbox 1999 1820 3663 1898">
    <p class='ocr_par' dir='ltr' id='par_1_35' title="bbox 1999 1820 3663 1898">
     <span class='ocr_line' id='line_1_35' title="bbox 1999 1820 3663 1898; baseline -0.001 -21"><span class='ocrx_word' id='word_1_237' title='bbox 1999 1843 2100 1895; x_wconf 84' lang='grc' dir='ltr'>μος</span> <span class='ocrx_word' id='word_1_238' title='bbox 2130 1827 2239 1877; x_wconf 79' lang='grc' dir='ltr'>τῶν</span> <span class='ocrx_word' id='word_1_239' title='bbox 2272 1821 2602 1898; x_wconf 71' lang='grc' dir='ltr'>ἀλλοτρίων·</span> <span class='ocrx_word' id='word_1_240' title='bbox 2630 1820 2704 1876; x_wconf 58' lang='grc' dir='ltr'>τἶν’</span> <span class='ocrx_word' id='word_1_241' title='bbox 2760 1822 2961 1885; x_wconf 68' lang='grc' dir='ltr'>ἐκεῖνός</span> <span class='ocrx_word' id='word_1_242' title='bbox 2991 1843 3050 1877; x_wconf 93' lang='grc' dir='ltr'>τε</span> <span class='ocrx_word' id='word_1_243' title='bbox 3082 1822 3137 1877; x_wconf 81' lang='grc' dir='ltr'>εὗ</span> <span class='ocrx_word' id='word_1_244' title='bbox 3170 1824 3314 1896; x_wconf 82' lang='grc' dir='ltr'>πάθῃ</span> <span class='ocrx_word' id='word_1_245' title='bbox 3364 1825 3435 1892; x_wconf 78' lang='grc' dir='ltr'>τῆ</span> <span class='ocrx_word' id='word_1_246' title='bbox 3494 1844 3663 1896; x_wconf 84' lang='grc' dir='ltr'>μετα-.</span> 
     </span>
    </p>
   </div>
   <div class='ocr_carea' id='block_1_36' title="bbox 1996 1908 3655 1989">
    <p class='ocr_par' dir='ltr' id='par_1_36' title="bbox 1996 1908 3655 1989">
     <span class='ocr_line' id='line_1_36' title="bbox 1996 1908 3655 1989; baseline -0.001 -23"><span class='ocrx_word' id='word_1_247' title='bbox 1996 1908 2185 1986; x_wconf 81' lang='grc' dir='ltr'>λήψει.</span> <span class='ocrx_word' id='word_1_248' title='bbox 2246 1913 2335 1968; x_wconf 83' lang='grc' dir='ltr'>καὶ</span> <span class='ocrx_word' id='word_1_249' title='bbox 2396 1910 2589 1974; x_wconf 79' lang='grc' dir='ltr'>αὐτοὺς</span> <span class='ocrx_word' id='word_1_250' title='bbox 2644 1910 2781 1989; x_wconf 74' lang='grc' dir='ltr'>πρὸς</span> <span class='ocrx_word' id='word_1_251' title='bbox 2823 1913 2952 1968; x_wconf 89' lang='grc' dir='ltr'>Θεὸν</span> <span class='ocrx_word' id='word_1_252' title='bbox 2999 1914 3274 1989; x_wconf 84' lang='grc' dir='ltr'>συναχθῆ,</span> <span class='ocrx_word' id='word_1_253' title='bbox 3309 1910 3478 1985; x_wconf 72' lang='grc' dir='ltr'>μηδὲν</span> <span class='ocrx_word' id='word_1_254' title='bbox 3512 1908 3655 1989; x_wconf 75' lang='grc' dir='ltr'>ἔχων</span> 
     </span>
    </p>
   </div>
   <div class='ocr_carea' id='block_1_37' title="bbox 1994 2001 3660 2079">
    <p class='ocr_par' dir='ltr' id='par_1_37' title="bbox 1994 2001 3660 2079">
     <span class='ocr_line' id='line_1_37' title="bbox 1994 2001 3660 2079; baseline 0.001 -23"><span class='ocrx_word' id='word_1_255' title='bbox 1994 2002 2141 2070; x_wconf 81' lang='grc' dir='ltr'>πλὴν</span> <span class='ocrx_word' id='word_1_256' title='bbox 2165 2007 2263 2057; x_wconf 79' lang='grc' dir='ltr'>τοῦ</span> <span class='ocrx_word' id='word_1_257' title='bbox 2304 2006 2536 2079; x_wconf 87' lang='grc' dir='ltr'>σταυροῦ</span> <span class='ocrx_word' id='word_1_258' title='bbox 2573 2002 2665 2057; x_wconf 84' lang='grc' dir='ltr'>καὶ</span> <span class='ocrx_word' id='word_1_259' title='bbox 2720 2007 2819 2057; x_wconf 75' lang='grc' dir='ltr'>τοῦ</span> <span class='ocrx_word' id='word_1_260' title='bbox 2850 2003 3134 2075; x_wconf 82' lang='grc' dir='ltr'>σώματος.</span> <span class='ocrx_word' id='word_1_261' title='bbox 3169 2001 3429 2071; x_wconf 84' lang='grc' dir='ltr'>Πένεται;</span> <span class='ocrx_word' id='word_1_262' title='bbox 3483 2009 3660 2057; x_wconf 76' lang='grc' dir='ltr'>Πλου-</span> 
     </span>
    </p>
   </div>
   <div class='ocr_carea' id='block_1_38' title="bbox 1994 2090 3659 2168">
    <p class='ocr_par' dir='ltr' id='par_1_38' title="bbox 1994 2090 3659 2168">
     <span class='ocr_line' id='line_1_38' title="bbox 1994 2090 3659 2168; baseline -0.001 -22"><span class='ocrx_word' id='word_1_263' title='bbox 1994 2094 2148 2163; x_wconf 90' lang='grc' dir='ltr'>τήσει</span> <span class='ocrx_word' id='word_1_264' title='bbox 2197 2093 2349 2166; x_wconf 80' lang='grc' dir='ltr'>Θεὸν,</span> <span class='ocrx_word' id='word_1_265' title='bbox 2400 2091 2490 2147; x_wconf 85' lang='grc' dir='ltr'>καὶ</span> <span class='ocrx_word' id='word_1_266' title='bbox 2546 2094 2608 2147; x_wconf 86' lang='grc' dir='ltr'>τὸ</span> <span class='ocrx_word' id='word_1_267' title='bbox 2663 2090 2964 2168; x_wconf 82' lang='grc' dir='ltr'>καταγελᾷν</span> <span class='ocrx_word' id='word_1_268' title='bbox 3009 2096 3117 2146; x_wconf 80' lang='grc' dir='ltr'>τῶν</span> <span class='ocrx_word' id='word_1_269' title='bbox 3172 2091 3430 2167; x_wconf 77' lang='grc' dir='ltr'>ἐχόντων,</span> <span class='ocrx_word' id='word_1_270' title='bbox 3475 2092 3548 2153; x_wconf 82' lang='grc' dir='ltr'>ὡς</span> <span class='ocrx_word' id='word_1_271' title='bbox 3578 2091 3659 2146; x_wconf 66' lang='grc' dir='ltr'>ἀεῖ</span> 
     </span>
    </p>
   </div>
   <div class='ocr_carea' id='block_1_39' title="bbox 1999 2180 3658 2257">
    <p class='ocr_par' dir='ltr' id='par_1_39' title="bbox 1999 2180 3658 2257">
     <span class='ocr_line' id='line_1_39' title="bbox 1999 2180 3658 2257; baseline -0.001 -21"><span class='ocrx_word' id='word_1_272' title='bbox 1999 2182 2094 2255; x_wconf 73' lang='grc' dir='ltr'>μὲν</span> <span class='ocrx_word' id='word_1_273' title='bbox 2141 2184 2462 2257; x_wconf 85' lang='grc' dir='ltr'>κτωμένων,</span> <span class='ocrx_word' id='word_1_274' title='bbox 2514 2182 2597 2237; x_wconf 80' lang='grc' dir='ltr'>ἀεὶ</span> <span class='ocrx_word' id='word_1_275' title='bbox 2649 2180 2706 2238; x_wconf 71' lang='grc' dir='ltr'>δὲ</span> <span class='ocrx_word' id='word_1_276' title='bbox 2762 2182 3095 2256; x_wconf 77' lang='grc' dir='ltr'>πενομένων,</span> <span class='ocrx_word' id='word_1_277' title='bbox 3146 2182 3227 2254; x_wconf 77' lang='grc' dir='ltr'>τῷ</span> <span class='ocrx_word' id='word_1_278' title='bbox 3298 2180 3501 2236; x_wconf 86' lang='grc' dir='ltr'>δεῖσθαι</span> <span class='ocrx_word' id='word_1_279' title='bbox 3559 2184 3658 2235; x_wconf 77' lang='grc' dir='ltr'>τοῦ</span> 
     </span>
    </p>
   </div>
   <div class='ocr_carea' id='block_1_40' title="bbox 1993 2268 3567 2345">
    <p class='ocr_par' dir='ltr' id='par_1_40' title="bbox 1993 2268 3567 2345">
     <span class='ocr_line' id='line_1_40' title="bbox 1993 2268 3567 2345; baseline 0.001 -19"><span class='ocrx_word' id='word_1_280' title='bbox 1993 2270 2272 2345; x_wconf 80' lang='grc' dir='ltr'>πλείονος,</span> <span class='ocrx_word' id='word_1_281' title='bbox 2302 2273 2393 2327; x_wconf 84' lang='grc' dir='ltr'>καὶ</span> <span class='ocrx_word' id='word_1_282' title='bbox 2424 2271 2691 2327; x_wconf 86' lang='grc' dir='ltr'>πινόντων</span> <span class='ocrx_word' id='word_1_283' title='bbox 2745 2269 2839 2327; x_wconf 68' lang='grc' dir='ltr'>’ἱνα</span> <span class='ocrx_word' id='word_1_284' title='bbox 2895 2270 3065 2327; x_wconf 80' lang='grc' dir='ltr'>πλέου</span> <span class='ocrx_word' id='word_1_285' title='bbox 3096 2274 3211 2343; x_wconf 85' lang='grc'>(89)</span> <span class='ocrx_word' id='word_1_286' title='bbox 3244 2268 3567 2345; x_wconf 78' lang='grc' dir='ltr'>διψήσωσιν.</span> 
     </span>
    </p>
   </div>
   <div class='ocr_carea' id='block_1_41' title="bbox 220 2360 3658 2436">
    <p class='ocr_par' dir='ltr' id='par_1_41' title="bbox 220 2360 3658 2436">
     <span class='ocr_line' id='line_1_41' title="bbox 220 2360 3658 2436; baseline -0.001 -17"><span class='ocrx_word' id='word_1_287' title='bbox 220 2367 432 2419; x_wconf 82' lang='lat' dir='ltr'>norum</span> <span class='ocrx_word' id='word_1_288' title='bbox 464 2379 710 2419; x_wconf 90' lang='lat' dir='ltr'>suorum</span> <span class='ocrx_word' id='word_1_289' title='bbox 742 2360 1089 2434; x_wconf 86' lang='lat' dir='ltr'>participem</span> <span class='ocrx_word' id='word_1_290' title='bbox 1122 2360 1314 2429; x_wconf 87' lang='lat' dir='ltr'>faciet,</span> <span class='ocrx_word' id='word_1_291' title='bbox 1364 2364 1648 2433; x_wconf 83' lang='lat' dir='ltr'>tanquam</span> <span class='ocrx_word' id='word_1_292' title='bbox 1679 2360 2006 2418; x_wconf 90' lang='lat' dir='ltr'>alienorum</span> <span class='ocrx_word' id='word_1_293' title='bbox 2036 2363 2455 2436; x_wconf 69' lang='lat' dir='ltr'>:dispensator,</span> <span class='ocrx_word' id='word_1_294' title='bbox 2490 2368 2557 2419; x_wconf 88' lang='lat' dir='ltr'>ut</span> <span class='ocrx_word' id='word_1_295' title='bbox 2587 2368 2646 2420; x_wconf 91' lang='lat' dir='ltr'>et</span> <span class='ocrx_word' id='word_1_296' title='bbox 2696 2363 2793 2419; x_wconf 91' lang='lat' dir='ltr'>ille</span> <span class='ocrx_word' id='word_1_297' title='bbox 2823 2364 2932 2419; x_wconf 91' lang='lat' dir='ltr'>hac</span> <span class='ocrx_word' id='word_1_298' title='bbox 2976 2362 3349 2436; x_wconf 86' lang='lat' dir='ltr'>perceptione</span> <span class='ocrx_word' id='word_1_299' title='bbox 3394 2364 3658 2434; x_wconf 62' lang='lat' dir='ltr'>juvetur,</span> 
     </span>
    </p>
   </div>
   <div class='ocr_carea' id='block_1_42' title="bbox 218 2450 3658 2526">
    <p class='ocr_par' dir='ltr' id='par_1_42' title="bbox 218 2450 3658 2526">
     <span class='ocr_line' id='line_1_42' title="bbox 218 2450 3658 2526; baseline -0 -18"><span class='ocrx_word' id='word_1_300' title='bbox 218 2457 278 2509; x_wconf 87' lang='lat' dir='ltr'>et</span> <span class='ocrx_word' id='word_1_301' title='bbox 304 2452 431 2525; x_wconf 86' lang='lat' dir='ltr'>ipse</span> <span class='ocrx_word' id='word_1_302' title='bbox 462 2453 534 2508; x_wconf 89' lang='lat' dir='ltr'>ad</span> <span class='ocrx_word' id='word_1_303' title='bbox 570 2453 750 2508; x_wconf 89' lang='lat' dir='ltr'>Deum</span> <span class='ocrx_word' id='word_1_304' title='bbox 783 2450 1113 2523; x_wconf 88' lang='lat' dir='ltr'>colligatur,</span> <span class='ocrx_word' id='word_1_305' title='bbox 1146 2450 1291 2506; x_wconf 91' lang='lat' dir='ltr'>nihil</span> <span class='ocrx_word' id='word_1_306' title='bbox 1345 2454 1553 2522; x_wconf 68' lang='lat' dir='ltr'>praeter</span> <span class='ocrx_word' id='word_1_307' title='bbox 1583 2467 1815 2507; x_wconf 89' lang='lat' dir='ltr'>crucem</span> <span class='ocrx_word' id='word_1_308' title='bbox 1865 2455 1923 2507; x_wconf 93' lang='lat' dir='ltr'>et</span> <span class='ocrx_word' id='word_1_309' title='bbox 1952 2469 2165 2525; x_wconf 91' lang='lat' dir='ltr'>corpus</span> <span class='ocrx_word' id='word_1_310' title='bbox 2197 2452 2437 2509; x_wconf 90' lang='lat' dir='ltr'>habens.</span> <span class='ocrx_word' id='word_1_311' title='bbox 2484 2453 2714 2526; x_wconf 90' lang='lat' dir='ltr'>Pauper</span> <span class='ocrx_word' id='word_1_312' title='bbox 2759 2453 2898 2509; x_wconf 90' lang='lat' dir='ltr'>est?</span> <span class='ocrx_word' id='word_1_313' title='bbox 2930 2452 3036 2509; x_wconf 93' lang='lat' dir='ltr'>Pro</span> <span class='ocrx_word' id='word_1_314' title='bbox 3065 2451 3285 2508; x_wconf 89' lang='lat' dir='ltr'>divitiis</span> <span class='ocrx_word' id='word_1_315' title='bbox 3333 2451 3519 2508; x_wconf 90' lang='lat' dir='ltr'>Deum</span> <span class='ocrx_word' id='word_1_316' title='bbox 3550 2451 3658 2507; x_wconf 91' lang='lat' dir='ltr'>ha-</span> 
     </span>
    </p>
   </div>
   <div class='ocr_carea' id='block_1_43' title="bbox 218 2538 3646 2619">
    <p class='ocr_par' dir='ltr' id='par_1_43' title="bbox 218 2538 3646 2619">
     <span class='ocr_line' id='line_1_43' title="bbox 218 2538 3646 2619; baseline -0.001 -21"><span class='ocrx_word' id='word_1_317' title='bbox 218 2540 399 2611; x_wconf 89' lang='lat' dir='ltr'>bebit,</span> <span class='ocrx_word' id='word_1_318' title='bbox 432 2545 490 2597; x_wconf 90' lang='lat' dir='ltr'>et</span> <span class='ocrx_word' id='word_1_319' title='bbox 518 2540 726 2597; x_wconf 90' lang='lat' dir='ltr'>divites</span> <span class='ocrx_word' id='word_1_320' title='bbox 755 2539 1043 2607; x_wconf 90' lang='lat' dir='ltr'>irridebit,</span> <span class='ocrx_word' id='word_1_321' title='bbox 1075 2543 1141 2595; x_wconf 90' lang='lat' dir='ltr'>ut</span> <span class='ocrx_word' id='word_1_322' title='bbox 1188 2539 1312 2611; x_wconf 90' lang='lat' dir='ltr'>qui,</span> <span class='ocrx_word' id='word_1_323' title='bbox 1343 2538 1481 2594; x_wconf 90' lang='lat' dir='ltr'>licet</span> <span class='ocrx_word' id='word_1_324' title='bbox 1512 2540 1816 2595; x_wconf 87' lang='lat' dir='ltr'>facultates</span> <span class='ocrx_word' id='word_1_325' title='bbox 1866 2557 2005 2597; x_wconf 90' lang='lat' dir='ltr'>suas</span> <span class='ocrx_word' id='word_1_326' title='bbox 2035 2542 2299 2613; x_wconf 89' lang='lat' dir='ltr'>quotidie</span> <span class='ocrx_word' id='word_1_327' title='bbox 2349 2546 2625 2614; x_wconf 87' lang='lat' dir='ltr'>augeant,</span> <span class='ocrx_word' id='word_1_328' title='bbox 2657 2558 2891 2614; x_wconf 88' lang='lat' dir='ltr'>semper</span> <span class='ocrx_word' id='word_1_329' title='bbox 2936 2554 3134 2598; x_wconf 82' lang='lat' dir='ltr'>tamen</span> <span class='ocrx_word' id='word_1_330' title='bbox 3184 2557 3473 2613; x_wconf 86' lang='lat' dir='ltr'>pauperes</span> <span class='ocrx_word' id='word_1_331' title='bbox 3507 2541 3646 2619; x_wconf 65' lang='lat' dir='ltr'>sint,</span> 
     </span>
    </p>
   </div>
   <div class='ocr_carea' id='block_1_44' title="bbox 220 2628 2325 2703">
    <p class='ocr_par' dir='ltr' id='par_1_44' title="bbox 220 2628 2325 2703">
     <span class='ocr_line' id='line_1_44' title="bbox 220 2628 2325 2703; baseline 0 -17"><span class='ocrx_word' id='word_1_332' title='bbox 220 2629 362 2703; x_wconf 87' lang='lat' dir='ltr'>quia</span> <span class='ocrx_word' id='word_1_333' title='bbox 391 2630 662 2703; x_wconf 87' lang='lat' dir='ltr'>pluribus</span> <span class='ocrx_word' id='word_1_334' title='bbox 692 2628 979 2702; x_wconf 86' lang='lat' dir='ltr'>indigent,</span> <span class='ocrx_word' id='word_1_335' title='bbox 1013 2628 1366 2700; x_wconf 86' lang='lat' dir='ltr'>bibuntque,</span> <span class='ocrx_word' id='word_1_336' title='bbox 1393 2633 1458 2684; x_wconf 86' lang='lat' dir='ltr'>ut</span> <span class='ocrx_word' id='word_1_337' title='bbox 1488 2629 1697 2701; x_wconf 72' lang='lat' dir='ltr'>majori</span> <span class='ocrx_word' id='word_1_338' title='bbox 1730 2629 1826 2685; x_wconf 90' lang='lat' dir='ltr'>siti</span> <span class='ocrx_word' id='word_1_339' title='bbox 1861 2630 2325 2687; x_wconf 88' lang='lat' dir='ltr'>inﬂammentur.</span> 
     </span>
    </p>
   </div>
   <div class='ocr_carea' id='block_1_45' title="bbox 290 2719 1882 2791">
    <p class='ocr_par' dir='ltr' id='par_1_45' title="bbox 290 2719 1882 2791">
     <span class='ocr_line' id='line_1_45' title="bbox 290 2719 1882 2791; baseline -0.001 -15"><span class='ocrx_word' id='word_1_340' title='bbox 290 2720 416 2778; x_wconf 90' lang='lat' dir='ltr'>XII.</span> <span class='ocrx_word' id='word_1_341' title='bbox 458 2721 632 2778; x_wconf 90' lang='lat' dir='ltr'>Fame</span> <span class='ocrx_word' id='word_1_342' title='bbox 660 2719 946 2775; x_wconf 84' lang='lat' dir='ltr'>vexatur?</span> <span class='ocrx_word' id='word_1_343' title='bbox 976 2719 1122 2775; x_wconf 91' lang='lat' dir='ltr'>Cum</span> <span class='ocrx_word' id='word_1_344' title='bbox 1171 2719 1377 2775; x_wconf 90' lang='lat' dir='ltr'>avibus</span> <span class='ocrx_word' id='word_1_345' title='bbox 1424 2719 1632 2791; x_wconf 86' lang='lat' dir='ltr'>aletur,</span> <span class='ocrx_word' id='word_1_346' title='bbox 1664 2719 1882 2791; x_wconf 89' lang='lat' dir='ltr'>quibus</span> 
     </span>
    </p>
   </div>
   <div class='ocr_carea' id='block_1_46' title="bbox 218 2808 1887 2881">
    <p class='ocr_par' dir='ltr' id='par_1_46' title="bbox 218 2808 1887 2881">
     <span class='ocr_line' id='line_1_46' title="bbox 218 2808 1887 2881; baseline -0.002 -15"><span class='ocrx_word' id='word_1_347' title='bbox 218 2809 412 2866; x_wconf 90' lang='lat' dir='ltr'>victus</span> <span class='ocrx_word' id='word_1_348' title='bbox 461 2808 710 2867; x_wconf 88' lang='lat' dir='ltr'>sationis</span> <span class='ocrx_word' id='word_1_349' title='bbox 749 2813 804 2866; x_wconf 90' lang='lat' dir='ltr'>et</span> <span class='ocrx_word' id='word_1_350' title='bbox 839 2809 1120 2865; x_wconf 86' lang='lat' dir='ltr'>arationis</span> <span class='ocrx_word' id='word_1_351' title='bbox 1172 2824 1378 2881; x_wconf 85' lang='lat' dir='ltr'>expers</span> <span class='ocrx_word' id='word_1_352' title='bbox 1427 2812 1518 2864; x_wconf 91' lang='lat' dir='ltr'>est</span> <span class='ocrx_word' id='word_1_353' title='bbox 1548 2825 1561 2863; x_wconf 89' lang='lat'><strong>:</strong></span> <span class='ocrx_word' id='word_1_354' title='bbox 1596 2825 1730 2865; x_wconf 90' lang='lat' dir='ltr'>cum</span> <span class='ocrx_word' id='word_1_355' title='bbox 1760 2808 1887 2864; x_wconf 88' lang='lat' dir='ltr'>Elia</span> 
     </span>
    </p>
   </div>
   <div class='ocr_carea' id='block_1_47' title="bbox 220 2898 1885 2973">
    <p class='ocr_par' dir='ltr' id='par_1_47' title="bbox 220 2898 1885 2973">
     <span class='ocr_line' id='line_1_47' title="bbox 220 2898 1885 2973; baseline -0.001 -17"><span class='ocrx_word' id='word_1_356' title='bbox 220 2900 376 2973; x_wconf 89' lang='lat' dir='ltr'>apud</span> <span class='ocrx_word' id='word_1_357' title='bbox 409 2900 877 2973; x_wconf 88' lang='lat' dir='ltr'>Sarephthanam</span> <span class='ocrx_word' id='word_1_358' title='bbox 920 2900 1073 2957; x_wconf 84' lang='lat' dir='ltr'>vivet</span> <span class='ocrx_word' id='word_1_359' title='bbox 1104 2916 1118 2954; x_wconf 87' lang='lat'><strong>:</strong></span> <span class='ocrx_word' id='word_1_360' title='bbox 1152 2898 1416 2971; x_wconf 78' lang='lat' dir='ltr'>Lecythus</span> <span class='ocrx_word' id='word_1_361' title='bbox 1452 2900 1562 2955; x_wconf 81' lang='lat' dir='ltr'>olei</span> <span class='ocrx_word' id='word_1_362' title='bbox 1590 2916 1703 2955; x_wconf 82' lang='lat' dir='ltr'>non</span> <span class='ocrx_word' id='word_1_363' title='bbox 1750 2900 1885 2971; x_wconf 82' lang='lat' dir='ltr'>deﬁ-</span> 
     </span>
    </p>
   </div>
   <div class='ocr_carea' id='block_1_48' title="bbox 220 2989 1887 3062">
    <p class='ocr_par' dir='ltr' id='par_1_48' title="bbox 220 2989 1887 3062">
     <span class='ocr_line' id='line_1_48' title="bbox 220 2989 1887 3062; baseline -0.001 -16"><span class='ocrx_word' id='word_1_364' title='bbox 220 2992 343 3059; x_wconf 84' lang='lat' dir='ltr'>ciet,</span> <span class='ocrx_word' id='word_1_365' title='bbox 395 2994 447 3047; x_wconf 86' lang='lat' dir='ltr'>et</span> <span class='ocrx_word' id='word_1_366' title='bbox 497 2990 702 3062; x_wconf 76' lang='lat' dir='ltr'>hydria</span> <span class='ocrx_word' id='word_1_367' title='bbox 750 2991 952 3062; x_wconf 72' lang='lat' dir='ltr'>farinae</span> <span class='ocrx_word' id='word_1_368' title='bbox 999 3006 1109 3045; x_wconf 79' lang='lat' dir='ltr'>non</span> <span class='ocrx_word' id='word_1_369' title='bbox 1145 2991 1432 3045; x_wconf 82' lang='lat' dir='ltr'>minuetur</span> <span class='ocrx_word' id='word_1_370' title='bbox 1461 2989 1501 3045; x_wconf 76' lang='grc'>⁸.</span> <span class='ocrx_word' id='word_1_371' title='bbox 1552 2989 1673 3057; x_wconf 86' lang='lat' dir='ltr'>111e,</span> <span class='ocrx_word' id='word_1_372' title='bbox 1708 2989 1887 3045; x_wconf 81' lang='lat' dir='ltr'>fontis</span> 
     </span>
    </p>
   </div>
   <div class='ocr_carea' id='block_1_49' title="bbox 220 3079 1890 3152">
    <p class='ocr_par' dir='ltr' id='par_1_49' title="bbox 220 3079 1890 3152">
     <span class='ocr_line' id='line_1_49' title="bbox 220 3079 1890 3152; baseline -0.003 -14"><span class='ocrx_word' id='word_1_373' title='bbox 220 3081 427 3149; x_wconf 82' lang='lat' dir='ltr'>instar,</span> <span class='ocrx_word' id='word_1_374' title='bbox 460 3095 695 3152; x_wconf 89' lang='lat' dir='ltr'>semper</span> <span class='ocrx_word' id='word_1_375' title='bbox 720 3079 999 3137; x_wconf 87' lang='lat' dir='ltr'>scaturiet</span> <span class='ocrx_word' id='word_1_376' title='bbox 1028 3105 1042 3149; x_wconf 85' lang='lat'><strong>;</strong></span> <span class='ocrx_word' id='word_1_377' title='bbox 1074 3079 1194 3135; x_wconf 66' lang='lat' dir='ltr'>haec</span> <span class='ocrx_word' id='word_1_378' title='bbox 1226 3079 1484 3135; x_wconf 88' lang='lat' dir='ltr'>fructum</span> <span class='ocrx_word' id='word_1_379' title='bbox 1505 3080 1739 3152; x_wconf 87' lang='lat' dir='ltr'>copiose</span> <span class='ocrx_word' id='word_1_380' title='bbox 1760 3095 1890 3150; x_wconf 91' lang='lat' dir='ltr'>pro-</span> 
     </span>
    </p>
   </div>
   <div class='ocr_carea' id='block_1_50' title="bbox 223 3169 1891 3242">
    <p class='ocr_par' dir='ltr' id='par_1_50' title="bbox 223 3169 1891 3242">
     <span class='ocr_line' id='line_1_50' title="bbox 223 3169 1891 3242; baseline -0.003 -14"><span class='ocrx_word' id='word_1_381' title='bbox 223 3172 473 3237; x_wconf 83' lang='lat' dir='ltr'>feret,ut</span> <span class='ocrx_word' id='word_1_382' title='bbox 499 3169 677 3227; x_wconf 87' lang='lat' dir='ltr'>vidua</span> <span class='ocrx_word' id='word_1_383' title='bbox 706 3170 1006 3242; x_wconf 88' lang='lat' dir='ltr'>hospitum</span> <span class='ocrx_word' id='word_1_384' title='bbox 1039 3169 1307 3226; x_wconf 87' lang='lat' dir='ltr'>studiosa</span> <span class='ocrx_word' id='word_1_385' title='bbox 1333 3169 1757 3236; x_wconf 88' lang='lat' dir='ltr'>bonoretur,ac</span> <span class='ocrx_word' id='word_1_386' title='bbox 1786 3186 1891 3224; x_wconf 89' lang='lat' dir='ltr'>nu-</span> 
     </span>
    </p>
   </div>
   <div class='ocr_carea' id='block_1_51' title="bbox 223 3256 1893 3331">
    <p class='ocr_par' dir='ltr' id='par_1_51' title="bbox 223 3256 1893 3331">
     <span class='ocr_line' id='line_1_51' title="bbox 223 3256 1893 3331; baseline -0.002 -15"><span class='ocrx_word' id='word_1_387' title='bbox 223 3261 341 3316; x_wconf 83' lang='lat' dir='ltr'>trix</span> <span class='ocrx_word' id='word_1_388' title='bbox 388 3258 702 3315; x_wconf 87' lang='lat' dir='ltr'>nutriatur.</span> <span class='ocrx_word' id='word_1_389' title='bbox 735 3258 843 3314; x_wconf 90' lang='lat' dir='ltr'>Siti</span> <span class='ocrx_word' id='word_1_390' title='bbox 895 3258 1179 3331; x_wconf 85' lang='lat' dir='ltr'>angitur?</span> <span class='ocrx_word' id='word_1_391' title='bbox 1210 3259 1420 3314; x_wconf 84' lang='lat' dir='ltr'>Fontes</span> <span class='ocrx_word' id='word_1_392' title='bbox 1453 3259 1505 3314; x_wconf 91' lang='lat' dir='ltr'>ei</span> <span class='ocrx_word' id='word_1_393' title='bbox 1538 3262 1595 3314; x_wconf 88' lang='lat' dir='ltr'>et</span> <span class='ocrx_word' id='word_1_394' title='bbox 1645 3256 1893 3314; x_wconf 86' lang='lat' dir='ltr'>ﬂumina</span> 
     </span>
    </p>
   </div>
   <div class='ocr_carea' id='block_1_52' title="bbox 2065 2718 3655 2795">
    <p class='ocr_par' dir='ltr' id='par_1_52' title="bbox 2065 2718 3655 2795">
     <span class='ocr_line' id='line_1_52' title="bbox 2065 2718 3655 2795; baseline -0.002 -21"><span class='ocrx_word' id='word_1_395' title='bbox 2065 2720 2164 2777; x_wconf 84' lang='lat' dir='ltr'>IB&#39;.</span> <span class='ocrx_word' id='word_1_396' title='bbox 2226 2723 2427 2791; x_wconf 85' lang='grc' dir='ltr'>Πεινᾷ;</span> <span class='ocrx_word' id='word_1_397' title='bbox 2507 2719 2652 2775; x_wconf 86' lang='grc' dir='ltr'>Μετᾶ</span> <span class='ocrx_word' id='word_1_398' title='bbox 2707 2723 2813 2774; x_wconf 79' lang='grc' dir='ltr'>τῶν</span> <span class='ocrx_word' id='word_1_399' title='bbox 2870 2719 3066 2794; x_wconf 84' lang='grc' dir='ltr'>ὀρνέων</span> <span class='ocrx_word' id='word_1_400' title='bbox 3128 2720 3242 2793; x_wconf 85' lang='grc'>(90)</span> <span class='ocrx_word' id='word_1_401' title='bbox 3297 2718 3655 2795; x_wconf 76' lang='grc' dir='ltr'>τραφήσεται,</span> 
     </span>
    </p>
   </div>
   <div class='ocr_carea' id='block_1_53' title="bbox 1995 2805 3658 2885">
    <p class='ocr_par' dir='ltr' id='par_1_53' title="bbox 1995 2805 3658 2885">
     <span class='ocr_line' id='line_1_53' title="bbox 1995 2805 3658 2885; baseline -0.001 -23"><span class='ocrx_word' id='word_1_402' title='bbox 1995 2810 2079 2872; x_wconf 79' lang='grc' dir='ltr'>οἷς</span> <span class='ocrx_word' id='word_1_403' title='bbox 2110 2809 2139 2862; x_wconf 88' lang='lat'>6</span> <span class='ocrx_word' id='word_1_404' title='bbox 2176 2808 2290 2883; x_wconf 83' lang='grc' dir='ltr'>βίος</span> <span class='ocrx_word' id='word_1_405' title='bbox 2342 2806 2581 2885; x_wconf 81' lang='grc' dir='ltr'>ἄσπορος</span> <span class='ocrx_word' id='word_1_406' title='bbox 2631 2808 2720 2864; x_wconf 86' lang='grc' dir='ltr'>καὶ</span> <span class='ocrx_word' id='word_1_407' title='bbox 2746 2808 3020 2882; x_wconf 80' lang='grc' dir='ltr'>ἀνήροτος</span> <span class='ocrx_word' id='word_1_408' title='bbox 3055 2827 3067 2840; x_wconf 88' lang='grc'><strong>·</strong></span> <span class='ocrx_word' id='word_1_409' title='bbox 3106 2808 3241 2881; x_wconf 87' lang='grc' dir='ltr'>μετὰ</span> <span class='ocrx_word' id='word_1_410' title='bbox 3268 2805 3457 2863; x_wconf 84' lang='grc' dir='ltr'>Ἡλίου</span> <span class='ocrx_word' id='word_1_411' title='bbox 3493 2809 3658 2878; x_wconf 82' lang='grc' dir='ltr'>ζήσε-</span> 
     </span>
    </p>
   </div>
   <div class='ocr_carea' id='block_1_54' title="bbox 1993 2896 3652 2978">
    <p class='ocr_par' dir='ltr' id='par_1_54' title="bbox 1993 2896 3652 2978">
     <span class='ocr_line' id='line_1_54' title="bbox 1993 2896 3652 2978; baseline -0.002 -25"><span class='ocrx_word' id='word_1_412' title='bbox 1993 2919 2081 2953; x_wconf 88' lang='grc' dir='ltr'>ται</span> <span class='ocrx_word' id='word_1_413' title='bbox 2137 2900 2284 2974; x_wconf 73' lang='grc' dir='ltr'>παρα</span> <span class='ocrx_word' id='word_1_414' title='bbox 2338 2906 2405 2969; x_wconf 84' lang='grc' dir='ltr'>τῆ</span> <span class='ocrx_word' id='word_1_415' title='bbox 2466 2899 2765 2978; x_wconf 81' lang='grc' dir='ltr'>Σαραφθίᾳ’</span> <span class='ocrx_word' id='word_1_416' title='bbox 2832 2900 2894 2956; x_wconf 89' lang='grc' dir='ltr'>Ὁ</span> <span class='ocrx_word' id='word_1_417' title='bbox 2958 2897 3255 2973; x_wconf 80' lang='grc' dir='ltr'>καμψάκης</span> <span class='ocrx_word' id='word_1_418' title='bbox 3309 2902 3405 2951; x_wconf 78' lang='grc' dir='ltr'>τοῦ</span> <span class='ocrx_word' id='word_1_419' title='bbox 3465 2896 3652 2952; x_wconf 71' lang='grc' dir='ltr'>ἐλαίου</span> 
     </span>
    </p>
   </div>
   <div class='ocr_carea' id='block_1_55' title="bbox 1998 2985 3660 3063">
    <p class='ocr_par' dir='ltr' id='par_1_55' title="bbox 1998 2985 3660 3063">
     <span class='ocr_line' id='line_1_55' title="bbox 1998 2985 3660 3063; baseline -0.002 -20"><span class='ocrx_word' id='word_1_420' title='bbox 1998 2987 2097 3044; x_wconf 81' lang='grc' dir='ltr'>ούκ</span> <span class='ocrx_word' id='word_1_421' title='bbox 2155 2987 2417 3063; x_wconf 72' lang='grc' dir='ltr'>ἐκλείψει,</span> <span class='ocrx_word' id='word_1_422' title='bbox 2474 2988 2564 3043; x_wconf 85' lang='grc' dir='ltr'>καὶ</span> <span class='ocrx_word' id='word_1_423' title='bbox 2617 2991 2651 3059; x_wconf 79' lang='grc' dir='ltr'>ἡ</span> <span class='ocrx_word' id='word_1_424' title='bbox 2714 2985 2872 3063; x_wconf 85' lang='grc' dir='ltr'>ὑδρία</span> <span class='ocrx_word' id='word_1_425' title='bbox 2923 2992 3021 3043; x_wconf 76' lang='grc' dir='ltr'>τοῦ</span> <span class='ocrx_word' id='word_1_426' title='bbox 3074 2985 3309 3062; x_wconf 86' lang='grc' dir='ltr'>ἀλεύρου</span> <span class='ocrx_word' id='word_1_427' title='bbox 3359 2985 3459 3041; x_wconf 79' lang='grc' dir='ltr'>οὐκ</span> <span class='ocrx_word' id='word_1_428' title='bbox 3501 2985 3660 3041; x_wconf 74' lang='grc' dir='ltr'>ἐλατ-</span> 
     </span>
    </p>
   </div>
   <div class='ocr_carea' id='block_1_56' title="bbox 1996 3073 3662 3153">
    <p class='ocr_par' dir='ltr' id='par_1_56' title="bbox 1996 3073 3662 3153">
     <span class='ocr_line' id='line_1_56' title="bbox 1996 3073 3662 3153; baseline -0.002 -19"><span class='ocrx_word' id='word_1_429' title='bbox 1996 3079 2210 3148; x_wconf 89' lang='grc' dir='ltr'>τονήσει</span> <span class='ocrx_word' id='word_1_430' title='bbox 2245 3098 2258 3110; x_wconf 67' lang='grc' dir='ltr'>θ</span> <span class='ocrx_word' id='word_1_431' title='bbox 2307 3079 2335 3132; x_wconf 97' lang='lat'>6</span> <span class='ocrx_word' id='word_1_432' title='bbox 2389 3078 2482 3152; x_wconf 72' lang='grc' dir='ltr'>μὲν</span> <span class='ocrx_word' id='word_1_433' title='bbox 2530 3076 2612 3133; x_wconf 81' lang='grc' dir='ltr'>ἀεὶ</span> <span class='ocrx_word' id='word_1_434' title='bbox 2643 3079 2903 3153; x_wconf 83' lang='grc' dir='ltr'>πηγάσει,</span> <span class='ocrx_word' id='word_1_435' title='bbox 2943 3079 2978 3147; x_wconf 81' lang='grc' dir='ltr'>ἡ</span> <span class='ocrx_word' id='word_1_436' title='bbox 3040 3074 3099 3132; x_wconf 70' lang='grc' dir='ltr'>δὲ</span> <span class='ocrx_word' id='word_1_437' title='bbox 3154 3078 3457 3153; x_wconf 74' lang='grc' dir='ltr'>γεωργήσει</span> <span class='ocrx_word' id='word_1_438' title='bbox 3488 3073 3662 3130; x_wconf 87' lang='grc' dir='ltr'>πλου-</span> 
     </span>
    </p>
   </div>
   <div class='ocr_carea' id='block_1_57' title="bbox 2001 3163 3665 3246">
    <p class='ocr_par' dir='ltr' id='par_1_57' title="bbox 2001 3163 3665 3246">
     <span class='ocr_line' id='line_1_57' title="bbox 2001 3163 3665 3246; baseline -0.002 -24"><span class='ocrx_word' id='word_1_439' title='bbox 2001 3167 2154 3237; x_wconf 86' lang='grc' dir='ltr'>σίως,</span> <span class='ocrx_word' id='word_1_440' title='bbox 2208 3165 2301 3221; x_wconf 66' lang='grc' dir='ltr'>’ίνα</span> <span class='ocrx_word' id='word_1_441' title='bbox 2347 3169 2557 3241; x_wconf 78' lang='grc' dir='ltr'>τιμηθῇ</span> <span class='ocrx_word' id='word_1_442' title='bbox 2620 3169 2773 3243; x_wconf 80' lang='grc' dir='ltr'>χήρα</span> <span class='ocrx_word' id='word_1_443' title='bbox 2848 3166 3156 3246; x_wconf 81' lang='grc' dir='ltr'>φιλόξενος,</span> <span class='ocrx_word' id='word_1_444' title='bbox 3212 3165 3301 3221; x_wconf 82' lang='grc' dir='ltr'>καὶ</span> <span class='ocrx_word' id='word_1_445' title='bbox 3358 3165 3527 3243; x_wconf 88' lang='grc' dir='ltr'>τρέφῃ</span> <span class='ocrx_word' id='word_1_446' title='bbox 3575 3163 3665 3219; x_wconf 84' lang='grc' dir='ltr'>τὸν</span> 
     </span>
    </p>
   </div>
   <div class='ocr_carea' id='block_1_58' title="bbox 2000 3250 3664 3332">
    <p class='ocr_par' dir='ltr' id='par_1_58' title="bbox 2000 3250 3664 3332">
     <span class='ocr_line' id='line_1_58' title="bbox 2000 3250 3664 3332; baseline -0.003 -22"><span class='ocrx_word' id='word_1_447' title='bbox 2000 3254 2265 3332; x_wconf 82' lang='grc' dir='ltr'>τρέφοντα</span> <span class='ocrx_word' id='word_1_448' title='bbox 2314 3257 2450 3325; x_wconf 81' lang='grc'>(91).</span> <span class='ocrx_word' id='word_1_449' title='bbox 2502 3256 2767 3328; x_wconf 79' lang='grc' dir='ltr'>Διψήσει;</span> <span class='ocrx_word' id='word_1_450' title='bbox 2820 3256 3027 3329; x_wconf 82' lang='grc' dir='ltr'>Κρῆναι</span> <span class='ocrx_word' id='word_1_451' title='bbox 3080 3251 3260 3326; x_wconf 88' lang='grc' dir='ltr'>τούτῳ</span> <span class='ocrx_word' id='word_1_452' title='bbox 3300 3251 3390 3307; x_wconf 82' lang='grc' dir='ltr'>καὶ</span> <span class='ocrx_word' id='word_1_453' title='bbox 3423 3250 3664 3324; x_wconf 84' lang='grc' dir='ltr'>ποταμοὶ</span> 
     </span>
    </p>
   </div>
   <div class='ocr_carea' id='block_1_59' title="bbox 225 3340 1891 3435">
    <p class='ocr_par' dir='ltr' id='par_1_59' title="bbox 225 3346 1889 3424">
     <span class='ocr_line' id='line_1_59' title="bbox 225 3346 1889 3424; baseline -0.003 -18"><span class='ocrx_word' id='word_1_454' title='bbox 225 3354 431 3424; x_wconf 90' lang='lat' dir='ltr'>potum</span> <span class='ocrx_word' id='word_1_455' title='bbox 481 3348 964 3422; x_wconf 89' lang='lat' dir='ltr'>suppeditabunt,</span> <span class='ocrx_word' id='word_1_456' title='bbox 997 3347 1319 3419; x_wconf 89' lang='lat' dir='ltr'>etquidem</span> <span class='ocrx_word' id='word_1_457' title='bbox 1364 3352 1569 3419; x_wconf 90' lang='lat' dir='ltr'>potum</span> <span class='ocrx_word' id='word_1_458' title='bbox 1599 3362 1717 3402; x_wconf 91' lang='lat' dir='ltr'>non</span> <span class='ocrx_word' id='word_1_459' title='bbox 1766 3346 1889 3401; x_wconf 89' lang='lat' dir='ltr'>ine-</span> 
     </span>
    </p>
   </div>
   <div class='ocr_carea' id='block_1_60' title="bbox 2006 3340 3663 3435">
    <p class='ocr_par' dir='ltr' id='par_1_60' title="bbox 2006 3340 3663 3419">
     <span class='ocr_line' id='line_1_60' title="bbox 2006 3340 3663 3419; baseline -0.004 -19"><span class='ocrx_word' id='word_1_460' title='bbox 2006 3346 2066 3400; x_wconf 90' lang='grc' dir='ltr'>τὸ</span> <span class='ocrx_word' id='word_1_461' title='bbox 2117 3344 2305 3415; x_wconf 84' lang='grc' dir='ltr'>ποτὸν,</span> <span class='ocrx_word' id='word_1_462' title='bbox 2336 3344 2502 3399; x_wconf 86' lang='grc' dir='ltr'>ποτὸν</span> <span class='ocrx_word' id='word_1_463' title='bbox 2555 3343 2616 3398; x_wconf 80' lang='grc' dir='ltr'>οὖ</span> <span class='ocrx_word' id='word_1_464' title='bbox 2680 3343 2960 3416; x_wconf 83' lang='grc' dir='ltr'>μεθύσκον,</span> <span class='ocrx_word' id='word_1_465' title='bbox 3021 3341 3147 3398; x_wconf 82' lang='grc' dir='ltr'>οὖδέ</span> <span class='ocrx_word' id='word_1_466' title='bbox 3183 3340 3567 3419; x_wconf 79' lang='grc' dir='ltr'>μετρούμενον·</span> <span class='ocrx_word' id='word_1_467' title='bbox 3605 3340 3663 3395; x_wconf 73' lang='grc' dir='ltr'>ἂν</span> 
     </span>
    </p>
   </div>
   <div class='ocr_carea' id='block_1_61' title="bbox 224 3435 1894 3510">
    <p class='ocr_par' dir='ltr' id='par_1_61' title="bbox 224 3435 1894 3510">
     <span class='ocr_line' id='line_1_61' title="bbox 224 3435 1894 3510; baseline -0.004 -13"><span class='ocrx_word' id='word_1_468' title='bbox 224 3440 542 3510; x_wconf 88' lang='lat' dir='ltr'>briantem,</span> <span class='ocrx_word' id='word_1_469' title='bbox 577 3454 682 3495; x_wconf 89' lang='lat' dir='ltr'>nec</span> <span class='ocrx_word' id='word_1_470' title='bbox 731 3438 1086 3495; x_wconf 88' lang='lat' dir='ltr'>dimensum.</span> <span class='ocrx_word' id='word_1_471' title='bbox 1120 3437 1284 3503; x_wconf 87' lang='lat' dir='ltr'>Quod</span> <span class='ocrx_word' id='word_1_472' title='bbox 1316 3436 1365 3492; x_wconf 90' lang='lat' dir='ltr'>si</span> <span class='ocrx_word' id='word_1_473' title='bbox 1419 3435 1619 3492; x_wconf 89' lang='lat' dir='ltr'>omnia</span> <span class='ocrx_word' id='word_1_474' title='bbox 1657 3443 1894 3508; x_wconf 80' lang='lat' dir='ltr'>propter</span> 
     </span>
    </p>
   </div>
   <div class='ocr_carea' id='block_1_62' title="bbox 227 3526 1894 3597">
    <p class='ocr_par' dir='ltr' id='par_1_62' title="bbox 227 3526 1894 3597">
     <span class='ocr_line' id='line_1_62' title="bbox 227 3526 1894 3597; baseline -0.002 -12"><span class='ocrx_word' id='word_1_475' title='bbox 227 3529 475 3585; x_wconf 90' lang='lat' dir='ltr'>nimiam</span> <span class='ocrx_word' id='word_1_476' title='bbox 506 3527 829 3585; x_wconf 89' lang='lat' dir='ltr'>siccitatem</span> <span class='ocrx_word' id='word_1_477' title='bbox 862 3527 1159 3594; x_wconf 80' lang='lat' dir='ltr'>deficiant,</span> <span class='ocrx_word' id='word_1_478' title='bbox 1178 3526 1457 3582; x_wconf 88' lang='lat' dir='ltr'>torrentis</span> <span class='ocrx_word' id='word_1_479' title='bbox 1478 3541 1631 3597; x_wconf 91' lang='lat' dir='ltr'>aqua</span> <span class='ocrx_word' id='word_1_480' title='bbox 1647 3526 1894 3582; x_wconf 86' lang='lat' dir='ltr'>fortasse</span> 
     </span>
    </p>
   </div>
   <div class='ocr_carea' id='block_1_63' title="bbox 228 3615 1892 3691">
    <p class='ocr_par' dir='ltr' id='par_1_63' title="bbox 228 3615 1892 3691">
     <span class='ocr_line' id='line_1_63' title="bbox 228 3615 1892 3691; baseline -0.004 -14"><span class='ocrx_word' id='word_1_481' title='bbox 228 3620 389 3677; x_wconf 87' lang='lat' dir='ltr'>sitim</span> <span class='ocrx_word' id='word_1_482' title='bbox 414 3617 914 3691; x_wconf 89' lang='lat' dir='ltr'>sedabit.Algebit</span> <span class='ocrx_word' id='word_1_483' title='bbox 937 3622 960 3673; x_wconf 80' lang='grc' dir='ltr'><em>Ρ</em></span> <span class='ocrx_word' id='word_1_484' title='bbox 984 3617 1142 3672; x_wconf 91' lang='lat' dir='ltr'>Idem</span> <span class='ocrx_word' id='word_1_485' title='bbox 1170 3633 1404 3689; x_wconf 87' lang='lat' dir='ltr'>quoque</span> <span class='ocrx_word' id='word_1_486' title='bbox 1424 3616 1603 3671; x_wconf 88' lang='lat' dir='ltr'>Paulo</span> <span class='ocrx_word' id='word_1_487' title='bbox 1622 3615 1892 3685; x_wconf 62' lang='lat' dir='ltr'>accidit“;</span> 
     </span>
    </p>
   </div>
   <div class='ocr_carea' id='block_1_64' title="bbox 226 3706 1889 3781">
    <p class='ocr_par' dir='ltr' id='par_1_64' title="bbox 226 3706 1889 3781">
     <span class='ocr_line' id='line_1_64' title="bbox 226 3706 1889 3781; baseline -0.004 -14"><span class='ocrx_word' id='word_1_488' title='bbox 226 3710 327 3767; x_wconf 87' lang='lat' dir='ltr'>sed</span> <span class='ocrx_word' id='word_1_489' title='bbox 356 3709 615 3781; x_wconf 88' lang='lat' dir='ltr'>quandiu</span> <span class='ocrx_word' id='word_1_490' title='bbox 636 3710 663 3764; x_wconf 69' lang='grc' dir='ltr'>ἲ</span> <span class='ocrx_word' id='word_1_491' title='bbox 685 3711 785 3763; x_wconf 88' lang='lat' dir='ltr'>Est</span> <span class='ocrx_word' id='word_1_492' title='bbox 815 3711 872 3764; x_wconf 88' lang='lat' dir='ltr'>et</span> <span class='ocrx_word' id='word_1_493' title='bbox 901 3708 1200 3779; x_wconf 89' lang='lat' dir='ltr'>quoddam</span> <span class='ocrx_word' id='word_1_494' title='bbox 1231 3710 1408 3778; x_wconf 64' lang='lat' dir='ltr'>petra:</span> <span class='ocrx_word' id='word_1_495' title='bbox 1440 3706 1889 3772; x_wconf 78' lang='lat' dir='ltr'>indumentum;</span> 
     </span>
    </p>
   </div>
   <div class='ocr_carea' id='block_1_65' title="bbox 227 3795 1897 3868">
    <p class='ocr_par' dir='ltr' id='par_1_65' title="bbox 227 3795 1897 3868">
     <span class='ocr_line' id='line_1_65' title="bbox 227 3795 1897 3868; baseline -0.003 -13"><span class='ocrx_word' id='word_1_496' title='bbox 227 3800 402 3855; x_wconf 85' lang='lat' dir='ltr'>ﬁdem</span> <span class='ocrx_word' id='word_1_497' title='bbox 434 3797 541 3855; x_wconf 90' lang='lat' dir='ltr'>tibi</span> <span class='ocrx_word' id='word_1_498' title='bbox 587 3797 698 3854; x_wconf 87' lang='lat' dir='ltr'>Job</span> <span class='ocrx_word' id='word_1_499' title='bbox 748 3796 943 3868; x_wconf 80' lang='lat' dir='ltr'>faciat,</span> <span class='ocrx_word' id='word_1_500' title='bbox 991 3796 1085 3851; x_wconf 90' lang='lat' dir='ltr'>bis</span> <span class='ocrx_word' id='word_1_501' title='bbox 1134 3796 1327 3852; x_wconf 89' lang='lat' dir='ltr'>verbis</span> <span class='ocrx_word' id='word_1_502' title='bbox 1380 3800 1600 3852; x_wconf 89' lang='lat' dir='ltr'>utens:</span> <span class='ocrx_word' id='word_1_503' title='bbox 1634 3797 1708 3851; x_wconf 88' lang='lat' dir='ltr'>Eo</span> <span class='ocrx_word' id='word_1_504' title='bbox 1755 3795 1897 3867; x_wconf 87' lang='lat' dir='ltr'>quod</span> 
     </span>
    </p>
   </div>
   <div class='ocr_carea' id='block_1_66' title="bbox 224 3885 1893 3958">
    <p class='ocr_par' dir='ltr' id='par_1_66' title="bbox 224 3885 1893 3958">
     <span class='ocr_line' id='line_1_66' title="bbox 224 3885 1893 3958; baseline -0.002 -13"><span class='ocrx_word' id='word_1_505' title='bbox 224 3898 373 3945; x_wconf 78' lang='lat' dir='ltr'>veste</span> <span class='ocrx_word' id='word_1_506' title='bbox 401 3891 668 3955; x_wconf 81' lang='lat' dir='ltr'>carerent,</span> <span class='ocrx_word' id='word_1_507' title='bbox 699 3894 862 3957; x_wconf 83' lang='lat' dir='ltr'>petra</span> <span class='ocrx_word' id='word_1_508' title='bbox 895 3885 1086 3942; x_wconf 79' lang='lat' dir='ltr'>induti</span> <span class='ocrx_word' id='word_1_509' title='bbox 1129 3890 1257 3941; x_wconf 78' lang='lat' dir='ltr'>sunt</span> <span class='ocrx_word' id='word_1_510' title='bbox 1288 3887 1328 3941; x_wconf 82' lang='grc'>⁷.</span> <span class='ocrx_word' id='word_1_511' title='bbox 1358 3886 1516 3954; x_wconf 88' lang='lat' dir='ltr'>Jam,</span> <span class='ocrx_word' id='word_1_512' title='bbox 1547 3902 1677 3958; x_wconf 83' lang='lat' dir='ltr'>quae</span> <span class='ocrx_word' id='word_1_513' title='bbox 1708 3885 1893 3958; x_wconf 85' lang='lat' dir='ltr'>perfe-</span> 
     </span>
    </p>
   </div>
   <div class='ocr_carea' id='block_1_67' title="bbox 229 3974 1896 4047">
    <p class='ocr_par' dir='ltr' id='par_1_67' title="bbox 229 3974 1896 4047">
     <span class='ocr_line' id='line_1_67' title="bbox 229 3974 1896 4047; baseline -0.004 -12"><span class='ocrx_word' id='word_1_514' title='bbox 229 3978 411 4035; x_wconf 90' lang='lat' dir='ltr'>ctiora</span> <span class='ocrx_word' id='word_1_515' title='bbox 434 3982 593 4047; x_wconf 86' lang='lat' dir='ltr'>sunt,</span> <span class='ocrx_word' id='word_1_516' title='bbox 622 3977 948 4033; x_wconf 86' lang='lat' dir='ltr'>considera.</span> <span class='ocrx_word' id='word_1_517' title='bbox 966 3974 1299 4032; x_wconf 85' lang='lat' dir='ltr'>Maledictis</span> <span class='ocrx_word' id='word_1_518' title='bbox 1327 3975 1682 4032; x_wconf 88' lang='lat' dir='ltr'>lacerabitur</span> <span class='ocrx_word' id='word_1_519' title='bbox 1701 3975 1729 4031; x_wconf 87' lang='lat'>?</span> <span class='ocrx_word' id='word_1_520' title='bbox 1756 3974 1896 4030; x_wconf 89' lang='lat' dir='ltr'>Vin-</span> 
     </span>
    </p>
   </div>
   <div class='ocr_carea' id='block_1_68' title="bbox 230 4065 1897 4140">
    <p class='ocr_par' dir='ltr' id='par_1_68' title="bbox 230 4065 1897 4140">
     <span class='ocr_line' id='line_1_68' title="bbox 230 4065 1897 4140; baseline -0.003 -15"><span class='ocrx_word' id='word_1_521' title='bbox 230 4073 320 4126; x_wconf 87' lang='lat' dir='ltr'>cet</span> <span class='ocrx_word' id='word_1_522' title='bbox 353 4084 468 4124; x_wconf 91' lang='lat' dir='ltr'>non</span> <span class='ocrx_word' id='word_1_523' title='bbox 500 4068 817 4140; x_wconf 87' lang='lat' dir='ltr'>regerendo</span> <span class='ocrx_word' id='word_1_524' title='bbox 849 4066 1183 4122; x_wconf 88' lang='lat' dir='ltr'>maledicta.</span> <span class='ocrx_word' id='word_1_525' title='bbox 1218 4065 1688 4123; x_wconf 88' lang='lat' dir='ltr'>Persecutionem</span> <span class='ocrx_word' id='word_1_526' title='bbox 1718 4066 1897 4138; x_wconf 89' lang='lat' dir='ltr'>patie-</span> 
     </span>
    </p>
   </div>
   <div class='ocr_carea' id='block_1_69' title="bbox 228 4156 1896 4229">
    <p class='ocr_par' dir='ltr' id='par_1_69' title="bbox 228 4156 1896 4229">
     <span class='ocr_line' id='line_1_69' title="bbox 228 4156 1896 4229; baseline -0.002 -13"><span class='ocrx_word' id='word_1_527' title='bbox 228 4158 373 4216; x_wconf 89' lang='lat' dir='ltr'>tur?</span> <span class='ocrx_word' id='word_1_528' title='bbox 403 4157 751 4215; x_wconf 89' lang='lat' dir='ltr'>Sustinebit.</span> <span class='ocrx_word' id='word_1_529' title='bbox 805 4156 1321 4229; x_wconf 90' lang='lat' dir='ltr'>Blasphemabitur</span> <span class='ocrx_word' id='word_1_530' title='bbox 1340 4157 1368 4213; x_wconf 94' lang='lat'>?</span> <span class='ocrx_word' id='word_1_531' title='bbox 1398 4156 1758 4213; x_wconf 89' lang='lat' dir='ltr'>Obsecrabit.</span> <span class='ocrx_word' id='word_1_532' title='bbox 1790 4159 1896 4212; x_wconf 89' lang='lat' dir='ltr'>Ca-</span> 
     </span>
    </p>
   </div>
   <div class='ocr_carea' id='block_1_70' title="bbox 229 4245 1895 4321">
    <p class='ocr_par' dir='ltr' id='par_1_70' title="bbox 229 4245 1895 4321">
     <span class='ocr_line' id='line_1_70' title="bbox 229 4245 1895 4321; baseline -0.004 -15"><span class='ocrx_word' id='word_1_533' title='bbox 229 4248 473 4306; x_wconf 90' lang='lat' dir='ltr'>lumniis</span> <span class='ocrx_word' id='word_1_534' title='bbox 532 4250 878 4321; x_wconf 77' lang='lat' dir='ltr'>premetur?</span> <span class='ocrx_word' id='word_1_535' title='bbox 919 4247 1069 4303; x_wconf 73' lang='lat'>481</span> <span class='ocrx_word' id='word_1_536' title='bbox 1131 4247 1351 4303; x_wconf 89' lang='lat' dir='ltr'>Orabit.</span> <span class='ocrx_word' id='word_1_537' title='bbox 1410 4246 1777 4302; x_wconf 89' lang='lat' dir='ltr'>Percutietur</span> <span class='ocrx_word' id='word_1_538' title='bbox 1834 4245 1895 4300; x_wconf 90' lang='lat' dir='ltr'>in</span> 
     </span>
    </p>
   </div>
   <div class='ocr_carea' id='block_1_71' title="bbox 231 4334 1895 4404">
    <p class='ocr_par' dir='ltr' id='par_1_71' title="bbox 231 4334 1895 4404">
     <span class='ocr_line' id='line_1_71' title="bbox 231 4334 1895 4404; baseline -0.004 -8"><span class='ocrx_word' id='word_1_539' title='bbox 231 4340 494 4396; x_wconf 81' lang='lat' dir='ltr'>dextram</span> <span class='ocrx_word' id='word_1_540' title='bbox 544 4336 843 4394; x_wconf 87' lang='lat' dir='ltr'>maxillam</span> <span class='ocrx_word' id='word_1_541' title='bbox 865 4337 894 4393; x_wconf 91' lang='lat'>?</span> <span class='ocrx_word' id='word_1_542' title='bbox 922 4337 1209 4393; x_wconf 68' lang='lat' dir='ltr'>Prsabebit</span> <span class='ocrx_word' id='word_1_543' title='bbox 1244 4340 1303 4392; x_wconf 93' lang='lat' dir='ltr'>et</span> <span class='ocrx_word' id='word_1_544' title='bbox 1345 4336 1623 4404; x_wconf 87' lang='lat' dir='ltr'>alteram;</span> <span class='ocrx_word' id='word_1_545' title='bbox 1655 4334 1895 4390; x_wconf 87' lang='lat' dir='ltr'>tertiam</span> 
     </span>
    </p>
   </div>
   <div class='ocr_carea' id='block_1_72' title="bbox 231 4423 1896 4500">
    <p class='ocr_par' dir='ltr' id='par_1_72' title="bbox 231 4423 1896 4500">
     <span class='ocr_line' id='line_1_72' title="bbox 231 4423 1896 4500; baseline -0.005 -14"><span class='ocrx_word' id='word_1_546' title='bbox 231 4429 433 4500; x_wconf 87' lang='lat' dir='ltr'>etiam,</span> <span class='ocrx_word' id='word_1_547' title='bbox 468 4429 518 4484; x_wconf 91' lang='lat' dir='ltr'>si</span> <span class='ocrx_word' id='word_1_548' title='bbox 547 4427 811 4499; x_wconf 89' lang='lat' dir='ltr'>haberet,</span> <span class='ocrx_word' id='word_1_549' title='bbox 833 4428 1327 4499; x_wconf 86' lang='lat' dir='ltr'>objecturus,quo</span> <span class='ocrx_word' id='word_1_550' title='bbox 1360 4424 1551 4497; x_wconf 86' lang='lat' dir='ltr'>magis</span> <span class='ocrx_word' id='word_1_551' title='bbox 1583 4425 1655 4480; x_wconf 87' lang='lat' dir='ltr'>ad</span> <span class='ocrx_word' id='word_1_552' title='bbox 1687 4423 1896 4479; x_wconf 88' lang='lat' dir='ltr'>lenita-</span> 
     </span>
    </p>
   </div>
   <div class='ocr_carea' id='block_1_73' title="bbox 232 4514 1897 4590">
    <p class='ocr_par' dir='ltr' id='par_1_73' title="bbox 232 4514 1897 4590">
     <span class='ocr_line' id='line_1_73' title="bbox 232 4514 1897 4590; baseline -0.004 -15"><span class='ocrx_word' id='word_1_553' title='bbox 232 4522 351 4575; x_wconf 90' lang='lat' dir='ltr'>tem</span> <span class='ocrx_word' id='word_1_554' title='bbox 396 4532 800 4590; x_wconf 88' lang='lat' dir='ltr'>percussorem</span> <span class='ocrx_word' id='word_1_555' title='bbox 848 4514 1098 4584; x_wconf 89' lang='lat' dir='ltr'>erudiat,</span> <span class='ocrx_word' id='word_1_556' title='bbox 1131 4530 1302 4587; x_wconf 90' lang='lat' dir='ltr'>opere</span> <span class='ocrx_word' id='word_1_557' title='bbox 1351 4515 1585 4583; x_wconf 90' lang='lat' dir='ltr'>docens,</span> <span class='ocrx_word' id='word_1_558' title='bbox 1621 4531 1748 4587; x_wconf 65' lang='lat' dir='ltr'>quea</span> <span class='ocrx_word' id='word_1_559' title='bbox 1774 4529 1897 4570; x_wconf 87' lang='lat' dir='ltr'>ser-</span> 
     </span>
    </p>
   </div>
   <div class='ocr_carea' id='block_1_74' title="bbox 234 4604 1897 4679">
    <p class='ocr_par' dir='ltr' id='par_1_74' title="bbox 234 4604 1897 4679">
     <span class='ocr_line' id='line_1_74' title="bbox 234 4604 1897 4679; baseline -0.003 -14"><span class='ocrx_word' id='word_1_560' title='bbox 234 4624 407 4665; x_wconf 90' lang='lat' dir='ltr'>mone</span> <span class='ocrx_word' id='word_1_561' title='bbox 439 4622 553 4663; x_wconf 91' lang='lat' dir='ltr'>non</span> <span class='ocrx_word' id='word_1_562' title='bbox 605 4608 817 4679; x_wconf 88' lang='lat' dir='ltr'>potest.</span> <span class='ocrx_word' id='word_1_563' title='bbox 851 4604 1091 4662; x_wconf 91' lang='lat' dir='ltr'>Probris</span> <span class='ocrx_word' id='word_1_564' title='bbox 1139 4604 1505 4678; x_wconf 85' lang='lat' dir='ltr'>impetetur?</span> <span class='ocrx_word' id='word_1_565' title='bbox 1534 4605 1602 4662; x_wconf 87' lang='lat' dir='ltr'>Et</span> <span class='ocrx_word' id='word_1_566' title='bbox 1630 4605 1897 4661; x_wconf 87' lang='lat' dir='ltr'>Christus</span> 
     </span>
    </p>
   </div>
   <div class='ocr_carea' id='block_1_75' title="bbox 234 4693 1897 4773">
    <p class='ocr_par' dir='ltr' id='par_1_75' title="bbox 234 4693 1897 4773">
     <span class='ocr_line' id='line_1_75' title="bbox 234 4693 1897 4773; baseline -0.004 -17"><span class='ocrx_word' id='word_1_567' title='bbox 234 4714 467 4773; x_wconf 90' lang='lat' dir='ltr'>quoque</span> <span class='ocrx_word' id='word_1_568' title='bbox 501 4714 516 4755; x_wconf 86' lang='lat'><strong>:</strong></span> <span class='ocrx_word' id='word_1_569' title='bbox 550 4696 891 4754; x_wconf 81' lang='lat' dir='ltr'>afﬂictionis</span> <span class='ocrx_word' id='word_1_570' title='bbox 946 4696 1221 4753; x_wconf 89' lang='lat' dir='ltr'>societate</span> <span class='ocrx_word' id='word_1_571' title='bbox 1270 4696 1592 4753; x_wconf 86' lang='lat' dir='ltr'>ornabitur.</span> <span class='ocrx_word' id='word_1_572' title='bbox 1626 4693 1897 4762; x_wconf 83' lang='lat' dir='ltr'>Quamvis</span> 
     </span>
    </p>
   </div>
   <div class='ocr_carea' id='block_1_76' title="bbox 231 4785 1892 4858">
    <p class='ocr_par' dir='ltr' id='par_1_76' title="bbox 231 4785 1892 4858">
     <span class='ocr_line' id='line_1_76' title="bbox 231 4785 1892 4858; baseline -0.003 -12"><span class='ocrx_word' id='word_1_573' title='bbox 231 4791 406 4846; x_wconf 87' lang='lat' dir='ltr'>etiam</span> <span class='ocrx_word' id='word_1_574' title='bbox 440 4787 847 4845; x_wconf 87' lang='lat' dir='ltr'>Samaritanus</span> <span class='ocrx_word' id='word_1_575' title='bbox 878 4786 1170 4856; x_wconf 71' lang='lat' dir='ltr'>vocetur&quot;,</span> <span class='ocrx_word' id='word_1_576' title='bbox 1192 4786 1460 4858; x_wconf 88' lang='lat' dir='ltr'>quamvis</span> <span class='ocrx_word' id='word_1_577' title='bbox 1490 4785 1542 4841; x_wconf 92' lang='lat' dir='ltr'>ei</span> <span class='ocrx_word' id='word_1_578' title='bbox 1561 4786 1892 4857; x_wconf 85' lang='lat' dir='ltr'>objiciatur,</span> 
     </span>
    </p>
   </div>
   <div class='ocr_carea' id='block_1_77' title="bbox 233 4875 1892 4949">
    <p class='ocr_par' dir='ltr' id='par_1_77' title="bbox 233 4875 1892 4949">
     <span class='ocr_line' id='line_1_77' title="bbox 233 4875 1892 4949; baseline -0.002 -14"><span class='ocrx_word' id='word_1_579' title='bbox 233 4880 388 4949; x_wconf 90' lang='lat' dir='ltr'>quod</span> <span class='ocrx_word' id='word_1_580' title='bbox 411 4877 766 4936; x_wconf 64' lang='lat' dir='ltr'>daemonium</span> <span class='ocrx_word' id='word_1_581' title='bbox 786 4877 997 4934; x_wconf 90' lang='lat' dir='ltr'>habeat</span> <span class='ocrx_word' id='word_1_582' title='bbox 1017 4878 1199 4943; x_wconf 75' lang='lat' dir='ltr'>’,cum</span> <span class='ocrx_word' id='word_1_583' title='bbox 1222 4876 1339 4932; x_wconf 93' lang='lat' dir='ltr'>Deo</span> <span class='ocrx_word' id='word_1_584' title='bbox 1365 4875 1567 4932; x_wconf 91' lang='lat' dir='ltr'>omnia</span> <span class='ocrx_word' id='word_1_585' title='bbox 1586 4876 1892 4948; x_wconf 90' lang='lat' dir='ltr'>suscipiet,</span> 
     </span>
    </p>
   </div>
   <div class='ocr_carea' id='block_1_78' title="bbox 232 4964 1894 5038">
    <p class='ocr_par' dir='ltr' id='par_1_78' title="bbox 232 4964 1894 5038">
     <span class='ocr_line' id='line_1_78' title="bbox 232 4964 1894 5038; baseline -0.001 -15"><span class='ocrx_word' id='word_1_586' title='bbox 232 4968 299 5024; x_wconf 87' lang='lat' dir='ltr'>Et</span> <span class='ocrx_word' id='word_1_587' title='bbox 326 4969 460 5025; x_wconf 88' lang='lat' dir='ltr'>licet</span> <span class='ocrx_word' id='word_1_588' title='bbox 489 4966 674 5024; x_wconf 84' lang='lat' dir='ltr'>multa</span> <span class='ocrx_word' id='word_1_589' title='bbox 706 4966 1061 5035; x_wconf 86' lang='lat' dir='ltr'>toleraverit,</span> <span class='ocrx_word' id='word_1_590' title='bbox 1094 4964 1283 5022; x_wconf 91' lang='lat' dir='ltr'>multa</span> <span class='ocrx_word' id='word_1_591' title='bbox 1312 4965 1504 5022; x_wconf 91' lang='lat' dir='ltr'>adhuc</span> <span class='ocrx_word' id='word_1_592' title='bbox 1544 4965 1659 5038; x_wconf 90' lang='lat' dir='ltr'>ipsi</span> <span class='ocrx_word' id='word_1_593' title='bbox 1690 4979 1894 5037; x_wconf 91' lang='lat' dir='ltr'>super-</span> 
     </span>
    </p>
   </div>
   <div class='ocr_carea' id='block_1_79' title="bbox 2004 3427 3663 3510">
    <p class='ocr_par' dir='ltr' id='par_1_79' title="bbox 2004 3427 3663 3510">
     <span class='ocr_line' id='line_1_79' title="bbox 2004 3427 3663 3510; baseline -0.002 -21"><span class='ocrx_word' id='word_1_594' title='bbox 2004 3435 2174 3489; x_wconf 78' lang='grc' dir='ltr'>πάντα</span> <span class='ocrx_word' id='word_1_595' title='bbox 2229 3432 2459 3509; x_wconf 70' lang='grc' dir='ltr'>ἐπιλίπῃ</span> <span class='ocrx_word' id='word_1_596' title='bbox 2497 3434 2611 3504; x_wconf 88' lang='grc'>(92)</span> <span class='ocrx_word' id='word_1_597' title='bbox 2671 3430 2742 3488; x_wconf 82' lang='grc' dir='ltr'>δι’</span> <span class='ocrx_word' id='word_1_598' title='bbox 2801 3427 3122 3510; x_wconf 76' lang='grc' dir='ltr'>ἀνομϐρίαν,</span> <span class='ocrx_word' id='word_1_599' title='bbox 3175 3430 3464 3509; x_wconf 64' lang='grc' dir='ltr'>χειμάρρῳ</span> <span class='ocrx_word' id='word_1_600' title='bbox 3494 3432 3663 3507; x_wconf 86' lang='grc' dir='ltr'>τυχὸν</span> 
     </span>
    </p>
   </div>
   <div class='ocr_carea' id='block_1_80' title="bbox 2002 3520 3664 3601">
    <p class='ocr_par' dir='ltr' id='par_1_80' title="bbox 2002 3520 3664 3601">
     <span class='ocr_line' id='line_1_80' title="bbox 2002 3520 3664 3601; baseline -0.004 -20"><span class='ocrx_word' id='word_1_601' title='bbox 2002 3526 2407 3596; x_wconf 88' lang='grc' dir='ltr'>ποτισθήσεται.</span> <span class='ocrx_word' id='word_1_602' title='bbox 2466 3525 2753 3601; x_wconf 85' lang='grc' dir='ltr'>Ῥιγώσει;</span> <span class='ocrx_word' id='word_1_603' title='bbox 2802 3528 2972 3579; x_wconf 78' lang='grc' dir='ltr'>Τοῦτο</span> <span class='ocrx_word' id='word_1_604' title='bbox 2999 3523 3088 3579; x_wconf 85' lang='grc' dir='ltr'>καὶ</span> <span class='ocrx_word' id='word_1_605' title='bbox 3124 3521 3364 3593; x_wconf 78' lang='grc' dir='ltr'>Παῦλος,</span> <span class='ocrx_word' id='word_1_606' title='bbox 3419 3521 3544 3579; x_wconf 85' lang='grc' dir='ltr'>ἀλλ’</span> <span class='ocrx_word' id='word_1_607' title='bbox 3576 3520 3664 3576; x_wconf 81' lang='grc' dir='ltr'>ἐπὶ</span> 
     </span>
    </p>
   </div>
   <div class='ocr_carea' id='block_1_81' title="bbox 2003 3611 3667 3690">
    <p class='ocr_par' dir='ltr' id='par_1_81' title="bbox 2003 3611 3667 3690">
     <span class='ocr_line' id='line_1_81' title="bbox 2003 3611 3667 3690; baseline -0.002 -20"><span class='ocrx_word' id='word_1_608' title='bbox 2003 3615 2168 3671; x_wconf 88' lang='grc' dir='ltr'>πόσον</span> <span class='ocrx_word' id='word_1_609' title='bbox 2199 3618 2348 3690; x_wconf 86' lang='grc'>(93);</span> <span class='ocrx_word' id='word_1_610' title='bbox 2395 3616 2549 3672; x_wconf 82' lang='grc' dir='ltr'>Ἐστι</span> <span class='ocrx_word' id='word_1_611' title='bbox 2593 3636 2645 3668; x_wconf 90' lang='grc' dir='ltr'>τι</span> <span class='ocrx_word' id='word_1_612' title='bbox 2686 3614 2776 3669; x_wconf 85' lang='grc' dir='ltr'>καὶ</span> <span class='ocrx_word' id='word_1_613' title='bbox 2824 3614 3023 3689; x_wconf 84' lang='grc' dir='ltr'>πέτρας</span> <span class='ocrx_word' id='word_1_614' title='bbox 3064 3611 3270 3687; x_wconf 78' lang='grc' dir='ltr'>ἔνδυμα</span> <span class='ocrx_word' id='word_1_615' title='bbox 3302 3631 3315 3644; x_wconf 86' lang='grc'><strong>·</strong></span> <span class='ocrx_word' id='word_1_616' title='bbox 3349 3611 3578 3668; x_wconf 79' lang='grc' dir='ltr'>πειθέτω</span> <span class='ocrx_word' id='word_1_617' title='bbox 3608 3633 3667 3666; x_wconf 90' lang='grc' dir='ltr'>σε</span> 
     </span>
    </p>
   </div>
   <div class='ocr_carea' id='block_1_82' title="bbox 2006 3700 3667 3781">
    <p class='ocr_par' dir='ltr' id='par_1_82' title="bbox 2006 3700 3667 3781">
     <span class='ocr_line' id='line_1_82' title="bbox 2006 3700 3667 3781; baseline -0.002 -21"><span class='ocrx_word' id='word_1_618' title='bbox 2006 3707 2034 3761; x_wconf 88' lang='lat'>6</span> <span class='ocrx_word' id='word_1_619' title='bbox 2066 3701 2193 3761; x_wconf 77' lang='grc' dir='ltr'>Ἰὼϐ</span> <span class='ocrx_word' id='word_1_620' title='bbox 2250 3704 2422 3781; x_wconf 78' lang='grc' dir='ltr'>λέγων</span> <span class='ocrx_word' id='word_1_621' title='bbox 2454 3725 2466 3737; x_wconf 93' lang='grc'><strong>·</strong></span> <span class='ocrx_word' id='word_1_622' title='bbox 2530 3706 2685 3781; x_wconf 88' lang='grc' dir='ltr'>Παρὰ</span> <span class='ocrx_word' id='word_1_623' title='bbox 2738 3704 2801 3760; x_wconf 88' lang='grc' dir='ltr'>τὸ</span> <span class='ocrx_word' id='word_1_624' title='bbox 2855 3706 2931 3777; x_wconf 76' lang='grc' dir='ltr'>μὴ</span> <span class='ocrx_word' id='word_1_625' title='bbox 2982 3702 3131 3780; x_wconf 78' lang='grc' dir='ltr'>ἔχειν</span> <span class='ocrx_word' id='word_1_626' title='bbox 3176 3702 3369 3765; x_wconf 75' lang='grc' dir='ltr'>αὐτοὺς</span> <span class='ocrx_word' id='word_1_627' title='bbox 3409 3704 3521 3776; x_wconf 80' lang='grc'>(94)</span> <span class='ocrx_word' id='word_1_628' title='bbox 3550 3700 3667 3756; x_wconf 82' lang='grc' dir='ltr'>σκέ-</span> 
     </span>
    </p>
   </div>
   <div class='ocr_carea' id='block_1_83' title="bbox 2003 3790 3669 3870">
    <p class='ocr_par' dir='ltr' id='par_1_83' title="bbox 2003 3790 3669 3870">
     <span class='ocr_line' id='line_1_83' title="bbox 2003 3790 3669 3870; baseline -0.004 -19"><span class='ocrx_word' id='word_1_629' title='bbox 2003 3818 2137 3867; x_wconf 89' lang='grc' dir='ltr'>πην,</span> <span class='ocrx_word' id='word_1_630' title='bbox 2198 3816 2395 3870; x_wconf 89' lang='grc' dir='ltr'>πετραν</span> <span class='ocrx_word' id='word_1_631' title='bbox 2453 3790 2864 3870; x_wconf 73' lang='grc' dir='ltr'>περιεϐάλοντο.</span> <span class='ocrx_word' id='word_1_632' title='bbox 2928 3793 3133 3849; x_wconf 73' lang='grc' dir='ltr'>Σκόπει</span> <span class='ocrx_word' id='word_1_633' title='bbox 3198 3814 3289 3866; x_wconf 87' lang='grc' dir='ltr'>μοι</span> <span class='ocrx_word' id='word_1_634' title='bbox 3353 3793 3444 3847; x_wconf 87' lang='grc' dir='ltr'>καὶ</span> <span class='ocrx_word' id='word_1_635' title='bbox 3490 3792 3559 3846; x_wconf 70' lang='grc' dir='ltr'>τὰ</span> <span class='ocrx_word' id='word_1_636' title='bbox 3587 3812 3669 3845; x_wconf 90' lang='grc' dir='ltr'>τε-</span> 
     </span>
    </p>
   </div>
   <div class='ocr_carea' id='block_1_84' title="bbox 2005 3880 3669 3960">
    <p class='ocr_par' dir='ltr' id='par_1_84' title="bbox 2005 3880 3669 3960">
     <span class='ocr_line' id='line_1_84' title="bbox 2005 3880 3669 3960; baseline -0.005 -18"><span class='ocrx_word' id='word_1_637' title='bbox 2005 3884 2270 3960; x_wconf 83' lang='grc' dir='ltr'>λεώτερα,</span> <span class='ocrx_word' id='word_1_638' title='bbox 2322 3881 2830 3960; x_wconf 84' lang='grc' dir='ltr'>Λοιδορηθήσεται;</span> <span class='ocrx_word' id='word_1_639' title='bbox 2889 3885 3102 3955; x_wconf 82' lang='grc' dir='ltr'>νικήσει</span> <span class='ocrx_word' id='word_1_640' title='bbox 3157 3887 3234 3955; x_wconf 83' lang='grc' dir='ltr'>τῷ</span> <span class='ocrx_word' id='word_1_641' title='bbox 3297 3883 3372 3956; x_wconf 79' lang='grc' dir='ltr'>μή</span> <span class='ocrx_word' id='word_1_642' title='bbox 3431 3880 3669 3936; x_wconf 84' lang='grc' dir='ltr'>ἀντιλοι-</span> 
     </span>
    </p>
   </div>
   <div class='ocr_carea' id='block_1_85' title="bbox 2006 3970 3663 4052">
    <p class='ocr_par' dir='ltr' id='par_1_85' title="bbox 2006 3970 3663 4052">
     <span class='ocr_line' id='line_1_85' title="bbox 2006 3970 3663 4052; baseline -0.004 -21"><span class='ocrx_word' id='word_1_643' title='bbox 2006 3974 2301 4052; x_wconf 83' lang='grc' dir='ltr'>δορεῖσθαι.</span> <span class='ocrx_word' id='word_1_644' title='bbox 2378 3976 2793 4049; x_wconf 84' lang='grc' dir='ltr'>Διωχθήσεται;</span> <span class='ocrx_word' id='word_1_645' title='bbox 2851 3973 3111 4044; x_wconf 80' lang='grc' dir='ltr'>ἀνέξεται.</span> <span class='ocrx_word' id='word_1_646' title='bbox 3190 3970 3663 4048; x_wconf 85' lang='grc' dir='ltr'>Βλασφημηθήσε-</span> 
     </span>
    </p>
   </div>
   <div class='ocr_carea' id='block_1_86' title="bbox 2004 4058 3665 4138">
    <p class='ocr_par' dir='ltr' id='par_1_86' title="bbox 2004 4058 3665 4138">
     <span class='ocr_line' id='line_1_86' title="bbox 2004 4058 3665 4138; baseline -0.004 -18"><span class='ocrx_word' id='word_1_647' title='bbox 2004 4084 2132 4137; x_wconf 89' lang='grc' dir='ltr'>ται;</span> <span class='ocrx_word' id='word_1_648' title='bbox 2234 4062 2619 4138; x_wconf 76' lang='grc' dir='ltr'>παρακαλέσει.</span> <span class='ocrx_word' id='word_1_649' title='bbox 2719 4058 3224 4135; x_wconf 77' lang='grc' dir='ltr'>Διαϐληθήσεται;</span> <span class='ocrx_word' id='word_1_650' title='bbox 3320 4058 3665 4136; x_wconf 76' lang='grc' dir='ltr'>προσεύξεται</span> 
     </span>
    </p>
   </div>
   <div class='ocr_carea' id='block_1_87' title="bbox 2004 4148 3671 4230">
    <p class='ocr_par' dir='ltr' id='par_1_87' title="bbox 2004 4148 3671 4230">
     <span class='ocr_line' id='line_1_87' title="bbox 2004 4148 3671 4230; baseline -0.005 -20"><span class='ocrx_word' id='word_1_651' title='bbox 2004 4157 2113 4226; x_wconf 79' lang='grc' dir='ltr'>Τὴν</span> <span class='ocrx_word' id='word_1_652' title='bbox 2173 4152 2346 4225; x_wconf 75' lang='grc' dir='ltr'>δεξιὰν</span> <span class='ocrx_word' id='word_1_653' title='bbox 2400 4153 2789 4230; x_wconf 80' lang='grc' dir='ltr'>ῥαπισθήσεται</span> <span class='ocrx_word' id='word_1_654' title='bbox 2835 4151 3062 4226; x_wconf 87' lang='grc' dir='ltr'>σιαγόνα</span> <span class='ocrx_word' id='word_1_655' title='bbox 3108 4153 3266 4227; x_wconf 85' lang='lat'>(95);</span> <span class='ocrx_word' id='word_1_656' title='bbox 3309 4148 3523 4225; x_wconf 80' lang='grc' dir='ltr'>παρέξει</span> <span class='ocrx_word' id='word_1_657' title='bbox 3579 4148 3671 4223; x_wconf 81' lang='grc' dir='ltr'>καὶ</span> 
     </span>
    </p>
   </div>
   <div class='ocr_carea' id='block_1_88' title="bbox 2004 4239 3668 4320">
    <p class='ocr_par' dir='ltr' id='par_1_88' title="bbox 2004 4239 3668 4320">
     <span class='ocr_line' id='line_1_88' title="bbox 2004 4239 3668 4320; baseline -0.005 -20"><span class='ocrx_word' id='word_1_658' title='bbox 2004 4246 2103 4315; x_wconf 82' lang='grc' dir='ltr'>τήν</span> <span class='ocrx_word' id='word_1_659' title='bbox 2139 4244 2486 4320; x_wconf 72' lang='grc' dir='ltr'>ἑτέραν</span> <span class='ocrx_word' id='word_1_660' title='bbox 2548 4243 2595 4297; x_wconf 78' lang='grc' dir='ltr'>εἰ</span> <span class='ocrx_word' id='word_1_661' title='bbox 2622 4242 2813 4318; x_wconf 83' lang='grc' dir='ltr'>τρίτην</span> <span class='ocrx_word' id='word_1_662' title='bbox 2856 4241 2993 4317; x_wconf 79' lang='grc' dir='ltr'>εἶχε,</span> <span class='ocrx_word' id='word_1_663' title='bbox 3045 4240 3136 4295; x_wconf 89' lang='grc' dir='ltr'>καὶ</span> <span class='ocrx_word' id='word_1_664' title='bbox 3192 4240 3391 4311; x_wconf 86' lang='grc' dir='ltr'>ταύτην</span> <span class='ocrx_word' id='word_1_665' title='bbox 3444 4239 3504 4293; x_wconf 79' lang='grc' dir='ltr'>ἂν</span> <span class='ocrx_word' id='word_1_666' title='bbox 3538 4258 3668 4313; x_wconf 88' lang='grc' dir='ltr'>προ-</span> 
     </span>
    </p>
   </div>
   <div class='ocr_carea' id='block_1_89' title="bbox 2006 4324 3670 4405">
    <p class='ocr_par' dir='ltr' id='par_1_89' title="bbox 2006 4324 3670 4405">
     <span class='ocr_line' id='line_1_89' title="bbox 2006 4324 3670 4405; baseline -0.006 -17"><span class='ocrx_word' id='word_1_667' title='bbox 2006 4329 2364 4404; x_wconf 49' lang='grc' dir='ltr'>εϐάλετοΑνα</span> <span class='ocrx_word' id='word_1_668' title='bbox 2398 4328 2612 4405; x_wconf 77' lang='grc' dir='ltr'>μᾶλλον</span> <span class='ocrx_word' id='word_1_669' title='bbox 2647 4327 2833 4402; x_wconf 82' lang='grc' dir='ltr'>διδάξῃ</span> <span class='ocrx_word' id='word_1_670' title='bbox 2863 4330 3231 4404; x_wconf 86' lang='grc' dir='ltr'>μακροθυμεῖν</span> <span class='ocrx_word' id='word_1_671' title='bbox 3262 4328 3353 4383; x_wconf 85' lang='grc' dir='ltr'>τὸν</span> <span class='ocrx_word' id='word_1_672' title='bbox 3414 4324 3670 4396; x_wconf 79' lang='grc' dir='ltr'>παίοντα,</span> 
     </span>
    </p>
   </div>
   <div class='ocr_carea' id='block_1_90' title="bbox 2007 4413 3673 4498">
    <p class='ocr_par' dir='ltr' id='par_1_90' title="bbox 2007 4413 3673 4498">
     <span class='ocr_line' id='line_1_90' title="bbox 2007 4413 3673 4498; baseline -0.005 -22"><span class='ocrx_word' id='word_1_673' title='bbox 2007 4420 2151 4498; x_wconf 70' lang='grc' dir='ltr'>ἔργῳ</span> <span class='ocrx_word' id='word_1_674' title='bbox 2202 4418 2498 4491; x_wconf 85' lang='grc' dir='ltr'>παιδεύων,</span> <span class='ocrx_word' id='word_1_675' title='bbox 2557 4418 2589 4474; x_wconf 78' lang='grc' dir='ltr'>ἃ</span> <span class='ocrx_word' id='word_1_676' title='bbox 2649 4420 2723 4492; x_wconf 81' lang='grc' dir='ltr'>μὴ</span> <span class='ocrx_word' id='word_1_677' title='bbox 2779 4419 2930 4496; x_wconf 80' lang='grc' dir='ltr'>λόγῳ</span> <span class='ocrx_word' id='word_1_678' title='bbox 2973 4416 3194 4481; x_wconf 78' lang='grc' dir='ltr'>δυνατὸς</span> <span class='ocrx_word' id='word_1_679' title='bbox 3226 4413 3673 4492; x_wconf 73' lang='grc' dir='ltr'>ᾖν.’ονειδισθή-</span> 
     </span>
    </p>
   </div>
   <div class='ocr_carea' id='block_1_91' title="bbox 2008 4509 3670 4587">
    <p class='ocr_par' dir='ltr' id='par_1_91' title="bbox 2008 4509 3670 4587">
     <span class='ocr_line' id='line_1_91' title="bbox 2008 4509 3670 4587; baseline -0.005 -19"><span class='ocrx_word' id='word_1_680' title='bbox 2008 4530 2191 4581; x_wconf 88' lang='grc' dir='ltr'>σεται;</span> <span class='ocrx_word' id='word_1_681' title='bbox 2240 4515 2403 4565; x_wconf 79' lang='grc' dir='ltr'>τοῦτο</span> <span class='ocrx_word' id='word_1_682' title='bbox 2452 4511 2543 4565; x_wconf 84' lang='grc' dir='ltr'>καὶ</span> <span class='ocrx_word' id='word_1_683' title='bbox 2592 4511 2620 4564; x_wconf 89' lang='lat'>6</span> <span class='ocrx_word' id='word_1_684' title='bbox 2670 4509 2928 4587; x_wconf 81' lang='grc' dir='ltr'>Χριστός·</span> <span class='ocrx_word' id='word_1_685' title='bbox 2963 4509 3330 4583; x_wconf 86' lang='grc' dir='ltr'>τιμηθήσεται</span> <span class='ocrx_word' id='word_1_686' title='bbox 3377 4513 3445 4575; x_wconf 86' lang='grc' dir='ltr'>τῆ</span> <span class='ocrx_word' id='word_1_687' title='bbox 3477 4526 3670 4561; x_wconf 86' lang='grc' dir='ltr'>κοινω-</span> 
     </span>
    </p>
   </div>
   <div class='ocr_carea' id='block_1_92' title="bbox 2006 4592 3671 4676">
    <p class='ocr_par' dir='ltr' id='par_1_92' title="bbox 2006 4592 3671 4676">
     <span class='ocr_line' id='line_1_92' title="bbox 2006 4592 3671 4676; baseline -0.005 -19"><span class='ocrx_word' id='word_1_688' title='bbox 2006 4602 2094 4674; x_wconf 83' lang='grc' dir='ltr'>νίᾳ</span> <span class='ocrx_word' id='word_1_689' title='bbox 2143 4605 2240 4657; x_wconf 80' lang='grc' dir='ltr'>τοῦ</span> <span class='ocrx_word' id='word_1_690' title='bbox 2297 4602 2524 4662; x_wconf 81' lang='grc' dir='ltr'>πάθους.</span> <span class='ocrx_word' id='word_1_691' title='bbox 2585 4600 2695 4656; x_wconf 74' lang='grc' dir='ltr'>Κᾶν</span> <span class='ocrx_word' id='word_1_692' title='bbox 2748 4597 3097 4676; x_wconf 81' lang='grc' dir='ltr'>Σαμαρείτης</span> <span class='ocrx_word' id='word_1_693' title='bbox 3130 4596 3352 4671; x_wconf 83' lang='grc' dir='ltr'>ἀκούσῃ,</span> <span class='ocrx_word' id='word_1_694' title='bbox 3398 4594 3494 4651; x_wconf 73' lang='grc' dir='ltr'>κᾶν</span> <span class='ocrx_word' id='word_1_695' title='bbox 3555 4592 3671 4648; x_wconf 87' lang='grc' dir='ltr'>δαι-</span> 
     </span>
    </p>
   </div>
   <div class='ocr_carea' id='block_1_93' title="bbox 2011 4680 3674 4769">
    <p class='ocr_par' dir='ltr' id='par_1_93' title="bbox 2011 4680 3674 4769">
     <span class='ocr_line' id='line_1_93' title="bbox 2011 4680 3674 4769; baseline -0.007 -22"><span class='ocrx_word' id='word_1_696' title='bbox 2011 4697 2179 4766; x_wconf 83' lang='grc' dir='ltr'>μονᾷν</span> <span class='ocrx_word' id='word_1_697' title='bbox 2232 4690 2499 4769; x_wconf 76' lang='grc' dir='ltr'>ἐγκληθῆ.</span> <span class='ocrx_word' id='word_1_698' title='bbox 2555 4690 2691 4763; x_wconf 83' lang='grc' dir='ltr'>μετά</span> <span class='ocrx_word' id='word_1_699' title='bbox 2732 4692 2866 4745; x_wconf 81' lang='grc' dir='ltr'>Θεοῦ</span> <span class='ocrx_word' id='word_1_700' title='bbox 2896 4687 3069 4743; x_wconf 84' lang='grc' dir='ltr'>πάντα</span> <span class='ocrx_word' id='word_1_701' title='bbox 3113 4684 3336 4757; x_wconf 79' lang='grc' dir='ltr'>δέξεται.</span> <span class='ocrx_word' id='word_1_702' title='bbox 3371 4683 3567 4741; x_wconf 77' lang='grc' dir='ltr'>Πολλὰ</span> <span class='ocrx_word' id='word_1_703' title='bbox 3595 4680 3674 4737; x_wconf 79' lang='grc' dir='ltr'>ἔτι</span> 
     </span>
    </p>
   </div>
   <div class='ocr_carea' id='block_1_94' title="bbox 1925 4751 3672 4856">
    <p class='ocr_par' dir='ltr' id='par_1_94' title="bbox 1925 4751 3672 4856">
     <span class='ocr_line' id='line_1_94' title="bbox 1925 4751 3672 4856; baseline 0.003 -39"><span class='ocrx_word' id='word_1_704' title='bbox 1925 4751 1973 4817; x_wconf 80' lang='grc' dir='ltr'><strong>Β</strong></span> <span class='ocrx_word' id='word_1_705' title='bbox 2005 4751 2204 4856; x_wconf 76' lang='grc' dir='ltr'>λείψει,</span> <span class='ocrx_word' id='word_1_706' title='bbox 2235 4751 2332 4837; x_wconf 45' lang='grc' dir='ltr'>κᾶν</span> <span class='ocrx_word' id='word_1_707' title='bbox 2360 4751 2738 4854; x_wconf 40' lang='grc' dir='ltr'>πολ-λάΙπάθῃ,</span> <span class='ocrx_word' id='word_1_708' title='bbox 2789 4773 2933 4850; x_wconf 75' lang='grc' dir='ltr'>ὅξος,</span> <span class='ocrx_word' id='word_1_709' title='bbox 2962 4775 3135 4853; x_wconf 80' lang='grc' dir='ltr'>χολὴ,</span> <span class='ocrx_word' id='word_1_710' title='bbox 3186 4751 3449 4854; x_wconf 44' lang='grc' dir='ltr'>’στέφανος</span> <span class='ocrx_word' id='word_1_711' title='bbox 3508 4771 3672 4828; x_wconf 84' lang='grc' dir='ltr'>ἀκάν-</span> 
     </span>
    </p>
   </div>
   <div class='ocr_carea' id='block_1_95' title="bbox 2003 4863 3669 4944">
    <p class='ocr_par' dir='ltr' id='par_1_95' title="bbox 2003 4863 3669 4944">
     <span class='ocr_line' id='line_1_95' title="bbox 2003 4863 3669 4944; baseline -0.007 -16"><span class='ocrx_word' id='word_1_712' title='bbox 2003 4874 2170 4943; x_wconf 81' lang='grc' dir='ltr'>θινος,</span> <span class='ocrx_word' id='word_1_713' title='bbox 2228 4874 2500 4944; x_wconf 76' lang='grc' dir='ltr'>σκῆπτρον</span> <span class='ocrx_word' id='word_1_714' title='bbox 2546 4866 2875 4942; x_wconf 84' lang='grc' dir='ltr'>καλάμινον,</span> <span class='ocrx_word' id='word_1_715' title='bbox 2935 4865 3161 4944; x_wconf 82' lang='grc' dir='ltr'>χλαμὺς</span> <span class='ocrx_word' id='word_1_716' title='bbox 3223 4863 3669 4934; x_wconf 86' lang='grc' dir='ltr'>κοκκίνη,σταυ-</span> 
     </span>
    </p>
   </div>
   <div class='ocr_carea' id='block_1_96' title="bbox 2007 4946 3673 5040">
    <p class='ocr_par' dir='ltr' id='par_1_96' title="bbox 2007 4946 3673 5040">
     <span class='ocr_line' id='line_1_96' title="bbox 2007 4946 3673 5040; baseline -0.008 -22"><span class='ocrx_word' id='word_1_717' title='bbox 2007 4962 2121 5040; x_wconf 85' lang='grc' dir='ltr'>ρὸς,</span> <span class='ocrx_word' id='word_1_718' title='bbox 2168 4960 2323 5033; x_wconf 77' lang='grc' dir='ltr'>ἧλοι,</span> <span class='ocrx_word' id='word_1_719' title='bbox 2384 4959 2576 5034; x_wconf 83' lang='grc' dir='ltr'>λῃσταὶ</span> <span class='ocrx_word' id='word_1_720' title='bbox 2635 4955 3119 5033; x_wconf 87' lang='grc' dir='ltr'>συσταυρούμενοι,</span> <span class='ocrx_word' id='word_1_721' title='bbox 3177 4953 3464 5029; x_wconf 83' lang='grc' dir='ltr'>παριόντες</span> <span class='ocrx_word' id='word_1_722' title='bbox 3520 4946 3673 5027; x_wconf 75' lang='grc' dir='ltr'>ὀϐρί-</span> 
     </span>
    </p>
   </div>
   <div class='ocr_carea' id='block_1_97' title="bbox 306 5128 1891 5214">
    <p class='ocr_par' dir='ltr' id='par_1_97' title="bbox 306 5136 1861 5214">
     <span class='ocr_line' id='line_1_97' title="bbox 306 5136 1861 5214; baseline -0.005 -14"><span class='ocrx_word' id='word_1_723' title='bbox 306 5140 328 5179; x_wconf 79' lang='grc'>⁴</span> <span class='ocrx_word' id='word_1_724' title='bbox 360 5140 513 5200; x_wconf 85' lang='lat' dir='ltr'>Psal.</span> <span class='ocrx_word' id='word_1_725' title='bbox 542 5158 693 5213; x_wconf 59' lang='grc' dir='ltr'>μιν,</span> <span class='ocrx_word' id='word_1_726' title='bbox 718 5142 771 5198; x_wconf 91' lang='grc'><strong>3.</strong></span> <span class='ocrx_word' id='word_1_727' title='bbox 849 5141 872 5177; x_wconf 78' lang='grc'><em>⁵</em></span> <span class='ocrx_word' id='word_1_728' title='bbox 902 5139 981 5199; x_wconf 92' lang='grc' dir='ltr'>ΙΙΙ</span> <span class='ocrx_word' id='word_1_729' title='bbox 1009 5140 1151 5214; x_wconf 85' lang='lat' dir='ltr'>Reg.</span> <span class='ocrx_word' id='word_1_730' title='bbox 1182 5156 1321 5207; x_wconf 84' lang='lat' dir='ltr'>xvu,</span> <span class='ocrx_word' id='word_1_731' title='bbox 1350 5138 1406 5208; x_wconf 90' lang='lat'>9,</span> <span class='ocrx_word' id='word_1_732' title='bbox 1442 5138 1527 5194; x_wconf 81' lang='grc'><strong>14.</strong></span> <span class='ocrx_word' id='word_1_733' title='bbox 1603 5137 1624 5174; x_wconf 76' lang='grc'>⁸</span> <span class='ocrx_word' id='word_1_734' title='bbox 1658 5136 1708 5195; x_wconf 94' lang='lat' dir='ltr'>II</span> <span class='ocrx_word' id='word_1_735' title='bbox 1732 5136 1861 5194; x_wconf 89' lang='lat' dir='ltr'>Cor.</span> 
     </span>
    </p>
   </div>
   <div class='ocr_carea' id='block_1_98' title="bbox 2006 5128 3454 5214">
    <p class='ocr_par' dir='ltr' id='par_1_98' title="bbox 2006 5128 3454 5209">
     <span class='ocr_line' id='line_1_98' title="bbox 2006 5128 3454 5209; baseline -0.006 -16"><span class='ocrx_word' id='word_1_736' title='bbox 2006 5136 2095 5193; x_wconf 83' lang='lat'>27.</span> <span class='ocrx_word' id='word_1_737' title='bbox 2171 5139 2192 5173; x_wconf 87' lang='grc'>⁷</span> <span class='ocrx_word' id='word_1_738' title='bbox 2220 5137 2332 5195; x_wconf 86' lang='lat' dir='ltr'>Job</span> <span class='ocrx_word' id='word_1_739' title='bbox 2361 5154 2519 5209; x_wconf 75' lang='lat' dir='ltr'>xxxv,</span> <span class='ocrx_word' id='word_1_740' title='bbox 2550 5138 2606 5193; x_wconf 92' lang='lat'>8.</span> <span class='ocrx_word' id='word_1_741' title='bbox 2681 5136 2703 5171; x_wconf 80' lang='grc'>⁸</span> <span class='ocrx_word' id='word_1_742' title='bbox 2729 5134 2904 5192; x_wconf 83' lang='lat' dir='ltr'>Joan.</span> <span class='ocrx_word' id='word_1_743' title='bbox 2934 5150 3059 5204; x_wconf 81' lang='lat' dir='ltr'><strong>VIII,</strong></span> <span class='ocrx_word' id='word_1_744' title='bbox 3092 5132 3182 5189; x_wconf 87' lang='grc'>48.</span> <span class='ocrx_word' id='word_1_745' title='bbox 3259 5130 3281 5166; x_wconf 84' lang='grc'><strong>⁹</strong></span> <span class='ocrx_word' id='word_1_746' title='bbox 3309 5128 3454 5186; x_wconf 90' lang='lat' dir='ltr'>ibid.</span> 
     </span>
    </p>
   </div>
   <div class='ocr_carea' id='block_1_99' title="bbox 307 5342 1896 5425">
    <p class='ocr_par' dir='ltr' id='par_1_99' title="bbox 307 5342 1896 5425">
     <span class='ocr_line' id='line_1_99' title="bbox 307 5342 1896 5425; baseline -0.004 -18"><span class='ocrx_word' id='word_1_747' title='bbox 307 5349 420 5425; x_wconf 90' lang='lat'>(88)</span> <span class='ocrx_word' id='word_1_748' title='bbox 454 5345 658 5425; x_wconf 56' lang='grc' dir='ltr'>Ἐκδτόςἶ</span> <span class='ocrx_word' id='word_1_749' title='bbox 690 5347 802 5425; x_wconf 28' lang='lat' dir='ltr'>Sic‘</span> <span class='ocrx_word' id='word_1_750' title='bbox 833 5347 1130 5425; x_wconf 79' lang='lat' dir='ltr'>Reg._bm,</span> <span class='ocrx_word' id='word_1_751' title='bbox 1179 5346 1442 5419; x_wconf 92' lang='lat' dir='ltr'>quinque</span> <span class='ocrx_word' id='word_1_752' title='bbox 1487 5342 1675 5413; x_wconf 87' lang='lat' dir='ltr'>Golb.,</span> <span class='ocrx_word' id='word_1_753' title='bbox 1721 5342 1896 5401; x_wconf 84' lang='lat' dir='ltr'>Cois].</span> 
     </span>
    </p>
   </div>
   <div class='ocr_carea' id='block_1_100' title="bbox 238 5416 1060 5494">
    <p class='ocr_par' dir='ltr' id='par_1_100' title="bbox 238 5416 1060 5494">
     <span class='ocr_line' id='line_1_100' title="bbox 238 5416 1060 5494; baseline -0.01 -14"><span class='ocrx_word' id='word_1_754' title='bbox 238 5424 292 5494; x_wconf 82' lang='grc'>1,</span> <span class='ocrx_word' id='word_1_755' title='bbox 315 5416 430 5480; x_wconf 56' lang='grc' dir='ltr'>διὸ.</span> <span class='ocrx_word' id='word_1_756' title='bbox 467 5419 615 5494; x_wconf 76' lang='lat' dir='ltr'>Male</span> <span class='ocrx_word' id='word_1_757' title='bbox 646 5421 703 5476; x_wconf 85' lang='lat' dir='ltr'>in</span> <span class='ocrx_word' id='word_1_758' title='bbox 735 5420 853 5487; x_wconf 90' lang='lat' dir='ltr'>ed.,</span> <span class='ocrx_word' id='word_1_759' title='bbox 887 5416 1060 5494; x_wconf 64' lang='grc' dir='ltr'>ἐκτός.</span> 
     </span>
    </p>
   </div>
   <div class='ocr_carea' id='block_1_101' title="bbox 308 5489 1360 5565">
    <p class='ocr_par' dir='ltr' id='par_1_101' title="bbox 308 5489 1360 5565">
     <span class='ocr_line' id='line_1_101' title="bbox 308 5489 1360 5565; baseline -0.006 -13"><span class='ocrx_word' id='word_1_760' title='bbox 308 5496 423 5565; x_wconf 82' lang='grc'>(89)</span> <span class='ocrx_word' id='word_1_761' title='bbox 456 5490 650 5565; x_wconf 80' lang='grc' dir='ltr'>Πλέον.</span> <span class='ocrx_word' id='word_1_762' title='bbox 690 5494 752 5547; x_wconf 82' lang='lat' dir='ltr'>in</span> <span class='ocrx_word' id='word_1_763' title='bbox 785 5491 1111 5565; x_wconf 81' lang='lat' dir='ltr'>nonnullis,</span> <span class='ocrx_word' id='word_1_764' title='bbox 1144 5489 1360 5565; x_wconf 60' lang='grc' dir='ltr'>πλεξίον.</span> 
     </span>
    </p>
   </div>
   <div class='ocr_carea' id='block_1_102' title="bbox 310 5560 1898 5641">
    <p class='ocr_par' dir='ltr' id='par_1_102' title="bbox 310 5560 1898 5641">
     <span class='ocr_line' id='line_1_102' title="bbox 310 5560 1898 5641; baseline -0.006 -17"><span class='ocrx_word' id='word_1_765' title='bbox 310 5560 606 5641; x_wconf 51' lang='grc' dir='ltr'>(90))ᾷετὸι</span> <span class='ocrx_word' id='word_1_766' title='bbox 653 5567 756 5616; x_wconf 78' lang='grc' dir='ltr'>τῶν</span> <span class='ocrx_word' id='word_1_767' title='bbox 800 5562 1029 5641; x_wconf 59' lang='grc' dir='ltr'>ῥρνὲων,</span> <span class='ocrx_word' id='word_1_768' title='bbox 1064 5560 1794 5641; x_wconf 24' lang='lat' dir='ltr'>etc.‘Allud_itd_Gregorius</span> <span class='ocrx_word' id='word_1_769' title='bbox 1827 5560 1898 5615; x_wconf 92' lang='lat' dir='ltr'>ad</span> 
     </span>
    </p>
   </div>
   <div class='ocr_carea' id='block_1_103' title="bbox 238 5584 1898 5709">
    <p class='ocr_par' dir='ltr' id='par_1_103' title="bbox 238 5584 1898 5709">
     <span class='ocr_line' id='line_1_103' title="bbox 310 5584 1898 5641; baseline -0.006 -18"><span class='ocrx_word' id='word_1_770' title='bbox 310 5584 423 5641; x_wconf 66' lang='grc' dir='ltr'>(νυ)</span> <span class='ocrx_word' id='word_1_771' title='bbox 457 5584 606 5620; x_wconf 83' lang='grc' dir='ltr'>Μετα</span> <span class='ocrx_word' id='word_1_772' title='bbox 653 5584 756 5616; x_wconf 84' lang='grc' dir='ltr'>των</span> <span class='ocrx_word' id='word_1_773' title='bbox 806 5584 833 5617; x_wconf 94' lang='grc' dir='ltr'>ο</span> <span class='ocrx_word' id='word_1_774' title='bbox 872 5584 1029 5636; x_wconf 83' lang='grc' dir='ltr'>νεων,</span> <span class='ocrx_word' id='word_1_775' title='bbox 1064 5584 1173 5621; x_wconf 77' lang='lat' dir='ltr'>etc.</span> <span class='ocrx_word' id='word_1_776' title='bbox 1208 5584 1427 5619; x_wconf 76' lang='lat' dir='ltr'>Alluun</span> <span class='ocrx_word' id='word_1_777' title='bbox 1479 5584 1794 5633; x_wconf 77' lang='lat' dir='ltr'>urogorlus</span> <span class='ocrx_word' id='word_1_778' title='bbox 1827 5584 1898 5615; x_wconf 77' lang='lat' dir='ltr'>au</span> 
     </span>
     <span class='ocr_line' id='line_1_104' title="bbox 238 5584 1898 5709; baseline -0.004 -15"><span class='ocrx_word' id='word_1_779' title='bbox 238 5643 416 5697; x_wconf 77' lang='lat' dir='ltr'>verba</span> <span class='ocrx_word' id='word_1_780' title='bbox 444 5636 651 5694; x_wconf 89' lang='lat' dir='ltr'>Matth.</span> <span class='ocrx_word' id='word_1_781' title='bbox 684 5653 763 5702; x_wconf 80' lang='lat' dir='ltr'>v1,</span> <span class='ocrx_word' id='word_1_782' title='bbox 914 5661 939 5687; x_wconf 85' lang='grc'>‹‹</span> <span class='ocrx_word' id='word_1_783' title='bbox 978 5636 1270 5709; x_wconf 82' lang='lat' dir='ltr'>Respicite</span> <span class='ocrx_word' id='word_1_784' title='bbox 1301 5634 1560 5691; x_wconf 79' lang='lat' dir='ltr'>volatilia</span> <span class='ocrx_word' id='word_1_785' title='bbox 1589 5633 1739 5702; x_wconf 77' lang='lat' dir='ltr'>cceli,</span> <span class='ocrx_word' id='word_1_786' title='bbox 1759 5649 1898 5703; x_wconf 89' lang='lat' dir='ltr'>quo-</span> 
     </span>
    </p>
   </div>
   <div class='ocr_carea' id='block_1_104' title="bbox 241 5709 1903 5783">
    <p class='ocr_par' dir='ltr' id='par_1_104' title="bbox 241 5709 1903 5783">
     <span class='ocr_line' id='line_1_105' title="bbox 241 5709 1903 5783; baseline -0.005 -14"><span class='ocrx_word' id='word_1_787' title='bbox 241 5712 402 5770; x_wconf 90' lang='lat' dir='ltr'>niam</span> <span class='ocrx_word' id='word_1_788' title='bbox 426 5728 542 5766; x_wconf 91' lang='lat' dir='ltr'>non</span> <span class='ocrx_word' id='word_1_789' title='bbox 574 5711 799 5779; x_wconf 87' lang='lat' dir='ltr'>serunt,</span> <span class='ocrx_word' id='word_1_790' title='bbox 834 5724 1022 5783; x_wconf 87' lang='lat' dir='ltr'>neque</span> <span class='ocrx_word' id='word_1_791' title='bbox 1050 5712 1298 5780; x_wconf 88' lang='lat' dir='ltr'>metunt,</span> <span class='ocrx_word' id='word_1_792' title='bbox 1334 5723 1524 5780; x_wconf 88' lang='lat' dir='ltr'>neque</span> <span class='ocrx_word' id='word_1_793' title='bbox 1549 5709 1903 5780; x_wconf 81' lang='lat' dir='ltr'>congregant</span> 
     </span>
    </p>
   </div>
   <div class='ocr_carea' id='block_1_105' title="bbox 240 5784 626 5841">
    <p class='ocr_par' dir='ltr' id='par_1_105' title="bbox 240 5784 626 5841">
     <span class='ocr_line' id='line_1_106' title="bbox 240 5784 626 5841; baseline -0.013 0"><span class='ocrx_word' id='word_1_794' title='bbox 240 5784 302 5841; x_wconf 86' lang='lat' dir='ltr'>in</span> <span class='ocrx_word' id='word_1_795' title='bbox 334 5785 561 5840; x_wconf 89' lang='lat' dir='ltr'>horrea.</span> <span class='ocrx_word' id='word_1_796' title='bbox 598 5802 626 5830; x_wconf 84' lang='grc'><strong>››</strong></span> 
     </span>
    </p>
   </div>
   <div class='ocr_carea' id='block_1_106' title="bbox 316 5851 657 5983">
    <p class='ocr_par' dir='ltr' id='par_1_106' title="bbox 316 5851 657 5983">
     <span class='ocr_line' id='line_1_107' title="bbox 316 5851 657 5983; baseline -0.032 -71"><span class='ocrx_word' id='word_1_797' title='bbox 316 5854 431 5929; x_wconf 85' lang='grc'>(91)</span> <span class='ocrx_word' id='word_1_798' title='bbox 459 5851 561 5908; x_wconf 76' lang='grc' dir='ltr'>Καὶ</span> <span class='ocrx_word' id='word_1_799' title='bbox 584 5870 657 5983; x_wconf 77' lang='grc' dir='ltr'>τρι</span> 
     </span>
     <span class='ocr_line' id='line_1_108' title="bbox 316 5924 657 5983; baseline 0 0"><span class='ocrx_word' id='word_1_800' title='bbox 316 5943 483 5983; x_wconf 71' lang='grc' dir='ltr'>ιωοθ.</span> <span class='ocrx_word' id='word_1_801' title='bbox 512 5948 541 5979; x_wconf 90' lang='grc'>‹‹</span> <span class='ocrx_word' id='word_1_802' title='bbox 573 5925 616 5983; x_wconf 81' lang='lat' dir='ltr'><strong>E</strong></span> <span class='ocrx_word' id='word_1_803' title='bbox 644 5924 657 5983; x_wconf 85' lang='lat' dir='ltr'>i</span> 
     </span>
    </p>
   </div>
   <div class='ocr_carea' id='block_1_107' title="bbox 248 5925 1219 6002">
    <p class='ocr_par' dir='ltr' id='par_1_107' title="bbox 248 5925 1219 6002">
     <span class='ocr_line' id='line_1_109' title="bbox 248 5925 1219 6002; baseline -0.008 -13"><span class='ocrx_word' id='word_1_804' title='bbox 248 5925 483 6002; x_wconf 81' lang='lat' dir='ltr'>nempe,</span> <span class='ocrx_word' id='word_1_805' title='bbox 512 5948 541 5979; x_wconf 89' lang='lat'>«</span> <span class='ocrx_word' id='word_1_806' title='bbox 573 5925 761 5986; x_wconf 67' lang='lat' dir='ltr'>Etiam</span> <span class='ocrx_word' id='word_1_807' title='bbox 790 5925 1158 5999; x_wconf 84' lang='lat' dir='ltr'>prophetam.</span> <span class='ocrx_word' id='word_1_808' title='bbox 1188 5945 1219 5974; x_wconf 82' lang='lat'><strong><em>»</em></strong></span> 
     </span>
    </p>
   </div>
   <div class='ocr_carea' id='block_1_108' title="bbox 654 5848 1904 5929">
    <p class='ocr_par' dir='ltr' id='par_1_108' title="bbox 654 5848 1904 5929">
     <span class='ocr_line' id='line_1_110' title="bbox 654 5848 1904 5929; baseline -0.006 -15"><span class='ocrx_word' id='word_1_809' title='bbox 654 5848 753 5929; x_wconf 66' lang='grc' dir='ltr'>ἐφῃ</span> <span class='ocrx_word' id='word_1_810' title='bbox 769 5851 861 5907; x_wconf 82' lang='grc' dir='ltr'>τὸν</span> <span class='ocrx_word' id='word_1_811' title='bbox 895 5851 1217 5929; x_wconf 45' lang='grc' dir='ltr'>τρέφονται(</span> <span class='ocrx_word' id='word_1_812' title='bbox 1247 5850 1591 5911; x_wconf 84' lang='lat' dir='ltr'>Nurientem</span> <span class='ocrx_word' id='word_1_813' title='bbox 1623 5849 1904 5922; x_wconf 84' lang='lat' dir='ltr'>nutriat,»</span> 
     </span>
    </p>
   </div>
   <div class='ocr_carea' id='block_1_109' title="bbox 2080 5328 3672 5415">
    <p class='ocr_par' dir='ltr' id='par_1_109' title="bbox 2080 5328 3672 5415">
     <span class='ocr_line' id='line_1_111' title="bbox 2080 5328 3672 5415; baseline -0.018 -1"><span class='ocrx_word' id='word_1_814' title='bbox 2080 5341 2197 5413; x_wconf 83' lang='lat'>(92)</span> <span class='ocrx_word' id='word_1_815' title='bbox 2279 5339 2579 5415; x_wconf 82' lang='grc' dir='ltr'>Ἐπιλίπῃ.</span> <span class='ocrx_word' id='word_1_816' title='bbox 2643 5342 2803 5415; x_wconf 83' lang='lat' dir='ltr'>Reg.</span> <span class='ocrx_word' id='word_1_817' title='bbox 2864 5340 2964 5397; x_wconf 91' lang='lat' dir='ltr'>bm</span> <span class='ocrx_word' id='word_1_818' title='bbox 3036 5340 3095 5397; x_wconf 89' lang='lat' dir='ltr'>et</span> <span class='ocrx_word' id='word_1_819' title='bbox 3164 5333 3484 5402; x_wconf 86' lang='lat' dir='ltr'>Combef.,</span> <span class='ocrx_word' id='word_1_820' title='bbox 3543 5328 3672 5385; x_wconf 70' lang='lat' dir='ltr'>tm-</span> 
     </span>
    </p>
   </div>
   <div class='ocr_carea' id='block_1_110' title="bbox 2007 5413 3678 5561">
    <p class='ocr_par' dir='ltr' id='par_1_110' title="bbox 2007 5413 3678 5561">
     <span class='ocr_line' id='line_1_112' title="bbox 2007 5413 3678 5561; baseline -0.008 -18"><span class='ocrx_word' id='word_1_821' title='bbox 2007 5413 2193 5561; x_wconf 52' lang='grc' dir='ltr'>λεξδὲ)</span> <span class='ocrx_word' id='word_1_822' title='bbox 2223 5483 2376 5543; x_wconf 86' lang='grc' dir='ltr'>Ἀλλ’</span> <span class='ocrx_word' id='word_1_823' title='bbox 2426 5483 2513 5561; x_wconf 65' lang='grc' dir='ltr'>ἐπὶ</span> <span class='ocrx_word' id='word_1_824' title='bbox 2545 5484 2737 5561; x_wconf 76' lang='grc' dir='ltr'>πόσον.</span> <span class='ocrx_word' id='word_1_825' title='bbox 2787 5483 3122 5561; x_wconf 72' lang='lat' dir='ltr'>Legendum</span> <span class='ocrx_word' id='word_1_826' title='bbox 3175 5480 3304 5561; x_wconf 74' lang='lat' dir='ltr'>sine</span> <span class='ocrx_word' id='word_1_827' title='bbox 3348 5476 3678 5561; x_wconf 57' lang='lat' dir='ltr'>interroga:</span> 
     </span>
    </p>
   </div>
   <div class='ocr_carea' id='block_1_111' title="bbox 2010 5548 3677 5625">
    <p class='ocr_par' dir='ltr' id='par_1_111' title="bbox 2010 5548 3677 5625">
     <span class='ocr_line' id='line_1_113' title="bbox 2010 5548 3677 5625; baseline -0.01 -8"><span class='ocrx_word' id='word_1_828' title='bbox 2010 5548 2394 5618; x_wconf 51' lang='lat' dir='ltr'>tio‘ne&#39;censet</span> <span class='ocrx_word' id='word_1_829' title='bbox 2441 5559 2701 5617; x_wconf 80' lang='lat' dir='ltr'>Combef.</span> <span class='ocrx_word' id='word_1_830' title='bbox 2736 5574 2750 5613; x_wconf 89' lang='lat'><strong>:</strong></span> <span class='ocrx_word' id='word_1_831' title='bbox 2784 5548 2911 5611; x_wconf 53' lang='lat' dir='ltr'>an“</span> <span class='ocrx_word' id='word_1_832' title='bbox 2960 5553 3048 5610; x_wconf 73' lang='grc' dir='ltr'>ἐπὶ</span> <span class='ocrx_word' id='word_1_833' title='bbox 3092 5551 3285 5625; x_wconf 86' lang='grc' dir='ltr'>ποσόν,</span> <span class='ocrx_word' id='word_1_834' title='bbox 3333 5548 3426 5607; x_wconf 77' lang='lat' dir='ltr'>sed</span> <span class='ocrx_word' id='word_1_835' title='bbox 3474 5548 3677 5617; x_wconf 71' lang='lat' dir='ltr'>algebit</span> 
     </span>
    </p>
   </div>
   <div class='ocr_carea' id='block_1_112' title="bbox 2009 5628 3056 5757">
    <p class='ocr_par' dir='ltr' id='par_1_112' title="bbox 2009 5628 3056 5757">
     <span class='ocr_line' id='line_1_114' title="bbox 2009 5628 3056 5757; baseline -0.006 -68"><span class='ocrx_word' id='word_1_836' title='bbox 2009 5628 2359 5703; x_wconf 75' lang='lat' dir='ltr'>aliquandiu.</span> <span class='ocrx_word' id='word_1_837' title='bbox 2394 5632 2479 5687; x_wconf 90' lang='lat' dir='ltr'>Ita</span> <span class='ocrx_word' id='word_1_838' title='bbox 2505 5630 2855 5757; x_wconf 45' lang='lat' dir='ltr'>etiamdeg‘it</span> <span class='ocrx_word' id='word_1_839' title='bbox 2886 5628 3056 5685; x_wconf 92' lang='lat' dir='ltr'>Leuv.</span> 
     </span>
     <span class='ocr_line' id='line_1_115' title="bbox 2082 5703 3001 5757; baseline -0.001 0"><span class='ocrx_word' id='word_1_840' title='bbox 2082 5706 2193 5757; x_wconf 68' lang='lat'>(94)</span> <span class='ocrx_word' id='word_1_841' title='bbox 2224 5703 2453 5757; x_wconf 72' lang='grc' dir='ltr'>Αὐτούε.</span> <span class='ocrx_word' id='word_1_842' title='bbox 2487 5705 2658 5757; x_wconf 88' lang='lat' dir='ltr'>Deest</span> <span class='ocrx_word' id='word_1_843' title='bbox 2686 5721 2743 5757; x_wconf 78' lang='lat' dir='ltr'>In</span> <span class='ocrx_word' id='word_1_844' title='bbox 2826 5717 2915 5757; x_wconf 72' lang='lat' dir='ltr'>ett.</span> <span class='ocrx_word' id='word_1_845' title='bbox 2948 5718 3001 5757; x_wconf 90' lang='lat' dir='ltr'>a.</span> 
     </span>
    </p>
   </div>
   <div class='ocr_carea' id='block_1_113' title="bbox 2103 5703 3001 5764">
    <p class='ocr_par' dir='ltr' id='par_1_113' title="bbox 2103 5703 3001 5764">
     <span class='ocr_line' id='line_1_116' title="bbox 2103 5703 3001 5764; baseline -0.006 -4"><span class='ocrx_word' id='word_1_846' title='bbox 2103 5706 2193 5764; x_wconf 71' lang='lat'>94)</span> <span class='ocrx_word' id='word_1_847' title='bbox 2224 5703 2453 5764; x_wconf 81' lang='grc' dir='ltr'>Αὐτούς.</span> <span class='ocrx_word' id='word_1_848' title='bbox 2487 5705 2658 5761; x_wconf 88' lang='lat' dir='ltr'>Deest</span> <span class='ocrx_word' id='word_1_849' title='bbox 2686 5703 2743 5758; x_wconf 91' lang='lat' dir='ltr'>in</span> <span class='ocrx_word' id='word_1_850' title='bbox 2776 5703 2915 5764; x_wconf 76' lang='lat' dir='ltr'>Reg.</span> <span class='ocrx_word' id='word_1_851' title='bbox 2948 5718 3001 5757; x_wconf 92' lang='lat' dir='ltr'>a.</span> 
     </span>
    </p>
   </div>
   <div class='ocr_carea' id='block_1_114' title="bbox 2104 5767 3635 5849">
    <p class='ocr_par' dir='ltr' id='par_1_114' title="bbox 2104 5767 3635 5849">
     <span class='ocr_line' id='line_1_117' title="bbox 2104 5767 3635 5849; baseline -0.006 -18"><span class='ocrx_word' id='word_1_852' title='bbox 2104 5767 2194 5849; x_wconf 84' lang='lat'>95)</span> <span class='ocrx_word' id='word_1_853' title='bbox 2228 5775 2485 5849; x_wconf 86' lang='grc' dir='ltr'>Σιαγόνα.</span> <span class='ocrx_word' id='word_1_854' title='bbox 2522 5780 2691 5833; x_wconf 86' lang='lat' dir='ltr'>Deest</span> <span class='ocrx_word' id='word_1_855' title='bbox 2721 5775 2780 5831; x_wconf 90' lang='lat' dir='ltr'>in</span> <span class='ocrx_word' id='word_1_856' title='bbox 2813 5767 3086 5849; x_wconf 49' lang='lat' dir='ltr'>pruribus</span> <span class='ocrx_word' id='word_1_857' title='bbox 3117 5767 3307 5849; x_wconf 48' lang='lat' dir='ltr'>codd.&#39;</span> <span class='ocrx_word' id='word_1_858' title='bbox 3559 5833 3570 5845; x_wconf 42' lang='lat'><strong>.</strong></span> <span class='ocrx_word' id='word_1_859' title='bbox 3623 5830 3635 5849; x_wconf 40' lang='lat'><strong><em>9</em></strong></span> 
     </span>
    </p>
   </div>
   <div class='ocr_carea' id='block_1_115' title="bbox 2044 5834 3672 5980">
    <p class='ocr_par' dir='ltr' id='par_1_115' title="bbox 2044 5834 3672 5980">
     <span class='ocr_line' id='line_1_118' title="bbox 2044 5834 3672 5980; baseline -0.01 -76"><span class='ocrx_word' id='word_1_860' title='bbox 2044 5834 2196 5980; x_wconf 50' lang='lat' dir='ltr'>t(9:5!)</span> <span class='ocrx_word' id='word_1_861' title='bbox 2254 5834 2477 5927; x_wconf 68' lang='grc' dir='ltr'>Ετίραν.</span> <span class='ocrx_word' id='word_1_862' title='bbox 2537 5850 2604 5929; x_wconf 85' lang='lat' dir='ltr'>_In</span> <span class='ocrx_word' id='word_1_863' title='bbox 2664 5834 2997 5917; x_wconf 58' lang='lat' dir='ltr'>nonnullis,</span> <span class='ocrx_word' id='word_1_864' title='bbox 3057 5834 3376 5923; x_wconf 83' lang='grc' dir='ltr'>ἀριστεράν,</span> <span class='ocrx_word' id='word_1_865' title='bbox 3433 5858 3464 5890; x_wconf 79' lang='grc' dir='ltr'>α</span> <span class='ocrx_word' id='word_1_866' title='bbox 3523 5834 3672 5893; x_wconf 87' lang='lat' dir='ltr'>sini-</span> 
     </span>
     <span class='ocr_line' id='line_1_119' title="bbox 2070 5930 3631 5979; baseline -0.012 1"><span class='ocrx_word' id='word_1_867' title='bbox 2070 5937 2134 5979; x_wconf 79' lang='lat' dir='ltr'>ra</span> <span class='ocrx_word' id='word_1_868' title='bbox 2202 5963 2217 5978; x_wconf 83' lang='lat'>.</span> <span class='ocrx_word' id='word_1_869' title='bbox 2249 5942 2281 5975; x_wconf 67' lang='lat'>)3</span> <span class='ocrx_word' id='word_1_870' title='bbox 3538 5932 3545 5937; x_wconf 83' lang='lat'>‘</span> <span class='ocrx_word' id='word_1_871' title='bbox 3625 5930 3631 5936; x_wconf 86' lang='lat'><strong><em>’</em></strong></span> 
     </span>
    </p>
   </div>
   <div class='ocr_carea' id='block_1_116' title="bbox 2011 5930 3631 5981">
    <p class='ocr_par' dir='ltr' id='par_1_116' title="bbox 2011 5930 3631 5981">
     <span class='ocr_line' id='line_1_120' title="bbox 2011 5930 3631 5981; baseline -0.005 -1"><span class='ocrx_word' id='word_1_872' title='bbox 2011 5930 2217 5981; x_wconf 79' lang='lat' dir='ltr'>stram.</span> <span class='ocrx_word' id='word_1_873' title='bbox 2249 5942 2281 5975; x_wconf 81' lang='grc'><strong>››</strong></span> <span class='ocrx_word' id='word_1_874' title='bbox 3538 5932 3545 5937; x_wconf 81' lang='lat'>‘</span> <span class='ocrx_word' id='word_1_875' title='bbox 3625 5930 3631 5936; x_wconf 79' lang='lat'><strong><em>’</em></strong></span> 
     </span>
    </p>
   </div>
   <div class='ocr_carea' id='block_1_117' title="bbox 2177 5706 2195 5922">
    <p class='ocr_par' dir='ltr' id='par_1_117' title="bbox 2177 5706 2195 5922">
     <span class='ocr_line' id='line_1_121' title="bbox 2177 5706 2195 5922; baseline 0 0"><span class='ocrx_word' id='word_1_876' title='bbox 2177 5706 2195 5922; x_wconf 65' lang='grc' dir='ltr'>ἐ</span> 
     </span>
    </p>
   </div>
   <div class='ocr_carea' id='block_1_118' title="bbox 2081 5708 2101 5923">
    <p class='ocr_par' dir='ltr' id='par_1_118' title="bbox 2081 5708 2101 5923">
     <span class='ocr_line' id='line_1_122' title="bbox 2081 5708 2101 5923; baseline 0 0"><span class='ocrx_word' id='word_1_877' title='bbox 2081 5708 2101 5923; x_wconf 70' lang='grc' dir='ltr'>ἓ</span> 
     </span>
    </p>
   </div>
  </div>
