4110 6462
346 562 502 622 1245

1410 560 1704 624 ORATIO
1751 560 1969 623 XXVI.
2004 591 2083 605 --
2110 560 2189 621 IN
2236 560 2605 625 SEIPSUM.

3618 556 3773 619 1216

347 698 545 763 ζοντες.
599 700 689 749 Δεῖ
731 693 833 773 γὰρ
877 696 990 768 (97)
1031 694 1195 749 πλέον
1228 691 1371 770 ἔχειν
1406 692 1557 761 Θεὸν,
1592 691 1643 747 ἐν
1687 696 1766 764 τῷ
1800 690 1978 747 πλεῖοι

2108 697 2299 763 erunt,
2334 711 2460 767 quae
2501 695 3023 768 perferat,acetum
3057 691 3397 765 nempe,fe1,
3419 708 3635 749 corona
3656 691 3769 764 spi-

344 783 519 862 φὲρειν
554 784 971 858 ἀτιμαζόμενον.

2102 798 2232 850 nea,
2275 788 2571 857 sceptrum
2592 783 3279 856 arundineum,chlamys
3297 782 3751 851 coccinea,crux,

342 876 511 943 clavi,
544 876 801 931 latrones
831 875 1010 931 simul
1062 875 1219 931 cruci
1268 874 1447 941 afﬁxi,
1495 872 1973 946 praetereuntium
2022 873 2387 930 contumeliae
2420 874 2482 928 1°.
2518 873 2745 929 Primas
2785 874 2944 929 enim
2999 874 3183 928 Deum
3235 872 3446 927 habere
3491 887 3597 943 par
3647 874 3759 940 est,

344 965 499 1036 quod
532 964 666 1036 plus
697 964 1032 1036 ignominiae
1066 964 1392 1036 pertulerit.

415 1052 491 1105 Il'.
527 1049 695 1109 Οὐδὲν
747 1050 1151 1127 ἀναλωτότερον
1190 1050 1535 1129 φιλοσοφίας,
1568 1048 1719 1105 οὐδὲν
1752 1049 1995 1121 ἄληπτό-

338 1161 516 1214 τερον.
564 1143 743 1197 Πάντα
786 1139 1006 1196 ἐνδώσει
1060 1142 1347 1217 πρότερον,
1476 1140 1797 1218 φιλόσοφος.
1830 1142 1992 1203 Ὀνος

338 1228 479 1284 ἐστὶν
536 1227 721 1306 ἄγριος
774 1230 824 1285 ἐν
886 1231 1101 1305 ἐρήμῳ,
1162 1231 1323 1308 φησὶν
1386 1231 1413 1285 ὁ
1471 1226 1618 1301 Ἰὼϐ,
1669 1228 1849 1292 ἄνετος
1902 1230 1990 1284 καὶ

338 1317 642 1395 ἐλεύθερος,
698 1319 1008 1395 καταγελῶν
1079 1318 1427 1395 πολυοχλίας
1510 1318 1752 1390 πόλεως,
1845 1321 1991 1392 μεμ-

335 1412 425 1482 ψιν
520 1408 831 1484 φορολόγου
923 1411 998 1482 μὴ
1107 1408 1341 1466 ἀκούων.
1443 1408 1765 1485 Μονὸκερώς
1855 1408 1987 1485 ἐστι,

338 1502 474 1567 ζῶον
551 1498 875 1571 αὐτόνομον.
946 1498 1009 1555 Ei
1084 1497 1415 1574 βουλήσεταί
1494 1520 1577 1553 σοι
1655 1495 1986 1568 δουλεῦσαι,

333 1588 377 1641 εἰ
434 1585 616 1657 δήσεις
676 1587 833 1643 αὐτὸν
896 1586 983 1642 ἐπὶ
1034 1585 1279 1665 φάτνης,
1341 1588 1385 1641 εἷ
1446 1587 1548 1642 ὑπὸ
1594 1588 1745 1664 ζυγὸν
1807 1587 1987 1663 ἀχθή-

332 1698 477 1731 σεται
506 1679 655 1750 (98);
714 1680 875 1731 Ὅταν
928 1676 1141 1731 πάντων
1192 1675 1497 1752 ἐξείργηται
1545 1681 1652 1730 τῶν
1711 1676 1797 1731 ἐπὶ
1857 1680 1982 1753 γῆς,

332 1765 747 1821 κατεσκεύασται
777 1765 921 1838 αὐτῷ
951 1768 1212 1843 πτέρυγες
1255 1764 1435 1842 ὥσπερ
1494 1766 1672 1834 ἀετοῦ,
1734 1765 1982 1841 ἐπιστρὲ-

334 1858 421 1928 ψει
472 1855 545 1917 εἰς
592 1856 683 1909 τὸν
743 1855 889 1910 οἶκον
925 1860 1021 1909 τοῦ
1052 1854 1454 1931 προεστηκότος
1487 1856 1600 1928 (99)
1630 1854 1816 1924 αὐτοῦ,
1849 1855 1984 1932 πρὸς

2176 1053 2323 1108 ΧΙΙΙ.
2358 1052 2512 1107 Nihil
2546 1051 2918 1124 philosophia
2958 1051 3168 1106 fortius
3197 1053 3305 1119 est,
3340 1048 3766 1122 inexpugnabi-

2102 1143 2219 1198 lius
2249 1142 2416 1197 nihil.
2437 1143 2646 1197 Omnia
2678 1142 2843 1213 prius
2876 1142 3103 1209 cedent,
3126 1156 3301 1212 quam
3339 1143 3405 1195 ut
3436 1156 3653 1196 manus
3675 1140 3772 1195 det

2102 1231 2506 1304 philosophus.
2547 1231 2761 1302 Onager
2788 1236 2867 1286 est
2899 1232 2958 1285 in
3002 1231 3232 1297 deserto,
3264 1233 3328 1284 ut
3380 1246 3515 1285 cum
3544 1229 3651 1285 Job
3683 1229 3767 1285 lo-

2103 1340 2253 1395 quar
2284 1325 2350 1393 “,
2384 1323 2597 1379 solutus
2638 1327 2687 1378 et
2724 1322 2879 1391 liber,
2910 1321 3064 1375 urbis
3109 1320 3376 1376 tumultus
3422 1319 3637 1386 ridens,
3670 1334 3766 1375 ex-

2100 1414 2311 1469 actoris
2337 1413 2638 1467 clamorem
2658 1428 2768 1466 non
2798 1410 3048 1466 audiens.
3089 1410 3376 1467 Unicornis
3409 1417 3510 1478 est,
3542 1407 3768 1464 animat

2096 1502 2213 1557 suis
2245 1502 2451 1573 legibus
2498 1503 2704 1556 vivens.
2739 1504 2885 1557 Num
2915 1501 3018 1555 tibi
3062 1500 3272 1554 servire
3311 1497 3495 1553 volet?
3524 1499 3667 1553 Num
3693 1497 3763 1551 li-

2094 1592 2248 1663 gabis
2280 1607 2402 1646 eum
2431 1591 2501 1645 ad
2531 1594 2811 1662 praesepe?
2850 1591 2992 1646 Num
3023 1590 3125 1645 sub
3147 1590 3355 1661 jugum
3396 1587 3628 1643 ducetur
3649 1590 3675 1639 .9
3703 1581 3763 1642 Si

2096 1682 2372 1738 omnibus
2404 1684 2569 1737 terrae
2602 1680 2929 1736 commodis
2961 1678 3360 1752 prohibeatur,
3380 1681 3590 1750 paratae
3622 1680 3764 1733 sunt

2094 1771 2203 1843 ipsi
2239 1770 2343 1826 alas
2361 1771 2519 1826 sicut
2536 1769 2744 1842 aquilas
2772 1795 2786 1838 ς
2806 1770 2877 1825 ad
2906 1769 3134 1842 patroni
3159 1768 3250 1825 sui
3272 1770 3516 1824 domum
3539 1784 3601 1824 se
3623 1784 3758 1823 con-

2096 1860 2240 1917 feret
2267 1879 2280 1929 ;
2314 1861 2385 1916 ad
2417 1860 2602 1916 Deum
2654 1858 3000 1915 convolabit.
3034 1858 3109 1913 Ut
3137 1858 3196 1913 in
3228 1874 3466 1913 summa
3511 1856 3703 1913 dicam
3735 1871 3752 1912 :

333 1946 461 2000 Θεὸν
521 1946 901 2015 ἀναπτήσεται.
961 1946 1115 2002 Εἴπω
1167 1966 1219 2000 τι
1280 1943 1597 2022 κεφάλαιον.
1656 1945 1760 1999 Δύο
1825 1949 1978 2000 ταῦτα

2104 1951 2223 2006 Duo
2256 1950 2377 2005 haec
2410 1950 2673 2023 superari
2706 1952 3027 2021 nequeunt,
3060 1947 3213 2004 Deus
3244 1951 3301 2003 et
3330 1945 3612 2019 angelus;
3648 1950 3761 2002 ter-

333 2031 693 2111 δυσκράτητα,
756 2036 884 2097 Θεὸς
928 2036 1017 2089 καὶ
1071 2034 1325 2111 ἅγγελος·
1388 2035 1478 2088 καὶ
1525 2035 1587 2089 τὸ
1615 2034 1795 2111 τρίτον
1829 2033 1989 2113 φιλό-

331 2145 517 2194 σοφος,
575 2122 739 2186 ἄυλος
794 2124 846 2178 ἐν
897 2122 1022 2198 ὕλῃ,
1082 2124 1133 2178 ἐν
1186 2126 1400 2195 σώματι
1448 2123 1869 2200 ἀπερίγραπτος,
1902 2124 1989 2179 ἐπὶ

327 2216 426 2289 γῆς
458 2212 731 2289 οὐράνιος,
787 2212 838 2269 ἐν
873 2215 1094 2268 πάθεσιν
1154 2215 1388 2285 ἀπαθὴς,
1453 2215 1626 2268 πάντα
1669 2215 1988 2286 ἡττώμενος

325 2301 473 2369 πλὴν
534 2305 910 2380 φρονήματος,
969 2307 1130 2356 νικῶν
1169 2308 1247 2374 τῷ
1304 2304 1545 2357 νικᾶσθαι
1599 2301 1729 2364 τοὺς
1770 2309 1982 2378 κρατεῖν

324 2391 660 2464 νομίζοντας.
720 2391 866 2448 Ἐπεὶ
924 2390 981 2446 δὲ
1036 2392 1127 2446 τὸν
1189 2391 1488 2469 φιλόσοφον
1536 2393 1670 2465 ἡμῖν
1732 2393 1759 2445 ὁ
1820 2389 1983 2467 λόγος

325 2478 571 2557 ἔγραψεν,
632 2480 749 2546 ὅθεν
808 2482 980 2553 εἶπον,
1029 2480 1347 2557 ἀρξάμενος,
1388 2480 1536 2557 φερε,
1595 2480 1741 2555 παρὰ
1790 2486 1980 2536 τοῦτον

322 2575 391 2625 τά
472 2573 713 2646 ἡμέτερα
787 2572 1150 2647 θεωρήσωμεν
1229 2568 1402 2642 (δοκῶ
1477 2571 1580 2645 γὰρ
1675 2569 1824 2646 κάγὼ
1907 2572 1982 2645 (1)

326 2664 547 2733 Πνεῦμα
578 2665 709 2714 Θεοῦ
743 2655 914 2735 ἔχειν,
944 2662 1034 2714 καὶ
1086 2657 1138 2713 εἷ’
1186 2681 1293 2714 τινι
1351 2657 1558 2713 τούτων
1617 2660 1825 2733 τρωτὸς
1872 2657 1982 2733 ἐγὼ

321 2752 413 2805 καὶ
447 2749 747 2823 ἁλώσιμος)
783 2768 797 2783 ·
846 2748 918 2803 “ίν’
950 2750 994 2803 εἰ
1051 2751 1146 2822 μετ
1203 2749 1520 2821 ἡττώμενον
1576 2748 1869 2824 εὑρίσκοιεν
1930 2749 1982 2803 οἳ

328 2844 609 2913 μισοῦντες
666 2840 755 2894 καὶ
804 2837 1197 2913 πολεμοῦντες,
1250 2839 1698 2914 συγγινώσκοιντο
1727 2843 1857 2914 γοῦν
1879 2845 1978 2907 τῆς

322 2930 713 3006 ἐγχειρήσεως,
775 2929 819 2984 εἰ
894 2930 983 2983 καὶ
1060 2931 1135 3002 μὴ
1184 2935 1285 2997 τῆς
1347 2928 1713 3003 προαιρέσεως
1751 2945 1763 2959 ⁸
1828 2927 1873 2982 εἰ
1924 2926 1981 2983 δὲ

317 3017 599 3094 κρείττονα
648 3022 756 3073 τῶν
810 3016 1205 3091 πολεμούντων
1237 3018 1325 3071 καὶ
1362 3016 1725 3090 ὑψηλότερον,
1784 3014 1820 3085 ἤ
1878 3023 1980 3086 τῆς

314 3107 507 3169 κακίας
566 3105 957 3183 ἀπαλλαγεῖεν,
1017 3108 1050 3175 ἣ
1106 3106 1419 3181 καινοτέραν
1480 3104 1603 3160 ὁδὸν
1637 3112 1737 3175 τῆς
1768 3100 1978 3168 ἀδικίας

310 3197 679 3269 ἐπινοησαιεν,
734 3197 807 3259 ὡς
850 3204 949 3266 τῆς
1002 3194 1280 3273 παρούσης
1324 3195 1854 3274 καταφρονουμένης,
1888 3196 1978 3250 καὶ

2097 2040 2248 2095 tium
2280 2044 2368 2095 est
2398 2039 2882 2112 pliilosopbus,in
2907 2037 3150 2093 materia
3170 2035 3427 2091 materiae
3457 2035 3758 2107 expers,in

2099 2146 2338 2200 corpore
2371 2128 2935 2201 incircumscriptus,
2969 2127 3027 2181 in
3060 2130 3215 2181 terra
3244 2125 3512 2194 caelestis,
3537 2125 3596 2180 in
3628 2141 3760 2197 pas-

2097 2218 2366 2273 sionibus
2396 2217 2762 2290 impatibilis,
2796 2216 3073 2272 omnibus
3106 2215 3281 2271 rebus
3308 2214 3463 2270 vinci
3495 2230 3557 2270 se
3588 2213 3757 2270 facile

2096 2308 2305 2376 ferens,
2361 2311 2749 2379 prseterquam
2802 2307 2982 2362 animi
3032 2304 3460 2377 magnitudine,
3510 2321 3575 2359 eo
3624 2304 3753 2376 ipso

2094 2397 2249 2467 quod
2284 2396 2433 2451 vinci
2466 2413 2528 2452 se
2550 2396 3120 2468 patitur,devincens
3150 2395 3387 2468 eos,qui
3420 2393 3753 2466 superiores

2093 2485 2203 2541 sibi
2236 2502 2364 2541 esse
2384 2485 2674 2541 videntur.
2692 2485 2977 2549 Quoniam
2997 2488 3191 2540 autem
3212 2483 3631 2556 philosophum
3654 2501 3754 2540 no-

2092 2574 2183 2629 bis
2214 2575 2476 2647 depinxit
2504 2575 2710 2644 oratio,
2742 2575 2897 2630 undc
2937 2573 3074 2641 dixi,
3108 2590 3332 2641 exorsa,
3370 2589 3494 2646 age,
3520 2574 3646 2644 jam
3677 2573 3752 2630 ad

2092 2664 2219 2733 ejus
2253 2680 2519 2719 normam
2570 2681 2661 2719 res
2709 2668 2942 2719 nostras
2984 2664 3380 2734 expendamus
3410 2662 3572 2734 (nam
3625 2662 3751 2734 ipse

2094 2769 2330 2825 quoque
2363 2752 2649 2824 Spiritum
2681 2752 2781 2807 Dei
2812 2752 3027 2807 habere
3056 2752 3255 2807 videor
3278 2750 3467 2815 1’,etsi
3500 2768 3593 2807 me
3624 2750 3753 2807 cui-

2092 2841 2250 2913 piam
2277 2859 2498 2909 eorum,
2531 2859 2658 2915 quas
2690 2842 2830 2912 dixi,
2866 2842 2937 2896 ad
2966 2841 3181 2896 vulnus
3213 2845 3427 2913 patere,
3462 2841 3535 2895 ab
3564 2857 3750 2913 eoque

2090 2932 2357 3003 superari
2391 2949 2504 2986 non
2538 2930 2930 3002 difﬁtear);ut
2955 2931 3003 2986 si
3026 2947 3119 2986 me
3149 2931 3385 3002 quidem
3411 2929 3746 2989 inferiorem

2090 3020 2410 3087 inveniant,
2427 3021 2523 3093 qui
2558 3020 2703 3076 mihi
2734 3020 2931 3077 infesti
2963 3024 3121 3091 sunt,
3136 3037 3203 3076 ac
3226 3019 3441 3075 bellum
3466 3020 3746 3093 inferunt,

2088 3110 2198 3164 etsi
2230 3127 2344 3165 non
2378 3127 2563 3182 pravae
2593 3110 2932 3177 voluntatis,
2964 3112 3022 3165 at
3052 3113 3204 3165 certe
3248 3112 3496 3165 conatus
3528 3109 3621 3165 sui
3653 3124 3749 3166 ve-

2090 3199 2251 3255 niam
2283 3204 2748 3272 consequantur:
2769 3200 2861 3255 sin
2893 3203 3088 3256 autem
3120 3199 3216 3269 iis,
3246 3198 3345 3271 qui
3377 3214 3471 3253 me
3495 3198 3649 3256 bello
3673 3199 3753 3255 la-

316 3287 393 3361 μὴ
449 3287 584 3361 πρὸς
636 3290 706 3361 τῇ
764 3286 926 3358 κακίᾳ
975 3286 1064 3340 καὶ
1110 3282 1287 3341 ἄνοιαν
1343 3284 1685 3362 ἐγκαλοὶντο,
1727 3286 1801 3347 ὡς
1851 3286 1978 3341 ἀνο-

2095 3290 2443 3346 cessendum
2488 3290 2801 3359 duxerunt,
2834 3289 3298 3362 praestantiorem
3329 3305 3395 3345 ac
3443 3288 3751 3346 sublimio-

317 3378 545 3449 μοῦντες
594 3374 869 3448 διακενῆς,
926 3375 1017 3430 καὶ
1076 3373 1201 3431 οὐδὲ
1259 3372 1460 3438 εἰδότες
1534 3376 1612 3450 (2)
1685 3372 1886 3430 ἀδικεῖν
1946 3373 1977 3430 6'

314 3462 731 3532 σπουδάζουσιν.

2086 3395 2209 3435 rem
2237 3405 2251 3449 -,
2284 3383 2386 3435 aut
2412 3380 2485 3434 ab
2516 3380 2891 3452 improbitate
2922 3396 3030 3434 sua
3060 3379 3381 3447 discedant,
3408 3383 3511 3434 aut
3543 3395 3749 3434 novam

2084 3472 2238 3523 certe
2266 3469 2426 3541 (nam
2458 3473 2804 3540 praesentem
2824 3467 3280 3537 contemnimus)
3318 3467 3565 3522 laedendi
3595 3468 3749 3523 viam

314 3557 665 3629 excogitant,
700 3571 771 3611 ne
804 3554 1027 3627 alioqui
1079 3560 1292 3628 praeter
1338 3556 1797 3626 improbitatem,
1849 3557 2115 3611 amentiae
2165 3557 2340 3613 etiam
2395 3562 2450 3613 et
2498 3559 2838 3613 stoliditatis
2891 3561 3089 3613 notam
3138 3558 3407 3623 subeant,
3439 3556 3601 3613 velut
3630 3557 3750 3613 ini-

316 3646 600 3718 quitatem
634 3646 848 3700 frustra
880 3648 1304 3716 perpetrantes,
1336 3645 1491 3700 482
1524 3661 1588 3699 ac
1620 3661 1693 3700 ne
1741 3645 2019 3717 injuriam
2052 3646 2291 3717 quidem
2344 3647 2557 3701 inferre
2588 3647 2858 3714 scientes,
2892 3662 3026 3701 cum
3074 3646 3132 3701 in
3166 3647 3223 3701 id
3256 3662 3493 3701 summo
3542 3646 3739 3704 studio

313 3736 685 3792 incumbant.

394 3830 489 3880 IA’.
568 3823 627 3877 Τί
678 3824 778 3900 γάρ
838 3824 911 3895 (3)
988 3819 1054 3889 δὴ
1088 3821 1177 3875 καὶ
1245 3819 1583 3892 λυπήσουσιν
1668 3819 1757 3876 ἐπὶ
1806 3824 1979 3877 πάντα

318 3911 605 3982 ἐλθόντες;
656 3910 884 3985 Ἲδωμεν
929 3910 1027 3972 ’ὀςα
1074 3910 1132 3964 ἂν
1175 3906 1458 3981 ἀδικηθείη
1500 3912 1647 3983 παρὰ
1676 3912 1975 3987 ἀνθρώπιον

321 4000 622 4077 ἅνθρωπος.
698 3998 1047 4055 ’Δπαίδευτον
1115 3998 1518 4071 ὀνομάσουσιν;
1574 3999 1709 4056 Μίαν
1783 4001 1972 4080 σοφίαν

321 4088 460 4161 οἶδα,
504 4092 565 4145 τὸ
616 4085 896 4169 φοϐεῖσθαι
944 4090 1069 4144 Θεὸν
1114 4090 1314 4166 (Ἃρχή
1361 4111 1419 4144 τε
1465 4091 1565 4167 γάρ
1616 4090 1827 4168 σοφίας,
1876 4091 1975 4167 φό-

318 4177 413 4243 ϐος
470 4180 691 4256 Κυρίου*
747 4179 837 4235 καὶ
891 4177 1050 4241 τέλος
1113 4178 1302 4256 λόγου,
1360 4181 1421 4235 τὸ
1478 4185 1579 4235 πᾶν
1642 4180 1823 4253 ἄκουε,
1879 4182 1969 4236 τὸν

318 4270 446 4325 Θεὸν
506 4265 699 4347 φοϐοῦ.
749 4273 926 4324 Ταῦτα
979 4268 1247 4343 Σολομὼν
1311 4270 1339 4325 ὁ
1386 4270 1720 4349 σοφώτατος.
1788 4273 1973 4344 Δειξά-

315 4380 490 4416 τωσαν
551 4360 642 4414 οὖν
701 4356 929 4437 ἄφοϐον,
988 4358 1078 4414 καὶ
1136 4361 1512 4430 νικησάτωσαν
1759 4367 1858 4431 τῆς
1917 4359 1974 4416 δὲ

2161 3824 2309 3881 XIV.
2361 3825 2509 3891 Quid
2556 3826 2712 3881 enim
2766 3841 2880 3892 me,
2930 3824 3201 3894 obsecro,
3251 3824 3459 3881 laedere
3507 3829 3746 3897 queant,

2088 3931 2222 3970 cum
2257 3914 2453 3970 omnia
2484 3914 2811 3970 tentarint?
2842 3914 3107 3987 Singula,
3132 3915 3191 3969 in
3224 3914 3437 3987 quibus
3467 3915 3642 3970 homo
3675 3918 3748 3971 ab

2086 4003 2427 4059 hominibus
2457 4004 2737 4073 injuriam
2787 4005 3050 4077 accipere
3082 4008 3294 4077 potest,
3325 4004 3738 4076 inspiciamus.

2084 4093 2393 4150 Indoctum
2417 4094 3041 4150 nominabunt‘tUnam
3059 4094 3210 4152 hanc
3229 4094 3575 4167 sapientiam
3600 4095 3744 4166 scio,

2084 4200 2211 4255 quae
2242 4185 2301 4239 in
2335 4184 2541 4241 timore
2579 4184 2675 4240 Dei
2702 4185 2816 4240 sita
2846 4190 2954 4241 est.
2992 4186 3159 4257 (Nam
3194 4189 3251 4241 et
3286 4187 3631 4257 principium
3659 4204 3746 4243 sa-

2080 4275 2331 4344 pientiae,
2363 4276 2532 4329 timor
2580 4274 2799 4329 Domini
2832 4276 2914 4343 13;
2962 4278 3013 4330 et
3059 4276 3190 4346 ﬁnis
3235 4276 3525 4342 sermonis,
3556 4277 3745 4332 omnia

2082 4364 2236 4431 audi,
2266 4366 2435 4421 Deum
2487 4366 2618 4419 time
2648 4364 2708 4419 η.
2745 4363 2875 4419 Haec
2922 4363 3344 4435 sapientissimi
3387 4363 3549 4419 illius
3578 4365 3742 4421 Salo-

317 4446 759 4537 dllncdcoeiac,
816 4449 919 4537 τήν
966 4449 1061 4537 μεν
1108 4446 1481 4525 παρέδραμον,
1512 4451 1610 4518 τήν
1644 4446 1700 4504 δέ
1730 4448 1971 4525 προσλα-

2095 4454 2277 4511 monis
2306 4455 2479 4510 verba
2533 4458 2690 4510 sunt.
2724 4454 2975 4510 Probent
3024 4468 3115 4508 me
3164 4453 3396 4509 timoris
3444 4459 3741 4526 expertem

314 4534 428 4595 δεῖν
484 4534 719 4614 εὔχομαι
766 4538 854 4592 καὶ
906 4536 1138 4608 ἐλπίζω,
1170 4537 1381 4614 θαῤῥῶν
1413 4538 1492 4611 τῷ
1545 4539 1841 4612 Πνεύματι.
1874 4546 1972 4595 Πε-

312 4628 425 4683 νίαν
477 4625 850 4704 ἐγκαλὲσουσι,
903 4627 1002 4695 τήν
1054 4625 1191 4700 ἐμὴν
1237 4627 1585 4701 περιουσίαν;
1621 4625 1729 4682 εἷ’θε
1758 4628 1861 4704 γάρ
1894 4631 1968 4703 (5)

313 4716 693 4791 ἀποδυσαίμην
752 4716 843 4772 καὶ
901 4716 969 4771 τὰ
1017 4715 1175 4792 ῥάκια
1221 4719 1409 4789 ταῦτα,
1456 4712 1548 4770 τίνα
1593 4718 1801 4793 γυμνὸς
1851 4715 1965 4772 δια-

312 4805 506 4883 δράμω
550 4807 646 4868 τὰς
689 4804 918 4869 ἀκάνθας
963 4810 1062 4861 τοῦ
1116 4803 1257 4882 βίου·
1320 4803 1429 4862 εἷ’Θε
1455 4804 1545 4860 καὶ
1575 4806 1667 4861 τὸν
1697 4805 1860 4882 βαρὺν
1888 4808 1966 4881 (6)

382 4964 428 5002 ¹⁰
459 4961 666 5019 Matth.
698 4978 829 5018 xxvr
854 4979 869 5032 ;
901 4977 1081 5032 xxvn,
1111 4961 1356 5033 passim.

382 5119 496 5247 (9)97)
527 5119 618 5171 Δεῖ
645 5115 770 5192 γάρ,
802 5121 911 5175 etc.
936 5116 1139 5200 Billius
1171 5134 1235 5200 τι(
1267 5116 1580 5190 Superiora
1605 5119 1762 5176 enim
1785 5119 1969 5176 Deum

310 5192 387 5248 ha
429 5207 524 5247 ere
553 5195 799 5263 oportet,
831 5207 897 5247 eo
928 5206 1162 5263 nomine
1193 5207 1251 5263 1n
1284 5194 1687 5263 contemptum
1727 5192 1969 5249 venien-

311 5271 450 5330 tem,
487 5262 641 5335 quod
674 5262 869 5335 plures
902 5262 1195 5335 cruciatus
1227 5262 1392 5317 ferat.
1424 5283 1451 5335 υ

627 5332 1396 5408 βουλήσεταιέ..ηάχθησεται.
1430 5334 1613 5408 Totus
1637 5333 1755 5408 _hic
1805 5335 1970 5392 locus

310 5408 366 5490 in
392 5405 551 5490 'Dillii
577 5405 640 5490 et
689 5405 1058 5490 Leuvenl'i‘laii
1092 5405 1579 5490 interpretatione.
1618 5406 1969 5489 depravatus

311 5479 542 5551 legitur.
576 5479 671 5534 Sic
701 5478 875 5535 vertit
926 5478 1053 5533 Bill.
1091 5496 1167 5551 ;ν‹‹
1201 5477 1262 5533 Si
1292 5478 1399 5533 tibi
1432 5477 1649 5551 servire
1686 5477 1965 5551 animum

308 5549 622 5633 induxerit,
670 5551 901 5633 videbis
932 5568 1065 5606 eum
1114 5550 1173 5605 in
1207 5549 1449 5622 praesepi
1479 5566 1492 5604 :
1528 5549 1579 5605 si
1610 5550 1720 5606 sub
1756 5552 1968 5625 jugum

308 5625 559 5679 ducatur
589 5640 600 5677 :
635 5625 685 5678 si
716 5644 742 5672 ››
777 5632 887 5678 etc.

380 5697 491 5766 (99)
520 5697 646 5768 Teii
676 5691 1100 5768 προεστηκότος.
1134 5694 1227 5750 Sic
1279 5695 1392 5751 duo
1444 5693 1622 5767 Regg.
1674 5698 1730 5751 et
1778 5696 1873 5753 Or.
1909 5697 1960 5753 1.

308 5764 482 5824 Deest
505 5768 603 5819 τοῦ
632 5764 693 5821 in
721 5764 816 5821 Ed.

405 5839 459 5911 Ι)
491 5836 675 5911 Κργῴ.
710 5837 881 5911 Deest
910 5836 970 5893 in
1003 5837 1098 5893 0r.
1128 5838 1187 5911 ‘1.

404 5904 463 5983 2)
490 5904 732 5974 Εῐδότις.
766 5910 906 5983 Reg.
938 5926 973 5969 ει
1004 5909 1188 5983 addit,
1216 5904 1463 5965 ικκαλιῖν
1492 5907 1605 5969 καί.

1436 4963 1477 4999 ¹¹
1507 4962 1616 5019 Job
1645 4978 1837 5033 xxxxx,
1869 4961 1906 5017 5
1933 4979 2058 5036 seq.

2081 4548 2302 4613 esse,et
2331 4543 2616 4616 vicerint).
2635 4544 2943 4617 Reliquam
2967 4546 3161 4599 autem
3194 4543 3543 4616 sapientiam
3567 4549 3743 4618 atque

2079 4633 2662 4704 doctrinam,partim
2696 4632 2964 4704 przeterii,
2999 4632 3212 4705 partim
3247 4649 3549 4688 assumere
3579 4638 3736 4706 opto,

2077 4725 2253 4794 atque
2284 4723 2478 4791 etiam,
2514 4723 2771 4794 Spiritus
2799 4722 2986 4778 sancti
3017 4738 3125 4794 ope
3176 4721 3380 4789 fretus,
3410 4723 3467 4778 in
3502 4739 3605 4795 spe
3636 4724 3736 4779 ha-

2075 4811 2205 4866 beo.
2240 4811 2651 4883 Paupertatem
2703 4812 3002 4883 objicient,
3035 4828 3197 4868 meas
3240 4811 3465 4869 scilicet
3493 4829 3651 4885 opes,
3684 4817 3741 4871 et

2137 4965 2183 5000 ‘9
2214 4965 2238 5021 1
2270 4965 2396 5022 Cor.
2430 4982 2533 5035 v11,
2563 4967 2654 5021 40.
2733 4968 2778 5002 1³
2810 4971 2975 5023 Prov.
3008 4981 3049 5034 ι,
3078 4967 3132 5020 7.
3212 4967 3259 5003 ¹⁴
3288 4966 3470 5024 Eccle.
3512 4984 3614 5041 xu,
3649 4968 3735 5024 13.

2152 5120 2233 5198 (3)
2262 5117 2477 5198 Ἰξί-γάρ,
2513 5124 2669 5198 etc.g
2704 5125 2902 5198 Ecqua
2931 5126 3088 5181 enim
3119 5141 3227 5182 nos
3257 5126 3317 5181 in
3349 5129 3512 5198 parte
3540 5125 3741 5198 lessuri

2082 5197 2225 5248 sunt
2245 5194 2580 5271 yideamu‘s,
2614 5194 2847 5271 singula
2876 5194 3369 5270 percurrentes,in
3403 5198 3622 5271 quibus
3641 5197 3742 5255 ho-

2082 5266 2279 5341 moab
2313 5265 2654 5341 hominibus
2684 5265 2812 5323 laedi
2843 5265 3050 5341 potest.
3086 5291 3115 5319 »

2152 5338 2232 5410 (4)
2264 5336 2672 5410 Νικησάτωσαν.
2708 5344 2771 5396 In
2806 5336 3127 5410 nbnnullis,
3159 5340 3485 5396 νικάτωσαν.

2124 5409 2232 5495 ,(5)
2265 5406 2389 5463 ΕἷὈε
2438 5410 2563 5483 γάρ.
2616 5413 2885 5485 Quinque
2931 5406 3121 5481 Golb.,'
3168 5414 3264 5469 Or.
3321 5416 3372 5482 1,
3426 5414 3644 5487 aliique
3692 5412 3737 5467 εἶ

2116 5499 2202 5534 αρ.

2077 5498 2383 5628 γαῖά-λΕῗθε
2406 5552 2615 5628 καὶτὸν
2652 5553 2835 5628 βαρύν,
2873 5561 2983 5612 etc.
3018 5558 3156 5628 Heg.
3190 5558 3309 5623 bm,
3342 5558 3515 5628 Coisl.
3554 5560 3603 5623 1,
3637 5558 3736 5613 Or.

2080 5624 2131 5704 1_,
2165 5624 2379 5704 aliique
2410 5624 2827 5704 optimaenotze
2868 5630 3063 5704 codd.,
3097 5624 3142 5682 éi.
3173 5629 3275 5704 γὰρ
3323 5628 3411 5704 καῖ
3437 5627 3531 5704 ζςὸν
3569 5628 3733 5703 βαρὺν

2079 5694 2351 5774 ἀπεθέμῂν
2388 5694 2631 5774 χιτῶνα,
2673 5720 2699 5774 u_
2729 5700 2778 5755 si
2822 5702 2977 5756 enim
3028 5694 3195 5758 esset
3226 5694 3526 5774 possibile,
3558 5694 3734 5774 grave

2079 5769 2558 5845 corporis__istiu_s
2606 5771 3021 5845 indumentum
3071 5769 3246 5830 citius
3296 5769 3731 5845 deponerem.»

2077 5839 2141 5895 In
2174 5836 2289 5912 6d,,
2326 5836 2430 5926 sire
2453 5840 2681 5926 καὶτὸν
2723 5843 2955 5922 βραχύν,
2975 5868 3017 5926 Δ‹‹
3049 5846 3169 5905 sive
3198 5848 3349 5905 hanc
3374 5836 3571 5907 ‘etiam
3601 5846 3730 5905 bre-

2070 5928 2223 5987 vem,
2254 5916 2525 5988 exiguam
2556 5916 2844 5991 tunicam,
2855 5916 2902 5969 ’››
2933 5922 3044 5978 etc.
3590 5958 3593 5959 ν
