2055 3192
32 2600 56 2613 ,4⁷

0 2720 84 2750 ἵε.ζίξῇ

212 165 288 197 1251

526 164 559 194 S.
584 164 769 195 GREGORII
793 162 991 196 NHEOLOGI
1014 162 1161 195 ORATIO
1184 164 1295 196 XXVI.
1312 162 1405 195 -ΙΝ
1427 163 1611 198 SEIPSUM.

1759 2 1795 9 '
1809 0 2049 31 f‘?.':P’K_i-W

1845 146 1923 206 isse

208 232 239 260 in
254 234 339 261 nocte
353 232 407 260 hac
422 239 524 260 omnes
537 231 710 260 scandalum
726 231 806 268 passi
821 232 890 259 sunt
905 231 937 258 ⁵³.
954 230 1033 259 Nihil
1050 231 1172 267 propius
1185 231 1296 260 factum
1312 233 1367 268 est,
1386 240 1473 268 quam
1491 234 1525 261 ut
1539 232 1642 262 Petrus
1657 234 1746 263 etiam
1770 242 1818 264 me
1838 236 1922 273 abju-

210 279 289 306 raret
304 277 327 296 ²⁴
343 286 349 305 :
367 286 400 305 ac
415 285 603 314 nequaquam
617 277 740 305 fortasse
757 276 806 304 ﬂet
820 284 930 310 amare,
948 278 980 304 ut
995 278 1112 312 peccato
1131 277 1292 305 medeatur.

244 322 343 350 XVIII.
361 322 443 350 Unus
457 330 509 358 egs
524 323 630 356 audax,
646 324 678 349 ut
690 324 821 357 apparet,
839 329 871 349 ac
885 321 1021 349 temerita

1128 321 1170 349 lH’
1198 321 1287 352 Μόνος
1314 320 1458 360 τολμηρὸς
1483 321 1550 360 ἐγὼ,
1578 323 1623 350 καὶ
1661 323 1776 362 θράσους
1815 324 1919 363 γέμων,

207 367 249 397 tis
264 367 380 404 plenus,
397 376 475 395 unus
490 367 519 394 in
536 367 624 395 rebus
641 367 797 394 horrendis
813 374 865 402 spe
880 366 956 394 bona
968 366 1035 394 sub-

208 412 306 448 nixus,
321 421 399 441 unus
414 414 582 440 constanter
596 412 718 439 adversa
732 411 904 446 tolerans,et
919 410 1035 446 publice

207 458 387 494 propositus,
410 459 438 485 et
461 456 605 492 pravatim
622 458 830 493 comtemptus,
854 458 883 484 et
898 464 933 483 ex
948 455 1034 484 bellis

207 511 271 539 quae
288 502 361 530 mihi
376 502 551 537 inferuntur,
569 500 680 529 Orienti
695 503 723 529 et
738 500 886 529 Occidenti
903 502 1000 529 notus.
1013 502 1033 526 0

206 547 353 584 insignem
369 546 542 575 audaciam!
555 546 585 574 Si
599 547 748 575 consistant
762 546 912 574 adversum
926 554 970 573 me
978 554 1032 574 ca-

208 596 278 627 stra,
294 600 348 620 non
364 592 528 620 limebitcor
552 600 654 620 meum.
669 592 704 621 Si
726 593 856 627 exsurgat
885 591 1033 619 advorsum

208 645 253 665 me
264 637 442 673 prwliumﬁn
457 637 506 665 hoc
520 645 569 672 ego
577 637 692 673 sperabo
707 637 740 664 '5.
754 639 794 664 Ac
808 638 925 664 tantum
937 637 1030 670 abest,

203 684 236 710 ut
251 682 414 718 quidquam
435 682 633 710 humanarum
659 684 687 710 et
716 681 904 718 praesentium
931 689 1030 709 rerum

204 727 343 755 acerbum
359 729 388 755 et
402 726 628 755 formidolosum
639 726 816 760 existimem,
833 729 866 754 ut
881 726 1029 762 meipsum

202 772 328 800 missum
345 771 464 807 faciens,
481 780 530 800 eos
545 771 674 808 lugeam,
696 771 747 808 qui
763 771 836 799 mihi
862 770 1028 799 molestiam

199 817 431 845 exhibueruntﬂ
448 817 581 845 membra
596 816 667 845 olim
683 816 941 850 Christi,membra
954 815 1028 844 mihi

200 861 445 895 chara,etsinunc
459 864 608 898 corrupta,
618 862 694 890 485
711 862 845 890 membra
860 861 949 897 hujus
962 869 1027 897 gre-

198 907 255 943 gis,
271 909 358 942 quem
375 906 458 943 prius
473 906 561 934 etiam
579 907 649 941 fere,
666 915 756 942 quam
770 906 884 934 collecti
910 906 1025 934 essetis.

197 951 380 988 prodidistis.
392 951 543 983 Quomodo
554 951 689 979 distracti
706 951 825 986 estis,ac
836 950 1024 985 distraxistis,

1091 365 1127 396 ὡς
1142 363 1223 394 ἔοικε·
1251 366 1334 403 μόνος
1355 365 1464 398 εῧελπις
1485 366 1511 394 ἐν
1525 370 1583 399 τοῖς
1599 365 1736 407 φοϐεροῖς,
1755 368 1838 406 μόνος
1853 380 1918 409 καρ-

1088 410 1206 448 τερικὸς,
1237 410 1281 438 καὶ
1312 410 1433 447 δημοσίᾳ
1457 412 1663 449 προτιθέμενος,
1687 413 1733 440 καὶ
1756 412 1812 450 ῗδίᾳ
1835 425 1918 443 κατα-

1089 455 1283 494 φρονούμενος,
1301 455 1346 483 καὶ
1361 455 1495 494 Ἀνατολῇ
1510 457 1555 484 καὶ
1573 456 1650 485 Δύσει
1675 460 1715 494 τῷ
1738 458 1917 495 πολεμεῖσθαι

1087 500 1301 537 γνωριζόμενος.
1344 502 1399 535 Τῆς
1437 501 1596 532 ἀπονοίαςί
1634 502 1694 531 Ἐὰν
1734 503 1918 540 παρατάξηται

1088 545 1130 572 ἄπ’
1168 545 1218 582 ἒμὶ
1256 543 1433 583 παρεμϐολὴ,
1473 547 1504 574 οὑ
1542 544 1728 585 φοϐηθήσεται
1765 549 1783 583 ἡ
1823 547 1919 587 καρδία

1089 600 1141 626 μου
1158 600 1164 607 ·
1195 590 1239 618 ἐὰν
1269 590 1403 628 ἐπαναστῇ
1440 591 1482 618 ἐπ’
1518 591 1568 628 ἐμὲ
1606 590 1742 629 πόλεμος,
1776 593 1801 621 ἐν
1834 593 1918 632 ταύτῃ

1087 634 1141 673 ἐγὼ
1166 634 1280 670 ἐλπίζω.
1306 638 1439 663 Τοσοῦτον
1463 636 1560 674 ἀπέχω
1583 639 1632 664 τοῦ
1656 634 1772 676 φοϐερὸν
1793 638 1918 676 ἡγεῖσθαί

1082 690 1111 707 τι
1127 683 1180 707 τῶν
1196 680 1348 718 παρόντων,
1365 681 1434 708 ώστε
1457 680 1488 709 τό
1517 682 1575 709 κατ’
1591 682 1707 718 ἐμαυτὸν
1722 683 1810 722 ἀφεὶς,
1825 684 1915 722 θρηνῶ

1083 725 1147 756 τοὺς
1178 724 1360 761 λυπήσαντας.
1383 726 1459 759 Μὲλη
1492 727 1609 763 Χριστοῦ
1729 738 1807 762 ποτε,
1842 728 1912 765 μέλη

1083 769 1163 806 τίμια
1192 770 1264 807 ἐμοὶ,
1291 770 1313 797 εί
1338 771 1382 798 καὶ
1412 772 1468 807 (29)
1492 773 1538 799 νῦν
1560 770 1751 811 διεφθαρμένα,
1777 771 1848 810 μέλη
1863 777 1913 809 τῆς

1085 815 1207 851 ποίμνης
1235 815 1346 850 ταύτης,
1373 817 1403 850 ἢν
1430 814 1621 853 προδεδώκατε
1646 819 1755 855 μικροῦ,
1781 818 1825 846 καὶ
1849 818 1912 857 πρὶν

1082 861 1260 898 συναχθῆναι.
1287 863 1349 891 Πῶς
1380 860 1557 895 διεσπάσθητε
1586 861 1631 889 χαὶ
1671 860 1841 897 διεσπάσατε,
1874 862 1913 896 ὡς

1084 903 1175 942 βοίδια
1305 903 1411 942 δεσμῶν
1452 905 1602 942 ἀνειμένα;
1637 908 1698 937 πῶς
1731 907 1912 946 θυσιαστηρίῳ

1082 950 1272 987 θυσιαστήριον
1308 949 1509 988 ἀντηγείρατε,
1543 952 1603 981 πῶς
1637 950 1755 989 ἐγένεσθε
1788 951 1826 983 είς
1849 951 1913 990 ἐρή-

197 996 284 1033 quasi
300 996 400 1024 tenelli
412 996 499 1024 boves
510 995 636 1023 vinculis
649 995 765 1024 soluti?
775 996 922 1031 quomodo
935 996 1021 1023 altare

1082 1004 1168 1030 μωσιν
1194 994 1324 1029 isti-ima;
1349 996 1407 1025 πῶς
1429 995 1474 1022 καὶ
1497 995 1574 1023 αὐτοὶ
1598 996 1761 1033 νενέκρωσθε
1775 998 1809 1034 τῇ
1825 998 1912 1035 τομῇ,

197 1041 338 1069 adversus
353 1040 445 1069 altare
463 1040 620 1069 erexistis?
635 1041 782 1077 quomodo
800 1043 919 1076 repente
944 1040 973 1068 in
990 1041 1025 1068 de

197 1086 371 1115 solutionem
387 1095 421 1114 ac
434 1086 602 1115 vastitatem
619 1086 686 1114 facti
698 1086 770 1114 estis
783 1086 804 1103 ²⁶
813 1086 827 1113 ‘I
837 1086 1026 1122 quomodo,et

195 1131 254 1168 ipsi
271 1139 322 1168 per
336 1131 412 1159 hanc
428 1131 587 1160 sectionem
600 1133 692 1159 morte
708 1131 803 1158 aﬂ‘ecti
815 1131 928 1166 estis,et
939 1130 1024 1158 nobis

196 1176 659 1212 doloreminussistis?quomodo
671 1178 823 1211 pastorum
835 1174 1024 1211 simplicitate

196 1221 233 1249 ad
244 1221 342 1257 gregis
357 1220 583 1248 dissolutionem
592 1223 620 1248 et
630 1219 750 1248 exitium
758 1219 844 1248 abusi
855 1219 925 1248 estis
936 1220 949 1247 ‘P
960 1220 1023 1247 Non

193 1265 273 1294 enim
290 1273 339 1293 eos
354 1266 391 1293 ob
402 1265 577 1301 imperitiam
593 1265 817 1301 reprehendam,
829 1264 880 1293 sed
894 1266 1023 1292 vestram

193 1310 416 1347 improbitatem
432 1311 584 1338 accusabo.
603 1310 774 1346 Corruptela:
789 1310 1023 1345 tuae,15rael,quis

192 1359 330 1384 succurret
346 1356 368 1372 ²⁷
380 1355 394 1382 ?
410 1355 488 1387 Quod
506 1355 753 1383 medicamentum
768 1354 934 1388 nanciscar,
950 1354 1023 1382 cica-

1079 1039 1124 1066 γαὶ
1148 1040 1222 1075 ἡμᾶς
1246 1038 1338 1078 ἀλγεῖν
1364 1041 1556 1075 machina-rs;
1582 1043 1640 1071 πῶς
1662 1038 1798 1077 ἁπλότητι
1812 1041 1911 1079 ποιμε-

1079 1095 1131 1111 νων
1158 1085 1214 1121 (31)
1237 1083 1275 1115 εἷς
1300 1084 1420 1120 ποίμνης
1444 1083 1567 1112 διάΑυσιν
1594 1087 1817 1124 κατεχρήσασθε,
1842 1085 1912 1115 Οὖδὶ

1079 1128 1130 1166 γὰρ
1148 1128 1267 1160 ἐκείνους
1297 1129 1440 1166 μέμφομαι
1464 1133 1514 1164 τῆς
1541 1129 1677 1168 ἀπειρίας,
1701 1129 1764 1158 ἀλλ’
1780 1131 1849 1168 ὑμᾶς
1864 1131 1910 1159 αἶ-

1077 1174 1207 1209 τιοὶσομαι
1237 1177 1286 1208 τῆς
1310 1173 1417 1205 κακίας.
1451 1176 1489 1211 Τῇ
1525 1173 1657 1214 διαφθορᾷ
1691 1186 1750 1212 σου,
1785 1175 1908 1214 Ἰσραὴλ,

1076 1218 1117 1249 τίς
1144 1218 1294 1256 βοηθήσειε
1317 1219 1347 1245 Τί
1372 1219 1513 1257 φάρμακον
1537 1219 1660 1256 εὕρωμαι
1688 1221 1744 1257 (32)
1769 1220 1906 1248 συνουλω-

1076 1263 1171 1297 τικόν;
1196 1266 1275 1290 ποῖον
1302 1262 1466 1300 ἐπίδεσμον;
1492 1266 1549 1295 πῶς
1565 1265 1674 1302 συνάψω
1698 1266 1732 1292 τὰ
1755 1263 1905 1301 ductarem;

1077 1308 1130 1335 τίσι
1154 1307 1276 1346 δάκρυσι,
1299 1308 1351 1335 τίσι
1378 1307 1485 1346 λόγοις,
1509 1308 1578 1336 τίσιν
1595 1309 1690 1348 εὐχαῖς
1704 1309 1861 1348 θεραπεύσω
1874 1311 1907 1338 τὸ

1078 1353 1234 1392 σύντριμμα
1247 1362 1254 1388 ;
1269 1353 1287 1388 ἢ
1303 1354 1375 1391 τάχα
1389 1353 1435 1381 τὸν
1450 1355 1545 1381 τοῦτον
1558 1354 1658 1392 τρόπον
1671 1364 1678 1389 ;

193 1400 277 1429 tricis
292 1400 469 1428 obducendaa
485 1400 543 1427 vim
560 1400 694 1428 habens?
710 1408 767 1435 qua
783 1399 873 1427 fascia
887 1399 993 1427 vulnus
1010 1398 1146 1434 obligabo
1157 1399 1170 1426 ‘I
1186 1399 1332 1435 quomodo
1361 1399 1510 1434 disjuncta
1528 1400 1724 1428 connectam?
1740 1400 1848 1436 quibus
1863 1400 1907 1429 la-

197 1445 316 1482 crymis,
333 1444 440 1480 quibus
455 1445 562 1479 verbis,
579 1445 688 1480 quibus
703 1444 841 1480 precibus
855 1443 924 1471 huic
940 1443 1082 1472 calmitali
1102 1444 1264 1471 medebor?
1280 1453 1317 1471 an
1334 1444 1389 1471 hoc
1406 1444 1529 1472 fortasse
1543 1445 1655 1472 modo?

229 1491 302 1520 XIX.
317 1490 445 1520 Trinitas
462 1493 573 1526 sancta,
594 1493 623 1519 et
652 1490 811 1526 adoranda,
836 1492 865 1518 et
880 1491 1020 1526 perfecta,

1112 1489 1162 1517 ΙΘ¹.
1192 1489 1278 1527 Τριάς
1318 1488 1391 1527 άγία,
1424 1489 1469 1516 καὶ
1507 1489 1693 1527 προσκυνητὴ,
1727 1489 1772 1517 καὶ
1803 1488 1907 1528 τελεία,

194 1539 224 1565 et
237 1545 299 1573 qua:
316 1539 394 1565 recte
419 1545 436 1564 a
460 1536 546 1565 nobis
572 1536 761 1572 conjungeris
782 1538 872 1572 atque
887 1535 1021 1571 religiose

193 1581 309 1616 coleris,
326 1583 412 1609 tuum
427 1581 483 1609 hoc
497 1589 572 1617 opus
588 1583 644 1614 est,
661 1583 713 1609 tua
732 1580 904 1608 conﬁciendi
929 1580 1020 1615 hujus

191 1626 301 1663 negotii
314 1625 389 1654 laus.
402 1625 560 1661 Utinamztu
570 1625 622 1653 hos
631 1625 716 1652 nobis
723 1624 1021 1659 restituas,hactenus

191 1680 209 1700 ο.
220 1671 305 1700 nobis
316 1671 489 1707 diremptos,
505 1673 536 1698 ut
551 1679 603 1706 per
616 1671 712 1706 ipsam
738 1669 967 1705 disjunctionem
983 1669 1019 1697 ad

190 1716 377 1745 concordiam
392 1718 420 1744 et
435 1715 515 1752 pacis
531 1716 665 1744 studium
677 1714 849 1743 erudiantur
866 1723 872 1742 :
890 1723 922 1742 ac
934 1714 1018 1742 nobis

190 1771 243 1799 pro
258 1762 349 1798 hujus
365 1762 429 1791 vitae
437 1761 589 1790 laboribus
601 1764 629 1790 et
640 1760 780 1789 aerumnis
789 1760 919 1788 ccelestia
929 1760 1016 1795 bona,

188 1810 218 1836 et
232 1808 268 1836 ab
284 1806 365 1835 omni
381 1806 505 1835 dissidio
519 1805 951 1842 immunia,rependas.Horum
964 1813 1017 1833 au-

187 1854 248 1881 tem
263 1852 438 1889 primarium
454 1851 527 1879 illud
543 1854 598 1885 est,
620 1853 649 1879 et
665 1850 840 1884 maximum,
864 1852 897 1878 ut
912 1850 1017 1886 purius

185 1897 359 1934 pleniusque
370 1906 388 1925 a
399 1895 901 1933 teilluminati,sciamus,quomodo
913 1895 1015 1922 eadem

184 1942 320 1971 etunitas
330 1941 546 1977 intelligeris,et
560 1940 690 1969 Trinitas
697 1940 834 1976 reperit-is
847 1949 854 1974 ;
866 1939 1014 1976 quomodo

183 1987 346 2024 ingenitus,
362 1987 492 2023 genitus,
508 1988 537 2014 et
552 1985 723 2022 procedens,
753 1993 811 2013 una
833 1985 871 2013 sit
896 1986 1012 2019 natura,

181 2034 241 2060 tres
255 2032 460 2068 proprietates,
479 2031 552 2059 Unus
568 2031 648 2063 Deus,
663 2030 713 2066 qui
726 2038 754 2058 es
765 2037 850 2066 super
862 2030 971 2064 omnia,
988 2033 1015 2057 et

179 2085 233 2113 per
246 2077 381 2112 omnia,ct
393 2077 424 2104 in
439 2076 566 2104 omnibus
581 2075 603 2092 ²⁸
617 2083 625 2104 :
642 2074 693 2111 qui
704 2083 758 2103 nec
768 2074 946 2110 superoriori
959 2082 1013 2102 nec

179 2120 313 2150 inferiori
327 2121 421 2157 gradu
438 2119 658 2154 collocaris,nec
674 2118 830 2154 decrescis,
838 2126 891 2146 nec
906 2118 1011 2146 sectio-

180 2165 388 2194 nemadmittis
398 2174 406 2200 ;
422 2173 456 2193 ac
464 2164 571 2200 partim
578 2163 699 2200 quidem
706 2163 770 2198 jam
778 2162 1008 2199 comprehende-

180 2210 233 2244 ris,
249 2209 358 2248 partim
378 2209 548 2245 inquireris,
574 2207 733 2244 aliquando
760 2210 859 2236 autem
875 2207 1010 2243 fortasse,

1075 1533 1119 1560 καὶ
1148 1533 1240 1564 καλῶς
1268 1533 1311 1572 ὑφ’
1334 1534 1414 1570 ἡμῶν
1440 1533 1609 1572 συνάγομὲνη
1636 1544 1666 1562 τε
1689 1534 1734 1561 καὶ
1760 1531 1908 1572 σεϐομένη,

1075 1578 1121 1605 σὸν
1137 1578 1168 1605 τὸ
1184 1576 1273 1616 ἔργον,
1290 1578 1335 1605 σὸν
1351 1579 1382 1605 τὸ
1398 1578 1574 1616 κατόρθωμα.
1592 1578 1630 1606 Σὺ
1658 1579 1771 1610 τούτους
1798 1590 1829 1608 τε
1856 1579 1907 1608 πά-

1076 1621 1118 1649 λιν
1145 1623 1380 1658 ἀποκαταστήσαις
1402 1624 1482 1659 ἡμῖν,
1506 1626 1636 1651 τοσοῦτον
1656 1622 1825 1661 διαστάντας,
1841 1624 1903 1653 ὅσον

1073 1665 1251 1702 παιδευθῆναι
1279 1670 1318 1703 τῷ
1346 1670 1483 1706 χωρισμῷ
1505 1668 1573 1706 πρὸς
1603 1668 1751 1706 ὁμόνοιαν·
1776 1670 1822 1697 καὶ
1837 1670 1905 1706 ἡμῖν

1073 1714 1126 1739 τῶν
1150 1711 1267 1739 ἐντεῦθεν
1295 1712 1407 1750 μόχθων
1430 1711 1567 1748 ἀντιδοίης
1588 1713 1622 1741 τὰ
1646 1713 1792 1752 ὲπουράνιά
1813 1725 1844 1743 τε
1857 1714 1903 1743 καὶ

1074 1757 1246 1786 ἀστασίαστα.
1278 1759 1339 1786 Τῶν
1370 1756 1399 1785 δέ
1427 1757 1480 1785 ἐστι
1508 1756 1540 1785 τὸ
1568 1760 1676 1798 πρῶτον
1707 1760 1764 1796 (33)
1787 1759 1832 1787 καὶ
1858 1760 1904 1797 μὲ-

1071 1813 1175 1840 γιστον,
1199 1801 1391 1842 ἐλλαμφθῆναί
1412 1813 1454 1830 σοι
1479 1802 1642 1841 τελεώτερόν
1664 1814 1694 1831 τε
1717 1804 1775 1841 (34)
1796 1803 1841 1832 καὶ
1855 1814 1903 1833 κα-

1072 1847 1237 1885 θαρώτερον,
1253 1849 1312 1878 πῶς
1342 1848 1360 1882 ἡ
1384 1846 1465 1884 αὒτὴ,
1489 1847 1534 1874 καὶ
1561 1848 1644 1884 μονὰς
1668 1849 1728 1885 νοῇ¹
1746 1847 1791 1875 καὶ
1819 1848 1901 1887 Τριὰς

1072 1891 1180 1929 εὐρίιηιῃ
1192 1902 1198 1908 ·
1215 1894 1273 1922 πῶς
1287 1892 1319 1919 τὸ
1335 1891 1492 1930 ἀγέννητον,
1508 1892 1553 1919 καὶ
1576 1892 1608 1920 τὸ
1632 1892 1772 1930 γεννητὸν,
1802 1893 1848 1920 καὶ
1868 1892 1902 1920 τὸ

1070 1942 1178 1974 προϊον,
1206 1937 1254 1973 μία
1273 1936 1364 1976 φύσις,
1387 1939 1461 1975 τρεῖς
1487 1935 1633 1973 ἰδιότητες,
1660 1938 1708 1970 Εἷς
1724 1937 1800 1973 Θεὸς,
1825 1938 1839 1965 ὁ
1855 1937 1900 1966 ἐπὶ

1068 1981 1187 2016 πάντων,
1226 1981 1271 2009 καί
1312 1980 1357 2009 διὰ
1388 1982 1509 2018 πάντων,
1545 1983 1590 2010 καὶ
1629 1981 1655 2009 ἐν
1698 1985 1797 2010 πᾶσιν.
1837 1981 1900 2011 οὔτε

1068 2026 1277 2065 ὑπερτιθέμενος
1293 2027 1361 2064 {35),
1384 2026 1446 2054 οὕτε
1473 2027 1692 2064 μετατιθέμενος,
1718 2027 1780 2055 οὕτε
1804 2027 1897 2064 μειού-

1069 2082 1160 2108 μενος,
1178 2071 1239 2099 οὕτε
1263 2069 1440 2108 τεμνόμενος·
1466 2072 1498 2100 τὸ
1524 2072 1572 2109 μὲν
1597 2071 1657 2111 ἄρτι
1672 2069 1899 2110 χαταλμϐαδόμε-

1066 2127 1121 2151 νος,
1142 2117 1174 2144 τὸ
1199 2115 1228 2143 δὲ
1253 2116 1431 2153 ζητούμενος,
1456 2117 1522 2144 ποτὶ
1551 2116 1590 2152 δὲ,
1616 2116 1679 2145 ὅσον
1699 2116 1732 2154 εἴ,
1755 2118 1839 2156 τυχὸν
1853 2128 1899 2145 κα-

1065 2160 1309 2200 ταληφθησόμενος
1329 2163 1388 2192 τοῖς
1412 2160 1525 2189 ἐνταῦθα
1553 2161 1644 2194 καλῶς
1676 2163 1808 2199 ζητήσασι

1067 2204 1111 2233 διὰ
1135 2205 1196 2244 βίου
1229 2206 1274 2233 καὶ
1298 2206 1423 2244 θεωρίας·
1449 2205 1472 2243 ᾧ
1495 2209 1567 2234 πᾶσα
1590 2205 1664 2243 δόξα,
1689 2207 1771 2245 τιμὴ,
1798 2207 1898 2247 κράτος

179 2257 312 2292 quantus
326 2253 700 2292 es,percipieris,nimirum
716 2253 752 2282 ab
765 2252 868 2289 iis,qui
883 2261 934 2289 per
944 2253 1011 2281 vita:

1081 2250 1104 2282 ἲς
1118 2250 1182 2282 τοὺς
1198 2251 1307 2282 αἰῶνας.
1325 2251 1423 2288 Ἀμήν.

180 2300 359 2338 probitatem
374 2303 403 2329 et
418 2298 700 2336 contemplationem
714 2300 743 2327 te
755 2298 786 2327 in
801 2297 856 2327 hoc
876 2297 984 2327 seculo
1008 2299 1086 2326 recte
1111 2296 1320 2333 quaesiverint:
1337 2296 1384 2325 cui
1406 2296 1504 2325 omnis
1518 2296 1621 2334 gloria,
1645 2296 1740 2325 honor
1764 2298 1794 2325 et
1806 2296 1898 2335 impe-

179 2346 259 2379 rium
273 2346 305 2375 in
319 2345 437 2375 saecula.
453 2347 555 2374 Amen.

214 2404 240 2424 ³³
252 2404 359 2434 Matth.
375 2412 453 2440 XXVI,
468 2404 514 2432 31.
553 2403 578 2421 ’⁸
589 2402 662 2431 ibid.
679 2402 775 2430 69-75.
814 2402 837 2419 ’⁸
851 2401 928 2430 Psal.
943 2409 1021 2438 xxvx,

1103 2399 1219 2429 2“Psal.
1248 2409 1334 2435 Lxxn,
1365 2400 1410 2429 19.
1449 2400 1552 2429 ’70se.
1582 2408 1644 2435 xm,
1672 2400 1700 2429 9.
1739 2400 1762 2419 τ’
1788 2399 1894 2438 Ephes.

161 2446 222 2483 :g,
236 2440 265 2469 6.

74 2502 83 2516 π
107 2528 110 2530 .
283 2500 365 2538 mh;
381 2500 511 2539 xpmos.
527 2513 542 2528 ι(
558 2501 691 2530 Membra
710 2499 846 2542 Chris_ti.n
865 2499 917 2528 Hic
933 2499 1011 2528 desi-

74 2558 75 2562 η
147 2547 152 2551 ‘
221 2540 253 2567 ει
266 2546 328 2575 eos,
342 2539 393 2575 qui
408 2547 475 2567 cum
491 2538 527 2566 ab
543 2545 576 2566 eo
592 2537 665 2565 nihil
681 2536 743 2564 laesi
758 2536 894 2570 fuissent,
912 2539 1013 2573 partes

261 2575 302 2604 mi
317 2575 411 2603 secuti
427 2577 522 2604 erant,
538 2577 628 2604 atque
643 2581 711 2602 eum
737 2573 904 2604 pontiﬁcem
931 2581 1011 2600 crea~

147 2547 152 2551 ‘
174 2536 328 2575 eos,
342 2536 393 2575 qui
406 2536 475 2567 cum
491 2538 527 2566 ab
543 2545 576 2566 eo
592 2537 665 2565 nihil
681 2536 743 2564 laesi
758 2536 894 2575 fuissent,
912 2539 1013 2573 partes

261 2575 302 2604 mi
317 2573 411 2603 secuti
427 2577 522 2608 erant,
538 2577 628 2608 atque
643 2581 711 2602 eum
736 2573 904 2608 pontiﬁcem
931 2581 1011 2600 crea~

181 2582 302 2604 meum:
317 2582 411 2603 secuu
427 2582 522 2608 erant,
538 2582 569 2602 οι
593 2582 628 2601 ue
643 2582 711 2602 eum
736 2582 773 2608 ρο

178 2611 293 2646 verant,
308 2611 394 2639 altari
407 2582 655 2646 adversusrtﬁtare
669 2612 776 2646 erecto.

182 2651 188 2665 τ
220 2643 394 2682 (29)”Ειιιαί.
406 2646 453 2682 Sic
469 2645 617 2682 ἣδεται.
635 2645 666 2674 In
683 2645 742 2679 ed.,
757 2643 803 2672 καὶ
815 2643 847 2671 εί.

229 2681 399 2711 amantem.
417 2693 429 2708 ι
447 2681 562 2711 Βιιθίιιί.
580 2692 595 2707 ››

184 2751 186 2753 τ
219 2715 278 2753 (31)
308 2718 373 2749 Πῶς
406 2715 544 2752 ἁπλότητι
588 2715 749 2752 ποιμένων.
769 2715 803 2753 Si
816 2715 884 2753 Elite
917 2716 1010 2753 ﬁdes,

184 2751 186 2753 τ
308 2719 373 2749 Ilii);
406 2719 544 2752 ἁπλότητι
588 2719 725 2752 ποιμένων
742 2737 749 2744 .
769 2719 801 2744 Si
816 2719 884 2744 Elite
917 2719 990 2744 fides
1002 2736 1010 2750 ,

182 2754 345 2794 Gregorius
358 2753 459 2794 de
475 2761 507 2794 se
521 2752 629 2794 plurali
648 2760 772 2780 numero
790 2751 940 2794 loquitur.
954 2752 1012 2793 ,νο-

172 2787 259 2827 νιιιωῖ
269 2791 333 2822 hee
356 2787 558 2825 interpretatio
582 2796 651 2818 cum
675 2787 869 2824 sequentibus
887 2787 1011 2817 minime

1068 2500 1214 2536 congruit,

1104 2532 1161 2575 (ἓξ)
1175 2535 1318 2575 Elpes}!-
1335 2536 1405 2575 Res-
1422 2536 1452 2572 δν
1469 2532 1594 2575 εδῖρρμοει-

1103 2571 1159 2609 (33)
1175 2571 1220 2609 To'
1231 2571 1351 2609 πρῶτον.
1367 2571 1453 2600 Deest
1466 2571 1543 2601 τόῖιὶ
1560 2573 1607 2601 Or.
1623 2573 1648 2601 1.

1103 2608 1157 2644 (34)
1168 2606 1337 2646 Τιλεῶτερόν
1350 2618 1390 2637 τι.
1407 2608 1455 2637 Sic
1471 2609 1529 2637 duo
1553 2609 1643 2645 Regg.
1672 2611 1702 2638 et
1728 2610 1789 2638 tres
1811 2606 1892 2638 ϐοίδ-

1066 2643 1154 2672 Deest
1166 2653 1196 2671 τε
1211 2645 1242 2672 in
1257 2643 1303 2672 ed'.

1103 2680 1159 2716 (35)
1174 2677 1241 2718 Οὔτε
1255 2679 1476 2718 υπερτιθὲμενος.
1493 2682 1549 2718 etc.
1565 2679 1631 2709 Bill.
1651 2690 1658 2710 :
1678 2691 1692 2709 α
1714 2680 1765 2718 qui
1780 2689 1834 2710 nec
1846 2688 1896 2710 su-

1066 2717 1247 2753 perponeris,
1265 2725 1318 2744 nec
1334 2717 1546 2753 transponeris.
1563 2727 1578 2742 »

1104 2726 1247 2780 ripémerls,
1265 2726 1318 2744 nec
1334 2726 1546 2753 transponerls.
1563 2727 1578 2742 »

1102 2755 1112 2789 (
1149 2753 1159 2791 )
1175 2753 1323 2789 Ζητήσασι.
1340 2753 1409 2790 Reg.
1426 2762 1454 2788 ει,
1470 2751 1646 2788 ἐκζητήσασι.
