4074 6472
315 356 464 416 ’3‘

311 476 405 532 illo
425 489 487 529 se
511 472 990 539 homins-seruere,
1009 471 1103 528 sed
1125 486 1219 542 per
1235 472 1455 543 gratiam
1479 472 1592 529 Dei.
1616 472 1752 529 Vasa
1775 473 1890 544 ejus

311 565 440 621 dicit
457 580 645 620 omnes
664 563 928 619 inﬁdeles.
960 563 1074 619 Nisi
1099 563 1238 634 prius
1263 564 1539 634 alligaverit
1564 565 1743 634 fortem
1765 579 1783 617 :
1805 562 1887 617 al-

310 657 543 730 ligaverit
585 656 738 720 dixit,
782 663 1098 724 potestatem
1145 654 1224 712 illi
1267 655 1524 710 ademerit
1568 653 1888 724 impediendi

311 748 635 803 voluntatem
664 745 904 802 ﬁdelium
927 760 956 799 a
983 745 1252 816 sequendo
1269 745 1502 812 Christo,
1529 754 1583 801 et
1603 743 1891 803 obtinendo

310 854 474 906 regno
504 838 617 892 Dei.

383 928 470 984 Vl.
515 927 633 1002 [lb.
676 944 769 992 xu,
807 925 923 1001 '54.]
949 926 1234 997 Progenies
1267 927 1562 997 viperarum
1605 941 1700 984 eos
1739 926 1886 991 dicit,

307 1020 432 1092 quia
473 1029 529 1075 et
565 1018 760 1074 diaboli
804 1019 942 1073 lilios
979 1017 1230 1087 appellat.
1261 1017 1316 1073 In
1344 1027 1544 1072 tantum
1577 1018 1719 1072 enim
1743 1017 1892 1088 quis-

308 1127 414 1183 que
443 1112 582 1168 ﬁlius
611 1110 725 1182 ejus
762 1118 874 1177 est,
915 1109 968 1164 in
997 1118 1248 1181 quantum
1287 1125 1410 1166 eum
1457 1109 1725 1180 peccando
1770 1109 1890 1164 imi-

308 1212 470 1257 tatur.

388 1291 492 1345 VII.
525 1289 629 1364 [11).
656 1287 882 1363 ιιι,40.]
912 1289 1055 1345 Sicut
1076 1291 1206 1344 enim
1228 1289 1321 1359 fuit
1345 1287 1506 1343 Jonas
1532 1289 1583 1343 in
1610 1299 1777 1344 ventre
1797 1291 1891 1345 ceti

311 1383 468 1437 tribus
497 1382 671 1436 diebus
691 1391 738 1435 et
765 1381 924 1434 tribus
953 1380 1217 1446 noctibus;
1245 1381 1316 1434 sic
1360 1380 1450 1434 erit
1481 1379 1527 1432 Γ
1531 1382 1646 1433 ilius
1671 1381 1887 1436 hominis

305 1480 360 1530 in
399 1476 550 1530 corde
588 1487 734 1529 terrae
763 1473 920 1528 tribus
948 1475 1121 1527 diebus
1153 1482 1199 1526 et
1244 1473 1400 1527 tribus
1430 1473 1673 1527 noctibus.
1709 1473 1888 1528 Sexta.»

309 1567 451 1621 ferite
497 1565 600 1619 diei
644 1574 848 1635 partem
892 1579 994 1634 qua
1048 1563 1285 1634 sepultus
1325 1573 1406 1618 est
1446 1579 1566 1617 cum
1620 1563 1884 1642 praeterita

309 1667 483 1722 nocte,
506 1673 604 1728 pro
625 1665 781 1712 nocte
807 1666 862 1712 et
885 1656 972 1711 die
996 1657 1246 1725 accipias,
1273 1655 1374 1710 hoc
1403 1665 1483 1709 est
1514 1671 1608 1725 pro
1634 1665 1742 1710 toto
1762 1656 1878 1722 die;

308 1750 509 1805 sabbati
539 1758 752 1804 noctem
783 1760 838 1804 et
863 1747 1035 1810 diem;
1078 1759 1131 1804 et
1169 1757 1378 1803 noctem
1415 1747 1730 1802 dominicam
1760 1765 1882 1804 cum

303 1841 490 1896 eodem
513 1839 602 1895 die
632 1841 974 1894 illucescente
997 1856 1012 1894 :
1043 1854 1104 1893 ac
1127 1855 1220 1908 per
1239 1838 1337 1893 hoc
1354 1838 1660 1908 accipiendo
1679 1849 1881 1908 partem

302 1947 397 2003 pro
419 1939 550 1995 toto,
575 1930 738 1986 habes
763 1930 990 1986 triduum
1013 1939 1064 1984 et
1093 1940 1202 1984 tres
1229 1939 1429 1984 noctes.
1453 1930 1603 1995 Quod
1634 1930 1776 1986 enim
1803 1930 1884 1986 di-

300 2034 492 2078 cuntur
515 2022 704 2078 decem
731 2037 942 2076 menses
971 2021 1307 2092 praegnantis,
1338 2036 1527 2077 novem
1552 2029 1674 2076 sunt
1701 2021 1838 2091 pleni
1865 2038 1879 2088 ;

298 2115 391 2170 sed
421 2115 630 2168 initium
662 2113 852 2167 decimi
884 2128 977 2182 pro
1005 2122 1114 2167 toto
1134 2113 1406 2182 accipitur.
1439 2113 1503 2166 Et
1529 2113 1668 2184 quod
1699 2129 1756 2168 se
1779 2115 1876 2166 Do.

299 2206 478 2258 minus
505 2203 738 2259 ostendit
765 2204 816 2257 in
849 2211 1059 2270 monte,
1093 2211 1211 2272 post
1244 2219 1336 2256 sex
1366 2202 1481 2257 dies
1518 2203 1712 2258 factum
1750 2203 1880 2260 dicit

297 2310 431 2349 unus
471 2295 796 2364 evangelista
843 2293 1059 2362 (Matth.
1097 2307 1230 2358 xvu,
1263 2291 1368 2364 l);
1410 2295 1542 2347 alter
1580 2310 1703 2348 vero
1749 2306 1873 2365 post

293 2397 417 2440 octo
465 2386 584 2439 dies
625 2384 753 2439 dicit
797 2381 945 2454 (Luc.
988 2399 1067 2451 ιι,
1112 2383 1229 2455 28),
1275 2394 1477 2454 partem
1530 2387 1875 2455 posteriorem

293 2480 454 2551 primi
482 2479 589 2533 dici
620 2479 673 2532 in
704 2493 807 2548 quo
846 2478 1076 2532 futurum
1109 2475 1210 2532 hoc
1251 2478 1502 2532 Dominus
1529 2479 1794 2548 promisit,
1824 2491 1879 2536 et

294 2582 496 2640 partem
531 2569 765 2638 priorem
793 2569 1064 2624 novissimi
1093 2569 1196 2624 diei
1233 2569 1284 2622 in
1311 2585 1415 2639 quo
1439 2571 1759 2642 completum
1794 2581 1879 2628 est

295 2660 430 2730 quod
459 2660 725 2729 promisit,
757 2675 851 2730 pro
881 2660 1005 2714 totis
1034 2669 1197 2729 atque
1229 2660 1444 2740 integris
1472 2661 1659 2716 diebus
1699 2678 1873 2718 annu-

293 2765 542 2804 tnerans:
578 2759 634 2804 ut
672 2749 932 2819 intelligas
972 2765 1092 2805 eum
1135 2751 1221 2819 qui
1257 2749 1408 2818 dixit,
1441 2760 1558 2821 post
1597 2769 1687 2808 sex
1737 2754 1872 2819 dies,

293 2840 436 2893 solos
469 2840 676 2894 medios
711 2854 1190 2906 commemorasse,
1221 2841 1308 2910 qui
1337 2857 1458 2896 vere
1483 2842 1574 2896 toti
1604 2851 1760 2913 atque
1789 2845 1872 2898 in-

296 2931 426 2998 tegri
455 2929 707 3000 completi
737 2939 879 2984 sunt.
911 2929 966 2984 lu
994 2929 1189 2986 Genesi
1215 2931 1353 2986 enim
1389 2947 1421 2985 a
1457 2933 1651 2988 lumine
1691 2935 1874 3004 incipit

293 3019 426 3084 dies,
453 3031 506 3075 et
537 3021 651 3075 linit
677 3020 745 3075 ad
768 3021 1013 3075 tenebras
1033 3019 1186 3090 (Gen.
1217 3037 1252 3086 ι,
1275 3023 1351 3092 5),
1375 3023 1445 3082 ,ad
1467 3024 1870 3094 signiﬁcandum

297 3113 496 3183 lapsum
539 3112 808 3167 hominis:
849 3129 986 3168 nunc
1024 3123 1200 3168 autem
1243 3131 1274 3170 ιι
1313 3116 1542 3172 tenebris
1574 3117 1639 3173 ad
1677 3119 1868 3189 lucem,

296 3205 423 3258 sicut
449 3204 652 3260 dictum
685 3216 786 3271 est,
813 3205 890 3260 De
921 3207 1131 3262 tenebris
1162 3206 1319 3267 lucent
1343 3211 1612 3266 clarescere
1642 3212 1725 3285 (II
1749 3213 1867 3268 Car.

294 3312 362 3361 tv,
390 3297 444 3367 6)
475 3315 488 3350 :
517 3299 640 3367 quia
671 3314 698 3351 a
729 3299 957 3369 peccatis
996 3299 1156 3355 homo
1192 3301 1446 3356 liberatus
1466 3343 1482 3370 ,
1530 3307 1768 3374 pervenit
1803 3307 1869 3361 ad

293 3387 460 3443 lucem
485 3389 710 3457 justitite

363 3480 490 3536 VIII.
513 3480 618 3554 [lb.
647 3498 743 3543 xu,
771 3481 980 3557 63—45.]
1005 3481 1132 3540 Cum
1155 3485 1360 3557 spiritus
1379 3487 1667 3544 immundus
1695 3491 1869 3545 exierit

286 3573 346 3624 ab
377 3574 580 3627 homine
607 3589 627 3628 :
656 3573 919 3645 siguiticat
939 3576 1195 3646 quosdam
1221 3577 1292 3632 ita
1314 3578 1632 3646 credituros,
1657 3582 1868 3637 utferre

286 3679 395 3718 non
422 3665 628 3733 possint
658 3665 867 3720 labores
896 3667 1235 3721 continentize
1255 3707 1271 3734 ,
1303 3679 1356 3723 et
1374 3669 1440 3724 ad
1468 3672 1720 3725 sazculum
1749 3672 1868 3727 red-

288 3755 420 3807 ituri
445 3754 571 3807 sint.
589 3755 727 3821 Quod
746 3755 943 3812 dictum
959 3765 1060 3823 est,
1077 3757 1297 3812 Assumit
1317 3776 1485 3814 secum
1505 3760 1632 3816 alios
1656 3771 1859 3834 septem,

285 3845 599 3914 intelligitur
621 3848 736 3916 quia
765 3863 885 3901 cum
917 3849 1035 3918 quis
1074 3849 1326 3905 ceciderit
1353 3851 1419 3907 de
1438 3851 1640 3922 jtistitia
1661 3893 1676 3919 ,
1703 3854 1862 3909 etiam

284 3935 674 3992 simulationem
704 3938 934 3992 habebit.
965 3939 1235 4009 Cupiditas
1272 3943 1413 3997 enim
1439 3945 1616 3998 carnis
1644 3945 1862 4016 expulsa

285 4040 377 4094 per
415 4027 782 4094 paenitentiam
811 4044 840 4082 a
877 4031 1144 4086 consuetis
1170 4033 1448 4101 cperibus,
1480 4049 1603 4089 cum
1640 4050 1746 4090 non
1781 4037 1866 4091 in-

285 4118 486 4171 venerit
519 4118 572 4172 in
613 4119 803 4188 quibus
839 4119 1278 4177 delectationibus
1306 4125 1716 4194 correquiescat,
1746 4129 1862 4182 avi-

284 4207 396 4262 dius
414 4210 573 4277 redit,
602 4220 657 4264 et
678 4225 863 4265 rursus
891 4222 1111 4282 occupat
1137 4223 1367 4269 mentem
1395 4215 1643 4282 hominis,
1674 4219 1716 4272 si
1738 4235 1856 4274 cum

282 4303 425 4369 pulsa
454 4310 602 4357 esset
628 4303 668 4368 ¹,
699 4304 1013 4373 negligentia
1043 4305 1324 4362 subsecuta
1345 4315 1446 4375 est,
1473 4317 1656 4364 utnon
1686 4310 1856 4364 intro—

281 4392 566 4448 duci-retur
588 4403 835 4464 tanquam
865 4395 1128 4452 habitator
1161 4398 1426 4455 mundata;
1458 4399 1638 4456 domui
1677 4418 1856 4458 sermo

282 4483 370 4537 Dei
414 4500 512 4553 per
548 4500 736 4539 sanant
776 4485 1091 4542 doctrinam.
1135 4489 1203 4542 Et
1237 4490 1484 4560 quoniam
1532 4509 1636 4547 non
1682 4495 1854 4549 solum

279 4571 490 4627 habebit
513 4574 598 4627 illa
627 4585 829 4645 septem
857 4576 976 4630 vitia
999 4619 1013 4644 ,
1045 4593 1162 4647 qua:
1195 4590 1399 4648 septem
1439 4581 1718 4637 virtutibus
1747 4586 1849 4654 Spi-

277 4662 551 4718 ritualibus
572 4666 593 4696 '
621 4675 745 4720 sunt
769 4668 1054 4735 contraria,
1077 4669 1170 4723 sed
1209 4670 1365 4724 etiam
1403 4687 1500 4742 per
1536 4673 1854 4744 hypocrisin:

274 4768 332 4809 se
359 4755 503 4824 ipsas
529 4755 751 4811 virtutes
777 4757 970 4813 habere
999 4759 1293 4825 simulabit;
1335 4772 1614 4832 pr0pterea
1649 4781 1855 4820 assum-

276 4848 380 4914 ptis
415 4862 600 4902 secum
638 4859 841 4918 septem
885 4851 1002 4904 aliis
1040 4851 1410 4920 aequioribus,
1444 4854 1546 4909 hoc
1589 4865 1698 4922 est,
1739 4858 1848 4926 ipsa

274 4938 575 5004 septenaria
604 4937 965 5004 simulatione,
1003 4941 1140 4994 redit
1179 4941 1266 4996 illa
1301 4945 1763 5014 concupiscentia,
1796 4959 1848 5003 ιιι

269 5027 378 5081 sint
407 5030 696 5083 novissima
725 5029 954 5086 hominis
981 5032 1159 5102 pejora
1187 5050 1342 5104 quam
1369 5047 1522 5092 erant
1551 5039 1739 5108 prima.

342 5118 434 5172 IX.
468 5117 565 5191 [lb.
594 5135 709 5187 xm,
739 5121 825 5186 15,
847 5121 962 5194 25.]
980 5122 1128 5188 Quod
1151 5123 1297 5190 dicit,
1330 5124 1483 5182 Aliud
1507 5129 1848 5197 centesimum,

271 5207 411 5261 cliuo
464 5211 865 5280 sexagesimum,
911 5213 1054 5266 aliud
1109 5215 1457 5284 trigesimum:
1501 5221 1849 5275 centesimum

271 5310 586 5372 martyrum,
621 5313 837 5373 propter
855 5305 1150 5360 satietatem
1177 5305 1196 5336 ³
1234 5306 1352 5361 vitm
1373 5309 1452 5362 vel
1485 5318 1849 5380 contemptum

271 5395 458 5448 mortis
487 5410 500 5448 :
528 5395 916 5465 sexagesimum
956 5396 1214 5468 virginum
1237 5439 1250 5464 ,
1277 5407 1494 5470 prOpter
1520 5402 1685 5456 otium
1713 5402 1850 5460 inte-

334 5570 352 5600 ⁸
379 5577 478 5641 Am.
502 5575 578 5641 Er.
600 5576 775 5641 ettpv.
800 5569 869 5621 sic
889 5584 996 5641 eum
1025 5569 1229 5641 expulsa
1252 5572 1590 5641 essetiustitia,
1614 5574 1854 5641 negligen-

269 5629 336 5679 tia
354 5632 602 5681 subsecuta
621 5638 710 5682 est.
735 5633 1049 5683 Etnemlatnus
1070 5629 1128 5682 ad
1160 5643 1269 5684 octo
1283 5629 1398 5686 Mss."
1432 5645 1482 5687 et
1504 5637 1563 5686 ad
1578 5629 1853 5689 editionem
1874 5646 1876 5649 '

272 5696 667 5755 satist-tenensen.

336 5757 356 5827 ξ
379 5761 484 5804 Mss.
502 5756 640 5804 Corh.
663 5761 714 5804 et
735 5755 1040 5827 Sanvictorini
1058 5755 1169 5813 duo,
1194 5756 1416 5827 uirtutum
1440 5757 1701 5825 sptritifuts.

335 5817 355 5846 ⁸
372 5825 470 5867 ttat.
497 5827 596 5866 Iun.
623 5823 695 5866 Er.
722 5824 775 5868 et
795 5824 1046 5876 octottss.,
1075 5819 1386 5872 sanctitatem.

1671 354 1872 412 LIBER
1913 354 2182 414 PRIMUS.

3441 369 3582 428 1518

2001 471 2132 538 rius,
2155 474 2276 544 quia
2303 489 2407 530 non
2435 485 2669 548 pugnant
2694 486 2876 534 contra
2901 481 3335 540 consuetudinem
3360 488 3572 552 carnis;

2001 563 2137 618 solet
2159 565 2301 618 enim
2331 567 2494 620 otium
2521 568 2740 624 concedi
2776 572 3136 641 sexagenariis
3163 583 3283 643 post
3305 575 3572 643 militiam,

2000 652 2081 706 vel
2104 663 2222 722 post
2248 657 2486 711 actiones
2511 658 2783 728 publicas:
2805 661 3131 732 trigesimum
3153 665 3580 738 coniugatorum,

1999 743 2120 812 quia
2165 743 2279 800 hzec
2321 755 2399 801 est
2444 756 2574 803 :rtas
2615 751 3001 820 praeliantium;
3042 754 3144 824 ipsi
3189 756 3332 811 enim
3376 757 3576 815 habent

1997 833 2256 888 acriorem
2282 835 2609 905 conﬂictum,
2638 856 2705 895 ne
2731 840 3035 898 libidinibus
3059 855 3396 916 superentur.

2069 922 2136 978 X.
2163 922 2268 997 [lb.
2297 942 2418 992 xm,
2448 928 2666 1004 25-50.]
2693 930 2877 988 Omnis
2892 933 3228 992 immunditia
3262 938 3315 993 in
3357 949 3539 1010 segete
3561 983 3578 1006 ,

1996 1015 2199 1072 zizania
2226 1018 2491 1076 dicuntur.
2520 1021 2671 1088 Quod
2704 1025 2874 1094 primo
2903 1037 3143 1098 separata
3168 1030 3367 1086 zizania
3392 1030 3580 1088 dicun-

1996 1115 2084 1166 tur
2106 1109 2146 1177 ί,
2175 1111 2295 1180 quia
2331 1112 2671 1170 tribulatione
2699 1118 3031 1186 praecedente
3058 1123 3445 1192 separabuntur
3472 1127 3578 1182 im-

1998 1198 2069 1268 pii
2098 1214 2130 1254 a
2160 1201 2260 1269 piis
2285 1219 2297 1256 :
2326 1203 2465 1273 quod
2491 1220 2583 1273 per
2612 1203 2782 1261 bonos
2815 1209 3047 1281 Angelos
3073 1212 3382 1285 intelligitur
3422 1216 3574 1286 ﬁeri;

1995 1289 2115 1359 quia
2152 1290 2323 1349 ofﬁcia
2351 1294 2596 1351 vindicta:
2631 1310 2854 1368 possunt
2892 1302 3112 1374 implere
3136 1305 3263 1362 boni
3291 1307 3433 1366 bono
3459 1312 3577 1366 ani-

1997 1395 2104 1448 mo,
2134 1385 2398 1452 quomodo
2422 1403 2515 1442 rex
2533 1388 2577 1457 ',
2607 1393 2873 1460 quomodo
2892 1393 3090 1464 judex;
3120 1396 3293 1454 ofﬁcia
3313 1416 3445 1456 vero
3471 1403 3573 1458 mi-

1993 1472 2298 1529 sericordia:
2329 1478 2452 1532 mali
2482 1478 2700 1548 implere
2725 1498 2829 1538 non
2859 1495 3098 1554 possunt.

2064 1565 2152 1620 XI.
2171 1565 2271 1641 [lb.
2296 1585 2409 1638 xm,
2436 1572 2494 1626 51
2511 1570 2551 1646 .]
2568 1573 2799 1630 Granum
2828 1578 3026 1648 sinapis
3049 1579 3117 1635 ob
3138 1579 3400 1639 fervorem
3425 1584 3572 1653 ﬁdei,

1992 1655 2077 1711 vel
2109 1658 2249 1728 quod
2279 1660 2486 1716 dicatur
2513 1679 2714 1720 venena
2743 1668 3031 1739 expellere,
3065 1672 3234 1742 majus
3251 1676 3308 1729 ﬁt
3327 1677 3573 1733 omnibus

1990 1750 2241 1816 oleribus,
2267 1752 2318 1807 id
2339 1764 2420 1809 est
2446 1755 2798 1826 dogmatibus.
2831 1762 3078 1832 Dogmata
3106 1775 3284 1821 autem
3308 1776 3432 1822 sunt
3455 1770 3574 1841 pla‘

1988 1841 2094 1896 cita
2125 1855 2408 1913 sectarum,
2441 1849 2492 1902 id
2522 1860 2624 1917 est,
2656 1853 2793 1921 quod
2822 1855 3017 1923 placuit
3037 1857 3257 1928 singulis
3281 1862 3462 1917 sectis.

2059 1933 2175 1989 XII.
2218 1935 2316 2010 [lb.
2349 1955 2464 2007 xui,
2497 1941 2609 2015 55.]
2643 1943 2964 2001 Fermentum
2990 1949 3126 2018 quod
3152 1953 3343 2022 accepit
3369 1955 3567 2021 mulier,

1988 2033 2034 2078 et
2053 2027 2313 2083 abscondit
2347 2031 2400 2085 in
2427 2035 2610 2103 farina:
2637 2038 2760 2089 satis
2790 2038 2946 2094 tribus
2973 2056 2991 2093 :
3021 2041 3299 2098 mulierem
3317 2083 3331 2108 ,
3360 2046 3572 2116 sapien-

1987 2117 2112 2171 tiam
2141 2118 2267 2173 dicit
2297 2139 2309 2174 :
2338 2120 2677 2189 fermentum,
2715 2125 3088 2192 dilectionem;
3116 2133 3257 2202 quod
3299 2133 3572 2191 fervefacit

1987 2220 2038 2263 ct
2058 2211 2273 2268 excitat.
2317 2213 2374 2268 In
2417 2215 2600 2272 farinae
2638 2227 2814 2274 autem
2843 2222 2972 2278 satis
3004 2224 3172 2280 tribus
3192 2266 3206 2289 ,
3235 2227 3316 2282 vel
3351 2228 3448 2284 tria
3480 2230 3568 2283 illa

1986 2299 2038 2354 in
2070 2300 2304 2368 homine,
2333 2303 2415 2358 Ex
2441 2314 2542 2360 toto
2565 2309 2735 2376 corde,
2765 2320 2809 2364 et
2839 2328 2902 2366 ea;
2926 2323 3031 2367 tota
3057 2315 3247 2382 anima,
3282 2327 3330 2371 et
3363 2335 3427 2374 ea:
3464 2330 3570 2374 tota

1983 2400 2146 2444 meme
2173 2390 2385 2462 (Matth.
2413 2411 2508 2462 xu,
2534 2398 2658 2468 57);
2696 2399 2779 2454 vel
2808 2401 2905 2456 tria
2935 2402 3022 2457 illa
3049 2403 3317 2461 fructifera
3338 2450 3353 2476 ,
3385 2407 3569 2464 Cente-

1983 2497 2125 2549 num,
2168 2499 2494 2553 sexagenum,
2543 2491 2782 2545 tricenum
2814 2494 2832 2562 (
2851 2492 2916 2546 Id
2928 2535 2940 2547 .
2980 2511 3090 2560 χιιι,
3121 2497 3174 2564 8,
3198 2497 3325 2569 25);
3355 2500 3436 2555 vel
3466 2502 3566 2557 tria

1984 2571 2069 2624 illa
2117 2588 2310 2642 genera
2358 2575 2662 2646 hominum,
2706 2580 2838 2649 Noe,
2886 2584 3070 2640 Daniel
3107 2595 3152 2641 et
3185 2587 3284 2644 Job
3331 2589 3566 2664 (Ezech.

1981 2676 2088 2728 Juv,
2129 2664 2250 2735 II).

2053 2755 2186 2810 XIII.
2218 2755 2315 2829 [lb.
2349 2775 2460 2827 aut,
2495 2761 2607 2835 44.]
2643 2763 2970 2820 Tltcsaurum
3018 2769 3068 2823 in
3123 2786 3249 2842 agro
3285 2774 3567 2832 abscondi-

1979 2853 2110 2912 tum,
2141 2846 2273 2901 dixit
2299 2849 2404 2904 duo
2425 2851 2763 2909 Testamenta
2791 2857 2922 2926 legis
2951 2859 3002 2913 in
3029 2861 3286 2930 Ecclesia,
3307 2881 3424 2936 qua:
3445 2871 3565 2938 quis

1979 2952 2097 2989 cum
2126 2953 2189 2991 ex
2237 2949 2384 3006 parte
2427 2941 2725 2999 intellectus
2765 2948 3015 3018 attigerit,
3049 2955 3209 3008 sentit
3239 2957 3345 3012 illic
3372 2975 3566 3032 magna

1980 3027 2144 3082 latere
2167 3044 2180 3080 :
2205 3038 2258 3083 et
2286 3031 2422 3084 vadit
2450 3042 2502 3085 et
2529 3035 2693 3088 vendit
2722 3039 2890 3090 omnia
2917 3056 3031 3108 sua,
3073 3051 3119 3096 et
3152 3046 3270 3098 emit
3295 3027 3484 3118 agrum
3501 3051 3566 3105 il-

1978 3119 2102 3184 lum,
2145 3120 2193 3173 id
2233 3130 2334 3183 est.
2377 3133 2686 3195 contemptu
2733 3132 3103 3198 temporalium
3147 3149 3421 3207 comparat
3459 3143 3565 3198 sibi

1976 3213 2162 3278 otimn,
2194 3223 2251 3268 ut
2277 3215 2347 3269 sit
2375 3215 2524 3273 dives
2549 3220 2850 3288 cognitione
2879 3222 2992 3276 Dei.

2047 3304 2182 3359 XIV.
2218 3302 2316 3380 [lb.
2347 3310 2585 3383 xut,54.]
2611 3312 2762 3378 Quod
2791 3313 3036 3371 dixerunt
3057 3317 3247 3390 Iudici,
3275 3319 3422 3380 Unde
3442 3328 3563 3382 huic

1973 3397 2219 3466 sapientia
2241 3399 2347 3452 haec
2367 3409 2412 3453 et
2434 3401 2676 3458 virtutes?
2705 3405 2960 3474 sapientia
3002 3408 3077 3473 in,
3103 3409 3183 3466 his
3220 3428 3338 3483 qua:
3371 3416 3559 3487 loque-

1973 3485 2149 3549 batur,
2183 3490 2403 3544 virtutes
2448 3491 2501 3545 in
2552 3491 2636 3546 his
2687 3511 2805 3562 qua:
2847 3499 3185 3565 operabatur.
3232 3485 3458 3577 Ideoque
3505 3519 3562 3565 et.

1977 3579 2260 3650 Apostolus
2289 3596 2410 3636 cum
2455 3583 2587 3638 dixit
2625 3584 2880 3640 Christum
2917 3588 3011 3643 Dei
3051 3590 3324 3662 Virtutem,
3371 3608 3419 3651 et
3462 3600 3564 3655 Dei

1975 3668 2288 3740 Sapientiam
2337 3671 2392 3746 (1
2419 3674 2536 3727 Cor.
2572 3690 2609 3740 ι,
2637 3675 2752 3746 24);
2784 3679 3030 3734 virtutem
3077 3683 3145 3736 ad
3190 3685 3335 3754 signa
3379 3694 3560 3747 retulit

1973 3768 2187 3828 propter
2208 3761 2440 3829 Judzeos,
2469 3765 2782 3832 sapientiam
2813 3778 2989 3823 autem
3016 3771 3080 3826 ad
3107 3773 3401 3832 doctrinam
3426 3796 3554 3849 pro-

1974 3859 2089 3920 pter
2110 3850 2343 3918 Graecos,
2370 3854 2420 3906 id
2444 3864 2527 3909 est
2555 3855 2771 3912 Gentes.

2041 3942 2156 3998 XV.
2188 3942 2287 4016 [lb.
2309 3960 2419 4012 xw,
2441 3945 2656 4021 26-35.]
2673 3949 2823 4016 Quod
2851 3951 3098 4010 dixerunt
3119 3956 3362 4030 discipuli
3390 3965 3558 4032 phan-

1971 4044 2137 4090 tasma
2157 4051 2296 4102 esse,
2327 4037 2585 4108 signiﬁcat
2610 4039 2662 4095 id
2687 4043 2825 4110 quod
2845 4044 3044 4100 dictum
3072 4058 3175 4117 est,
3207 4051 3389 4121 Putas,
3413 4057 3554 4112 inve-

1970 4127 2068 4180 niet
2107 4127 2259 4196 ﬁdem
2301 4129 2352 4180 in
2390 4137 2525 4182 terra
2555 4130 2705 4201 (Luc.
2744 4149 2892 4202 xvnt,
2919 4136 3009 4206 8);
3042 4140 3163 4208 quia
3201 4144 3416 4212 quidam
3462 4150 3554 4219 qui

1969 4217 2228 4272 cesserint
2245 4217 2475 4284 diabolo,
2497 4219 2564 4274 de
2588 4221 2783 4277 Christi
2802 4225 3027 4280 adventu
3047 4228 3378 4290 dubitabunt.
3400 4217 3554 4304 Quod

1965 4319 2145 4364 autem
2172 4309 2364 4364 Petrus
2393 4311 2641 4380 implorat
2679 4328 2709 4367 a
2755 4315 2978 4372 Domino
3007 4322 3284 4389 auxilium,
3316 4343 3382 4383 ne
3407 4345 3553 4385 mer-

1962 4400 2418 4470 gatur,signiﬁeat
2442 4401 2757 4472 quibusdam
2791 4406 3214 4468 tribulationibus
3244 4415 3402 4472 etiam
3436 4431 3555 4490 post

1965 4491 2206 4546 ultimam
2246 4493 2666 4561 persecutionem
2714 4500 3038 4568 purgandum
3083 4519 3204 4561 esse
3234 4509 3549 4567 Ecclesium.

1965 4583 2115 4651 Quod
2142 4595 2195 4638 et
2218 4585 2412 4640 Paulus
2451 4586 2714 4656 signiﬁcat
2758 4590 2940 4646 dicens
2967 4613 2978 4647 :
3005 4595 3188 4652 Salvus
3217 4603 3343 4667 erit;
3369 4606 3442 4659 sic
3469 4615 3550 4659 εα-

1965 4691 2074 4727 men
2095 4676 2240 4744 quasi
2253 4692 2341 4745 per
2364 4675 2526 4746 ignem
2554 4677 2608 4747 (1
2635 4679 2752 4732 Cor.
2786 4697 2856 4747 ιιι,
2892 4685 3001 4741 151.
3035 4688 3184 4754 Quod
3211 4694 3470 4762 sequitur,
3495 4707 3553 4752 ut

1965 4767 2248 4822 adorantes
2293 4783 2480 4823 omnes
2505 4771 2594 4838 qui
2644 4772 2696 4825 in
2747 4776 2865 4828 navi
2913 4789 3082 4845 erant,
3126 4781 3383 4853 dicerent,
3424 4787 3551 4843 Vere

1966 4856 2135 4913 Filius
2171 4859 2264 4914 Dei
2299 4876 2370 4926 es,
2402 4861 2661 4932 signiﬁcat
2697 4865 2990 4923 claritatem
3020 4872 3134 4941 ejus
3167 4884 3290 4933 tunc
3322 4881 3547 4937 manife-

1964 4960 2099 5004 stam
2139 4951 2388 5018 futuram,
2429 4969 2522 5022 per
2561 4957 2790 5024 speciem
2825 4959 2936 5029 jam
2985 4965 3304 5036 videntibus,
3331 4973 3420 5041 qui
3451 4989 3548 5043 per

1965 5041 2121 5097 ﬁdem
2153 5059 2292 5098 nunc
2320 5045 2613 5099 ambulant.

2033 5133 2171 5188 XVI.
2206 5133 2304 5206 [lb.
2337 5151 2424 5200 xv,
2456 5136 2533 5209 5.]
2553 5135 2740 5192 Munus
2764 5143 3109 5218 quodcumque
3133 5159 3202 5203 est
3228 5168 3298 5221 ex.
3321 5171 3399 5210 me
3417 5198 3431 5220 ,
3460 5159 3551 5214 tibi

1963 5226 2217 5296 proderit;
2249 5227 2297 5280 id
2341 5239 2442 5294 est,
2479 5245 2669 5285 munus
2696 5236 2833 5303 quod
2862 5237 3022 5292 oﬁ‘ers
3051 5255 3207 5298 causa
3242 5247 3368 5316 mei,
3397 5250 3463 5304 ad
3495 5261 3548 5308 te

1957 5318 2067 5388 jam
2091 5319 2375 5388 pertinebit
2400 5338 2412 5373 :
2439 5322 2630 5390 quibus
2654 5326 2826 5380 verbis
2849 5330 3146 5399 signiﬁcant
3173 5335 3263 5391 lilii
3295 5339 3405 5409 jam
3439 5361 3546 5401 non

1961 5407 2066 5463 sibi
2106 5421 2240 5477 opus
2273 5423 2393 5464 esse
2421 5420 2696 5480 parentum
2730 5433 2825 5485 pro
2869 5413 2928 5474 se
2968 5421 3282 5497 oblationes,
3299 5407 3450 5501 quod
3477 5436 3546 5492 ad

1963 5513 2081 5555 eam
2111 5510 2319 5556 :etatem
2350 5506 2742 5574 pervenissent,
2775 5517 2832 5564 ut
2852 5525 3068 5580 possent
3090 5517 3198 5587 jam
3227 5522 3324 5592 ipsi
3351 5525 3546 5583 offerre

1961 5606 2059 5663 pro
2093 5607 2170 5648 se.
2203 5592 2258 5647 lu
2287 5592 2386 5648 hac
2415 5610 2541 5665 ergo
2568 5606 2724 5652 aetate
2746 5603 3081 5673 constitutos,
3118 5618 3174 5664 ut
3203 5626 3420 5681 possent
3446 5633 3542 5687 pa.

2021 5709 2042 5735 '
2063 5703 2303 5791 ιιι-,ῥιιιεᾴ⁸
2324 5711 2442 5791 vﬂen.
2595 5707 2792 5791 habent,
2812 5709 3001 5765 zizam'a
3017 5714 3212 5772 dicitur.
3239 5726 3370 5786 Quod
3389 5726 3547 5791 prima

1957 5777 2089 5828 tepor
2100 5765 2238 5824 atur,’
2250 5765 2433 5816 ziztmirz
2454 5765 2649 5816 dicitur.
2717 5777 2770 5820 M.

2020 5829 2042 5860 ³
2065 5834 2138 5878 διε
2157 5834 2254 5879 ttat.
2283 5837 2334 5880 et
2360 5838 2437 5878 ais.
2485 5830 2834 5886 Cisterciensis.
2863 5843 2918 5889 At
2939 5838 3017 5891 alii
3037 5842 3248 5903 codices.
3269 5845 3370 5898 leas.
