4074 6464
495 365 631 423 152⁸1

491 481 733 537 rentibus
759 479 870 536 suis
889 478 992 536 hoc
1009 478 1209 546 dicere,
1237 493 1358 534 cum
1385 478 1487 534 hoc
1511 479 1790 545 dixissent,
1811 475 2073 548 negabant

496 571 747 626 l’harismi
773 584 895 626 reos
915 583 1054 637 esse,
1085 569 1129 624 si
1159 567 1464 640 parentibus
1486 569 1598 623 suis
1623 582 1728 622 non
1756 574 2074 638 praestarent

490 664 770 716 honorem.

563 752 722 807 XVII.
747 751 845 826 [lb.
870 768 956 819 xv,
974 749 1084 823 15.]
1114 750 1289 806 Omnis
1313 749 1558 821 plantatio
1584 766 1733 818 quam
1753 764 1853 803 non
1873 750 2047 819 planta

484 843 555 898 uit
581 841 737 898 Pater
763 858 901 896 meus
929 841 1159 907 caelestis,
1188 839 1524 896 eradicabitur
1545 855 1565 892 :
1602 838 1654 892 id
1698 847 1798 904 est,
1841 839 2068 893 carnalis

487 934 767 1005 cupiditas,
799 932 1087 990 secundum
1128 947 1286 1003 quam
1336 929 1626 986 sentientes
1666 927 2068 986 oﬂendebantur

489 1025 556 1086 de
582 1024 950 1097 praetermissis
979 1037 1155 1078 rerum
1181 1021 1366 1092 signis,
1400 1021 1668 1075 vel'etiam
1696 1019 2066 1073 traditionibus

486 1117 634 1182 suis;
679 1124 734 1172 et
773 1123 1034 1186 praecepta
1064 1115 1184 1168 vita:
1211 1127 1316 1168 non
1344 1113 1625 1180 curabant,
1651 1124 1769 1182 quin
1797 1126 1828 1165 a
1856 1111 2066 1181 cupidi-

488 1216 594 1263 tate
617 1208 854 1262 animum
885 1213 1128 1276 purgant.

554 1319 740 1378 XVIII.
773 1318 871 1393 [lb.
893 1334 1006 1386 vin,
1036 1319 1241 1384 13;xv,
1269 1315 1388 1390 28.]
1418 1315 1570 1384 Quod
1590 1325 1644 1372 et
1680 1331 1900 1386 puerum
1931 1315 2071 1371 Cen-

485 1413 731 1479 turionis,
763 1419 819 1468 et
863 1410 1024 1464 tiliam
1051 1409 1366 1465 Chananaxe
1414 1408 1652 1462 mulieris
1694 1423 1798 1462 non
1843 1409 2066 1461 veniens

484 1503 554 1560 ad
598 1502 787 1558 domos
827 1515 1035 1562 eorum.
1062 1500 1266 1565 salvat;
1300 1482 1560 1569 significat
1588 1498 1805 1563 Gentes,
1835 1498 1901 1552 ad
1931 1514 2066 1568 quas
2097 1493 2100 1496 ’

485 1609 593 1651 non
619 1594 787 1662 venit,
814 1593 986 1648 salvas
1027 1593 1137 1647 fore
1165 1606 1261 1662 per
1289 1591 1510 1645 verbum
1551 1604 1722 1644 suum.
1754 1589 1905 1655 Quod
1939 1589 2066 1659 ipsis

483 1685 792 1758 rogantibus
836 1684 930 1739 ﬁlii
971 1693 1258 1747 sanantur,
1300 1679 1642 1749 intelligenda
1690 1689 1773 1735 est
1812 1679 2066 1734 Ecclesiae

483 1789 878 1848 persona,qu.'e
917 1773 1018 1828 sibi
1062 1780 1144 1828 est
1189 1779 1244 1826 et
1280 1779 1450 1825 mater
1489 1778 1543 1824 et
1589 1769 1681 1823 ﬁlii
1708 1787 1722 1823 :
1747 1784 1868 1822 nam
1907 1769 2065 1823 simul

483 1882 695 1933 omnes,
721 1865 910 1936 quibus
955 1872 1163 1918 constat
1196 1861 1460 1926 Ecclesia,
1488 1868 1658 1915 mater
1695 1860 1922 1926 dicitur;
1951 1859 2064 1913 sin-

483 1959 591 2031 guli
611 1966 787 2012 autem
816 1955 974 2010 iidem
999 1955 1094 2024 ipsi
1131 1953 1222 2008 lilii
1250 1953 1604 2022 appellantur.

555 2048 696 2106 XIX.
722 2047 821 2121 [lb.
851 2061 937 2112 xv,
962 2042 1076 2116 30.]
1114 2043 1264 2110 Quod
1295 2043 1462 2097 turba:
1495 2042 1797 2097 obtulerunt
1839 2039 2066 2097 Domino

481 2150 681 2205 mutos;
720 2139 811 2210 qui
848 2153 970 2195 eum
1011 2151 1116 2192 non
1158 2135 1408 2201 laudant,
1447 2133 1536 2189 vel
1588 2149 1695 2188 non
1747 2133 2066 2188 conﬁtentur

481 2233 644 2292 ﬁdem
661 2247 674 2285 :
690 2229 976 2299 ccccos;qui
998 2242 1100 2282 non
1118 2227 1438 2295 intelligunt,
1459 2225 1667 2280 etiamsi
1696 2224 2068 2295 obtemperant

480 2305 789 2393 iubentibus
812 2336 826 2373 :
849 2319 1063 2384 surdos;
1095 2316 1184 2388 qui
1223 2331 1329 2370 non
1360 2316 1732 2385 obtemperant
1754 2315 1959 2370 etiamsi
1985 2316 2067 2371 in-

481 2414 725 2486 telligunt
744 2429 758 2466 :
776 2411 1015 2477 claudos;
1044 2407 1134 2480 qui
1162 2416 1428 2480 praecepta
1458 2421 1565 2461 non
1587 2407 1826 2477 implent.

549 2527 682 2585 XX.
699 2524 799 2600 [lb.
830 2540 940 2592 xvi,
966 2521 1023 2588 2,
1054 2519 1134 2595 5.]
1161 2519 1312 2588 Quod
1339 2519 1472 2575 dixit
1497 2520 1772 2584 Dominus,
1804 2519 1962 2573 Facto
1984 2535 2068 2574 ve-

479 2637 624 2693 spere
647 2620 842 2684 dicitis,
880 2617 1126 2673 Serenum
1159 2615 1288 2680 erit;
1316 2613 1649 2668 rubicundum
1678 2624 1750 2667 est
1792 2616 1923 2668 enim
1959 2630 2062 2668 cae-

479 2715 626 2780 lum;
655 2711 706 2774 id
731 2718 834 2776 est,
855 2707 1109 2778 sanguine
1135 2704 1651 2777 passionisChristi,
1678 2705 1730 2758 iu
1769 2705 1944 2774 primo
1964 2706 2062 2759 ad-

479 2812 642 2861 ventu
672 2800 1002 2872 indulgentia
1028 2806 1366 2868 peccatorum
1396 2796 1568 2851 datur.
1602 2795 1671 2849 Et
1703 2813 1871 2861 mane,
1898 2796 2064 2851 Hodie

479 2902 780 2966 tempestas;
805 2892 944 2946 rubet
965 2890 1096 2945 ettint
1121 2905 1235 2943 cum
1265 2887 1465 2942 tristitia
1488 2887 1664 2941 calum
1685 2903 1704 2951 ;
1726 2887 1778 2942 id
1794 2895 1895 2954 est,
1921 2887 2063 2958 quod

479 2985 714 3045 secundo
747 2983 974 3040 adventu
1020 2982 1140 3052 igne
1185 2980 1520 3050 praecede-nte
1546 2989 1799 3036 venturus
1827 2990 1929 3036 est.
1957 2980 2063 3035 Fa-

481 3081 605 3134 ciem
630 3090 748 3148 ergo
778 3072 888 3129 caeli
913 3072 1147 3143 judicare
1180 3071 1336 3124 nostis
1353 3087 1373 3136 ,'
1396 3071 1542 3140 signa
1571 3081 1739 3124 autem
1783 3081 2062 3142 temporum

481 3187 581 3225 non
619 3165 862 3239 potestis?
886 3164 1044 3232 Signa
1090 3171 1388 3231 temporum
1418 3159 1553 3214 dixit
1591 3160 1661 3215 de
1703 3160 1930 3215 adventu
1965 3175 2062 3215 suo

481 3261 563 3317 vel
593 3257 858 3330 passione,
890 3255 974 3309 cui
996 3253 1184 3308 simile
1211 3260 1295 3310 est
1332 3267 1544 3308 roseum
1570 3253 1766 3308 coelum
1794 3269 2014 3320 vespere
2045 3273 2060 3310 :

482 3363 536 3410 et
573 3353 700 3406 item
743 3347 810 3404 de
855 3345 1196 3402 tribulatione
1221 3353 1346 3401 ante
1369 3344 1652 3400 adventum
1684 3345 2060 3416 sumnlutura,

482 3442 568 3500 cui
597 3439 770 3497 simile
794 3447 876 3494 est
899 3450 1056 3492 mane
1077 3450 1426 3491 roseum'cum
1443 3436 1648 3490 tristitia
1668 3435 1884 3490 malum.

552 3553 694 3608 XXI.
726 3550 827 3624 [lb.
858 3564 986 3615 xvn,
1005 3546 1129 3621 4L}
1154 3547 1307 3614 Quod
1333 3547 1468 3602 dixit
1496 3548 1928 3613 Dominus,Elias
1955 3552 2065 3621 qui-

483 3648 596 3702 dem
615 3656 848 3700 venturus
867 3652 955 3708 cst,
977 3650 1024 3697 et
1044 3643 1262 3696 restituet
1277 3643 1482 3709 omnia;
1504 3642 1555 3697 id
1581 3652 1681 3708 est,
1707 3645 1789 3699 vel
1811 3659 1905 3700 eos
1930 3662 2064 3715 quos

483 3737 784 3806 perSecntio
808 3733 1120 3788 Antichristi
1157 3733 1585 3802 conturbaverit;
1617 3735 1698 3790 vel
1739 3744 1796 3791 ut
1835 3737 1947 3807 ipse
1980 3754 2065 3794 re-

483 3829 668 3886 stituat
696 3825 974 3880 moriendo
997 3839 1116 3892 qua:
1140 3823 1318 3879 debet.

558 3936 723 3995 XXII.
749 3936 852 4010 [lb.
881 3951 1006 4001 xvn,
1030 3935 1119 4000 14,
1149 3932 1261 4006 48.]
1286 3935 1436 4002 Quod
1469 3932 1622 4004 dixit,
1663 3937 1814 4009 Saepe
1839 3941 1972 3994 cadit
1991 3941 2065 3996 'in

483 4033 672 4103 ignem,
713 4038 759 4083 et
797 4024 1070 4098 aliquando
1098 4025 1151 4078 in
1171 4041 1355 4096 aquam
1384 4025 1597 4096 :ignem
1636 4027 1703 4081 ad
1735 4029 1888 4095 iram,
1919 4031 2061 4100 quod

485 4125 589 4180 alta
631 4129 778 4194 petat
812 4137 825 4174 :
857 4133 1046 4189 aquam
1096 4117 1162 4172 ad
1205 4117 1505 4188 voluptates
1543 4120 1739 4174 carnis.
1770 4121 1899 4176 Item
1925 4124 2062 4192 quod

487 4218 669 4273 dicunt
689 4211 952 4284 discipuli,
985 4209 1154 4276 Quare
1180 4226 1271 4264 nos
1295 4227 1396 4264 non
1435 4213 1690 4283 potuimus
1715 4215 1895 4286 ejicere
1915 4218 2068 4271 eum?

489 4325 557 4366 ne
604 4309 710 4364 illis
755 4303 1022 4360 miraculis
1073 4301 1326 4356 faciendis
1375 4305 1753 4360 extollerentur
1792 4307 1845 4360 in
1882 4323 2069 4377 such

488 4405 651 4468 biant,
694 4396 948 4456 admoniti
996 4406 1120 4450 sunt
1166 4395 1340 4464 potius
1387 4411 1480 4465 per
1525 4396 1876 4453 humilitatem
1921 4400 2064 4469 ﬁdei,

489 4494 640 4569 quasi
689 4507 783 4564 per
825 4489 1023 4559 sinapis
1050 4503 1293 4558 granum,
1323 4488 1604 4545 elationem
1637 4499 1920 4560 terrenam,
1949 4511 2067 4564 qua:

489 4587 686 4647 suculis
713 4585 926 4641 nomine
953 4580 1242 4652 signiﬁcata
1266 4591 1368 4650 est,
1401 4596 1591 4638 curare
1620 4593 1678 4638 ut
1703 4585 1968 4641 transiret.

561 4698 750 4760 XXIII.
789 4697 890 4773 [lb.
913 4713 1040 4761 xvn,
1068 4694 1183 4768 $25.]
1210 4695 1360 4762 Quod
1407 4697 1556 4763 dixit,
1587 4697 1724 4769 Ergo
1768 4699 1910 4754 liberi
1954 4712 2070 4756 sunt

493 4796 702 4870 ﬁlii:in
728 4789 872 4848 omni
923 4803 1086 4860 regno
1139 4788 1535 4858 intelligendum
1584 4799 1666 4842 est
1705 4788 1899 4846 liberos
1948 4809 2071 4850 esse

491 4890 650 4956 ﬁlios,
680 4884 734 4940 id
766 4891 875 4948 est,
907 4896 1012 4935 non
1055 4895 1172 4935 esse
1200 4880 1506 4948 vectigales.
1535 4879 1698 4935 Multo
1736 4897 1862 4953 ergo
1903 4887 2072 4956 magis

493 4979 644 5036 liberi
674 4990 794 5032 esse
831 4973 1030 5028 debent
1073 4971 1124 5024 in
1165 4971 1399 5040 quolibet
1430 4986 1591 5040 regno
1624 4980 1836 5028 terreno
1867 4975 1956 5029 lilii
1983 4992 2072 5031 re-

491 5069 583 5142 gni
603 5068 741 5124 illius
769 5066 867 5121 sub
892 5077 996 5134 quo
1020 5070 1144 5116 sunt
1167 5061 1339 5115 omnia
1371 5075 1531 5130 regna
1564 5069 1795 5116 terrena.

563 5157 754 5216 XXIV.
786 5157 886 5229 [lb.
923 5169 1066 5220 xvm,
1097 5150 1174 5224 6.]
1196 5150 1344 5217 Quod
1391 5151 1642 5207 Dominus
1678 5153 1823 5221 dicit,
1854 5156 1953 5220 Qui
1975 5176 2073 5212 au-

497 5263 595 5307 tem
632 5245 1046 5302 scandalizaverit
1086 5259 1239 5296 unum
1287 5242 1349 5294 tle
1391 5241 1586 5310 pusillis
1631 5244 1761 5310 istis,
1802 5246 1852 5300 id
1878 5259 1977 5312 est,
2008 5267 2072 5306 ex

494 5341 804 5406 humilibus,
834 5337 1019 5408 quales
1061 5333 1175 5387 vult
1201 5347 1320 5387 eSsc
1348 5331 1636 5400 discipulos
1665 5349 1808 5400 suos,
1844 5353 1948 5391 non
1980 5339 2076 5392 ob-

495 5431 863 5501 temperando,
895 5427 975 5481 vel
1016 5424 1172 5478 etiam
1194 5422 1662 5487 ‘contraveniendo,
1694 5426 1829 5480 sicut
1857 5427 1923 5482 de
1950 5429 2074 5483 Alc-

494 5521 704 5581 xandro
759 5517 950 5572 curario
1005 5511 1283 5584 Apostolus
1331 5509 1460 5564 dicit
1511 5509 1590 5580 (Il
1637 5511 1776 5566 Tim.
1829 5531 1899 5582 tv,
1935 5518 2072 5588 IL);

499 5614 699 5685 expedit
737 5611 782 5664 ei
819 5618 872 5662 ut
916 5606 1051 5660 mola
1090 5605 1312 5659 asinaria
1352 5603 1687 5672 suspendatur
1714 5607 1844 5662 collo
1870 5612 1996 5680 ejus,
2031 5625 2077 5668 et

499 5705 845 5779 prwcipitetur
888 5700 940 5752 in
981 5696 1288 5768 profundum
1325 5695 1516 5750 maris:
1539 5695 1589 5751 id
1618 5708 1718 5760 est.
1746 5705 1986 5773 congruit
2028 5708 2077 5762 ei

499 5795 763 5867 cupiditas
793 5804 969 5860 rerum
1000 5785 1402 5858 temporalium,
1435 5787 1518 5844 cui
1556 5794 1702 5848 SluIIl
1731 5800 1785 5849 et
1809 5797 1934 5856 εωςί
1958 5798 2074 5856 Col-

1337 363 1800 434 QUIESTIONUM
1840 360 2402 434 EVANGI'LLIORUM,
2433 365 2491 422 S.
2531 367 2897 425 AUGUSTINI

3614 366 3790 449 1⁷523,

2179 476 2424 548 ligantur,
2445 497 2566 536 eum
2593 482 2892 538 devinctum
2917 482 3153 555 pondere
3171 499 3271 543 suo
3288 486 3522 545 deducat
3565 491 3632 547 ad
3671 497 3758 547 iu-

2182 573 2416 627 teritum.
2727 603 2735 610 -

2246 666 2413 722 XXV.
2432 665 2529 740 [lb.
2552 685 2696 737 xvut,
2715 669 2878 724 24-51
2894 667 2934 742 Γ]
2949 671 3099 736 Quod
3120 672 3315 729 oblatus
3340 682 3410 730 est
3422 674 3642 731 Domino
3669 676 3760 730 de-

2175 756 2304 810 bitor
2327 759 2496 812 decem
2531 760 2745 814 millium
2783 763 3112 829 talentorum,
3143 774 3190 817 et
3220 767 3376 834 jussit
3406 784 3518 822 eum
3553 785 3760 823 venum-

2175 849 2308 912 dari,
2336 858 2380 903 et
2405 867 2611 905 uxorem
2630 854 2758 922 ejus,
2790 863 2836 908 et
2863 852 3016 923 ﬁlios,
3041 864 3087 908 et
3115 857 3286 909 omnia
3308 874 3422 932 qua:
3449 859 3682 925 habebat,
3707 867 3756 913 et

2175 940 2319 993 reddi
2343 957 2362 994 :
2392 941 2787 1012 intelligendum
2829 954 2911 1000 est
2949 945 3135 1000 decem
3169 957 3568 1018 prmceptorum
3599 951 3759 1021 Legis

2174 1043 2294 1083 eum
2325 1029 2488 1085 fuisse
2513 1032 2840 1100 debitorem;
2873 1045 2925 1090 et
2953 1051 3048 1105 pro
3075 1037 3363 1107 cupiditate
3389 1048 3546 1110 atque
3573 1042 3758 1110 Operi-

2175 1121 2272 1174 bus
2301 1122 2905 1193 suis,‘tanquam'uxore
2950 1136 3004 1182 et
3038 1128 3176 1195 ﬁliis,
3211 1145 3397 1199 pinnas
3421 1131 3632 1187 solvere
3656 1133 3756 1188 de-

2172 1209 2373 1278 buisse,
2401 1213 2541 1283 quod
2570 1224 2655 1270 est
2675 1216 2899 1285 pretium
2927 1217 3040 1286 ejus
3066 1235 3078 1270 :
3103 1220 3330 1288 pretium
3358 1221 3502 1275 enim
3531 1221 3754 1288 venditi,

2172 1304 2487 1374 supplicium
2534 1305 2768 1361 damnati
2817 1307 3148 1379 intelligitur.
3192 1310 3345 1377 Quod
3384 1311 3540 1378 dixit,
3573 1312 3756 1368 Noluit

2171 1398 2428 1466 ignoscere
2454 1413 2692 1453 conservo
2713 1410 2830 1463 suo,
2863 1401 2950 1455 sed
2974 1400 3096 1456 abiit
3127 1411 3177 1456 et
3210 1403 3344 1456 misit
3376 1420 3490 1457 eum
3510 1405 3564 1457 in
3587 1421 3758 1458 carce-

2173 1505 2300 1554 rem,
2348 1496 2402 1543 et
2445 1486 2674 1559 reliqua;
2721 1491 3138 1561 intelligendum,
3167 1494 3349 1548 tenuit
3399 1504 3583 1550 contra
3630 1506 3755 1552 eum

2173 1578 2314 1634 hunc
2336 1580 2590 1646 animum,
2619 1589 2678 1635 ut
2696 1581 2953 1650 supplicia
2985 1577 3060 1636 illi
3087 1583 3265 1638 vellet.
3295 1585 3551 1640 Conservi
3572 1595 3752 1640 autem

2170 1671 2262 1740 qui
2305 1669 2905 1727 narraverunt'Domino
2931 1690 3047 1745 quae
3073 1675 3294 1744 ﬁebant,
3322 1687 3500 1747 potest
3534 1678 3756 1750 intelligi
3801 1699 3806 1704 '

2171 1760 2429 1828 Ecclesia,
2460 1776 2578 1831 qua:
2604 1771 2658 1817 et
2678 1762 2826 1817 illum
2852 1765 3028 1832 solvit,
3060 1776 3114 1821 et
3140 1766 3283 1820 illum
3307 1767 3451 1836 ligat.

2242 1851 2432 1906 XXVI.
2464 1851 2564 1924 [lb.
2595 1869 2704 1920 xix,
2733 1855 2822 1921 25,
2850 1854 2965 1928 25.]
2989 1856 3141 1922 Quod
3182 1858 3256 1912 ait
3300 1859 3584 1924 Dominus,
3620 1860 3755 1914 divi-

2172 1951 2280 1998 tem
2319 1957 2425 1998 non
2465 1944 2662 2000 intrare
2691 1946 2743 2000 in
2782 1962 3003 2017 regnum
3035 1949 3165 2014 Dei;
3197 1959 3250 2004 et
3277 1947 3522 2020 discipuli
3547 1953 3751 2017 dicunt,

2173 2035 2301 2102 Quis
2329 2047 2489 2109 potest
2515 2039 2682 2092 salvus
2703 2039 2816 2108 ﬁeri
2830 2042 2858 2094 ?
2879 2056 2999 2094 cum
3021 2042 3173 2110 pauci
3200 2042 3306 2096 sint
3327 2043 3517 2097 divites
3539 2045 3591 2097 in
3605 2058 3752 2098 com-

2170 2131 2446 2200 paratione
2467 2130 2818 2184 multitudinis
2844 2145 3130 2201 pauperum
3158 2151 3172 2186 :
3192 2132 3586 2203 intelligendum
3609 2133 3755 2204 quod

2170 2236 2358 2276 omnes
2381 2222 2470 2291 qui
2497 2221 2618 2275 talia
2640 2221 2874 2292 cupiunt,
2897 2221 2950 2275 iu
2973 2237 3156 2277 eorum
3184 2236 3404 2278 numero
3418 2223 3610 2280 haberi
3633 2227 3752 2278 atti-

2169 2311 2568 2366 madverterint.

2240 2400 2452 2454 XXVII.
2475 2399 2571 2473 [lb.
2597 2399 2806 2473 xx,l7.]
2822 2401 2971 2469 Quod
3000 2402 3253 2457 Dominus
3277 2418 3515 2458 seorsum
3543 2419 3601 2459 se
3620 2403 3781 2466 dno-,

2168 2490 2270 2546 bus
2297 2491 2570 2562 discipulis
2599 2488 2875 2561 passurum
2907 2493 3070 2547 refert
3097 2491 3191 2566 (a),
3220 2493 3286 2548 ad
3325 2495 3751 2550 conﬁrmandum

2168 2581 2221 2636 in
2245 2592 2514 2651 posterum
2547 2582 2906 2637 testimonium
2931 2583 3052 2638 fecit
3073 2600 3083 2635 :
3105 2583 3227 2653 quia
3249 2583 3400 2649 dixit,
3423 2584 3491 2640 In
3517 2601 3604 2640 ore
3623 2587 3752 2640 duo-

2167 2673 2374 2728 rumuel
2393 2673 2543 2727 trium
2568 2674 2766 2727 testium
2787 2674 2936 2727 stabit
2967 2691 3113 2728 autne
3133 2675 3334 2729 verbum
3361 2675 3576 2747 (Matth.
3601 2693 3751 2742 xviii,

2169 2763 2280 2834 16).
2310 2763 2381 2820 Ut
2407 2764 2546 2818 enim
2575 2779 2746 2834 neque
2787 2764 3092 2835 vulgaretur
3129 2764 3272 2834 quod
3311 2765 3542 2834 dicebat,
3572 2782 3750 2837 neque

2166 2863 2374 2912 careret
2441 2855 2659 2911 humani
2711 2856 3000 2911 testimonii
3065 2858 3353 2925 ﬁrmitate,
3416 2859 3752 2928 paucioribus

2167 2961 2325 3016 quam
2355 2945 2560 3001 duobus
2590 2947 2769 3002 dicere
2795 2961 2904 3001 non
2929 2948 3118 3016 potuit.
3143 2947 3240 3003 Vel
3266 2946 3333 3003 ad
3358 2958 3752 3004 sacramentum

2167 3034 2442 3090 charitatis
2493 3036 2878 3090 ostendendum
2920 3053 2934 3090 :
2975 3037 3147 3090 minus
3199 3038 3340 3091 enim
3406 3053 3564 3108 quam
3609 3039 3754 3093 inter

2166 3127 2300 3182 duos
2326 3127 2557 3184 eharitas
2597 3143 2717 3182 esse
2763 3143 2867 3181 non
2905 3137 3096 3197 potest.
3133 3121 3260 3183 Erat
3290 3125 3466 3184 autem
3510 3129 3600 3184 ille
3643 3145 3748 3183 non

2168 3219 2486 3274 necessitate
2505 3218 2667 3273 debiti
2693 3227 2913 3290 propter
2942 3230 3214 3288 peccatum
3236 3234 3413 3287 suum,
3441 3219 3536 3276 sed
3554 3220 3621 3276 ad
3643 3222 3752 3276 sol—

2167 3309 2336 3364 venda
2366 3319 2542 3363 nostra
2569 3319 2786 3378 peccata
2811 3309 3067 3364 eharitate
3089 3324 3359 3380 passurus.

2239 3399 2475 3453 XXVIII.
2507 3398 2604 3472 [lb.
2629 3415 2717 3466 xx,
2742 3398 2957 3473 29-34.]
2985 3400 3065 3455 Ab
3102 3400 3315 3455 Jericbo
3343 3400 3612 3471 egreditur
3645 3403 3750 3456 Do-

2167 3490 2369 3553 minus;
2392 3491 2501 3559 jam
2539 3489 2605 3544 de
2627 3491 2724 3544 ista
2749 3499 2889 3545 terra
2917 3492 3305 3547 resurrectione
3329 3491 3630 3548 discedens.
3652 3495 3748 3549 Se—

2168 3591 2400 3653 quuntur
2427 3597 2547 3636 eum
2581 3582 2748 3637 turba:
2777 3583 2983 3649 multm;
3011 3582 3237 3638 credunt
3261 3585 3314 3638 in
3343 3599 3463 3638 eum
3488 3584 3664 3654 populi
3695 3593 3749 3638 et

2166 3685 2372 3747 gentes.
2402 3675 2518 3730 Duo
2552 3685 2727 3731 autem
2750 3677 2882 3730 τιωεί
2924 3675 3171 3730 sedentes
3190 3676 3340 3746 juxta
3368 3676 3526 3742 viam,
3551 3677 3750 3746 signiti-

2168 3775 2291 3821 cant
2317 3767 2383 3822 de
2413 3775 2638 3837 utroque
2667 3766 2857 3836 populo
2882 3767 3139 3836 quosdam
3161 3769 3271 3836 jam
3300 3766 3629 3822 cohaerentes
3658 3781 3753 3836 per

2169 3858 2328 3913 ﬁdem
2352 3857 2734 3928 dispensationi
2764 3858 3064 3927 temporali,
3089 3857 3379 3911 secundum
3405 3871 3562 3924 quam
3590 3855 3715 3909 Chri
3733 3886 3749 3895 -

2168 3960 2282 4004 stus
2307 3950 2386 4003 via
2414 3959 2527 4015 est;
2561 3959 2612 4003 et
2639 3947 3330 4013 desiderantesillmninari,
3357 3947 3408 3999 id
3429 3953 3530 4012 est,
3548 3945 3748 4014 aliquid

2169 4042 2236 4096 de
2267 4042 2422 4096 Verbi
2450 4041 2746 4096 reternita‘te
2775 4041 3086 4110 intelligere,
3123 4039 3264 4109 quod
3301 4048 3603 4093 transeunte
3623 4039 3750 4094 Jcsu

2171 4133 2456 4202 impetrare
2491 4132 2794 4201 cupitbant,
2827 4131 2877 4185 id
2920 4139 3020 4195 est,
3050 4145 3145 4200 per
3189 4129 3434 4184 meritum
3473 4128 3602 4197 ﬁdei
3646 4145 3750 4199 qua

2171 4224 2405 4280 creditur
2433 4223 2595 4278 Filius
2626 4224 2714 4278 Dei
2746 4233 2798 4277 et
2825 4233 2980 4276 natus
3011 4222 3184 4278 “homo
3216 4230 3270 4276 et
3310 4236 3498 4291 passus
3536 4232 3754 4290 propter

2172 4331 2290 4371 nos.
2320 4315 2424 4370 Per
2447 4315 2583 4368 hanc
2612 4315 2753 4369 enim
2784 4313 3232 4382 dispensationem
3261 4312 3411 4382 quasi
3441 4312 3630 4366 transit
3670 4311 3753 4367 Je-

2172 4425 2281 4476 sus,
2306 4410 2428 4478 quia
2457 4408 2572 4462 talis
2600 4407 2739 4461 actio
2777 4405 3084 4476 temporalis
3119 4413 3218 4459 cst.
3249 4405 3539 4474 Oportebat
3571 4414 3750 4459 autem

2176 4511 2232 4554 ut
2278 4509 2477 4552 tantum
2523 4498 2833 4563 clamarent,
2871 4497 3042 4552 donec
3086 4496 3388 4551 resistentis
3431 4495 3530 4548 sibi
3584 4495 3754 4549 turbze

2175 4592 2454 4661 strepitum
2484 4589 2794 4655 vincerent;
2833 4589 2881 4642 id
2926 4597 3023 4653 est,
3057 4597 3160 4640 tam
3205 4593 3607 4656 perseveranter
3634 4587 3754 4639 ani-

2137 4711 2140 4714 ο
2175 4702 2318 4740 mum
2363 4683 2699 4737 intenderent
2727 4681 2927 4734 orando
2971 4689 3126 4748 atque
3174 4679 3453 4747 pulsando,
3478 4693 3756 4748 quousque

2175 4774 2606 4830 consuetudinem
2625 4771 3008 4825 desideriorum
3025 4770 3335 4835 carnalium,
3365 4785 3481 4839 qua:
3504 4779 3754 4838 tanquam

2179 4866 2328 4919 turba
2357 4863 2616 4931 obstrepit
2640 4860 2944 4930 cogitationi
2970 4859 3139 4913 lucem
3171 4859 3406 4913 veritatis
3433 4868 3646 4913 aeterna:
3677 4859 3755 4911 vi-

2176 4957 2304 5010 dere
2330 4955 2563 5016 conanti,
2595 4953 2677 5006 vel
2717 4953 2882 5020 ipsam
2921 4951 3190 5004 hominum
3232 4951 3518 5004 carnalium
3547 4949 3753 5002 turbam

2178 5047 2349 5102 studia
2389 5044 2677 5115 Spiritnalia
2719 5043 3114 5112 impedientem,
3148 5041 3433 5096 fortissima
3461 5041 3756 5095 intentione

2179 5144 2511 5209 superarent.
2539 5135 2720 5204 Itaque
2750 5135 2969 5188 audiens
2997 5133 3154 5188 Iesus
3186 5134 3273 5202 qui
3302 5134 3401 5196 ait,
3429 5131 3625 5185 Pttenti
3665 5133 3758 5184 da-

2181 5233 2310 5286 bitur
2346 5240 2390 5284 et
2423 5245 2650 5300 quatrcns
2681 5228 2912 5289 inveniet,
2942 5235 2987 5280 et
3021 5225 3244 5296 pulsanti
3276 5222 3755 5294 aperieturUllutt/r.

2179 5338 2270 5387 vn,
2302 5319 2380 5393 7),
2410 5321 2684 5374 venientes
2710 5317 2774 5369 ad
2805 5331 2883 5380 se,
2915 5316 3029 5385 ipso
3059 5315 3258 5369 scilicet
3293 5314 3537 5369 desiderii
3565 5314 3758 5368 ardore

2183 5413 2552 5486 pervenientes
2577 5411 2641 5465 ad
2677 5411 2728 5464 id
2761 5408 2899 5479 quod
2928 5406 3247 5470 desiderant,
3277 5415 3422 5462 stans
3447 5421 3540 5460 eos
3571 5406 3756 5476 tangit,

2183 5515 2342 5577 atque
2377 5505 2656 5558 illuminat.
2691 5501 2804 5556 Non
2833 5500 2972 5554 enim
3001 5498 3135 5552 sicut
3163 5497 3247 5551 illa
3273 5497 3596 5566 dispensatio
3627 5505 3759 5550 tem-

2182 5599 2400 5670 poralis,
2432 5599 2502 5650 ita
2531 5596 2686 5649 etiam
2717 5592 2876 5646 Verbi
2904 5592 3172 5646 :cternitas
3207 5591 3412 5654 transit,
3439 5603 3555 5656 quae
3585 5588 3637 5642 in
3671 5602 3759 5643 se-

2183 5693 2294 5763 ipsa
2323 5703 2542 5744 manens
2571 5686 2744 5740 omnia
2770 5685 2983 5739 innovat
3009 5683 3153 5756 (Sep.
3175 5685 3264 5752 vn,
3283 5682 3398 5753 27).
3427 5682 3761 5753 QuaprOpter

2247 5801 2318 5867 (rt)
2345 5809 2376 5851 li
2403 5807 2603 5852 tiett‘at't.
2629 5811 2732 5861 cap.
2765 5796 2837 5846 12.
