4074 6464
315 287 472 347 m9.

311 407 440 470 ηιηξι
466 399 599 455 tides
624 398 1004 456 incarnationis
1029 394 1336 471 temperatis
1362 399 1449 456 ad‘
1468 409 1662 457 aeterna
1709 401 1904 455 intelli-

311 494 486 562 genda
514 511 612 549 nos
643 504 924 564 pra-parat,
946 503 1250 550 transeunte
1277 495 1400 550 .lesu
1422 479 1820 549 admonitisunt
1846 501 1905 548 ut

313 587 768 650 illmuinarentur,
795 595 849 641 et
880 586 948 640 ab
982 595 1156 642 stante
1186 587 1461 642 illuminati
1494 595 1639 641 sunt.
1667 585 1899 655 Tempo-

313 678 448 732 mlia
473 678 619 732 enim
650 686 941 740 transeunt,
973 687 1171 733 interna
1195 687 1358 732 stant.

383 770 580 824 XXIX.
604 769 708 843 [11).
745 787 855 835 nt,
880 769 994 842 21.]
1021 771 1171 837 Quod
1202 772 1453 826 Dominus
1499 770 1627 826 dicit
1661 769 1900 840 discipuli

305 861 447 923 suis,
479 859 672 915 Dicetis
694 861 852 914 monti
874 862 1010 926 huic,
1039 860 1184 916 Tolle
1215 872 1261 914 et
1289 863 1435 932 jaota
1472 872 1518 916 te
1555 863 1608 917 in
1645 878 1803 924 mare,
1834 861 1903 916 de

306 952 560 1022 superbia
604 952 738 1007 dixit
777 969 896 1022 qua:
945 953 1012 1008 ad
1055 955 1337 1010 saeculares
1364 955 1590 1026 pertinet
1623 971 1637 1010 :
1667 955 1768 1012 hoc
1795 953 1898 1009 sibi

303 1056 502 1096 servus
525 1043 617 1098 Dei
634 1043 814 1098 dicere
831 1043 1082 1112 debeant
1105 1061 1224 1100 eam
1247 1063 1275 1100 τι
1299 1047 1630 1116 serepellat,
1655 1048 1782 1118 quia
1801 1047 1900 1117 ipsi

305 1150 418 1189 non
458 1135 725 1204 congruit.
758 1135 851 1190 Vel
885 1129 1029 1206 quod
1072 1153 1170 1207 per
1215 1154 1402 1193 conum
1447 1140 1624 1204 ﬁdem,
1651 1141 1772 1209 quia
1805 1156 1900 1210 per

306 1240 406 1280 eos
447 1225 792 1296 Evangelium
837 1227 1181 1296 pra-dicatum
1221 1239 1322 1295 est,
1357 1231 1470 1300 ipse
1510 1231 1765 1286 Dominus
1807 1231 1897 1301 qui

306 1333 469 1372 mons
495 1319 797 1387 appellatus
824 1328 908 1374 est
937 1319 1086 1391 (Isai.
1112 1338 1167 1385 ιι,
1191 1322 1272 1394 2).
1295 1323 1500 1379 ablatus
1523 1332 1608 1380 est
1625 1340 1654 1378 a
1675 1324 1894 1393 Judmis,

307 1417 371 1462 ut
398 1407 449 1460 in
482 1406 681 1462 Gentes
713 1419 960 1478 tanquam
989 1411 1039 1463 in
1069 1427 1214 1466 mare
1243 1413 1704 1483 porrojac'cretur.

381 1496 554 1552 XXX.
592 1496 693 1570 [lb.
726 1515 835 1565 XXI,
863 1499 978 1572 Me]
997 1501 1146 1567 Quod
1173 1502 1428 1558 Dominus
1454 1504 1598 1570 dicit,
1627 1503 1694 1558 Et
1711 1506 1796 1576 qui
1813 1521 1900 1560 ce-

305 1590 491 1643 ciderit
517 1608 671 1658 super
707 1591 927 1661 lapidem
969 1595 1120 1647 istum
1159 1596 1506 1667 confringetur
1525 1613 1545 1650 :
1572 1613 1724 1668 super
1755 1614 1902 1668 quem

310 1697 427 1734 aera
448 1682 708 1749 ceciderit,
732 1693 958 1738 conteret
983 1702 1092 1738 eum
1116 1702 1138 1740 .°
1165 1686 1233 1741 de
1277 1687 1359 1742 his
1389 1687 1515 1743 dicit
1542 1690 1684 1759 quod
1707 1691 1904 1747 cadent

309 1789 478 1843 super
502 1790 646 1841 cum,
679 1776 769 1844 qui
808 1777 956 1830 illum
983 1778 1146 1833 modo
1175 1787 1542 1848 contemnunt,
1576 1784 1657 1838 vel
1695 1784 1901 1854 injuriis

307 1865 583 1931 alliciunt;
604 1866 728 1922 ideo
747 1869 980 1924 nomium
997 1873 1214 1941 penitus
1235 1873 1581 1940 interereunt,
1603 1876 1699 1932 sed
1724 1887 1902 1935 tamen

311 1957 745 2028 confringuutur,
793 1969 851 2014 ut
885 1976 988 2016 non
1031 1973 1178 2018 recte
1215 1966 1489 2021 ambulent
1519 1985 1532 2022 :
1563 1983 1726 2038 super
1767 1985 1902 2039 quos

309 2060 493 2104 autem
522 2051 689 2118 cadit,
721 2053 902 2108 veniet
925 2054 1027 2108 illis
1047 2056 1277 2126 desuper
1301 2059 1352 2114 in
1375 2059 1576 2128 judicio
1597 2077 1717 2116 cum
1747 2078 1902 2132 poma

308 2141 658 2210 perditionis;
706 2144 824 2199 ideo
875 2145 1036 2213 dixit,
1067 2146 1321 2204 Censet-et
1505 2160 1563 2206 ut
1600 2154 1708 2207 sint
1754 2153 1903 2224 impii

310 2241 565 2302 cuiquam
597 2235 784 2304 pulvis,
817 2251 975 2306 quem
1018 2239 1442 2308 proiicit—venum
1488 2259 1526 2296 :t
1565 2242 1700 2300 facie
1746 2253 1903 2302 term

307 2323 487 2396 (Βίας.
520 2342 572 2390 ε,
594 2327 676 2397 ι).

382 2416 583 2472 XXXI.
604 2416 707 2490 {lb.
736 2435 868 2487 xm,
899 2421 1040 2495 2-9.]
1060 2422 1212 2492 Quod
1241 2424 1496 2482 Dominus
1519 2427 1683 2494 dixit,
1717 2429 1900 2484 Simile

309 2519 386 2562 est
411 2526 629 2580 regnum
656 2513 898 2566 calorum
925 2516 1125 2571 homini
1143 2518 1250 2587 regi
1281 2519 1370 2588 qui
1406 2519 1522 2588 fecit
1551 2523 1753 2591 nuptias
1791 2522 1901 2592 [ilio

308 2617 440 2661 suo:
470 2602 689 2671 nuptias
722 2603 856 2657 dixit
885 2604 1115 2660 Verbum
1144 2608 1478 2663 incarnatum
1499 2651 1514 2676 ,
1541 2611 1661 2680 quia
1690 2611 1742 2666 in
1786 2613 1902 2681 ipso

313 2692 534 2748 homine
580 2703 830 2765 suscepto
877 2695 1113 2752 Ecclesia
1168 2699 1280 2754 Deo
1324 2701 1570 2770 copulata
1609 2711 1709 2758 est.
1751 2702 1904 2770 Quod

313 2785 482 2850 dixit,
510 2784 676 2840 Tauri
722 2789 819 2842 mei
857 2798 910 2842 et
959 2789 1125 2844 altilia
1167 2792 1330 2847 occisa
1358 2781 1474 2848 sunt
1503 2810 1522 2848 :
1551 2804 1728 2850 tauros
1773 2796 1906 2850 dixit

315 2879 587 2948 principes
606 2880 878 2949 plebium;
896 2883 1062 2937 altilia
1089 2898 1237 2950 vero,
1268 2884 1445 2939 omnia
1465 2886 1725 2955 saginata.
1749 2886 1900 2954 Quod

311 2971 450 3026 dixit
476 2971 752 3040 Dominus,
774 2971 944 3027 [lead
966 2998 969 2999 ν
989 2975 1155 3029 exitus
1168 2976 1380 3042 viarum,
1405 2987 1451 3030 et
1463 2993 1802 3047 quoscumque
1828 2978 1909 3032 in-

319 3064 570 3131 ueneritis,
592 3075 767 3118 vocate
790 3066 862 3118 ad
887 3067 1090 3137 nuptias
1114 3068 1248 3122 :via:
1275 3067 1642 3138 intelliguntur
1659 3067 1906 3139 dogmata

316 3156 604 3224 Gentium;
634 3160 759 3228 quia
791 3175 858 3214 ex
884 3160 1129 3215 omnibus
1152 3159 1254 3215 illis
1283 3160 1349 3215 ad
1375 3161 1588 3231 nuptias
1616 3169 1902 3230 venerunt,

319 3245 372 3300 id
397 3258 508 3310 est,
538 3247 759 3303 Christo
783 3250 1142 3305 crediderunt.

389 3339 606 3395 ΧΧΧΕΞ.
646 3339 745 3412 [11).
775 3357 900 3406 xxu,
925 3341 1038 3415 25.]
1060 3341 1222 3408 Quod
1251 3342 1528 3399 διάδυσωί
1562 3343 1746 3399 dicunt
1784 3343 1892 3399 Do-

322 3430 466 3483 mino
480 3471 495 3496 ,
531 3429 939 3502 Fuerunt-apud
953 3443 1250 3503 nos'septem
1271 3426 1472 3504 fratres,
1493 3445 1539 3488 et
1555 3451 1687 3489 unus
1702 3444 1909 3506 accepta

322 3539 478 3576 more
502 3522 644 3589 obiit,
673 3532 718 3576 et
748 3523 995 3577 secundus
1018 3564 1033 3589 ,
1085 3533 1132 3577 et
1179 3524 1383 3588 cwtcri;
1413 3524 1780 3594 intelliguntur
1809 3523 1909 3580 bo-

323 3614 495 3669 mines
522 3614 702 3684 impii,
735 3615 822 3685 qui
853 3615 1082 3670 fructum
1106 3615 1330 3686 justitia:
1375 3632 1481 3671 non
1511 3627 1797 3688 potuerunt
1824 3617 1906 3673 aP-

323 3701 472 3759 terre
493 3705 702 3759 interra
733 3720 830 3775 per
857 3721 1044 3762 omnes
1091 3717 1298 3777 septem
1323 3708 1504 3762 mundi
1544 3718 1760 3773 tetatcs,
1789 3710 1908 3780 qui-

322 3792 432 3848 bus
473 3791 578 3849 ista'
619 3804 750 3850 terra
789 3797 1076 3852 consistit:
1106 3806 1290 3867 postea
1329 3799 1472 3853 enim
1513 3808 1591 3853 et~
1617 3799 1730 3868 ipsa
1767 3808 1906 3854 terra

324 3885 580 3952 transiet,
618 3903 710 3956 per
736 3903 895 3957 quam
945 3903 1133 3944 omnes
1172 3888 1447 3960 illisquasi
1476 3898 1680 3960 septem
1732 3890 1909 3946 mariti

307 3977 579 4031 .steriliter
601 3979 943 4034 transierunt.

395 4068 639 4124 XXXIII.
663 4069 768 4142 [lb.
794 4087 903 4125 χιιι)
922 4113 936 4138 ,
960 4071 1074 4144 40.]
1097 4071 1252 4140 Quod
1281 4073 1536 4128 Dominus
1562 4073 1711 4140 dicit,
1740 4072 1807 4128 In
1829 4074 1908 4130 his

324 4160 518 4214 duobus
548 4166 817 4234 praceptis
843 4174 944 4219 tota
972 4165 1081 4220 Lex
1113 4168 1293 4238 pendet
1319 4176 1364 4222 et
1391 4166 1702 4238 Prophetaz;
1727 4169 1907 4239 pendet

323 4251 486 4317 dixit,
523 4253 573 4306 id
600 4262 715 4319 est,
741 4255 1098 4322 illorcl'ertur,
1129 4259 1198 4312 ibi
1233 4259 1391 4314 habet
1417 4259 1595 4315 ﬁnem.

395 4343 642 4399 XXXIV.
675 4344 775 4418 [lb.
807 4364 990 4413 χχχιιι,
1021 4351 1109 4415 I7,
1143 4349 1253 4422 l9.]
1282 4351 1433 4418 Quod
1455 4351 1710 4407 Dominus
1742 4351 1901 4420 dixit,

325 4435 464 4500 Quid
491 4438 627 4491 enim
651 4442 815 4509 majus
833 4451 904 4496 cst
922 4482 937 4508 ,
974 4459 1174 4510 aurum,
1205 4461 1270 4498 an
1297 4446 1535 4516 templum
1561 4445 1697 4516 quod
1723 4449 1910 4501 sancti-

326 4531 442 4599 ﬁcat
467 4533 686 4586 aurum?
711 4541 765 4587 et
792 4532 918 4588 item
961 4534 1134 4600 dixit,
1166 4536 1301 4601 Quid
1325 4538 1456 4591 enim
1484 4540 1650 4608 majus
1679 4549 1782 4606 est,
1815 4539 1908 4594 do-

326 4637 469 4688 num,
492 4639 559 4675 an
582 4622 746 4677 altare
773 4627 908 4694 quod
947 4628 1229 4697 sanctiﬁcat
1253 4628 1478 4684 donum?
1506 4629 1904 4701 intelligendum

323 4713 580 4781 templum
605 4722 658 4768 et
684 4715 849 4770 altare
875 4716 1044 4786 ipsum
1070 4716 1334 4773 Christum
1358 4735 1372 4785 ;
1396 4735 1580 4774 aurum
1603 4729 1656 4775 ct
1684 4721 1903 4790 donum,

324 4801 510 4858 laudes
537 4813 592 4859 et
618 4805 876 4861 sacriﬁcia
908 4823 1126 4878 precum
1148 4851 1161 4874 ,
1195 4827 1312 4879 quae
1356 4811 1412 4865 in
1437 4827 1502 4866 eo
1532 4828 1626 4883 per
1671 4815 1904 4869 eum~ol‘-

325 4891 565 4949 ferimus.
595 4894 715 4950 Non
763 4898 1022 4956 enimille
1061 4916 1156 4970 per
1200 4901 1346 4968 huic,
1387 4902 1484 4958 sed
1507 4903 1731 4975 ista-.per
1755 4906 1902 4961 illum

320 4986 741 5041 sanetilicantur.

398 5077 612 5136 XXXV.
658 5077 756 5150 [lb.
785 5095 933 5149 χχιιι,
963 5081 1035 5140 9.5
1055 5092 1099 5138 et
1121 5082 1234 5156 ει]
1266 5082 1416 5151 Quod
1450 5085 1708 5146 Dominus
1731 5087 1900 5158 dixit,

324 5167 632 5223 Excolantes
673 5172 908 5238 culicem,-
936 5173 1162 5228 relertur
1205 5176 1269 5229 ad
1321 5176 1369 5230 id
1400 5177 1543 5246 quod
1572 5178 1732 5242 dixit.
1760 5180 1905 5236 deci-

323 5275 471 5316 mare
502 5261 618 5314 illos
638 5261 837 5318 minuta
867 5279 1109 5333 quaeque.
1136 5264 1396 5320 Camelum
1422 5267 1704 5337 glutientes,
1734 5270 1902 5325 refer-

323 5349 504 5404 tur-ad
534 5351 587 5406 id
612 5352 753 5422 quod
795 5352 957 5419 dixit,
985 5353 1521 5427 Prwteritis-grauiora
1551 5358 1733 5430 Legis;
1752 5361 1903 5415 mise-

318 5441 622 5510 ricordiam,
644 5453 697 5504 et
723 5445 1001 5515 judicium,
1040 5455 1086 5500 et
1126 5447 1277 5517 ﬁdem
1304 5464 1322 5502 :
1348 5459 1404 5503 ut
1444 5450 1544 5504 iste
1572 5451 1642 5504 sit
1682 5465 1900 5520 sensus,

319 5531 536 5588 Minima
553 5536 866 5600 observatis,
896 5539 1125 5592 maxima
1151 5541 1513 5596 contemnitis.
1537 5542 1613 5596 Ex
1638 5541 1738 5597 hac
1758 5545 1900 5599 enim

318 5627 670 5697 perversitate
694 5628 856 5682 etiam
884 5628 1012 5684 illud
1037 5629 1115 5685 eis
1143 5631 1363 5696 accidit,
1391 5647 1497 5700 quo
1533 5643 1757 5702 possunt
1785 5635 1900 5692 haec

320 5729 416 5786 per
472 5716 802 5790 allegoriam.
845 5719 1065 5788 referri,
1117 5729 1173 5777 ut
1225 5721 1552 5784 dimitterent
1604 5725 1897 5784 Barabbam

1698 280 1904 340 LIBER
1944 281 2217 346 PRIMUS.

3457 305 3592 362 I330

2017 398 2228 472 (Matth.
2257 419 2419 471 xxvu,
2459 403 2571 479 20).
2595 405 2728 478 quia
2772 409 3018 468 videlicet
3062 412 3175 482 ipse
3221 430 3326 470 non
3357 419 3586 475 solveret

2015 493 2290 549 sabbatum
2307 537 2322 560 ,
2349 498 2492 568 quod
2518 513 2703 570 magna
2724 499 2990 570 diligentia
3010 506 3298 562 carnaliter
3325 511 3582 564 observa-

2014 582 2169 653 bant;
2197 588 2498 644 occiderent
2546 603 2724 647 autem
2772 594 3050 650 Dominum
3094 599 3444 668 spiritualiter
3463 604 3584 658 sab-

2012 674 2190 730 batum
2217 677 2571 736 insinuantem
2603 697 2699 752 per
2735 684 3148 742 misericordiam
3179 699 3232 744 et
3256 689 3510 760 judicium
3533 702 3591 749 et

2011 765 2191 832 ﬁdem,
2218 784 2336 837 qua:
2363 770 2439 825 illi
2469 773 2697 832 maxime
2732 777 3160 834 contemnebant.
3192 780 3323 836 Nam
3356 791 3411 839 et
3453 783 3588 840 culi-

2010 857 2086 910 cis
2106 859 2322 912 nomine
2340 875 2444 914 non
2463 861 2693 920 absurde
2715 865 2970 935 liguratur
2989 868 3272 927 seditiosus
3298 870 3587 942 homicida,

2011 946 2258 1015 quia-hoc
2287 951 2483 1006 animal
2513 962 2567 1007 et
2593 955 2897 1025 strependo
2925 957 3202 1028 inquietat,
3241 971 3294 1018 et
3326 962 3586 1034 sanguine

2009 1036 2305 1094 delectatur
2333 1059 2346 1097 :
2374 1051 2427 1097 et
2453 1045 2644 1100 cameli
2688 1047 2906 1104 nomine
2957 1060 3173 1121 prepter
3221 1051 3584 1111 liumiliantcm

2009 1145 2068 1185 se
2091 1131 2158 1186 ad
2188 1132 2458 1190 subeunda
2479 1151 2644 1192 onera
2669 1140 3104 1210 magnitudinem,
3125 1143 3430 1216 intelligitur
3451 1161 3584 1202 cou-

2006 1233 2260 1292 gruenter
2285 1225 2556 1281 Dominus.

2081 1314 2318 1371 XXXVI.
2347 1315 2446 1389 [lb.
2466 1336 2612 1386 xxut,
2646 1320 2762 1394 57.]
2792 1322 2943 1390 Quod
2965 1323 3098 1380 dixit
3128 1326 3381 1384 Dominus
3403 1328 3470 1385 ad
3490 1329 3588 1386 Je-

2006 1407 2256 1473 rus-atem,
2294 1408 2498 1474 Quoties
2524 1412 2658 1467 volui
2679 1430 2982 1486 congregare
3005 1417 3138 1486 ﬁlios
3163 1427 3292 1487 tuos,
3316 1419 3444 1476 sicut
3469 1422 3587 1492 gal-

2009 1498 2113 1552 lina
2161 1512 2433 1572 congregat
2473 1504 2607 1572 ﬁlios
2645 1521 2762 1560 suos
2801 1505 2893 1560 sub
2931 1507 3076 1575 alas,
3123 1518 3170 1564 et
3213 1510 3455 1566 noluisti?
3481 1511 3587 1568 hoc

2007 1609 2175 1664 genus
2201 1595 2488 1651 animantis
2517 1613 2764 1667 magnum
2789 1598 3032 1655 allectum
3056 1601 3107 1654 in
3135 1601 3270 1658 ﬁlios
3297 1603 3473 1671 habet,
3506 1604 3581 1660 ita

2009 1693 2067 1738 ut
2115 1701 2299 1741 eorum
2341 1688 2649 1746 inﬁrmitate.
2708 1690 2895 1747 allecta
2941 1700 2998 1748 et
3022 1693 3135 1763 ipsa
3163 1694 3494 1761 iutirmetur;
3527 1705 3584 1752 et

2007 1776 2148 1846 quod
2171 1777 2438 1834 dfiﬁcilius
2477 1779 2528 1834 in
2559 1785 2764 1838 caeteris
2792 1783 3149 1840 animantibus
3178 1786 3416 1843 invenies
3435 1827 3450 1854 ,
3477 1787 3579 1842 alis

2007 1869 2118 1922 suis
2145 1869 2282 1927 ﬁlios
2308 1880 2608 1942 protegens,
2627 1883 2812 1929 contra
2836 1874 3051 1929 milvum
3074 1886 3314 1949 pugnet:
3330 1877 3407 1933 sic
3418 1878 3580 1947 etiam

2008 1969 2180 2013 mater
2207 1968 2388 2015 nostra
2418 1960 2684 2031 Sapientia
2705 1963 2833 2029 Dei,
2864 1980 2961 2035 per
2983 1966 3162 2022 carnis
3185 1968 3577 2038 susceptionem

2008 2047 2270 2107 inﬁrmata
2284 2049 2680 2119 quodammodo
2698 2051 2859 2125 (unde
2886 2062 2942 2110 et
2960 2055 3243 2125 Apostolus
3260 2057 3408 2125 dicit,
3435 2057 3582 2124 Quod

2005 2139 2266 2209 inﬁrmum
2289 2141 2405 2209 Dei,
2431 2144 2611 2215 fortius
2631 2154 2706 2199 est
2722 2145 3004 2200 hominibus
3032 2146 3220 2217 (lCor.
3251 2166 3288 2215 ι,
3320 2149 3435 2221 25),
3469 2166 3586 2220 pro-

2009 2231 2137 2300 tegit
2166 2231 2525 2288 inﬁrmitatem
2547 2246 2890 2302 uostram,_et
2914 2239 3116 2293 resistit
3141 2239 3373 2307 diabolo,
3397 2257 3463 2296 ne
3488 2255 3585 2296 nos

2008 2321 2198 2390 rapiat.
2228 2321 2284 2377 In
2310 2339 2412 2393 qua
2435 2323 2766 2393 defensione,
2795 2327 2934 2396 quod
2959 2327 3048 2383 illa
3078 2328 3334 2385 adversus
3363 2331 3584 2385 milvum

2008 2420 2232 2468 conatur
2251 2414 2445 2470 allecto
2466 2456 2482 2482 ,
2507 2415 2622 2476 haec
2649 2415 2903 2474 adversus
2927 2418 3197 2479 diabolum
3235 2421 3442 2492 perﬁcit
3479 2437 3548 2492 po
3573 2455 3580 2464 -

2010 2513 2220 2562 testate.

2079 2597 2343 2655 XXXVII.
2368 2598 2466 2672 [lb.
2491 2616 2636 2668 xstv,
2663 2601 2777 2675 20].
2802 2601 2952 2670 Quod
2979 2604 3232 2662 Dominus
3259 2605 3410 2675 dixit,
3432 2607 3586 2662 Orate

2009 2704 2071 2744 ne
2095 2690 2185 2758 ﬁat
2209 2694 2332 2761 fuga
2357 2701 2518 2745 vestra
2546 2692 2708 2746 hieme
2733 2693 2815 2749 vel.
2852 2694 3078 2763 sabbato,
3105 2695 3165 2758 id
3189 2705 3296 2763 est,
3322 2711 3390 2752 ne
3425 2697 3586 2767 impco

2010 2776 2446 2850 dimentoaliquo
2469 2780 2844 2837 detineamini:
2870 2785 2991 2853 quia
3021 2795 3074 2838 et
3099 2784 3294 2851 hieme,
3327 2786 3586 2863 imbribus

2010 2870 2094 2924 vel
2121 2869 2343 2939 frigore;
2376 2881 2429 2926 et
2454 2871 2695 2940 sabbato,
2715 2874 2901 2945 inquo
2942 2875 3334 2944 proﬁcisci-non
3366 2878 3579 2945 licebat,

2011 2959 2396 3029 impediebatur
2416 2963 2533 3032 quis
2559 2962 2626 3018 ab
2656 2963 2863 3020 itinere.
2897 2965 2988 3021 Vel
3007 2965 3147 3021 aliud
3167 3008 3182 3034 ,
3213 2982 3281 3023 ne
3305 2967 3358 3023 in
3377 2968 3585 3034 tristitia

2009 3059 2103 3104 aut
2133 3050 2311 3106 laetitia
2339 3067 2517 3107 rerum
2549 3053 2922 3124 temporalium
2962 3055 3080 3126 quis
3126 3056 3424 3113 Inveniatur
3445 3073 3476 3114 a
3501 3057 3587 3116 die

2012 3141 2130 3200 illa.
3407 3207 3412 3210 .

2083 3231 2369 3290 XXXVIII.
2400 3232 2502 3307 [lb.
2533 3251 2677 3303 xxxv,
2707 3235 2926 3311 23-27.]
2966 3236 3116 3306 Quod
3146 3237 3400 3295 Dominus
3432 3239 3587 3306 dicit,

2014 3321 2160 3377 Sicut
2203 3324 2336 3377 enim
2380 3324 2554 3396 fulgur
2581 3327 2680 3379 exit
2703 3325 2763 3379 ab
2783 3327 2991 3393 oriente,
3020 3337 3064 3381 et
3099 3329 3317 3399 pervenit
3348 3346 3501 3400 usque
3519 3328 3587 3384 ad

1995 3413 2346 3478 occidentem;
2385 3416 2456 3468 ita
2481 3416 2572 3468 erit
2591 3425 2639 3470 et
2665 3416 2906 3472 adventus
2932 3417 3057 3472 Filii
3085 3419 3340 3485 hominis;
3367 3422 3587 3476 orientis

2013 3511 2067 3558 ct
2091 3503 2379 3561 occidentis
2399 3505 2613 3561 nomine
2643 3514 2809 3561 totum
2838 3507 3020 3563 orbem
3049 3509 3214 3564 voluit
3259 3510 3576 3580 signiﬁcare,

2013 3608 2115 3662 per.
2137 3610 2293 3664 quem
2337 3593 2514 3650 futura
2541 3605 2657 3651 erat
2682 3596 2942 3664 Ecclesia,
2993 3597 3277 3668 incipiente
3303 3599 3588 3672 Evangelia

2013 3684 2080 3739 ab
2105 3684 2396 3740 Jerusalem
2422 3684 2573 3756 (Luc.
2605 3702 2748 3753 xxw,
2774 3687 2890 3758 47),
2933 3687 3226 3743 secundum
3271 3689 3420 3744 illum
3459 3703 3584 3744 sen-

2016 3789 2133 3829 sum
2174 3790 2278 3845 quo
2317 3775 2477 3842 dixit,
2519 3776 2715 3830 Amodo
2761 3776 2984 3830 videbitis
3019 3776 3212 3832 Filium
3261 3779 3478 3833 hominis
3508 3794 3586 3833 νει

2012 3866 2228 3920 nienlem
2278 3867 2331 3920 in
2366 3867 2576 3921 nubibus
2604 3867 2814 3939 (Matth.
2859 3884 3002 3938 xxvi,
3032 3869 3144 3941 64).
3197 3869 3585 3927 Convenicntcr

2012 3958 2153 4013 enim
2179 3958 2473 4015 Ecclesium
2497 3961 2513 3992 ¹
2539 3975 2681 4016 nunc
2706 3959 2880 4031 fulgur
2905 3962 3218 4029 nominavit,
3248 3963 3387 4032 quod
3417 3965 3584 4021 maxi:
3647 3948 3652 3954 ’

2013 4067 2098 4107 me
2125 4052 2262 4107 solet
2289 4053 2518 4108 emicare
2557 4053 2624 4108 de
2654 4052 2904 4110 nubibus.
2941 4053 3235 4110 Coustituta
3259 4069 3392 4127 ergo
3413 4065 3587 4116 aucto-

2012 4145 2171 4200 ritate
2189 4145 2442 4201 Ecelesize
2485 4161 2582 4216 per
2622 4146 2810 4202 orbem
2827 4155 3099 4203 terrarum
3124 4147 3266 4205 clara
3289 4156 3448 4219 atque
3476 4163 3589 4202 ma-~

2012 4238 2242 4306 nifesta,
2296 4247 2708 4309 consequenter.
2743 4237 3033 4311 discipulos
3084 4238 3371 4308 admonet,
3426 4249 3588 4312 atque

2011 4343 2210 4385 omnes.
2248 4329 2453 4397 ﬁdeles,
2503 4340 2557 4384 et
2583 4329 2671 4398 qui
2701 4329 2758 4384 in
2777 4345 2903 4388 eum
2931 4329 3153 4392 credere
3192 4330 3474 4397 voluerint,
3522 4346 3589 4387 na

2011 4420 2363 4479 schismaticis
2392 4429 2557 4491 atque
2579 4419 2842 4476 haereticis
2888 4420 3125 4477 credant.
3158 4420 3588 4494 Unumquodque

2012 4513 2156 4567 enim
2174 4511 2428 4579 sebisma,
2453 4519 2513 4566 et
2526 4526 2853 4583 unaquaeque
2871 4503 3114 4580 hacreSis,
3130 4521 3224 4570 aut
3241 4511 3414 4570 locum
3431 4526 3589 4574 suum

2013 4600 2175 4657 habet
2225 4601 2460 4659 in-orbe
2504 4609 2796 4666 terrarum,
2828 4608 3030 4672 partem
3077 4601 3309 4671 aliquam
3363 4611 3582 4669 tenens;

2020 4702 2112 4750 aut
2132 4693 2371 4750 obscuris
2397 4691 2798 4762 atqueoccultis
2820 4692 3203 4748 conventiculis
3225 4693 3587 4748 curiositatem

2015 4783 2528 4853 bominumdecipit.
2558 4782 2674 4850 Quo
2703 4782 3302 4854 pertinetquod..ait,Si
3325 4784 3435 4855 quis
3452 4783 3589 4845 vobis

2013 4878 2226 4944 dixerit,
2260 4876 2393 4936 Ecce
2415 4877 2494 4930 hic
2519 4885 2591 4930 est
2615 4873 2870 4942 Christus,
2892 4884 2979 4930 aut
3006 4876 3140 4941 illic,
3164 4875 3305 4946 quod
3331 4875 3590 4945 signiﬁcat

2013 4978 2277 5029 terrarum
2307 4977 2482 5037 partes
2501 4975 2556 5022 et
2582 4967 2970 5038 provinciarum
3002 4979 3121 5022 :aut
3150 4969 3202 5022 in
3229 4966 3583 5038 penetralibus,

2012 5067 2098 5114 aut
2122 5061 2174 5114 in
2194 5044 2417 5126 deserto,
2441 5058 2582 5128 quod
2612 5058 2873 5129 signiﬁcat
2898 5058 3127 5115 obscura
3155 5057 3440 5114 etocculta
3465 5072 3592 5128 ceu-

2011 5151 2276 5211 ‘ventieula
2305 5150 2694 5210 haereticorum.
2740 5149 2892 5217 Quod
2929 5165 3071 5221 ergo
3106 5149 3259 5216 dixit,
3289 5150 3356 5220 ab
3383 5149 3588 5206 oriente

2013 5245 2068 5301 in
2098 5244 2444 5304 occidentem.
2459 5252 2834 5314 perventurum
2864 5242 3148 5311 adventum
3185 5232 3362 5309 suum,
3399 5250 3586 5302 contra

2012 5337 2130 5397 illos
2158 5335 2531 5406 valetquiper
2553 5343 2812 5390 terrarum
2840 5334 3121 5403 particulas
3144 5334 3504 5401 nominantur,
3534 5349 3586 5390 et

2012 5427 2194 5483 dicunt
2219 5426 2356 5497 apud
2382 5441 2442 5482 se
2470 5440 2590 5481 esse
2616 5425 2903 5482 Christum.
2935 5423 3088 5490 Quod
3113 5431 3288 5478 autem
3318 5425 3410 5491 ait,
3436 5425 3580 5479 Sicut

2014 5517 2209 5590 fulgur,
2241 5525 2424 5581 contra
2475 5515 2596 5570 illos
2634 5515 2800 5586 valet,
2854 5513 2942 5584 qui
2995 5513 3202 5569 occulte
3256 5524 3580 5585 congregant

2076 5675 2093 5706 ί
2113 5680 2232 5736 Tres
2245 5678 2373 5732 Mss,
2392 5670 2723 5736 rqmerziertter
2739 5667 2865 5720 enim
2879 5670 3020 5720 etiam
3036 5682 3160 5736 nime
3177 5667 3360 5736 fulgur,
3383 5675 3477 5733 etc.
3497 5663 3589 5725 alii

2015 5734 2232 5794 totidem.
2251 5730 2583 5788 Conuwticttter
2599 5730 2769 5787 etenim
2789 5741 2891 5780 tam
2915 5745 3036 5782 nunc
3051 5730 3356 5798 fulgur,"etc.
