4074 6470
523 388 654 448 1'55!

520 512 774 574 tanquam
820 501 873 556 in
918 497 1298 571 penetralibus,
1329 505 1385 554 et
1425 511 1625 568 paucos
1649 504 1899 565 tanquam
1925 492 1978 548 in
2006 490 2104 546 de-

524 596 672 652 serto
700 612 715 650 :
747 594 813 650 ad
839 591 1319 649 manifestationcm
1345 590 1540 661 quippe
1565 588 1964 656 claritatemque
1978 598 2106 653 per-

521 687 657 742 tinet
705 685 959 740 Ecclesia:
1020 682 1245 754 fulguris
1323 695 1546 746 nomen,
1597 676 1904 748 signiﬁcans
1941 675 2102 730 etiam

519 789 735 834 noctem
761 779 842 833 vel
886 777 1060 834 nubila
1099 776 1281 832 saeculi
1315 773 1508 845 hujus;
1547 781 1675 828 tunc
1702 774 1844 828 enim
1884 767 2104 842 fulguris

511 871 719 933 candor
746 879 984 941 apparet.

588 962 832 1019 XXXIX.
862 961 960 1036 [11).
980 975 1127 1028 xxiv,
1146 957 1260 1033 52.]
1282 959 1432 1026 Quod
1463 958 1718 1014 Dominus
1741 957 1892 1024 dixit,
1918 954 1993 1011 Ab
2017 970 2104 1008 ar-

517 1055 637 1109 bore
683 1065 850 1109 autem
899 1054 984 1124 ﬁci
1029 1053 1205 1107 discite
1252 1051 1669 1116 similitudinem;
1718 1051 1961 1128 arborem
2014 1047 2102 1103 ﬁci

515 1160 686 1216 genus
732 1144 1025 1200 humanum
1076 1144 1344 1215 intcllige,
1401 1151 1618 1213 propter
1679 1143 1939 1212 pruritum
1983 1155 2104 1196 ear-

515 1238 620 1291 nis.
653 1236 779 1293 Cum
815 1237 930 1307 jam
971 1252 1142 1290 ramus
1174 1237 1283 1306 ejus
1334 1244 1472 1290 tener
1517 1235 1705 1304 fuerit;
1750 1235 1800 1289 id
1851 1243 2100 1301 est,cum

512 1327 611 1383 ﬁlii
646 1328 924 1384 hominum
950 1343 1046 1396 per
1073 1327 1231 1383 ﬁdem
1261 1327 1460 1383 Christi
1483 1327 1548 1380 ad
1571 1327 1870 1396 spirituales
1899 1326 2100 1382 fructus

513 1420 862 1490 profecerim,
903 1427 959 1476 et
1004 1419 1061 1475 in
1100 1419 1180 1476 eis
1219 1419 1392 1475 honor
1415 1420 1715 1490 adoptionis
1745 1419 1974 1475 ﬁliorum
2006 1418 2100 1474 Dei

515 1511 822 1566 eminuerit.

586 1602 700 1658 XL.
730 1601 830 1676 [1b.
864 1618 1011 1672 ην),
1040 1601 1158 1677 24.]
1187 1603 1343 1671 Quod
1387 1604 1644 1660 Dominus
1671 1603 1740 1659 de
1767 1603 1900 1659 Juda
1930 1602 2097 1671 dixit,

510 1692 715 1748 Bonum
742 1704 850 1749 erat
876 1693 956 1749 illi
980 1711 1080 1750 non
1117 1695 1280 1762 nasci,
1326 1704 1503 1750 utrum
1543 1695 1595 1750 in
1630 1696 1766 1751 hanc
1808 1695 2011 1750 vitam?
2042 1703 2102 1751 ut

511 1784 706 1840 usitate
732 1786 941 1842 locutus
970 1787 1058 1842 sit.
1087 1786 1202 1842 Non
1233 1788 1381 1843 enim
1408 1795 1582 1858 potest
1623 1789 1820 1844 bonum
1848 1804 1969 1846 esse
1994 1787 2098 1845 alio

512 1876 646 1946 quid
662 1876 742 1942 ei,
774 1877 863 1948 qui
892 1892 998 1933 non
1041 1886 1142 1934 est.
1185 1879 1251 1933 Et
1278 1879 1323 1934 si
1371 1880 1652 1950 quisquam
1679 1880 1952 1936 contendit
1977 1895 2098 1936 esse

513 1967 748 2037 aliquam
795 1967 958 2023 vitam
1001 1977 1125 2025 ante
1150 1969 1326 2037 istam,
1366 1986 1472 2026 non
1505 1971 1656 2027 ludar
1684 1979 1885 2027 tantum
1914 1981 1972 2027 ut
2001 1989 2100 2027 na-

511 2069 772 2128 sceretur,
805 2060 898 2116 sed
932 2060 1063 2115 nulli
1104 2061 1357 2132 expedire
1395 2064 1746 2119 convincitur.
1773 2065 1855 2119 An
1885 2065 2098 2120 diabolo

511 2150 643 2204 dicit
666 2166 772 2206 non
795 2152 939 2225 nasci
965 2152 1030 2207 ad
1048 2154 1455 2223 peccatum‘lAn
1483 2155 1648 2210 etiam.
1665 2155 1864 2211 bonum
1883 2157 1956 2212 illi
1982 2168 2098 2213 erat

511 2249 574 2295 ut
596 2241 810 2297 Christo
839 2259 947 2297 non
985 2254 1296 2300 nasceretur
1319 2260 1416 2316 per
1444 2247 1794 2313 vocationem,
1841 2261 1910 2303 ne
1953 2255 2099 2303 esset

508 2333 788 2403 apostata?

581 2411 718 2481 XLI.
750 2425 849 2500 [11).
879 2442 1022 2496 xxvi,
1050 2427 1164 2503 t5]
1194 2429 1347 2499 Quod
1372 2430 1626 2486 Dominus
1649 2432 1860 2502 triginta
1902 2446 2095 2503 argen-

509 2517 614 2571 teis
635 2516 878 2573 venditus
893 2527 992 2584 est,
1015 2520 1276 2591 signiﬁcat
1300 2535 1396 2590 per
1416 2521 1605 2576 Judam
1630 2522 1845 2578 Judacos
1863 2522 2092 2592 iniquos,

511 2609 604 2678 qui
635 2613 1162 2679 sequentescarnalia
1189 2621 1242 2667 et
1266 2611 1599 2682 temporalia,
1620 2628 1738 2683 qua:
1765 2612 1831 2667 ad
1861 2613 2094 2684 quinque

509 2712 703 2756 sensus
745 2704 1014 2772 pertinent
1053 2703 1312 2773 corporis,
1344 2703 1611 2759 Christum
1662 2705 1860 2760 habere
1910 2707 2098 2760 nolue-

507 2799 638 2844 runt
662 2806 677 2844 :
705 2792 845 2862 quod
867 2793 989 2864 quia
1018 2803 1167 2849 sexta
1194 2794 1374 2850 mundi
1418 2804 1577 2851 relate
1622 2796 1879 2864 fecerunt,
1917 2799 2096 2854 sexies

510 2879 706 2950 quinos
735 2896 830 2938 eos
855 2883 874 2916 ι
915 2891 1162 2954 tanquam
1209 2885 1433 2954 pretium
1462 2885 1662 2942 venditi
1691 2887 1899 2943 Domini
1941 2903 2095 2945 acce-

508 2973 654 3041 pisse
677 2972 1028 3044 signiﬁcatum
1057 2983 1158 3030 est.
1187 2975 1262 3030 De
1288 2990 1393 3046 quo
1414 2986 1651 3048 tempore
1669 2978 1860 3034 talibus
1878 2979 2097 3036 insultat

508 3064 770 3135 propheta
787 3064 994 3131 dicens,
1016 3065 1140 3120 Filii
1153 3067 1440 3133 hominum,
1453 3085 1706 3140 quousque
1716 3085 1891 3140 graves
1910 3071 2096 3127 corde?

509 3154 689 3226 utquid
709 3154 919 3228 diligitis
942 3158 1230 3225 vanitatem,
1253 3166 1300 3211 et
1332 3160 1556 3230 quwritis
1584 3161 1899 3214 mendacium
1921 3160 2092 3235 (Ρδαι.

508 3261 584 3310 tv,
603 3244 696 3318 5)?
717 3255 774 3302 ut
814 3248 859 3302 si
885 3248 1116 3319 quinque
1140 3249 1385 3305 aetatibus
1415 3249 1598 3307 fuisset
1623 3252 1798 3322 aliqua
1823 3254 2096 3309 excusatio

508 3337 799 3407 sequendae
810 3339 1078 3405 vanitatis,
1097 3340 1180 3394 vel
1198 3349 1346 3396 sexta
1368 3335 1883 3413 comprehenderent
1903 3345 2098 3399 verita-

489 3437 644 3508 ,tem,
667 3445 785 3501 qua:
811 3446 907 3501 per
921 3430 1208 3487 Dominum
1229 3442 1466 3488 nostrum
1491 3434 1892 3504 praedicabatur,
1919 3445 1972 3492 et
1996 3436 2094 3492 de-

491 3520 924 3586 monstrabatur,
949 3522 1085 3577 sicut
1111 3532 1261 3579 sexta
1288 3523 1376 3580 die
1396 3524 1556 3580 homo
1577 3525 1744 3581 factus
1767 3535 1850 3583 est
1874 3526 1941 3582 ad
1972 3529 2097 3583 ima-

489 3608 687 3687 ;ginem
716 3613 811 3669 Dei
849 3613 999 3687 (Gen.
1026 3615 1196 3687 1,26).
1217 3615 1369 3684 Quod
1397 3617 1524 3688 quia
1556 3599 1864 3686 noluerunt,
1895 3619 2094 3676 habent

507 3703 687 3759 sexies
714 3703 863 3774 quini
907 3703 1221 3775 impressam
1267 3707 1549 3778 imaginem
1583 3709 1833 3780 principis
1877 3711 2094 3779 szeculi,

507 3803 562 3849 et
590 3809 695 3850 non
745 3793 944 3850 habent
987 3795 1257 3853 Christum
1288 3813 1386 3869 per
1422 3815 1578 3869 quem
1609 3801 1875 3872 signatum
1906 3812 1990 3858 est
2036 3804 2090 3858 in

505 3883 666 3940 nobis
700 3884 878 3939 lumen
926 3886 1104 3942 vultus
1160 3889 1265 3955 tui,
1312 3888 1536 3946 Domine
1593 3890 1764 3964 (Psal.
1813 3910 1883 3962 IV,
1925 3895 2000 3966 7).
2026 3895 2094 3950 Et

507 3977 634 4046 quia
657 3976 924 4048 eloquium
977 3979 1181 4034 Domini
1223 3989 1496 4051 argentum
1525 3992 1606 4038 est
1629 3983 1799 4056 (Psal.
1829 3988 1987 4055 xt,7),
2017 3987 2092 4042 illi

507 4076 689 4125 autem
731 4069 890 4125 ctiam
943 4071 1110 4141 ipsam
1157 4072 1325 4143 legem
1379 4075 1667 4131 carnaliter
1693 4077 2089 4144 intellexerunt,

509 4169 764 4231 tanquam
786 4161 839 4217 in
869 4172 1090 4235 argento
1128 4164 1438 4235 impressam
1463 4168 1739 4226 saecularis
1769 4170 2098 4244 principatus

506 4250 802 4322 imaginem
822 4250 1020 4308 amisso
1051 4254 1272 4311 Domino
1301 4264 1606 4313 tenuerunt.

583 4343 742 4400 XLII.
769 4343 868 4418 [Ib.
888 4361 1028 4413 utv,
1050 4345 1166 4420 28.]
1189 4348 1338 4417 Quod
1362 4349 1618 4407 Dominus
1636 4351 1782 4421 dicit,
1815 4353 1914 4410 Ubi
1941 4355 2098 4426 fuerit

507 4452 718 4508 corpus,
745 4437 840 4492 illo
861 4439 1294 4510 congregabantur
1321 4441 1540 4510 aquilae;
1584 4443 1636 4499 id
1680 4455 1762 4500 est
1789 4446 1843 4500 in
1873 4448 2090 4515 coelum,

509 4541 617 4598 quo
644 4526 769 4583 hinc
801 4542 980 4584 secum
1030 4529 1221 4585 levavit
1259 4545 1454 4602 corpus
1481 4534 1532 4588 in
1565 4533 1779 4591 homine
1801 4548 2091 4609 suscepto:

508 4617 654 4689 quod
678 4618 838 4674 etiam
855 4619 1080 4676 cadaver
1103 4620 1224 4676 ideo
1249 4623 1569 4692 appellatum
1596 4635 1694 4688 est,
1723 4629 1845 4698 quia
1871 4631 2094 4686 moritu-

507 4725 604 4766 rus
642 4710 756 4765 hare
795 4709 1128 4781 loquebatur.
1178 4709 1286 4767 Illo
1310 4716 1744 4786 congregabantur
1767 4721 1974 4789 aquilae,
2003 4720 2088 4776 di-

508 4807 652 4854 ctum
665 4798 825 4855 estde
849 4801 1229 4870 spiritualihus,
1251 4803 1342 4874 qui
1360 4804 1475 4874 ejus
1498 4807 1796 4875 passionem
1822 4809 2093 4866 humilita-

507 4900 726 4961 temque
768 4889 1042 4958 imitando,
1077 4900 1326 4964 tanquam
1355 4893 1424 4951 de
1447 4897 1562 4965 ejus
1591 4912 1816 4969 corpore
1851 4909 2096 4958 saturan-

510 4989 619 5035 tur.
646 4979 853 5052 Corpus
880 4982 1021 5036 enim
1052 4992 1270 5053 propter
1297 4984 1643 5042 humilitatem
1669 5003 1764 5058 pro
1793 4990 1946 5046 nobis
1975 5007 2096 5063 pas-

510 5071 825 5144 sionemque
850 5077 1104 5142 suscepit.
1289 5134 1300 5146 ι

585 5163 770 5220 XLIII.
794 5162 893 5237 [Ib.
923 5181 1066 5234 xxvr,
1093 5163 1209 5238 29.]
1230 5165 1383 5234 Quod
1406 5167 1658 5225 Dominus
1687 5169 1814 5228 dicit
1842 5173 1943 5228 sub
1963 5182 2097 5229 tem-

510 5269 615 5327 pus
666 5256 932 5327 passionis
977 5255 1268 5327 discipulis,
1323 5257 1446 5314 Non
1495 5261 1657 5315 bibam
1702 5263 1886 5318 amodo
1912 5265 1975 5319 de
2003 5267 2098 5321 hoc

513 5348 764 5418 geniminc
789 5348 922 5413 vilis,
962 5365 1117 5419 usque
1156 5349 1208 5403 in
1257 5351 1386 5404 diem
1411 5350 1580 5419 illum,
1623 5371 1735 5408 cum
1773 5355 1903 5410 illud
1932 5356 2098 5412 bibant

518 5439 776 5495 uobiscum
804 5456 988 5494 novum
1013 5441 1066 5494 in
1092 5457 1244 5512 regno
1275 5441 1442 5497 Patris
1471 5445 1587 5511 mei,
1617 5446 1730 5500 vult
1751 5446 1969 5518 intelligi
1997 5448 2101 5506 hoc

517 5539 674 5587 vetus
701 5545 841 5599 esse,
873 5545 992 5586 cum
1016 5531 1144 5587 illud
1167 5546 1360 5588 novum
1389 5533 1536 5589 dicit.
1565 5535 1698 5604 Quia
1724 5552 1852 5608 ergo
1875 5538 1941 5594 de
1972 5556 2098 5611 pro-

581 5706 601 5739 ³
619 5705 769 5784 ξόηὶο
802 5711 923 5784 Am.,
943 5702 1099 5784 seaies
1269 5719 1366 5784 eos,
1392 5712 1489 5784 etc.
1511 5709 1582 5758 Sic
1594 5706 1975 5784 etiamplerique
1994 5719 2099 5784 Mss.

517 5768 791 5839 apud_quqs
811 5779 1001 5839 rursum
1020 5765 1161 5837 paulo
1184 5768 1303 5838 intra
1323 5765 1625 5832 legebamus,
1649 5765 1806 5823 sexies
1825 5765 1958 5838 quini
1985 5779 2102 5829 :t.bi

517 5826 569 5880 in
594 5826 739 5882 editis
753 5826 978 5893 habetur,
998 5826 1153 5881 sexies
1170 5826 1696 5899 quinque'tmpressum,
1721 5843 1816 5887 etc.

1377 379 1846 452 QUIESTIONUM
1888 373 2442 450 LVANGELIORUM,
2483 381 2541 438 S.
2582 383 2954 443 AUGUSTINI

3658 397 3803 456 εῖδει

2210 491 2401 563 pagine
2442 494 2634 565 Adam,
2673 499 2766 568 qui
2817 505 2971 554 vetus
3016 498 3176 556 homo
3219 501 3534 572 appellatur,
3585 519 3788 577 corpus

2210 594 2536 654 susceperat,
2568 587 2708 656 quod
2761 589 2816 643 in
2863 590 3109 660 passione
3151 593 3305 647 morti
3337 594 3635 652 traditurus
3670 611 3793 656 erat

2212 674 2232 746 ζ
2255 675 2392 730 unde
2415 677 2572 732 etiam
2597 693 2689 748 per
2716 680 2821 734 vini
2865 691 3258 738 sacramentum
3297 687 3644 742 commendat
3673 703 3796 746 san-

2209 767 2419 836 guinem
2436 768 2632 842 suum),
2656 771 2781 840 quid
2794 772 2932 826 aliud
2955 787 3150 827 novum
3173 775 3371 841 vinum,
3399 777 3502 832 nisi
3520 790 3796 837 immorta-

2207 857 2409 914 litatem
2443 871 2815 917 renovatorum
2854 877 3137 934 corporum
3169 867 3462 938 intelligere
3489 870 3746 927 debemus
3766 874 3801 928 ‘?

2209 949 2490 1018 quodcum
2511 951 2663 1018 dicit,
2725 951 2991 1009 Vobiscum
3015 954 3198 1022 bibam,
3247 958 3407 1013 etiam
3448 960 3579 1031 ipsis
3621 976 3796 1018 resur-

2207 1042 2499 1098 rectionem
2541 1059 2823 1115 corporum
2867 1046 2934 1101 ad
2977 1045 3300 1103 induendum
3331 1048 3788 1107 immortalitatem

2207 1132 2485 1200 promittit.
2521 1132 2788 1190 Vobiscum
2815 1137 2958 1191 enim
3006 1152 3115 1191 non
3154 1137 3221 1193 ad
3263 1138 3403 1194 idem
3431 1150 3658 1211 tempus,
3683 1141 3782 1198 sed

2207 1221 2274 1277 ad
2304 1223 2548 1279 eamdem
2599 1225 2994 1282 innovationem
3037 1227 3234 1284 dictum
3265 1230 3630 1301 accipiendum
3685 1241 3794 1288 est.

2205 1311 2336 1366 Nam
2364 1323 2418 1368 et
2438 1330 2538 1370 nos
2567 1315 2698 1372 dicit
2723 1317 3012 1388 Apostolus
3042 1323 3400 1377 resurrexisse
3423 1338 3543 1377 cum
3577 1324 3798 1378 Christo

2206 1403 2434 1475 (Coloss.
2477 1421 2534 1470 ι),
2566 1407 2680 1478 12),
2729 1417 2788 1462 ut
2819 1424 2944 1479 spes
2984 1410 3061 1465 rei
3108 1411 3298 1466 futurae
3322 1412 3429 1482 jam
3469 1422 3796 1482 praesentem

2206 1495 2440 1550 laetitiam
2469 1496 2674 1552 aﬂ’erat.
2725 1498 2876 1566 Quod
2903 1510 3083 1556 autem
3131 1502 3197 1557 de
3232 1503 3335 1557 hoc
3361 1504 3629 1573 genimine
3657 1506 3785 1560 vitis

2204 1586 2363 1641 etiam
2395 1587 2523 1643 illud
2549 1603 2744 1644 novum
2773 1604 2894 1645 esse
2918 1590 3078 1658 dicit,
3105 1591 3370 1662 signiﬁcat
3393 1593 3578 1648 eadem
3609 1597 3800 1666 utique

2203 1693 2427 1750 corpora
2459 1690 2824 1737 resurrectura
2869 1683 3162 1739 secundum
3206 1686 3595 1743 innovationem
3622 1689 3795 1745 coele-

2203 1780 2364 1838 stem,
2381 1787 2498 1842 qua:
2529 1788 2672 1828 nunc
2696 1773 2988 1828 secundum
3012 1784 3277 1830 terrenam
3297 1785 3607 1833 vetustatem
3622 1779 3794 1834 mori-

2205 1869 2324 1917 tura
2341 1872 2480 1918 sunt.
2510 1863 2761 1920 Siautem
2779 1865 2942 1921 vitem
2963 1867 3031 1921 de
3050 1865 3204 1937 cujus
3225 1874 3486 1924 vetustate
3503 1869 3642 1925 hunc
3663 1885 3794 1941 pas-

2202 1953 2370 2009 sionis
2393 1954 2614 2010 calicem
2631 1955 2780 2022 bibit,
2800 1957 2944 2026 ipsos
2972 1957 3186 2013 Judteos
3207 1959 3556 2024 intellexeris,
3586 1961 3795 2031 signiﬁ-

2201 2054 2381 2101 catum
2411 2055 2494 2102 est
2519 2047 2678 2102 etiam
2711 2047 2880 2117 ipsam
2909 2058 3123 2119 gentem
3166 2049 3231 2104 ad
3257 2064 3451 2120 corpus
3469 2050 3662 2106 Christi
3690 2065 3796 2121 per
3846 2051 3860 2067 "

2202 2136 2489 2191 novitatem
2517 2137 2639 2191 vita:
2655 2151 3013 2204 accessuram,
3035 2154 3178 2205 cum,
3203 2139 3440 2210 ingressa
3454 2140 3794 2211 plenitudine

2200 2226 2469 2293 Gentium,
2499 2229 2674 2284 omnis
2700 2227 2861 2284 Israel
2890 2230 3069 2286 salvus
3099 2231 3190 2286 ﬁet
3216 2230 3394 2304 (Rom.
3417 2248 3494 2299 ιι,
3520 2233 3634 2304 25).

2272 2320 2454 2376 XLIV.
2481 2320 2580 2394 [Ib.
2609 2338 2751 2386 xxvr,
2783 2320 2899 2395 67.]
2922 2323 3073 2390 Quod
3096 2324 3296 2380 dictum
3322 2333 3423 2393 est,
3461 2325 3795 2397 Exspuerunt

2199 2411 2252 2467 in
2278 2413 2458 2485 facient
2483 2416 2623 2484 ejus,
2668 2415 2983 2484 signiﬁcavit
3022 2429 3116 2470 eos
3158 2417 3249 2487 qui
3275 2417 3391 2486 ejus
3447 2417 3794 2488 praesentiam

2197 2503 2381 2574 gratiae
2407 2513 2678 2574 respuunt.
2707 2505 2836 2560 Item
2868 2514 3112 2577 tanquam
3135 2508 3371 2578 colaphis
3394 2524 3517 2564 eum
3550 2508 3788 2578 cmdunt,

2199 2594 2289 2664 qui
2315 2594 2546 2650 honores
2561 2610 2687 2650 suos
2707 2596 2754 2650 ci
2783 2596 3074 2666 prtcferunt
3101 2614 3116 2651 :
3147 2599 3352 2667 palmas
3377 2599 3430 2654 in
3454 2599 3641 2655 faciem
3667 2601 3791 2672 ejus

2198 2683 2347 2749 dant,
2378 2685 2465 2756 qui
2494 2685 2712 2754 perlidia
2737 2688 2920 2742 caecati
2949 2702 3074 2743 eum
3097 2704 3203 2743 non
3246 2690 3458 2746 venisse
3481 2692 3778 2757 afﬁrmant,

2200 2782 2448 2845 tanquam
2468 2778 2800 2846 praesentiam
2813 2778 2928 2848 ejus
2943 2780 3356 2836 exterminantes
3370 2790 3426 2836 et
3442 2784 3794 2852 repellentes.

2271 2868 2431 2924 XLV.
2464 2868 2562 2942 [11).
2591 2887 2734 2937 xxvi,
2761 2871 2971 2945 69-74.]
2997 2872 3147 2941 Quod
3178 2874 3368 2930 Petrus
3397 2876 3622 2931 necdum
3653 2877 3786 2932 soli-

2198 2958 2354 3015 datus
2390 2963 2442 3015 in
2491 2961 2626 3029 ﬁde,
2677 2963 2841 3018 Deum
2887 2973 2969 3019 ter
2993 2965 3238 3036 negavit,
3267 2967 3478 3022 videtur
3507 2969 3620 3038 ipsa
3649 2953 3786 3024 trina

2198 3051 2313 3120 ejus
2333 3053 2544 3122 negatio
2565 3068 2782 3122 pravum
2803 3070 3042 3111 errorem
3063 3055 3430 3129 luereticorum
3447 3058 3784 3130 designasse.

2197 3134 2329 3190 Nam
2369 3152 2522 3192 error
2562 3136 2932 3193 haereticorum
2970 3139 3038 3195 de
3065 3140 3279 3197 Christo
3307 3141 3474 3198 tribus
3501 3143 3788 3212 generibus

2200 3229 2511 3284 terminatur
2534 3248 2546 3283 :
2567 3231 2810 3285 autenim
2838 3230 2905 3286 de
2930 3231 3210 3290 divinitate
3232 3233 3373 3305 ejus,
3387 3242 3479 3290 aut
3503 3234 3570 3290 de
3591 3235 3783 3291 huma-

2198 3319 2365 3374 nitate
2385 3361 2400 3385 ,
2427 3329 2517 3374 aut
2541 3320 2607 3375 de
2637 3329 2859 3391 utroque
2885 3320 3138 3378 falluntur
3161 3324 3201 3377 ί.

2269 3408 2452 3464 XLVI.
2500 3409 2599 3482 [1b.
2643 3427 2799 3479 xxvr,
2822 3411 2935 3484 58.]
2965 3413 3114 3480 Quod
3144 3414 3210 3468 ad
3240 3416 3538 3485 passionem
3565 3426 3788 3474 euntem

2199 3500 2480 3556 Dominum
2525 3516 2554 3554 a
2595 3502 2750 3572 longe
2787 3503 3111 3573 sequebatur
3140 3505 3356 3571 Petrus,
3385 3507 3646 3578 signiﬁcat
3672 3508 3784 3564 Ec-

2198 3591 2413 3646 clesiam
2444 3601 2745 3647 secuturam
2771 3594 2983 3663 quidem
3005 3635 3019 3660 ,
3049 3595 3152 3651 hoc
3174 3604 3256 3652 est
3276 3637 3290 3661 ,
3319 3597 3640 3653 imitaturam
3665 3615 3789 3668 pas-

2198 3681 2402 3736 sionem
2431 3682 2672 3750 Domini,
2701 3684 2796 3739 sed
2823 3685 2978 3756 longe
3006 3685 3314 3742 diﬁ‘erenter
3341 3705 3354 3742 :
3379 3688 3614 3744 Ecclesia
3635 3691 3793 3745 enim

2197 3787 2297 3844 pro
2318 3787 2376 3829 se
2400 3774 2594 3843 patitur
2614 3815 2627 3839 ,
2656 3783 2712 3829 at
2739 3775 2829 3832 ille
2854 3791 2952 3844 pro
2981 3777 3237 3833 Ecclesia.

2270 3865 2476 3921 XLVII.
2509 3866 2608 3939 [11).
2638 3883 2765 3922 xxv:
2787 3908 2802 3934 ,
2834 3869 2922 3930 59,
2942 3869 3043 3934 ἃ,
3070 3867 3182 3939 44.]
3212 3869 3358 3924 Sicut
3387 3870 3604 3924 tentatio
3632 3871 3786 3939 cupi-

2197 3955 2377 4011 ditatis
2416 3957 2549 4010 trina
2591 3965 2700 4021 est,
2734 3957 2802 4011 ita
2834 3959 2991 4010 etiam
3024 3960 3244 4011 tentatio
3273 3959 3474 4013 timoris
3505 3962 3636 4013 trina
3671 3970 3779 4016 est.

2196 4045 2484 4117 Cupiditati
2529 4061 2648 4116 qua:
2693 4047 2743 4100 in
2791 4047 3098 4102 curiositate
3142 4056 3255 4113 est,
3300 4049 3582 4118 opponitur
3621 4051 3788 4105 timor

2197 4138 2388 4194 mortis
2417 4155 2430 4191 :
2462 4137 2600 4194 sicut
2627 4138 2768 4192 enim
2798 4137 2852 4192 in
2884 4137 2970 4192 illa
2995 4133 3480 4208 cognoscendarum
3503 4155 3678 4196 rerum
3702 4149 3793 4197 est

2197 4232 2446 4298 aviditas,
2475 4231 2546 4285 ita
2596 4231 2647 4285 in
2694 4231 2794 4286 ista
2835 4239 3008 4285 metus
3048 4231 3352 4286 amittendae
3395 4232 3516 4287 talis
3559 4233 3790 4288 uetitize.

2199 4322 2484 4393 Cupiditati
2520 4337 2649 4377 vero
2677 4321 2938 4376 honorum
2966 4321 3048 4376 vel
3079 4321 3250 4376 laudis
3269 4363 3281 4386 ,
3311 4324 3593 4392 Opponitur
3623 4325 3790 4379 timor

2196 4413 2498 4484 ignominirc
2537 4421 2590 4466 et
2618 4411 3078 4466 contumeliarum.
3113 4411 3390 4481 Cupiditati
3415 4423 3589 4467 autem
3618 4415 3782 4468 volu-

2196 4505 2353 4576 ptatis
2373 4545 2388 4571 ,
2415 4503 2696 4575 opponitur
2721 4502 2878 4556 timor
2894 4500 3110 4557 doloris.
3139 4501 3253 4558 Non
3282 4501 3510 4557 absurde
3534 4517 3662 4573 ergo
3689 4503 3774 4558 in-

2197 4595 2450 4666 telligitur
2493 4602 2710 4666 propter
2752 4593 2946 4649 trinam
2986 4593 3327 4648 tentationcm
3358 4593 3617 4663 passionis
3640 4634 3656 4661 ,
3689 4602 3772 4650 ter

2196 4687 2482 4744 Dominum
2517 4700 2699 4741 orasse
2732 4692 2789 4740 ut
2815 4684 3062 4740 transiret
3085 4683 3260 4750 calix;
3290 4683 3384 4740 sed
3409 4683 3478 4740 ita
3505 4693 3564 4739 ut
3593 4685 3776 4755 potius

2195 4779 2506 4849 impleretur
2533 4777 2777 4832 voluntas
2803 4776 3002 4832 Patris.

2264 4914 2281 4946 ί
2308 4919 2358 4962 In
2391 4919 2498 4961 Mss.
2531 4909 2738 4974 quaestio
2757 4908 3137 4974 quadragesima
3167 4909 3334 4974 quinta
3372 4907 3637 4974 incipit__ab
3676 4910 3786 4974 istis

2197 4975 2379 5035 verbis,
2422 4969 2569 5042 Error
2598 4969 2933 5042 hwreticorum
2993 4984 3087 5042 nec
3126 4969 3484 5042 priemittuntuf
3516 4969 3616 5042 illa,
3651 4971 3784 5042 Quod

2200 5030 2375 5101 Petrus
2404 5034 2609 5101 necdum
2639 5032 2888 5101 solidatus,
2914 5039 3032 5101 etc.,
3069 5030 3238 5101 horum
3255 5039 3434 5101 _tanten
3452 5030 3568 5101 loco
3588 5033 3638 5101 in
3673 5034 3788 5098 qui-

2198 5098 2401 5163 busdam
2421 5097 2668 5145 codicibus
2689 5092 2902 5163 ponitur,
2925 5103 2994 5144 De
3016 5092 3168 5152 trina,
3189 5092 3369 5163 vel,_In
3399 5092 3529 5163 trina
3553 5092 3681 5142 Petri
3696 5092 3787 5142 ne-

2200 5157 2404 5222 gatione.
2443 5154 2764 5222 Prmtereaiin
2791 5156 2935 5206 editis
2957 5163 3055 5205 ttat.
3089 5163 3190 5222 Am.
3220 5162 3272 5204 et
3295 5160 3368 5202 Er.
3393 5154 3452 5222 ad
3476 5154 3615 5222 istam
3653 5165 3788 5222 qum-3

2199 5213 2412 5288 stionem
2431 5219 2554 5278 haec
2588 5219 2905 5288 sttljicittntur
2925 5231 2937 5268 :
2957 5215 3242 5288 notandum,
3273 5215 3402 5284 quod
3437 5220 3607 5288 Petrus
3632 5213 3790 5288 semel

2202 5287 2310 5332 ante
2335 5274 2543 5352 primum
2564 5272 2694 5352 galli
2718 5284 2910 5352 cantum
2935 5276 3123 5352 negarit
3137 5272 3436 5352 Dominum,

2202 5339 2346 5394 casse
2358 5339 2440 5406 qui
2461 5339 2700 5406 Christum
2720 5346 2829 5390 ante
2860 5339 3263 5406 resurrectionem
3290 5347 3560 5406 Deum
3584 5339 3678 5406 non
3699 5349 3790 5400 pu-

2202 5397 2435 5472 taverunt,
2463 5402 2567 5472 ejus
2603 5408 2753 5472 morte
2774 5401 2967 5453 turbati.
2997 5399 3123 5472 Illud
3158 5397 3462 5472 autemquod
3482 5397 3568 5472 .bt's
3590 5397 3789 5472 antesef

2203 5459 2553 5530 cundum'gelli
2576 5471 2800 5530 cautum,
2832 5476 2910 5530 eos
2944 5461 3029 5528 qui
3067 5474 3192 5530 nunc
3225 5459 3277 5510 in
3314 5459 3399 5530 illo
3422 5459 3498 5530 vel
3527 5459 3792 5510 secundum

2205 5537 2380 5587 Deum,
2403 5519 2476 5593 uel
2497 5528 2759 5593 secundum
2781 5519 3037 5593 hominem,
3061 5523 3134 5593 uel
3153 5523 3416 5593 secmt'dum
3449 5527 3698 5593 utrimque
3715 5532 3792 5593 ετξ

2203 5585 2388 5654 rant,_et
2411 5588 2520 5639 ideo
2542 5585 2784 5654 ueritatem
2801 5591 2976 5654 negant
2991 5591 3100 5636 ante
3124 5585 3349 5654 Ecclesiw
3371 5585 3790 5654 resurrectimtemf

2205 5657 2257 5717 ut
2275 5643 2457 5717 priuata
2471 5648 2589 5717 galli
2610 5653 2777 5698 cantus
2793 5643 3275 5717 intélligaturcapitis
3293 5643 3595 5717 resurrectio,
3617 5643 3702 5693 hoc
3719 5645 3788 5717 est

2205 5706 2357 5777 ipsius
2388 5706 2602 5779 Domini;
2625 5708 2864 5779 secundus
2887 5706 3044 5779 autem
3085 5706 3255 5779 ipsius,
3278 5706 3442 5779 sed-in.
3465 5706 3790 5779 corpore

2205 5769 2356 5826 uersae
2379 5769 2603 5822 Ecclesia:
2631 5783 2650 5820 :
2672 5783 2781 5833 quae
2807 5772 2985 5823 absunt
3003 5783 3032 5822 a
3053 5769 3246 5822 caeteris
3279 5769 3543 5830 callemus,
3580 5769 3791 5829 excepto

2205 5850 2306 5888 uno
2325 5844 2402 5885 us.
2427 5833 2748 5884 cistercicnsi.
