4074 6470
320 330 462 393 1333

1677 321 1880 379 LIBER
1919 319 2293 380 SECUNDUS.

3464 334 3603 391 153$

327 456 3567 490 MM

1275 532 1748 646 LIBER
1826 526 2670 642 SECUNDUS.

1360 725 1659 785 Quaestiones
1679 720 1729 771 in
1761 713 2076 779 Evangelium
2107 716 2373 767 secundum
2394 725 2578 770 Lucam.

1778 845 2151 904 amca-ie:

390 995 589 1062 Quas:
649 992 686 1048 l.
717 990 872 1064 (Luc.
894 1008 1008 1063 cap.
1039 1007 1088 1057 ι,
1131 990 1164 1060 Ῡ
1210 988 1299 1056 l5,
1328 982 1446 1057 ΞΟ]
1472 979 1621 1068 Quod
1639 975 1919 1034 Zacharias

318 1102 486 1141 orans
513 1100 612 1156 pro
635 1085 836 1157 populo
856 1127 872 1152 ,
902 1083 1049 1138 audit
1072 1083 1139 1136 ab
1168 1079 1357 1151 angelo
1377 1121 1391 1144 ,
1427 1074 1680 1131 Exaudita
1704 1080 1776 1126 est
1799 1085 1916 1124 ora‘

319 1180 393 1232 tio
438 1189 568 1244 tua;
606 1195 718 1234 ecce
756 1176 1019 1232 Elizabeth
1055 1192 1184 1230 uxor
1209 1184 1296 1226 tua
1323 1171 1566 1242 concipiet
1592 1177 1638 1222 et
1667 1165 1824 1236 pariet
1851 1163 1919 1233 ﬁ-

323 1269 449 1323 lium
470 1310 489 1336 ,
533 1280 582 1324 et
617 1269 814 1324 notabis
840 1285 1020 1323 nomen
1051 1268 1160 1337 eius
1186 1263 1479 1326 Joannem;
1507 1260 1680 1331 prituo
1709 1256 1811 1310 hoc
1836 1262 1920 1308 at-

326 1360 659 1417 tendendum
699 1369 814 1424 est,
852 1359 972 1429 quia
1003 1373 1106 1411 non
1137 1363 1221 1411 est
1245 1351 1530 1410 verisimile
1550 1360 1650 1416 ,ιιι
1675 1361 1796 1403 cum
1826 1359 1922 1415 pro

328 1451 516 1522 populi
559 1450 794 1521 peccatis
834 1450 918 1504 vel
950 1449 1120 1503 salute
1147 1447 1228 1502 vel
1255 1443 1620 1514 redemptione
1644 1439 1734 1494 ille
1758 1437 1921 1493 oli'cr-

328 1555 452 1612 ret,
484 1543 530 1599 si
556 1543 770 1616 quidem
796 1541 1026 1614 populus
1051 1555 1174 1596 eum
1203 1535 1546 1607 exspectabat
1573 1531 1882 1586 oﬁ‘erentem
1904 1569 1920 1594 ,

326 1635 471 1706 quod
497 1635 727 1705 potuerit
751 1633 952 1689 relictis
973 1630 1197 1704 publicis
1224 1629 1364 1683 votis
1391 1627 1550 1681 homo
1575 1638 1759 1686 senex,
1784 1635 1920 1676 uxo-

330 1743 447 1782 rem
474 1726 680 1782 habens
705 1741 864 1781 anum
890 1767 904 1792 ,
935 1739 1028 1795 pro
1054 1721 1378 1793 accipiendis
1405 1718 1526 1774 ﬁliis
1549 1731 1703 1772 orare
1734 1733 1748 1770 :
1779 1728 1920 1785 prae-

327 1821 514 1873 sertim
541 1819 666 1889 quia
688 1831 848 1873 nemo
873 1825 989 1873 orat
1016 1815 1260 1884 accipere
1277 1855 1290 1879 ,
1326 1811 1466 1882 quod
1495 1825 1554 1866 se
1580 1815 1922 1878 accepturum

326 1928 452 1968 esse
493 1911 745 1982 desperat
769 1928 785 1976 ;
815 1924 984 1979 usque
1009 1907 1143 1962 adeo
1166 1915 1345 1961 autem
1372 1904 1463 1958 ille
1484 1903 1593 1973 jam
1623 1916 1682 1956 se
1708 1898 1923 1953 habitu-

327 2019 447 2056 rum
495 2001 634 2056 ﬁlios
682 1999 1032 2070 desperabat,
1084 2005 1143 2053 ut
1189 1997 1292 2052 hoc
1337 1995 1528 2065 angelo
1587 1989 1920 2062 promittenti

324 2109 433 2148 non
460 2093 724 2148 crederet.
756 2091 896 2162 Ergo
920 2089 1060 2160 quod
1080 2088 1130 2144 ci
1150 2087 1360 2153 dicitur,
1385 2084 1644 2140 Exaudita
1669 2091 1740 2137 est
1761 2079 1922 2135 oratio

323 2195 414 2240 tua
432 2229 449 2251 ,
485 2201 580 2254 pro
607 2183 804 2254 populo
835 2180 1233 2252 intelligendum
1261 2186 1344 2236 est
1374 2195 1388 2234 :
1417 2175 1568 2247 cujus
1589 2173 1768 2244 populi
1789 2188 1922 2242 quo-

324 2277 473 2328 niam
512 2273 657 2330 salus
699 2283 754 2328 et
792 2271 1084 2341 redemptio
1122 2278 1176 2325 et
1217 2277 1552 2339 peccatorum
1583 2263 1800 2318 abolitio
1830 2275 1924 2332 per

326 2364 611 2419 Christum
652 2362 828 2418 futura
866 2371 1014 2428 erat,
1045 2361 1112 2416 ad
1139 2360 1240 2415 hoc
1266 2359 1535 2414 nuntiatur
1562 2354 1832 2411 Zachariae
1863 2351 1922 2406 ﬁ-

324 2455 431 2509 lius
477 2455 774 2510 nasciturus
794 2496 808 2518 ,
835 2455 956 2524 quia
987 2467 1285 2524 prtecursor
1309 2450 1507 2506 Christi
1533 2447 1919 2504 destinabatur.

321 2549 482 2618 Quod
523 2558 702 2605 autem
723 2549 772 2605 ei
796 2563 900 2604 non
921 2548 1159 2605 credenti
1187 2547 1394 2617 angelo,
1421 2544 1488 2600 ab
1513 2540 1705 2599 eodem
1733 2539 1923 2610 angelo

324 2643 556 2705 dicitur,
603 2640 671 2696 Et
707 2658 820 2696 ecce
858 2642 955 2694 eris
998 2649 1165 2694 tacens
1208 2638 1366 2692 donec
1402 2637 1709 2706 impleantur
1734 2634 1841 2688 lucc
1867 2632 1922 2686 in

325 2743 554 2804 tempore
586 2749 696 2799 suo,
740 2731 1137 2803 intelligendum
1162 2739 1243 2787 est
1270 2727 1595 2799 signiﬁcasse
1625 2725 1764 2796 quod
1794 2738 1923 2794 pro-

325 2826 504 2895 phetia
534 2840 703 2896 usque
729 2823 793 2880 ad
817 2824 1076 2880 Joannem
1094 2864 1108 2888 ,
1136 2831 1386 2892 tanquam
1415 2836 1445 2874 a
1469 2833 1604 2874 sono
1630 2817 1814 2873 sileret
1841 2816 1922 2869 in-

326 2916 633 2988 telligibiii;
677 2917 798 2988 quia
829 2931 936 2972 non
964 2925 1041 2971 est
1075 2915 1341 2971 intellecta
1361 2956 1374 2978 ,
1408 2911 1580 2968 donec
1612 2911 1667 2965 in
1697 2908 1922 2964 Domino

325 3011 707 3080 compleretur.

399 3107 464 3160 Il.
499 3104 601 3180 [lb.
642 3119 694 3172 v,
727 3104 902 3177 3-H.)
936 3102 1087 3170 Quod
1121 3101 1372 3156 Dominus
1401 3099 1468 3154 de
1497 3096 1738 3153 navicula
1767 3095 1923 3150 docet

327 3200 509 3253 turbas
527 3240 544 3263 ,
577 3198 894 3270 signiﬁcavit
923 3199 1023 3251 hoc
1053 3205 1261 3266 tempus
1285 3236 1299 3257 ,
1335 3191 1546 3263 quando
1571 3191 1829 3246 Dominus
1855 3188 1922 3244 de

327 3289 646 3344 auctoritate
692 3289 944 3344 Ecclesia:
997 3287 1153 3342 docet
1200 3294 1406 3356 gentes.
1453 3282 1604 3352 Quod
1666 3281 1919 3336 Dominus

328 3382 605 3436 ascendens
639 3382 692 3436 in
728 3383 926 3445 navim,
970 3398 1082 3452 qua:
1105 3391 1210 3434 erat
1235 3378 1376 3433 Petri
1399 3421 1412 3444 ,
1436 3385 1579 3448 rogat
1599 3393 1712 3431 eum
1735 3393 1766 3430 a
1787 3386 1921 3430 terra

329 3475 568 3529 reducere
612 3473 891 3546 pusillum,
938 3473 1198 3544 signiﬁcat
1237 3472 1320 3527 vel
1352 3478 1642 3541 temperate
1663 3467 1920 3524 utendum

328 3567 497 3621 verbo
521 3566 587 3620 ad
618 3567 797 3622 turbas
821 3609 837 3634 ,
868 3576 926 3621 ut
951 3581 1052 3621 nec
1074 3576 1280 3620 terrena
1304 3565 1381 3620 eis
1404 3564 1794 3634 prmcipiantur,
1819 3577 1922 3617 nec

330 3660 415 3712 sic
456 3674 488 3712 a
517 3657 742 3714 terrenis
768 3660 821 3712 in
850 3656 1191 3727 profundiora
1217 3663 1671 3711 sacramentorum
1699 3652 1919 3710 receda-

332 3757 430 3802 tur
451 3789 467 3809 ,
497 3757 555 3802 ut
579 3764 638 3803 ea
662 3749 869 3818 penitus
896 3765 1000 3802 non
1031 3748 1325 3818 intelligant
1349 3764 1362 3800 :
1388 3746 1474 3802 vel
1498 3745 1644 3816 prius
1666 3746 1716 3799 in
1741 3743 1919 3814 proxi-

333 3841 442 3895 mis
473 3840 772 3910 regionibus
799 3841 1046 3911 gentibus
1076 3839 1469 3910 prazdicandum
1495 3854 1509 3904 ;
1543 3844 1602 3891 ut
1629 3837 1769 3907 quod
1792 3835 1922 3891 dicit

333 3934 460 3986 item
507 3932 696 3997 Petro,
745 3931 856 3985 Duc
896 3933 950 3986 in
992 3932 1186 3999 altum,
1233 3938 1277 3985 et
1323 3930 1491 3985 laxate
1531 3930 1658 3984 retia
1679 3937 1842 3982 vestra
1865 3928 1920 3982 in

333 4033 599 4094 capturam
618 4067 634 4090 ,
665 4023 732 4078 ad
760 4024 1074 4079 remotiores
1103 4031 1288 4094 gentes
1307 4062 1322 4089 ,
1351 4022 1543 4092 quibus
1568 4030 1748 4090 postea
1778 4035 1916 4090 prae-

333 4117 565 4171 dicatum
611 4126 694 4171 est
717 4157 732 4180 ,
777 4115 1043 4186 pertineat
1075 4132 1087 4169 :
1121 4113 1274 4170 sicuti
1299 4112 1461 4168 Isaias
1486 4113 1643 4180 dicit,
1674 4111 1818 4166 Tolle
1845 4113 1918 4167 si-

333 4225 488 4278 gnum
526 4209 797 4277 ingentes,
829 4207 896 4261 ad
919 4224 1002 4262 eas
1027 4223 1137 4278 qua:
1164 4221 1321 4277 prape
1338 4246 1352 4272 ,
1381 4215 1428 4260 et
1452 4205 1519 4258 ad
1544 4221 1627 4260 eas
1646 4221 1758 4274 qua:
1776 4204 1921 4277 longe

334 4297 486 4366 (Isai.
518 4314 624 4352 an
645 4339 660 4365 ,
690 4297 785 4363 10,
818 4306 861 4352 et
886 4314 987 4352 Lvn
1009 4339 1024 4364 ,
1054 4295 1160 4369 l9).
1187 4295 1254 4352 Ut
1275 4295 1417 4366 quod
1441 4296 1599 4351 etiam
1621 4296 1753 4350 retia
1777 4311 1922 4349 rum-

335 4389 594 4458 pebautur
619 4390 840 4459 piscium
867 4389 1039 4458 capia,
1067 4395 1122 4444 et
1144 4387 1400 4442 navicula:
1428 4387 1661 4457 impleta:
1683 4396 1823 4453 sunt,
1849 4387 1918 4442 ita

333 4490 391 4535 ut
427 4490 832 4552 mergerentur,
871 4481 1133 4553 signiﬁcet
1157 4481 1430 4536 hominum
1457 4480 1746 4536 carnalium
1778 4479 1919 4534 mul-

332 4572 616 4628 titudinem
647 4582 842 4628 tantam
865 4572 1094 4630 futuram
1121 4574 1173 4628 in
1202 4573 1457 4641 Ecclesia,
1485 4574 1720 4630 utetiam
1745 4573 1920 4631 disru-

330 4664 517 4732 ptioae
537 4664 682 4734 pacis
703 4705 719 4729 ,
750 4665 1065 4720 exeuntibus
1091 4665 1212 4720 inde
1234 4664 1527 4720 baeresibus
1549 4672 1604 4719 et
1623 4665 1922 4720 schismati-

330 4757 450 4820 bus,
486 4765 631 4810 tanta
660 4764 977 4824 remaneret,
1007 4765 1061 4813 et
1091 4765 1234 4811 tanta
1261 4767 1401 4812 es$et
1423 4757 1595 4812 futura
1616 4758 1686 4811 illi
1705 4758 1922 4813 amissio

331 4847 457 4903 ﬁdei
505 4857 560 4903 et
606 4847 865 4904 bonorum
911 4864 1159 4916 morum,
1208 4859 1265 4904 ut
1291 4849 1505 4904 Christo
1529 4849 1708 4905 dicere
1737 4851 1922 4906 videa-

333 4948 420 4994 tur
454 4941 576 4996 talis
609 4939 846 4996 Ecclesia
867 4983 882 5008 ,
912 4940 1014 4996 Exi
1032 4958 1063 4994 a
1084 4959 1180 5006 me,
1209 4942 1325 5012 quia
1349 4951 1581 5013 peccator
1603 4947 1750 4996 homo
1771 4959 1920 4999 sum:

333 5041 587 5103 tanquam
613 5030 783 5088 turbis
809 5033 1099 5088 carnalium
1130 5032 1332 5103 repleta
1351 5075 1365 5100 ,
1397 5043 1450 5088 ct
1471 5048 1654 5089 eorum
1683 5035 1922 5093 moribus

331 5138 469 5194 pene
489 5123 803 5191 submersa,
833 5125 1072 5195 regimen
1102 5125 1488 5194 spiritualium,
1519 5127 1572 5181 in
1593 5127 1784 5198 quibus
1803 5143 1922 5182 ma-

332 5215 477 5269 xime
525 5214 722 5270 Christi
762 5229 991 5285 persona
1017 5215 1246 5284 eminet,
1275 5233 1304 5271 a
1333 5232 1393 5273 se
1417 5218 1644 5288 repellat
1661 5220 1920 5290 quodam-

332 5305 515 5360 modo.
542 5305 661 5362 Non
691 5305 832 5361 enim
864 5306 966 5363 hoc
985 5322 1116 5363 voce
1142 5307 1334 5379 linguae
1360 5309 1542 5364 dicunt
1563 5309 1806 5367 homines
1827 5312 1924 5368 bo-

332 5397 418 5453 nis
464 5398 721 5453 ministris
765 5399 901 5467 Dei,
943 5407 1002 5454 ut
1039 5414 1133 5455 eos
1179 5415 1210 5454 a
1255 5415 1312 5456 se
1337 5402 1596 5470 repellant
1627 5420 1639 5456 :
1670 5402 1762 5458 sed
1791 5419 1922 5460 voce

332 5502 541 5544 merum
568 5499 620 5544 et
641 5499 854 5544 actuum
880 5504 1096 5547 suorum
1123 5490 1348 5546 suadent
1371 5507 1403 5546 a
1427 5507 1485 5547 se
1507 5491 1714 5558 recedi,
1738 5509 1807 5550 ne
1827 5509 1923 5563 per

332 5579 503 5636 bonos
529 5591 822 5652 regantur;
849 5590 903 5636 et
926 5597 990 5637 eo
1011 5582 1378 5639 vehementius
1396 5625 1412 5652 ,
1435 5599 1543 5654 quo
1567 5584 1816 5641 delerunt
1842 5587 1922 5643 eis

333 5671 592 5727 honorem
612 5715 629 5740 ,
672 5681 727 5728 et
768 5681 948 5728 tamen
987 5673 1138 5730 factis
1179 5676 1288 5731 suis
1317 5690 1346 5730 a
1373 5691 1432 5734 se
1460 5676 1710 5736 recedere
1737 5678 1922 5734 admo-

332 5771 466 5823 nent
494 5781 508 5819 :
534 5774 593 5819 ut
616 5763 1075 5823 honoriﬁcentiam
1098 5781 1282 5824 eorum
1304 5767 1678 5840 signiﬁcaverit
1702 5771 1912 5837 Petrus.

2005 969 2224 1025 cadens
2252 971 2318 1026 ad
2340 971 2503 1042 pedes
2527 973 2733 1029 Domini
2758 991 2774 1044 ;
2801 989 2979 1033 mores
2998 985 3175 1034 autem
3205 980 3256 1036 in
3275 995 3344 1037 eo
3367 983 3506 1053 quod
3534 984 3588 1039 di
3603 1014 3617 1025 -

2027 1064 2138 1128 xit,
2186 1063 2288 1119 Emi
2347 1083 2380 1118 a
2419 1083 2536 1132 me,
2579 1066 2827 1138 Domine,
2871 1071 2988 1140 quia
3029 1083 3262 1143 peccator
3305 1075 3450 1130 homo
3477 1093 3612 1133 sum.

2027 1152 2179 1220 Quod
2208 1163 2383 1211 tamen
2407 1158 2527 1230 quia
2556 1173 2659 1212 non
2687 1158 2808 1216 l'ccit
2830 1161 3084 1218 Dominus
3107 1180 3121 1230 ;
3147 1181 3251 1219 non
3271 1167 3412 1221 enim
3439 1181 3614 1223 reces-

2027 1245 2097 1298 sit
2134 1245 2202 1300 ab
2238 1247 2316 1303 eis
2340 1289 2356 1315 ,
2399 1249 2493 1304 sed
2533 1265 2626 1305 eos
2666 1251 2939 1309 subductis
2977 1256 3198 1311 navibus
3232 1258 3298 1313 ad
3325 1258 3468 1314 littus
3495 1275 3616 1330 pcr-

2027 1334 2213 1402 duxit;
2261 1339 2524 1409 signiﬁcat
2567 1342 2620 1395 in
2660 1341 2815 1397 bonis
2855 1353 2910 1398 et
2943 1347 3306 1415 spiritualibus
3343 1349 3470 1404 viris
3507 1366 3613 1405 non

2004 1442 2146 1482 esse
2172 1437 2419 1498 oportere
2451 1431 2588 1487 hanc
2610 1433 2931 1488 voluntatem
2955 1475 2969 1499 ,
3002 1445 3059 1490 ut
3087 1439 3314 1506 peccatis
3340 1426 3612 1495 turbarum

2028 1523 2311 1589 commoti,
2353 1539 2459 1594 quo
2501 1525 2651 1594 quasi
2681 1527 2917 1582 securius
2945 1531 3376 1601 tranquilliusque
3401 1534 3613 1598 vivant,

2027 1631 2220 1672 munus
2258 1617 2676 1674 ecclesiasticum
2709 1619 2977 1676 deserant.
3017 1622 3167 1691 Quod
3203 1638 3330 1695 ergo
3361 1625 3616 1681 subductis

2027 1707 2096 1760 ad
2133 1716 2314 1761 terram
2359 1709 2602 1778 navibus,
2641 1710 2828 1766 relictis
2870 1713 3100 1766 omnibus
3142 1716 3299 1769 secuti
3343 1725 3462 1770 sunt
3497 1734 3614 1772 cum

2027 1797 2217 1853 Petrus
2239 1810 2293 1854 et
2311 1799 2543 1856 Iacobus
2563 1811 2616 1857 et
2636 1801 2869 1860 Joannes
2884 1846 2898 1870 ,
2931 1808 3107 1875 potest
3134 1807 3434 1878 signiﬁcare
3457 1809 3612 1864 ﬁnem

2027 1895 2313 1963 temporis,
2359 1909 2466 1965 quo
2505 1895 2572 1951 ab
2614 1895 2772 1965 hujus
2798 1897 2981 1953 mundi
3011 1899 3150 1966 salo,
3182 1899 3271 1970 qui
3299 1899 3512 1956 Christo
3537 1901 3618 1956 in-

2027 1984 2281 2041 haeserint
2300 2029 2314 2054 ,
2349 1989 2558 2057 penitus
2584 1990 2844 2044 recessuri
2867 1999 3011 2048 sunt.

2101 2077 2186 2131 lll.
2233 2077 2334 2150 [lb.
2379 2095 2433 2145 v,
2466 2077 2576 2152 14.]
2602 2081 2754 2146 Quod
2787 2081 3042 2137 Dominus
3069 2081 3193 2138 dicit
3226 2083 3434 2154 leproso
3459 2099 3616 2139 mun-

2027 2171 2151 2226 dato
2198 2189 2213 2227 :
2264 2171 2401 2226 Vade
2421 2216 2434 2238 ,
2469 2173 2674 2227 ostende
2699 2183 2745 2228 te
2767 2175 3050 2242 sacerdoti,
3079 2186 3125 2230 et
3154 2175 3282 2244 o/fer
3310 2193 3493 2231 ntunus
3523 2193 3615 2247 pro

2025 2265 2380 2320 emundatioue
2399 2275 2484 2320 tua
2503 2309 2517 2333 ,
2541 2266 2671 2322 sicut
2699 2271 2932 2340 prazcepit
2959 2267 3177 2344 Moyses,
3201 2270 3252 2323 in
3281 2271 3616 2324 testimonium

2027 2354 2167 2421 illis;
2215 2357 2302 2413 hic
2347 2357 2554 2414 videtur
2593 2361 2892 2430 approbare
2936 2362 3285 2426 sacriﬁcium,
3331 2363 3473 2432 quod
3517 2379 3614 2433 per

2027 2447 2244 2519 Moysen
2274 2459 2595 2520 praeceptum
2626 2460 2707 2506 est
2726 2493 2741 2518 ,
2773 2467 2894 2506 cum
2925 2452 2978 2506 id
3006 2469 3112 2508 non
3139 2455 3402 2524 receperit
3426 2456 3616 2512 Eccle-

2029 2538 2126 2593 sia.
2174 2539 2324 2606 Quod
2355 2539 2473 2594 idco
2497 2541 2719 2610 jussisse
2747 2541 2966 2614 intelligi
3000 2553 3206 2613 potest,
3233 2546 3352 2615 quia
3382 2544 3614 2601 nondum

2026 2643 2146 2684 esse
2188 2640 2422 2699 coeperat
2467 2630 2780 2686 sacriﬁcium
2823 2631 3076 2688 Sanctum
3103 2643 3406 2690 sanctorum
3427 2676 3444 2702 ,
3472 2637 3616 2706 quod

2027 2734 2221 2788 corpus
2258 2720 2375 2790 ejus
2413 2731 2514 2776 cst.
2558 2721 2803 2776 Nondum
2833 2724 2972 2777 enim
3007 2723 3058 2777 in
3084 2724 3330 2792 passione
3351 2725 3616 2781 obtulerat

2028 2811 2390 2868 holocaustum
2430 2828 2582 2869 suum
2603 2856 2618 2881 ,
2651 2831 2755 2884 quo
2785 2814 3044 2870 sacriﬁcio
3073 2816 3386 2870 conﬁrmato
3416 2817 3466 2871 in
3493 2833 3614 2873 crc-

2027 2903 2278 2958 dentibus
2325 2894 2562 2973 potiulis,
2604 2905 2858 2974 templum
2905 2906 3073 2974 ipsum
3109 2921 3352 2961 eversum
3379 2916 3491 2974 est,
3521 2908 3611 2963 ubi

2025 2991 2117 3046 illa
2163 2993 2418 3048 sacriﬁcia
2463 2995 2642 3049 offerri
2669 2995 2929 3050 solebant.
2960 2996 3072 3050 lloe
3098 3007 3275 3052 autem
3305 2997 3499 3052 factum
3529 3009 3614 3053 est

2025 3085 2320 3140 secundum
2365 3086 2696 3156 praphetiam
2744 3087 2976 3143 Dauielis
3022 3087 3180 3152 (Dan.
3228 3106 3316 3157 ix,
3352 3090 3466 3165 27).
3497 3091 3612 3147 Non

2025 3178 2166 3234 enim
2211 3179 2488 3248 oportebat
2522 3178 2717 3234 auferri
2744 3179 3089 3249 signiﬁcantia
3116 3181 3405 3250 saerilicia,
3437 3186 3614 3254 prius-

2025 3286 2182 3340 quam
2214 3269 2340 3324 illud
2371 3270 2512 3338 quod
2535 3271 2928 3341 signiﬁcabatur
2943 3271 3310 3328 conﬁrmatum
3329 3274 3471 3330 esset
3487 3291 3616 3331 con-

2027 3362 2308 3418 testatione
2334 3362 2711 3433 Apostolorum
2739 3363 3160 3434 prmdieantium,
3190 3374 3245 3421 et
3265 3366 3368 3422 ﬁde
3391 3369 3616 3424 creden-

2026 3453 2158 3508 tium
2187 3453 2524 3524 populorum.

2095 3543 2183 3601 Ν.
2227 3545 2326 3617 [lb.
2353 3561 2416 3613 v,
2467 3544 2680 3620 18-25.]
2713 3547 2787 3603 De
2826 3547 3116 3619 paralytico
3146 3565 3159 3602 :
3191 3557 3367 3618 potest
3395 3549 3616 3622 intelligi

2024 3639 2197 3694 anima
2245 3638 2500 3694 dissoluta
2544 3640 2831 3702 membris,
2881 3641 2980 3695 hoc
3011 3649 3090 3696 est
3118 3643 3271 3698 bonis
3295 3644 3617 3713 operationi-

2025 3733 2156 3799 bus,
2205 3733 2470 3788 Christum
2521 3749 2791 3803 qumrere,
2836 3734 2888 3788 id
2930 3742 3049 3801 est,
3093 3736 3420 3792 voluntatem
3459 3737 3614 3793 Verhi

2027 3823 2119 3878 Dei
2145 3841 2159 3889 ;
2188 3824 2430 3894 impediri
2457 3833 2635 3879 autem
2663 3825 2829 3879 turbis
2849 3867 2864 3892 ,
2893 3825 2993 3879 nisi
3021 3833 3160 3881 tecta
3179 3868 3193 3891 ,
3225 3827 3274 3880 id
3297 3836 3401 3894 est,
3429 3836 3615 3897 operta

2025 3916 2416 3985 Scripturarum
2445 3915 2675 3985 aperiat,
2703 3925 2760 3969 ut
2790 3932 2886 3986 per
2910 3915 3025 3970 haec
3052 3917 3115 3970 ad
3147 3917 3386 3972 notitiam
3417 3917 3616 3974 Christi

2026 4009 2330 4079 perveniat,
2374 4007 2476 4062 hoc
2510 4019 2591 4063 est
2611 4049 2625 4073 ,
2657 4009 2720 4063 ad
2747 4008 2863 4078 ejus
2895 4007 3242 4065 humilitatem
3271 4010 3389 4067 ﬁdei
3421 4011 3616 4082 pietate

2025 4101 2331 4157 descendat.
2367 4099 2430 4154 Hi
2451 4109 2627 4155 autem
2648 4115 2678 4154 a
2698 4099 2888 4170 quibus
2909 4099 3191 4170 deponitur
3209 4143 3224 4167 ,
3247 4101 3418 4158 bonos
3439 4104 3489 4158 in
3516 4089 3623 4159 Ec;

2025 4196 2184 4250 elesia
2226 4193 2472 4248 doctores
2516 4201 2739 4264 possunt
2764 4192 3082 4263 signiﬁcare.
3113 4193 3263 4262 Quod
3289 4204 3463 4250 autem
3493 4211 3614 4251 cum

2026 4285 2165 4340 lecto
2207 4284 2528 4354 deponitur,
2570 4283 2832 4354 signiﬁcat
2869 4285 2937 4340 ab
2978 4283 3193 4341 homine
3237 4287 3296 4340 in—
3327 4287 3424 4341 ista
3455 4302 3616 4343 carne

2025 4375 2200 4430 adhuc
2225 4375 2515 4430 constituto
2541 4374 2808 4429 Christum
2830 4374 3027 4431 debere
3049 4377 3319 4448 cognosci.
3345 4377 3512 4445 Quem
3537 4387 3616 4433 ta-

2026 4482 2150 4521 men
2193 4467 2386 4522 lectum
2434 4480 2595 4520 sanus
2632 4473 2816 4536 postea
2857 4466 3075 4537 jubetur
3097 4477 3342 4538 portare,
3374 4478 3428 4524 et
3457 4470 3534 4525 ire
3563 4471 3618 4526 in

2026 4557 2241 4612 domum
2265 4571 2412 4611 suam
2433 4597 2451 4624 ,
2473 4563 2531 4610 ut
2545 4555 2858 4612 remissione
2879 4565 3217 4626 peccatorum
3237 4558 3618 4615 convalescen-

2028 4649 2168 4704 tibus
2212 4663 2307 4718 per
2345 4661 2494 4716 spem
2531 4646 2723 4702 bonam
2763 4646 3024 4702 membris
3041 4647 3272 4716 animas,
3299 4648 3401 4704 hoc
3423 4663 3618 4720 corpus

2025 4747 2326 4794 restaurare
2355 4737 2677 4807 intelligatur
2704 4754 2717 4790 :
2747 4746 2806 4792 ut
2819 4738 2930 4806 jam
2952 4752 3056 4792 non
3084 4738 3139 4792 in
3163 4739 3465 4795 carnalibus
3485 4755 3618 4810 gau-

2027 4831 2129 4885 diis
2158 4839 2408 4899 tauquam
2437 4829 2487 4883 in
2519 4829 2658 4885 lecto
2678 4830 2976 4899 requiescat
2997 4830 3275 4886 inﬁrmitas
3297 4832 3457 4886 animi
3481 4849 3497 4898 ;
3521 4833 3615 4889 sed

2026 4922 2193 4992 magis
2220 4921 2331 4991 ipsa
2355 4921 2624 4976 contineat
2647 4920 2953 4977 affectiones
2972 4923 3212 4980 carnales
3231 4963 3247 4988 ,
3268 4932 3324 4979 ct
3347 4923 3528 4980 tendat
3548 4925 3611 4981 ad

2025 5013 2264 5082 requiem
2289 5019 2613 5067 secretorum
2640 5012 2818 5067 cordis
2838 5013 2939 5067 sui.

2097 5103 2164 5159 ν.
2204 5101 2305 5178 [lb.
2330 5105 2384 5158 ni
2410 5145 2425 5168 ,
2468 5101 2585 5176 25.]
2624 5103 2739 5158 Non
2769 5103 2998 5161 absurde
3020 5107 3244 5176 quzestio
3267 5108 3604 5178 proponitur,

2027 5197 2304 5265 Quomodo
2339 5198 2573 5268 potuerit
2609 5197 2742 5253 duos
2779 5208 2956 5269 patres
2989 5199 3189 5256 habere
3223 5199 3444 5271 Ioseph.
3481 5182 3611 5260 Nam

2027 5289 2310 5344 Matthmus
2338 5305 2460 5343 eum
2491 5289 2621 5345 dicit
2649 5291 2884 5360 genitum
2916 5289 2984 5346 ab
3012 5307 3078 5346 eo
3103 5291 3193 5361 qui
3217 5293 3506 5348 vocabatur
3527 5293 3612 5349 Ja-

2027 5381 2127 5436 cob
2163 5379 2377 5451 (Matth.
2416 5395 2469 5445 ι,
2501 5381 2591 5451 16)
2617 5396 2632 5447 ;
2662 5381 2831 5437 Lucas
2859 5396 2985 5436 vero
3014 5381 3178 5435 ﬁlium
3203 5396 3324 5438 esse
3349 5383 3475 5439 dicit
3499 5385 3615 5457 ejus

2027 5474 2116 5544 qui
2155 5472 2441 5528 vocabatur
2478 5472 2616 5529 Heli.
2657 5474 2837 5545 Neque
2876 5474 2979 5528 hoc
3016 5474 3135 5530 loco
3161 5475 3291 5532 illud
3314 5476 3419 5532 dici
3442 5488 3617 5548 potest

2027 5565 2167 5635 quod
2210 5579 2344 5620 unus
2381 5565 2542 5620 homo
2563 5606 2578 5632 ,
2606 5565 2742 5621 sicut
2766 5580 2873 5619 non
2899 5565 3070 5620 solum
3101 5567 3239 5638 apud
3259 5567 3455 5624 Gentes
3476 5610 3490 5627 .
3519 5571 3615 5626 sed

2029 5659 2186 5713 etiam
2226 5657 2365 5728 apud
2403 5656 2618 5713 Judaeos
2649 5656 2889 5712 accidere
2923 5657 3098 5715 solere
3127 5661 3461 5718 manifestum
3489 5672 3572 5718 est
3594 5704 3610 5729 ,

2030 5749 2132 5806 duo
2179 5749 2394 5806 nomina
2443 5749 2702 5804 habuerit.
2749 5748 2949 5807 Caetera
2982 5752 3123 5808 enim
3153 5753 3291 5810 serie
3317 5757 3605 5826 generatio
