4074 6466
497 385 637 444 1555

1342 368 1799 441 QU.-ESTl0NU.\i
1844 319 2399 425 EVANCELIORUM.
2439 363 2496 420 S.
2538 361 2906 423 AUGUSTINI

3620 369 3773 427 {3‘55

491 515 616 556 num
637 540 653 569 ,
698 497 787 569 qui
826 497 924 553 hoc
961 501 1138 566 putat,
1181 489 1335 546 facile
1376 489 1647 544 refellitur.
1676 482 1814 553 Quid
1837 484 1982 538 enim
2006 480 2072 534 de
2180 478 2364 533 missio
2383 489 2883 554 peecatorum,.qua:
2907 485 2998 540 illo
3022 489 3244 543 numero
3268 487 3612 560 signiﬁcatur.
3641 491 3758 547 Non

2099 555 2106 564 ο

2103 571 2111 580 ~

2105 592 2113 600 Α

487 590 639 657 avis,
677 589 878 654 atavis,
913 584 1158 657 proavis,
1192 581 1505 650 exterisque
1528 575 1815 648 majoribus
1833 573 2074 629 dicturus

488 689 606 747 est,
645 693 870 750 quorum
909 676 1120 732 diversa
1158 673 1372 730 nomina
1408 668 1602 739 singuli
1640 665 1989 735 Evangelistze
2017 661 2071 715 in

2097 599 2151 698 si

2178 570 2320 626 enim
2343 571 2681 644 inbaptismo
2700 576 2908 631 Domini
2937 579 3033 647 ipsi
3059 579 3281 635 Domino
3300 591 3512 651 peccata
3535 583 3766 640 dimissa.

2178 672 2321 727 sunt,
2351 664 2444 720 sed
2474 665 2585 734 ipsa
2614 666 2685 720 ibi
2712 669 2956 723 remissio
2984 679 3321 736 peccatorum
3347 674 3606 741 onmium,
3632 691 3758 745 qua:

491 738 604 825 sua.
627 738 849 838 quisque
873 765 1178 822 narratione
1203 738 1682 826 eoutexnnti'Quid
1710 765 1980 828 postremo
2004 752 2073 807 de
2179 756 2541 812 misericordia
2571 759 2686 828 ejus
2721 768 2776 815 et
2811 769 3072 830 potestate
3095 762 3287 819 donata
3317 773 3398 820 est
3424 738 3752 831 hominibus,

489 861 608 932 ipso
651 875 910 926 numero;
950 855 1376 929 quandoquidem
1402 853 1572 908 Lucas
1596 865 1627 904 a
1653 848 1878 904 Domino
1907 859 2074 915 usque

489 951 560 1007 ad
605 951 768 1008 David
811 948 1168 1022 quadraginta
1205 957 1314 1002 tres
1357 943 1724 1015 generationes
1759 945 2070 1002 enumerat,

489 1040 770 1098 Matthznus
806 1049 984 1097 autem
1025 1054 1055 1094 a
1101 1036 1264 1093 David
1299 1050 1468 1107 usque
1495 1034 1560 1090 ad
1589 1033 1867 1088 Dominum
1890 1029 2073 1099 viginti

491 1143 614 1191 octo
640 1134 721 1191 vel
750 1133 933 1206 viginti
953 1131 1201 1204 septem?
1225 1130 1369 1186 Certi
1395 1128 1539 1184 enim
1565 1123 1881 1182 sacramenti
1905 1121 2071 1193 gratia

460 1381 464 1388 ί
489 1318 733 1389 gratione
763 1332 899 1373 unus
923 1316 1007 1372 bis
1026 1323 1352 1371 numeratur.
1383 1308 1738 1380 Quterendum
1767 1307 1924 1378 igitur
1945 1318 2075 1375 quo-

489 1408 654 1464 modo
689 1408 824 1464 duos
861 1416 1045 1479 patres
1077 1405 1311 1477 potuerit
1349 1403 1546 1457 habere
1587 1398 1806 1469 Joscph.
1849 1397 1916 1452 Et
1943 1395 2075 1451 mihi

461 1567 466 1572 ε
488 1499 705 1570 quidem
728 1499 778 1553 in
802 1497 1090 1571 prementia.
1103 1505 1210 1552 tres
1229 1509 1403 1551 causa
1422 1499 1724 1558 occurrunt,
1743 1504 1965 1560 quarum
1986 1489 2079 1542 ali-

491 1605 653 1660 quam
704 1587 1044 1661 Evangelista
1089 1596 1303 1643 secutus
1331 1585 1423 1641 sit.
1475 1585 1584 1638 Aut
1614 1583 1754 1638 enim
1789 1593 1924 1636 unus
1959 1587 2076 1634 erat

489 1681 689 1752 Ioseph
712 1681 967 1736 naturalis
992 1689 1163 1752 pater,
1192 1687 1253 1736 et
1265 1678 1400 1733 alter
1426 1691 1550 1733 eum
1578 1675 1958 1745 adoptaverat:
1985 1679 2077 1726 aut

488 1787 642 1828 more
659 1771 987 1840 Iudaeorum,
1012 1785 1132 1827 cum
1152 1770 1268 1825 sine
1291 1767 1563 1823 ﬁliisunus
1582 1764 1920 1832 decessisset,
1940 1779 2072 1818 uxo-

488 1877 606 1920 rem
645 1863 760 1933 ejus
799 1862 1126 1934 propinquus
1162 1859 1428 1930 accipiens
1451 1899 1468 1926 ,
1513 1857 1680 1912 ﬁlium
1711 1871 1869 1926 quem
1897 1855 2078 1925 genuit

487 1953 790 2024 propinquo
834 1963 1046 2008 mortuo
1083 1951 1355 2022 deputavit
1393 1948 1568 2020 (Deut.
1615 1963 1753 2017 xxv,
1798 1947 1859 2010 5,
1895 1946 1991 2016 6);
2019 1953 2078 2000 ut

489 2060 612 2102 eum
638 2045 706 2101 ab
734 2045 904 2101 altero
932 2043 1085 2100 alteri
1110 2043 1320 2114 genitus
1343 2048 1485 2097 esset
1502 2039 1730 2108 Ioseph,
1755 2037 2076 2093 convenien-

488 2147 575 2195 ter
594 2139 729 2194 duos
746 2147 920 2208 patres
941 2136 1137 2192 habere
1155 2136 1440 2192 diceretur.
1463 2136 1569 2190 Aut
1585 2149 1721 2190 unus
1741 2132 2074 2203 Evangelista

487 2241 694 2302 patrem
733 2230 849 2300 ejus
874 2245 904 2284 a
931 2244 1036 2300 quo
1061 2229 1270 2301 genitus
1292 2237 1410 2297 est,
1435 2226 1763 2292 nominavit;
1791 2226 1926 2280 alter
1947 2237 2076 2278 vero

2120 847 2139 913 ἶ
2177 862 2276 917 per
2299 847 2450 902 illum
2479 848 2799 919 baptismum
2829 851 3041 907 Domini
3079 862 3134 908 et
3175 869 3270 923 per
3294 855 3442 910 illum
3474 874 3757 913 numerum

2117 951 2139 1020 χλ
2177 939 2577 1008 generationum
2607 952 2917 999 consecrata
2943 953 3104 1014 atque
3147 945 3353 1016 signata
3390 957 3492 1003 est.
3533 949 3641 1004 Nec
3677 959 3760 1005 te-

2118 1025 2158 1110 _I,,
2177 1045 2325 1086 mere
2352 1030 2606 1087 Dominus
2630 1042 2685 1089 et
2711 1033 2906 1106 frustra
2930 1037 3319 1107 septuagesima
3344 1045 3398 1093 ct
3423 1039 3654 1109 septima
3669 1057 3761 1108 ge-

2125 1128 2136 1200 ἦ
2178 1123 2453 1178 neratione
2480 1125 2626 1179 venit
2650 1125 2942 1182 aboliturus
2967 1129 3143 1182 omnia
3170 1138 3408 1199 peccata,
3437 1131 3536 1186 nisi
3562 1132 3683 1202 quia
3707 1133 3756 1186 in

491 1240 663 1296 usque
705 1224 781 1279 ad
807 1222 1320 1293 transmigrationem
1336 1259 1363 1287 ,
1381 1227 1436 1274 et
1459 1218 1526 1273 ab
1551 1217 1661 1287 ipsa
1684 1215 1808 1270 item
1831 1211 2075 1268 transmi-
2123 1252 2130 1286 ;

2178 1212 2270 1268 illo
2297 1229 2520 1270 numero
2539 1216 2735 1287 aliquid
2755 1218 2903 1287 latet,
2925 1219 3067 1290 quod
3091 1221 3158 1276 ad
3183 1221 3620 1292 signiﬁcationem
3640 1240 3761 1294 per-

2131 1301 2137 1311 '
2179 1305 2346 1360 tineat
2369 1307 2607 1362 omnium
2633 1319 2994 1379 peccatorum.
3025 1311 3140 1368 Hoc
3160 1325 3335 1368 autem
3373 1314 3424 1368 in
3466 1314 3759 1375 undenario

487 2321 578 2378 vel
604 2337 760 2377 avum
789 2330 1127 2387 maternum,
1160 2320 1244 2376 vel
1267 2319 1494 2390 aliquem
1515 2317 1583 2374 de
1605 2314 2076 2388 coguatismajori-
2124 2317 2132 2325 ‘

487 2411 591 2468 bus
627 2413 836 2483 posuit,
863 2412 948 2467 cui
971 2420 1187 2482 propter
1209 2409 1683 2480 consanguinitatis
1705 2406 1994 2472 vinculum,
2021 2405 2075 2459 in

489 2505 590 2562 ﬁlii
627 2507 746 2562 loco
777 2505 973 2575 Joseph
1009 2519 1115 2560 non
1139 2502 1369 2559 absurde
1389 2501 1801 2557 constitueretur
1821 2541 1836 2566 ,
1868 2507 1927 2553 ut
1953 2497 2076 2552 inde

489 2598 601 2668 jam
640 2612 810 2668 usque
857 2597 925 2653 ad
967 2595 1134 2652 David
1178 2610 1282 2651 non
1322 2594 1569 2650 eumdem
1617 2609 1773 2664 quem
1800 2591 2076 2648 Mattlueus

490 2689 894 2760 generationum
937 2687 1180 2744 ordinem
1210 2695 1431 2742 tereret.
1476 2685 1532 2741 lu
1563 2687 1754 2756 quibus
1785 2685 1957 2740 causis
1987 2683 2076 2739 illa

493 2781 706 2837 videtur
735 2780 964 2846 inﬁrma,
993 2793 1153 2848 quam
1195 2778 1434 2834 secundo
1461 2778 1580 2833 loco
1603 2777 1874 2847 posuimus
1908 2795 1920 2830 :
1951 2776 2076 2846 quia

491 2889 616 2929 eum
655 2874 878 2944 quisque
918 2871 1057 2942 apud
1093 2870 1306 2926 Iudaeos
1347 2869 1598 2924 defuncto
1641 2869 1804 2924 fratre
1847 2867 1929 2922 vel
1955 2882 2080 2938 pro-

492 2965 695 3036 pinquo
741 2965 943 3035 prolem
988 2961 1056 3018 de
1098 2975 1264 3016 uxore
1289 2959 1405 3031 ejus
1433 2959 1751 3025 exsuscitat,
1782 2958 1907 3013 illud
1933 2958 2076 3028 quod

495 3056 730 3112 nascitur
770 3070 962 3110 nomen
1005 3051 1237 3109 defuncti
1266 3053 1402 3108 solet
1426 3052 1668 3121 accipere
1698 3051 1792 3121 (a).
1822 3051 1962 3120 Ergo
1988 3059 2079 3104 aut

493 3147 711 3218 adoptio
739 3145 896 3201 solvit
921 3145 1075 3200 istam
1103 3143 1450 3214 qumstionem
1471 3183 1486 3209 ,
1513 3149 1614 3196 aut.
1628 3141 1774 3212 origo
1795 3141 2074 3209 majorum,

495 3247 586 3293 aut
611 3237 783 3307 aliqua
807 3236 908 3290 alia
936 3250 1097 3291 causa
1120 3277 1134 3300 ,
1158 3249 1275 3305 qua:
1303 3233 1530 3290 nobisin
1561 3234 1838 3304 praesentia
1861 3250 1965 3288 non
1983 3250 2076 3290 oc-

497 3329 680 3384 currit.
701 3325 1034 3396 Quapropter
1059 3333 1200 3380 tanta
1227 3334 1306 3380 est
1326 3339 1510 3380 eorum
1533 3323 1924 3394 dementia,qui
1951 3323 2080 3379 faci-

498 3417 600 3472 lius
642 3415 945 3472 dilabuutur
982 3415 1049 3470 ad
1091 3415 1543 3484 Evangelistarum
1569 3415 1797 3484 aliquem
1827 3414 1894 3470 de
1923 3430 2077 3469 men-

499 3508 652 3564 dacio
694 3506 1109 3571 criminandum,
1150 3521 1309 3576 quam
1351 3520 1540 3560 causas
1575 3513 1842 3575 qumrant,
1881 3521 1975 3559 cur
1999 3506 2080 3560 di-

499 3615 653 3657 versa
692 3609 901 3670 patrum
944 3599 1154 3653 nomina
1195 3596 1388 3667 singuli
1426 3597 1958 3652 commemoraverint
1981 3637 1996 3660 ,
2025 3605 2082 3650 ut

499 3701 705 3747 temere
725 3690 930 3745 dicatur
951 3689 1084 3745 duas
1113 3686 1252 3743 solas
1271 3702 1390 3743 esse
1409 3701 1595 3741 causas
1609 3726 1623 3751 ,
1647 3687 1835 3757 quibus
1862 3687 1912 3740 id
1938 3697 2080 3742 recte

500 3783 616 3840 ﬁeri
655 3783 886 3851 potuerit
905 3823 931 3848 ,,
957 3795 1078 3836 cum
1119 3789 1294 3834 tamen
1317 3779 1384 3834 ad
1406 3778 1712 3834 solvendam
1735 3779 2078 3850 quaestionem

501 3874 586 3941 vel
612 3889 769 3930 unam
797 3872 1035 3928 invenire
1059 3869 1307 3927 suﬁiciat.

475 3950 480 4031 ζ
572 3966 662 4022 vr.
706 3964 805 4039 [ιδ.
831 3981 908 4030 ιιι,
937 3961 1150 4036 25-38.]
1169 3962 1304 4030 Quid
1326 3962 1425 4018 sibi
1447 3961 1573 4018 velit
1591 3961 1729 4032 quod
1752 3960 2082 4030 septuaginta

503 4068 708 4130 septem
741 4072 982 4128 persona:
1006 4056 1295 4111 secundum
1324 4055 1712 4124 generationes,
1752 4069 1883 4123 quas
1913 4053 2081 4108 Lucas

505 4158 720 4212 secutus
745 4157 846 4214 est,
874 4146 1232 4211 inveniuntur,
1267 4145 1431 4216 qumri
1455 4153 1647 4214 potest.
1676 4144 1806 4198 Nam
1841 4152 1894 4199 et
1924 4143 2082 4213 hujus

505 4239 716 4298 numeri
767 4237 1091 4294 mentionem
1136 4235 1388 4290 Dominus
1417 4233 1564 4301 fecit,
1595 4249 1714 4290 cum
1745 4250 1866 4291 eum
1896 4235 2083 4290 Petrus

505 4331 575 4386 de
602 4327 927 4384 dimittendis
950 4326 1177 4396 peccatis
1195 4324 1371 4380 fratris
1393 4325 1786 4396 interrogasset.
1810 4326 1896 4380 Ait
1916 4325 2080 4392 enim,

506 4433 615 4475 non
644 4418 815 4474 solum
845 4416 1059 4486 septies,
1092 4414 1185 4470 sed
1213 4415 1518 4486 septuagies
1537 4415 1733 4484 septies
1755 4429 1874 4470 esse
1907 4415 2086 4469 dimit-

505 4511 725 4567 tendum
747 4509 958 4581 (Matth.
984 4523 1144 4575 xvtu,
1158 4507 1274 4580 22).
1311 4507 1464 4564 Unde
1489 4519 1632 4563 recte
1667 4508 1901 4564 creditur
1934 4523 2085 4563 com-

507 4602 894 4658 memoratione
915 4599 1073 4670 hujus
1094 4599 1298 4655 numeri
1324 4600 1498 4654 omnia
1531 4609 1742 4669 peccata
1758 4599 1982 4670 jussisse
2005 4601 2086 4655 di-

505 4697 675 4764 mitti;
705 4693 1132 4768 quandoquidem
1175 4694 1288 4765 ipse
1327 4708 1422 4762 per
1449 4709 1605 4764 quem
1651 4703 1864 4764 peccata
1906 4695 2084 4748 omnia

505 4787 726 4843 dimissa
755 4793 896 4853 sunt,
926 4785 1312 4856 septuagesima
1354 4791 1409 4840 et
1457 4784 1680 4853 septima
1720 4785 2081 4854 generatione,

503 4876 797 4934 secundum
822 4876 1156 4947 evangelista:
1187 4875 1464 4931 memorati
1495 4875 1874 4940 testimonium,
1896 4877 1960 4930 ad
1990 4875 2087 4930 ho-

504 4971 680 5028 mines
709 4968 1011 5024 humaniter
1037 4967 1219 5023 venire
1246 4967 1489 5038 dignatus
1529 4975 1630 5023 est.
1676 4967 2084 5024 Convenientis-

503 5061 642 5118 sime
665 5071 865 5126 autem,
894 5075 1014 5116 cum
1052 5059 1122 5116 sit
1148 5059 1310 5116 etiam
1350 5060 1450 5114 alia
1490 5060 1656 5116 series
1683 5061 2084 5130 generationum

503 5168 665 5225 quam
692 5151 970 5208 Matthtcus
1009 5149 1236 5222 explicat
1270 5148 1377 5222 (Id.
1424 5165 1462 5217 ι,
1499 5149 1674 5220 1-17),
1717 5150 1854 5206 hanc
1882 5151 1972 5206 ille
2001 5161 2082 5208 te-

503 5245 642 5312 nuit,
669 5244 758 5315 qui
781 5242 1047 5312 baptizata
1071 5241 1294 5295 Domino
1319 5240 1688 5310 generationes
1717 5241 1859 5310 ipsas
1881 5258 1974 5310 per
1993 5258 2082 5298 se-

504 5334 776 5406 ptuaginta
802 5343 857 5388 et
881 5341 1086 5402 septem
1120 5344 1372 5400 personas
1397 5344 1608 5384 sursum
1645 5344 1832 5386 versus
1857 5345 2082 5386 enume-

503 5434 608 5482 rat.
638 5425 768 5480 Nam
796 5433 850 5480 et
877 5423 1080 5479 reditus
1104 5429 1254 5477 estet
1277 5428 1526 5492 tanquam
1540 5436 1793 5477 ascensus
1808 5421 1873 5476 ad
1893 5422 2081 5492 Deum,

503 5515 590 5571 cui
629 5523 751 5586 post
786 5522 1126 5584 peccatorum
1155 5510 1494 5566 abolitionem
1525 5512 1952 5580 reconciliamur,
1983 5528 2081 5568 ex-

505 5619 743 5678 pressus,
775 5619 897 5660 cum
925 5618 1136 5658 sursum
1182 5617 1369 5658 versus
1408 5617 1503 5673 per
1554 5603 1672 5658 illas
1715 5604 2084 5674 generationes

503 5696 827 5752 ascenditur.
860 5693 927 5747 Et
953 5693 1136 5764 utique
1163 5709 1257 5764 per
1284 5693 1610 5766 Baptismum
1638 5692 1697 5752 ﬁt
1720 5695 1954 5755 omnium
1993 5711 2083 5756 re-

570 5809 641 5874 (α)
663 5814 866 5862 ttetract.
890 5807 974 5860 lib.
998 5806 1048 5874 2,
1067 5819 1172 5872 cap.
1201 5805 1274 5858 12.

2178 1402 2234 1450 et
2261 1397 2566 1465 septenario
2592 1398 3179 1457 eonsiderandumest:
3211 1402 3303 1472 qui
3335 1405 3542 1459 numeri
3574 1421 3670 1475 per
3696 1422 3757 1463 se

2179 1487 2620 1558 multiplicati,.ad
2647 1497 2852 1544 tantum
2879 1494 3222 1560 perveniunt;
3252 1509 3374 1547 nam
3406 1493 3654 1551 undecies
3674 1512 3760 1554 se-

2178 1589 2323 1649 ptem
2349 1579 2434 1634 vel
2450 1580 2648 1650 septies
2666 1579 2936 1647 undecim,
2960 1583 3292 1652 septuaginta
3313 1593 3584 1655 etseptem
3602 1587 3754 1642 ﬁunt.

2180 1669 2435 1726 Undecim
2464 1680 2642 1727 autem
2688 1674 3162 1744 transgressionem
3190 1673 3394 1730 denarii
3421 1677 3757 1748 signiﬁcant:

2178 1777 2240 1818 ac
2279 1763 2325 1818 si
2363 1763 2418 1818 in
2447 1763 2668 1819 denario
2717 1765 2974 1835 perfectio
3019 1766 3366 1823 beatitudinis
3410 1769 3767 1841 signiﬁcatur,

2178 1856 2321 1912 unde
2363 1865 2448 1912 est
2487 1858 2650 1912 etiam
2683 1858 2834 1926 illud,
2865 1859 3008 1930 quod
3051 1873 3240 1916 omnes
3280 1861 3526 1918 conducti
3567 1864 3634 1918 ad
3679 1866 3759 1921 vi-

2179 1947 2590 2015 neam,denario
2627 1959 3036 2004 remunerantur
3072 1949 3091 2021 (
3121 1948 3206 2003 Id.
3227 1951 3657 2024 xx,2-l0),quod
3699 1955 3758 2008 ﬁt

2178 2055 2302 2095 eum
2333 2040 2631 2109 septenaria
2661 2050 2900 2096 creatura
2929 2042 3174 2098 Trinitati
3212 2043 3480 2100 Creatoris
3511 2047 3758 2116 adjungi-

2179 2140 2294 2198 tur;
2327 2130 2666 2186 manifestum
2689 2141 2772 2187 est
2792 2133 2932 2204 quod
2959 2135 3310 2204 transgressio
3333 2135 3534 2190 denarii
3565 2150 3756 2205 pecca-

2180 2229 2290 2275 tum
2339 2220 2600 2290 signiﬁcat
2659 2236 2754 2292 per
2791 2223 3092 2292 superbiam
3148 2224 3266 2293 plus
3313 2225 3508 2294 aliquid
3554 2225 3750 2281 habere

2179 2313 2459 2384 cupientis,
2477 2323 2532 2370 ct
2559 2314 2914 2385 integritatem
2939 2315 3421 2387 perfectionemque
3446 2318 3755 2372 amitteutis.

2180 2409 2294 2464 Hoc
2322 2417 2500 2464 autem
2532 2409 2732 2478 septies
2753 2418 3032 2479 propterea
3061 2409 3290 2478 ducitur,
3331 2419 3388 2465 ut
3415 2419 3559 2466 motu
3581 2413 3734 2488 homi

2180 2501 2263 2555 nis
2291 2500 2426 2555 facta
2455 2501 2785 2572 signiﬁcetur
2809 2501 2896 2556 illa
2924 2503 3296 2572 transgressio.
3325 2502 3582 2558 Ternario
3611 2504 3754 2559 enim

2180 2607 2404 2647 numero
2434 2593 2746 2662 incorporea
2791 2607 2914 2662 pars
2943 2592 3172 2648 hominis
3217 2593 3569 2664 signiﬁcatur;
3616 2595 3758 2651 unde

2180 2695 2263 2740 est
2285 2686 2426 2756 quod
2455 2703 2527 2742 ex
2551 2695 2660 2740 toto
2689 2687 2869 2753 corde,
2911 2695 2964 2742 et
2999 2703 3066 2742 ex
3096 2696 3202 2742 tota
3223 2688 3420 2753 anima,
3465 2697 3520 2744 et
3555 2703 3620 2746 ex
3649 2696 3755 2742 tota

2179 2789 2359 2831 mente
2382 2777 2632 2846 jubemur
2659 2777 2878 2848 diligere
2907 2778 3071 2833 Deum
3099 2778 3273 2849 (Deut.
3309 2795 3384 2848 vr,
3411 2779 3466 2846 5,
3494 2788 3538 2834 et
3567 2779 3755 2834 Matth.

2181 2884 2312 2936 xm,
2345 2869 2469 2940 37.):
2499 2869 2841 2939 qualernario
2867 2885 2994 2925 vero
3019 2886 3243 2940 corpus;
3268 2871 3448 2925 multis
3471 2871 3613 2926 enim
3644 2885 3760 2927 mo-

2180 2960 2262 3015 dis
2278 2961 2658 3031 quadripartita
2677 2962 2938 3017 invenitur
2953 2973 3137 3018 natura
3157 2964 3416 3034 corporis.
3437 2963 3514 3018 Ex
3535 2963 3618 3020 his
3633 2979 3760 3035 ergo

2181 3052 2479 3122 conjunctis
2496 3051 2656 3108 homo
2675 3062 2946 3120 constans,
2964 3067 3068 3107 non
3092 3053 3321 3123 absurde
3341 3053 3645 3124 septenario
3661 3069 3759 3108 nu-

2182 3158 2332 3198 mero
2361 3141 2704 3212 signiﬁcatur.
2732 3142 2907 3198 Motus
2922 3151 3096 3197 autem
3115 3143 3167 3198 in
3196 3144 3431 3199 numeris
3449 3159 3557 3200 non
3578 3145 3758 3215 expri-

2181 3235 2484 3297 mitur,cutu
2502 3232 3095 3301 dicimus,Unum,,duo,
3116 3233 3237 3302 tria,
3256 3245 3500 3306 quatuor,
3518 3246 3645 3299 etc.;
3665 3237 3756 3291 sed

2182 3339 2301 3380 cum
2327 3325 2572 3388 dicimus,
2601 3325 2801 3389 Semel,
2826 3325 2928 3392 his,
2968 3335 3067 3392 ter,
3091 3335 3277 3396 quater
3297 3345 3316 3403 :_
3337 3339 3678 3397 quaprOpter,
3708 3339 3762 3383 ut

2181 3417 2420 3485 dixi,non
2437 3424 2639 3486 septem
2655 3426 2709 3470 et
2725 3417 2993 3485 undecim,
3009 3418 3102 3472 sed
3113 3418 3308 3487 septies
3321 3419 3582 3483 undecim,
3600 3420 3758 3489 signi-

2185 3509 2374 3564 ﬁcatur
2396 3509 2767 3578 transgressio,
2795 3524 2913 3578 qua:
2930 3519 3074 3563 motu
3101 3509 3235 3564 facta
3262 3520 3345 3564 est
3369 3511 3597 3566 hominis
3630 3528 3758 3582 pec-

2183 3602 2374 3665 cantis,
2409 3600 2510 3655 hoc
2537 3609 2618 3654 est
2643 3599 2981 3670 perfectionis
3001 3617 3110 3656 suae
3131 3602 3471 3657 stabilitatem
3497 3611 3762 3674 transgre-

2184 3691 2378 3747 dientis
2403 3691 2688 3761 cupiditate
2727 3693 2953 3762 amplius
2991 3692 3190 3762 aliquid
3237 3693 3497 3759 habendi;
3531 3702 3587 3748 ut
3617 3703 3777 3750 tauto-

2187 3792 2306 3851 post
2335 3797 2428 3850 per
2466 3782 2778 3852 prophetam
2817 3784 3008 3838 animze
3031 3783 3319 3849 diceretur,
3349 3783 3632 3854 Sperabas,
3661 3787 3704 3842 si
3732 3803 3760 3842 a

2185 3889 2271 3928 me
2286 3873 2645 3937 discessisses,
2665 3873 2858 3942 aliquid
2881 3875 3105 3944 amplius
3133 3885 3182 3930 te
3211 3876 3539 3929 habituram?
3564 3877 3639 3930 Ex
3658 3894 3762 3947 quo

2186 3965 2314 4018 vitio
2347 3963 2609 4032 superbiae
2637 3963 2812 4016 omnia
2839 3974 3052 4032 peccata
3094 3965 3412 4018 silvescunt:
3437 3981 3554 4034 quae
3587 3977 3773 4022 tamen.

2186 4056 2542 4119 dimittuntur,
2571 4069 2688 4108 cum
2711 4053 3012 4122 septuagies
3029 4055 3226 4123 septies
3247 4056 3622 4124 ignoscendum
3643 4073 3762 4113 esse

2186 4148 2536 4202 admonemur
2557 4145 2766 4215 (Matth.
2796 4161 2952 4210 xvut,
2973 4145 3090 4215 2‘2),
3114 4154 3169 4199 ut
3189 4146 3542 4217 intelligamus
3562 4150 3762 4204 nullum

2188 4249 2458 4308 peccatum
2482 4237 2671 4307 excipi,
2701 4235 2840 4306 quod
2864 4235 3136 4306 pmnitenti
3158 4246 3211 4291 et
3231 4238 3436 4294 veniam
3459 4239 3763 4309 deprecanti

2190 4347 2284 4402 per
2314 4330 2625 4394 Ecclesiam,
2654 4329 3104 4400 cujuspersonam
3131 4329 3318 4384 Petrus
3336 4339 3527 4400 gestat,
3557 4348 3663 4388 non
3682 4334 3765 4389 di~

2189 4421 2444 4477 mittatur.

2263 4513 2371 4568 VII.
2414 4511 2509 4586 [lb.
2535 4527 2610 4578 vr,
2639 4508 2717 4583 9.]
2737 4509 2887 4579 Quod
2925 4510 3054 4566 dicit
3076 4511 3329 4568 Dominus
3356 4512 3569 4580 Jud.ris,
3608 4515 3674 4571 de
3703 4533 3776 4574 eo.

2190 4605 2279 4676 qui
2303 4605 2528 4660 habebat
2553 4619 2766 4658 manum
2797 4604 3068 4658 dexteram
3095 4605 3317 4671 aridam,
3340 4605 3666 4679 lnlerrogabo
3684 4627 3767 4666 ros

2189 4696 2236 4750 si
2259 4696 2370 4750 licet
2394 4694 2596 4750 sabbato
2616 4693 2737 4748 bene
2761 4695 2945 4764 facere,
2965 4712 3030 4748 an
3056 4695 3218 4759 male;
3241 4697 3462 4750 animam
3477 4700 3665 4752 salvam
3682 4701 3768 4770 fa-

2191 4803 2317 4851 cere,
2333 4803 2396 4839 an
2416 4786 2640 4857 perdere.
2660 4785 2945 4852 Qumritur,
2964 4802 3082 4840 cum
3097 4803 3289 4857 corpus
3304 4791 3586 4857 curaverit,
3606 4808 3771 4862 quare

2191 4878 2267 4932 sic
2291 4878 2714 4946 interrogaverit,
2744 4877 2964 4930 animam
2993 4878 3182 4932 saluam
3213 4882 3409 4949 facere,
3440 4898 3505 4934 an
3540 4883 3766 4952 perdere.

2193 4968 2289 5024 Vel
2316 4967 2454 5037 quod
2483 4967 2570 5020 illa
2598 4968 2848 5021 miracula
2877 4971 3094 5037 propter
3120 4969 3275 5023 ﬁdem
3303 4969 3547 5037 faciebat,
3577 4973 3662 5028 ubi
3686 4990 3773 5031 sa-

2189 5057 2270 5113 lus
2291 5068 2371 5114 est
2399 5058 2622 5112 anima):
2653 5059 2735 5112 vel
2759 5057 2902 5128 quod
2928 5057 3038 5128 ipsa
3065 5057 3269 5113 sanatio
3298 5075 3484 5113 manus
3509 5061 3770 5133 dexterm,

2189 5150 2412 5205 Saintem
2435 5149 2626 5203 animm
2642 5149 2994 5218 signiﬁcabat,
3021 5165 3138 5219 quae
3163 5165 3194 5203 a
3220 5150 3371 5206 bonis
3389 5153 3639 5221 Operibus
3659 5171 3776 5212 ces-

2189 5257 2334 5308 sans,
2365 5241 2568 5296 aridam
2607 5241 3002 5312 quodammodo
3029 5241 3302 5296 dexteram
3336 5243 3532 5300 habere
3557 5245 3778 5302 videba-

2189 5342 2307 5388 tur:
2340 5333 2420 5388 vel
2448 5333 2680 5386 auimam
2712 5347 2809 5402 pro
2839 5331 3054 5387 homine
3081 5333 3275 5404 posuit,
3312 5333 3451 5390 sicut
3477 5335 3583 5393 dici
3615 5339 3774 5406 solet,

2189 5422 2292 5478 Tot
2317 5422 2506 5476 animae
2533 5422 2603 5476 ibi
2635 5422 2864 5477 fuerunt.

2261 5523 2394 5579 Vill.
2436 5522 2534 5595 [lb.
2563 5539 2636 5589 vt,
2665 5521 2778 5595 '58.]
2798 5522 2948 5591 Quod
2979 5523 3235 5580 Dominus
3260 5525 3408 5593 dicit,
3433 5526 3590 5594 Date,
3607 5539 3654 5584 et
3683 5545 3776 5584 aa-
3809 5563 3820 5606 -_

2190 5613 2322 5670 bitur
2349 5613 2505 5680 vobis,
2533 5630 2822 5667 mensuram
2861 5614 3066 5680 bonam,
3093 5616 3371 5684 confertam
3397 5626 3444 5671 et
3472 5620 3775 5688 coagilatam

2188 5714 2239 5762 ct
2261 5706 2687 5776 supereﬂiuentem
2702 5704 2890 5758 dabunt
2917 5705 2968 5758 in
2995 5706 3162 5759 sinum
3183 5717 3422 5774 vestrum,
3446 5723 3513 5762 ex
3540 5709 3626 5763 illa
3653 5728 3767 5766 seu-

2191 5797 2356 5857 tentia
2379 5798 2542 5870 accipi
2569 5806 2762 5870 potest,
2792 5812 2894 5869 qua
2917 5797 3047 5855 dicit
3066 5806 3119 5857 et
3138 5798 3244 5856 alio
3271 5799 3405 5870 loco,
3439 5800 3510 5880 Ut
3532 5802 3629 5874 ipsi
3647 5807 3768 5861 reci.
