4074 6478
286 406 427 461 1⁸55⁸2

284 524 430 590 piunt
453 536 543 575 ros
566 520 617 572 in
644 528 829 572 averna
853 512 1171 570 tabernacula
1200 514 1347 582 (Luc.
1381 529 1487 579 xvn,
1519 511 1611 583 9):
1644 520 1702 566 ut
1730 506 1869 581 plebi

282 618 612 680 preceptum
642 624 761 663 esse
788 608 1045 672 videatur,
1076 606 1217 677 quod
1246 606 1442 667 dictum
1484 612 1585 671 est,
1632 603 1778 667 Date,
1823 611 1873 656 et

280 702 488 755 dubitur
514 701 676 755 vobis.
714 699 1014 754 Secundum
1042 714 1199 769 quam
1227 696 1541 751 sententiam
1571 696 1699 750 dicit
1720 695 1867 763 Apo-

279 792 472 858 stolus,
501 790 844 846 Communicet
868 790 954 859 qui
976 789 1311 842 catecltizatur
1336 786 1502 851 verba,
1532 787 1577 839 ci
1599 787 1686 855 qui
1709 802 1763 839 se
1785 801 1871 837 ca-

282 885 524 948 tecln'zat,
547 884 602 937 in
630 882 857 937 omnibus
881 882 1023 935 bonis
1044 879 1239 953 (Galat.
1268 879 1447 950 vu,6).
1473 877 1590 933 Non
1618 877 1759 932 enim
1785 876 1870 931 di-

279 984 453 1040 reret,
490 974 682 1029 dabunt
705 974 757 1027 in
783 974 949 1027 sinum
973 981 1206 1037 vestrum,
1243 972 1344 1025 nisi
1383 970 1505 1040 quia
1532 985 1627 1039 per
1659 969 1869 1025 illorum

282 1067 505 1131 tuerita,
533 1066 727 1135 quibus
770 1065 853 1119 vel
899 1064 1116 1119 calicem
1145 1078 1296 1133 aqua:
1340 1062 1545 1133 frigidae
1574 1063 1626 1118 in
1656 1063 1873 1120 nomine

278 1155 534 1224 discipuli
564 1155 833 1219 dederint,
865 1155 1165 1210 mercedem
1190 1153 1473 1211 coalestem‘
1491 1153 1729 1224 recipere
1754 1168 1871 1209 mc-

279 1246 547 1300 rebuntur
576 1246 787 1318 (Matth.
819 1262 874 1309 x,
903 1244 1015 1319 ἃ).

355 1357 448 1411 IX.
495 1356 596 1429 [Ib.
626 1373 701 1422 v1,
729 1357 1010 1431 39.]Quod
1037 1360 1292 1415 Dominus
1317 1359 1465 1427 dicit,
1490 1357 1753 1430 Numquid
1776 1374 1870 1429 po-

282 1456 378 1500 mt
393 1464 561 1501 ca'cus
580 1464 767 1503 aecum
791 1449 1009 1504 ducere?
1027 1466 1189 1504 nonne
1207 1451 1354 1505 ambo
1375 1451 1427 1504 in
1452 1451 1644 1520 foueam
1664 1449 1874 1503 cadunt?

286 1542 516 1595 [urmssc
556 1538 659 1593 hoc
693 1540 818 1599 ideo
846 1542 1198 1612 subjunxerit,
1230 1559 1297 1598 ne
1325 1555 1600 1613 sperarent
1620 1558 1651 1597 a
1674 1543 1873 1597 Levitis

283 1647 347 1687 re
362 1643 679 1701 accepturos
710 1650 1009 1690 mensuram
1032 1636 1173 1695 illam
1200 1638 1266 1692 de
1287 1652 1387 1708 qua
1418 1637 1579 1705 dixit,
1600 1636 1874 1691 Dabuntin

291 1727 455 1780 unum
482 1737 726 1793 vestrum,
772 1729 1018 1797 quoniam
1049 1730 1178 1798 ipsis
1221 1730 1418 1785 dabant
1443 1730 1697 1785 decimas.
1727 1728 1873 1796 Quos

286 1831 459 1870 crocos
487 1816 643 1883 dixit,
675 1819 797 1888 quia
829 1820 1167 1888 Evangelium
1200 1836 1303 1875 non
1332 1830 1600 1889 tenerent;
1631 1831 1687 1876 ut
1726 1822 1870 1876 illam

286 1909 771 1963 remunerationem
799 1925 894 1979 per
920 1910 1205 1981 discipulos
1251 1913 1460 1967 Domini
1508 1915 1684 1983 potius
1723 1915 1875 1983 plebs

286 1999 547 2067 inciperet
570 1999 681 2068 jam
712 2015 927 2068 sperare
964 2019 987 2057 :t
1009 2017 1143 2072 quos
1186 2003 1479 2058 imitatores
1519 2019 1647 2059 suos
1688 2005 1874 2058 volens

285 2089 593 2155 ostendere,
622 2090 823 2147 addidit
846 2090 1027 2160 etiam,
1061 2091 1182 2147 Non
1202 2103 1277 2148 est
1296 2094 1575 2164 discipulus
1597 2112 1747 2165 super
1765 2112 1875 2148 ma—

283 2180 517 2247 gislrum.

350 2292 423 2346 Χ.
470 2292 575 2365 [11).
600 2310 675 2359 vt,
704 2296 793 2359 47,
816 2296 929 2369 48.]
947 2297 1097 2364 Quod
1125 2299 1377 2353 Dominus
1406 2300 1551 2366 dicit,
1584 2300 1760 2355 Omnis
1785 2303 1874 2373 qui

282 2386 413 2437 venit
432 2385 506 2437 ad
525 2401 624 2449 me,
655 2396 701 2438 et
723 2386 865 2439 audit
892 2404 1143 2441 sermones
1172 2405 1324 2455 meos,
1355 2399 1401 2443 et
1424 2391 1545 2458 facit
1566 2407 1667 2457 eos,
1700 2402 1871 2447 osten-

282 2477 398 2529 dam
436 2477 579 2531 vobis
622 2479 703 2531 cui
729 2479 909 2533 similis
933 2482 1035 2533 sit:
1060 2482 1241 2535 similis
1282 2492 1352 2535 est
1382 2483 1572 2537 homini
1598 2485 1869 2552 redi/icrmti

282 2570 511 2635 domum,
540 2572 629 2640 qui
658 2572 785 2639 fodit
816 2574 868 2625 in
889 2573 1067 2639 altum,
1098 2585 1143 2627 et
1170 2576 1337 2643 posuit
1363 2576 1741 2645 fundamentum
1780 2595 1871 2631 su-

284 2678 371 2728 per
396 2670 633 2729 petram;
664 2662 845 2718 fodere
872 2664 1024 2729 dixit,
1060 2666 1353 2721 humilitate
1380 2666 1664 2721 christiana
1693 2669 1870 2722 omnia

284 2758 497 2807 terrena
539 2754 822 2810 exhaurire
867 2756 934 2809 de
971 2757 1131 2812 corde
1160 2773 1275 2819 suo,
1319 2775 1386 2814 ne
1424 2769 1639 2829 prepler
1673 2759 1871 2829 aliquid

285 2844 389 2898 tale
421 2844 590 2900 Deum
612 2846 775 2900 colat.
805 2848 859 2901 In
886 2848 1049 2902 altum
1079 2858 1253 2904 autem
1277 2850 1476 2917 fodere,
1495 2850 1664 2905 donec
1692 2849 1756 2904 ad
1778 2866 1871 2922 pe-

283 2942 418 2987 tram
449 2936 763 3004 perveniat:
792 2938 844 2991 in
890 2948 1089 2993 tantum
1121 2939 1387 2995 Christum
1426 2942 1593 3012 gratis
1618 2943 1787 3011 sequi,
1818 2952 1873 2997 et

283 3025 449 3093 gratis
462 3041 587 3081 eum
603 3028 801 3093 colere,
822 3038 879 3083 nt
895 3045 997 3084 non
1020 3032 1190 3086 solum
1212 3049 1316 3087 non
1345 3044 1560 3104 propter
1582 3035 1867 3104 superflua,

284 3117 374 3171 sed
396 3132 497 3172 nec
514 3130 735 3189 propter
759 3121 843 3176 illa
864 3137 981 3192 quae
998 3123 1247 3179 videntur
1266 3127 1386 3180 huic
1406 3128 1526 3181 vita:
1550 3127 1865 3194 necessaria,

283 3220 337 3262 et
363 3226 483 3279 qua:
512 3210 629 3265 sine
657 3211 809 3281 culpa
836 3228 865 3267 a
894 3216 1080 3283 quovis
1104 3215 1248 3285 justo
1273 3217 1407 3271 sumi
1443 3225 1492 3272 et
1535 3217 1717 3271 haberi
1750 3232 1872 3286 pos-

286 3309 429 3364 sunt,
459 3308 638 3356 tamen
686 3306 991 3374 temporalia
1020 3314 1177 3377 atque
1207 3317 1414 3362 terrena
1443 3318 1586 3376 sunt,
1615 3309 1871 3365 colendus

248 3449 257 3461 ,
284 3388 423 3445 Deus
452 3402 693 3462 putetur.

351 3502 446 3556 XI.
489 3503 591 3577 [Ib.
622 3521 717 3569 vn,
748 3506 817 3561 32
844 3508 963 3583 55.]
998 3508 1071 3564 De
1098 3511 1272 3582 pueris
1301 3513 1608 3570 sedentibus
1652 3514 1701 3568 in
1734 3514 1866 3584 foro,

282 3606 335 3651 et
360 3598 429 3651 ad
469 3598 697 3653 invicem
726 3601 1101 3670 clamantibus,
1139 3619 1397 3661 converso
1427 3608 1614 3663 ordine
1644 3608 1711 3662 ad
1743 3625 1870 3677 pro-

278 3689 463 3755 posita
478 3690 764 3759 respondit.
794 3692 926 3748 Nam
951 3696 1089 3763 quod
1120 3697 1216 3761 ait,
1245 3698 1665 3765 Lamentavimus,
1698 3711 1745 3755 et
1770 3720 1870 3757 non

279 3780 554 3848 plorastis,
580 3783 642 3835 ad
664 3782 918 3839 Joannem
948 3786 1195 3856 pertinet,
1218 3789 1367 3857 cujus
1394 3790 1710 3846 abstinentia
1739 3808 1767 3846 a
1794 3794 1871 3847 ci-

282 3871 364 3926 bis
386 3880 442 3926 et
464 3882 617 3942 potu,
650 3874 846 3929 luctum
876 3879 1198 3946 pu‘nitentiac
1225 3882 1569 3950 signiﬁcabat.
1601 3885 1750 3951 Quod
1779 3903 1873 3940 au-

284 3970 392 4015 tem
422 3962 518 4027 ait,
552 3963 876 4022 Cantavimus
916 3967 1066 4037 tibiis,
1098 3980 1144 4024 et
1184 3988 1283 4025 non
1310 3973 1548 4042 saltaslis,
1589 3976 1654 4030 ad
1695 3977 1869 4047 ipsum

285 4053 589 4122 Dominum,
620 4057 709 4126 qui
736 4060 933 4113 utendo
954 4076 1074 4115 cum
1102 4064 1309 4118 caeteris
1337 4065 1456 4119 cibo
1478 4076 1527 4119 et
1553 4077 1699 4136 potu,
1732 4070 1869 4123 lucti-

286 4145 412 4197 tiam
442 4147 592 4216 regni
613 4147 886 4217 ﬁgurabat.
911 4151 980 4204 At
1000 4152 1072 4205 illi
1096 4169 1192 4207 nec
1216 4154 1477 4211 humiliari
1500 4174 1619 4212 cum
1641 4160 1865 4231 Joanne,

285 4249 383 4289 nec
410 4249 535 4289 cum
577 4236 789 4293 Christo
832 4241 1063 4309 gaudere
1104 4244 1410 4313 voluerunt;
1444 4248 1678 4306 dicentes
1721 4252 1867 4307 illum

283 4325 608 4382 dzemonium
640 4329 858 4397 habere,
890 4332 1047 4387 istum
1095 4350 1340 4391 voracem
1388 4347 1442 4392 et
1488 4340 1781 4409 ebriosum,
1815 4352 1871 4399 et

283 4417 513 4471 amicum
563 4420 964 4488 publicanorum
1010 4432 1063 4478 ct
1105 4436 1461 4494 peccatorum.
1494 4430 1646 4497 Quod
1692 4443 1868 4489 autem

284 4510 578 4580 subjungit,
610 4511 675 4565 Et
694 4514 978 4583 justi/icata
1012 4527 1085 4570 est
1126 4519 1374 4587 sapientia
1402 4521 1463 4574 ab
1491 4525 1722 4579 omnibus
1747 4527 1877 4594 ﬁliis

282 4603 407 4668 suis,
434 4603 674 4657 ostendit
699 4605 835 4659 ﬁlios
877 4608 1148 4677 sapientia:
1188 4610 1504 4682 intelligere,
1539 4631 1638 4671 nec
1666 4617 1717 4671 in
1747 4620 1869 4673 abs-

282 4693 522 4759 tinendo,
576 4710 677 4749 nec
726 4697 777 4749 in
814 4699 1179 4755 manducando
1208 4716 1326 4758 esse
1366 4705 1649 4774 justitiam,
1692 4709 1784 4764 sed
1814 4710 1865 4765 in

281 4786 689 4853 aequanimitate
711 4788 970 4843 tolerandi
1001 4790 1253 4862 inopiam,
1289 4804 1342 4848 et
1381 4800 1724 4866 temperantia
1773 4817 1868 4870 per

280 4876 660 4932 abundantiam
712 4895 817 4934 non
863 4896 922 4935 se
958 4887 1356 4954 corrumpendi,
1389 4897 1545 4960 atque
1571 4902 1867 4961 Opportune

280 4968 528 5022 sumendi
559 4970 643 5023 vel
672 4986 776 5024 non
807 4974 1047 5028 sumendi
1074 4991 1135 5030 ea
1165 4992 1391 5046 quorum
1431 4996 1535 5035 non
1582 4998 1729 5050 usus,
1771 4986 1865 5039 sed

281 5059 709 5129 concupiscentia
736 5065 1173 5131 reprehendenda
1202 5076 1305 5123 est.
1334 5068 1452 5125 Non
1477 5073 1618 5126 enim
1645 5074 1867 5130 interest

283 5150 503 5204 omnino
525 5152 650 5221 quid
674 5153 1044 5210 alimentorum
1073 5172 1271 5226 sumas,
1294 5170 1353 5215 ut
1370 5178 1649 5218 succurras
1676 5181 1864 5222 neces-

281 5242 707 5313 sitatieorporis,
748 5247 1036 5305 dummodo
1063 5268 1324 5324 congruas
1362 5256 1415 5311 in
1444 5260 1728 5327 generibus
1765 5263 1863 5316 ali-

281 5344 585 5391 mentorum
614 5337 695 5393 his
719 5354 839 5394 cum
881 5344 1073 5412 quibus
1115 5346 1205 5402 tibi
1246 5349 1523 5404 vivendum
1553 5363 1653 5407 est.
1682 5338 1865 5425 Neque

280 5435 538 5493 quantum
556 5442 755 5498 sumas,
781 5435 1000 5488 multum
1023 5435 1271 5505 interest;
1294 5455 1413 5495 cum
1436 5442 1707 5500 videamus
1729 5446 1862 5501 alio-

280 5531 402 5572 rum
430 5521 767 5577 stomachum
797 5525 952 5583 citius
989 5530 1190 5597 satiari,
1221 5546 1275 5586 et
1304 5548 1397 5588 eos
1430 5544 1603 5591 tamen
1642 5538 1714 5592 illi
1762 5540 1862 5611 ipsi

280 5622 446 5677 parvo
488 5626 594 5680 quo
638 5614 917 5682 satiantur,
963 5620 1231 5687 ardenter,
1276 5633 1331 5679 et
1359 5624 1774 5692 intolerabiliter,
1809 5640 1863 5687 et

280 5702 499 5755 omnino
524 5705 750 5775 turpiter
774 5707 1008 5766 inhiare:
1030 5712 1163 5769 alios
1187 5723 1362 5771 autem
1384 5718 1623 5787 plusculo
1648 5724 1858 5791 quidem

278 5794 482 5868 satiari,
512 5799 606 5857 sed
638 5801 961 5864 tolerabilius
989 5807 1219 5881 inepiam
1250 5813 1473 5885 perpeti,
1520 5824 1573 5872 et
1619 5817 1701 5875 vel
1738 5830 1859 5877 ante

1637 388 1840 453 LIBER
1878 384 2251 445 SECUNDUS.

3449 387 3551 443 338

1977 515 2070 557 ora
2090 505 2107 536 ¹
2138 505 2334 574 positas
2359 506 2562 576 epulas,
2590 507 2635 562 si
2662 506 2713 562 id
2740 506 2792 560 in
2822 514 3059 576 tempore
3088 515 3173 560 aut
3198 521 3331 576 opus
3352 506 3438 572 sit,
3460 516 3550 560 aut

1975 608 2194 649 necesse
2234 596 2322 662 sit,
2366 612 2487 651 cum
2525 597 2903 668 tranquillitate
2940 584 3198 666 aspicere,
3232 613 3401 665 neque
3431 606 3547 652 tan-

1974 701 2118 756 gere.
2150 686 2313 756 Magis
2341 703 2466 759 crgo
2506 690 2743 756 interest,
2774 704 2877 742 non
2905 687 3029 759 quid
3057 688 3139 742 vel
3166 697 3419 758 quantum
3448 687 3550 741 ali-

1976 786 2274 831 mentorum
2305 793 2399 847 pro
2434 780 2773 849 congruentia
2804 779 3076 833 hominum
3118 788 3276 848 atque
3304 794 3549 849 persona:

1976 883 2085 921 suae
2110 880 2162 922 et
2188 883 2413 938 prosum
2432 869 2742 925 valetudinis
2764 871 3077 926 necessitate
3094 870 3211 941 quis
3237 871 3437 940 capiat;
3457 869 3548 923 sed

1974 966 2171 1028 quanta
2208 958 2459 1015 facilitate
2501 970 2658 1030 atque
2685 961 2970 1016 serenitate
3002 962 3160 1015 animi
3188 968 3386 1027 careat,
3428 975 3548 1013 cum

1976 1047 2060 1102 bis
2086 1049 2169 1103 vel
2196 1058 2407 1117 oportet
2430 1049 2511 1105 vel
2550 1050 2707 1105 etiam
2738 1066 2954 1106 necesse
2982 1062 3066 1108 est
3093 1066 3306 1107 carere:
3336 1060 3392 1104 ut
3419 1051 3545 1105 illud

1976 1139 2237 1194 inanimo
2269 1139 2537 1195 christiani
2565 1142 2888 1211 compleatur
2918 1142 3057 1212 quod
3090 1141 3546 1211 Apostolusdicit,

1981 1249 2000 1283 ι
2024 1230 2144 1286 Scio
2171 1240 2225 1286 et
2252 1233 2423 1287 minus
2452 1232 2667 1298 habere,
2703 1234 2813 1287 seio
2837 1241 2890 1288 et
2909 1232 3179 1288 abundare
3203 1232 3279 1304 (in
3306 1232 3550 1287 omnibus

1975 1325 2031 1376 et
2050 1321 2102 1375 in
2133 1322 2378 1376 omnibus
2405 1323 2636 1378 imbutus
2664 1321 2827 1396 sum),
2856 1331 2910 1377 et
2947 1324 3125 1379 satiari
3156 1333 3210 1378 et
3239 1323 3462 1388 esurire,
3494 1331 3548 1376 et

1975 1412 2245 1468 abundare
2287 1423 2343 1468 et
2366 1414 2638 1483 penuriam
2667 1415 2773 1484 pati
2798 1432 2809 1466 :
2838 1414 3013 1468 omnia
3042 1429 3252 1483 possum
3285 1413 3335 1467 in
3366 1428 3431 1467 eo
3459 1412 3545 1482 qui

1976 1519 2062 1558 me
2091 1504 2349 1559 confortat
2376 1504 2630 1576 (Philipp.
2650 1520 2723 1570 tv,
2748 1506 2832 1569 12,
2865 1505 2983 1575 15);
3011 1515 3064 1559 et
3088 1504 3264 1569 iilud,t
3288 1503 3469 1576 Neque
3500 1503 3544 1556 si

1976 1595 2489 1663 manducaverimus,
2520 1596 2941 1660 abundabimus;
2973 1610 3145 1664 neque
3185 1592 3231 1649 si
3262 1609 3363 1647 non
3394 1574 3548 1646 man-

1976 1686 2362 1752 ducaverimus,
2385 1687 2658 1757 egebimus
2686 1686 2735 1759 (1
2755 1686 2871 1740 Cor.
2893 1701 3006 1751 vttt,
3027 1685 3112 1754 8),;
3143 1694 3196 1739 et
3221 1683 3370 1745 illud.
3385 1702 3403 1735 ι
3433 1682 3546 1743 Non

1976 1788 2057 1832 est
2080 1778 2220 1832 enim
2248 1794 2466 1848 regnum
2494 1778 2587 1831 Dei
2614 1793 2733 1832 esca
2764 1785 2819 1832 et
2839 1785 3021 1847 potus,
3037 1775 3343 1845 sed‘justitia
3372 1783 3426 1829 et
3450 1790 3549 1843 pas

1976 1879 2027 1925 et
2047 1869 2315 1940 gaudium.
2344 1889 2362 1922 ι
2390 1870 2456 1924 Ει
2477 1870 2596 1940 quia
2618 1870 2792 1923 solent
2816 1869 3059 1924 homines
3081 1869 3300 1921 multum
3323 1866 3550 1937 gaudere

1976 1959 2042 2014 de
2070 1960 2370 2016 earnalibus
2395 1960 2586 2030 epulis,
2614 1960 2835 2026 addidit,
2863 1960 2914 2012 in
2945 1957 3143 2031 Spiritu
3170 1966 3344 2012 sancto
3371 1955 3545 2027 (Rom.

1975 2066 2088 2116 xuv,
2121 2049 2231 2121 l7).
2260 2051 2583 2107 Justiﬁeatur
2610 2067 2738 2122 ergo
2767 2051 3023 2120 sapientia
3062 2050 3129 2104 ab
3158 2050 3400 2104 omnibus
3430 2048 3552 2105 filiis

1926 2180 1933 2185 ρ
1976 2142 2108 2208 suis,
2138 2142 2225 2211 qui
2253 2142 2550 2211 intelligunt
2587 2142 2794 2196 utendis
2840 2139 3064 2195 terrenis
3095 2150 3330 2208 tempora
3357 2152 3553 2208 oppor-

1978 2241 2104 2286 tuna
2131 2248 2250 2287 esse
2272 2232 2495 2298 debere;
2530 2232 2831 2286 facilitatem
2857 2246 2984 2286 vero
3012 2228 3226 2284 carendi
3259 2228 3470 2291 talibus,
3499 2236 3554 2281 et

1975 2335 2212 2376 amorem
2256 2321 2473 2377 fruendi
2509 2321 2742 2389 aeternis,
2791 2336 2899 2380 non
2949 2318 3142 2374 variari
3186 2326 3433 2388 oportere
3458 2332 3553 2386 per

1974 2420 2234 2481 tempora,
2264 2411 2355 2466 sed
2386 2420 2643 2482 perpetuo
2673 2411 2909 2467 retineri.

2047 2504 2161 2561 XII.
2204 2504 2303 2579 [Ib.
2334 2521 2444 2571 vut,
2476 2503 2601 2580 16.].
2626 2503 2776 2571 Quod
2809 2504 3062 2559 Dominus
3085 2503 3176 2570 ait,
3202 2500 3364 2557 Nemo
3387 2510 3555 2555 autem

1977 2596 2232 2651 lucernam
2259 2596 2529 2650 accendens
2571 2598 2730 2665 operit
2758 2613 2865 2650 eam
2898 2613 3032 2666 vase,
3059 2604 3145 2649 aut
3171 2596 3345 2651 subtus
3371 2594 3551 2648 lectum

1977 2690 2148 2759 ponit;
2176 2689 2265 2743 sed
2292 2707 2443 2759 super
2470 2689 2824 2744 candelabrum
2847 2690 3006 2759 ponit,
3026 2697 3079 2742 ut
3099 2689 3340 2742 intrantes
3359 2687 3555 2741 videant

1977 2781 2180 2845 lunten;
2210 2783 2297 2851 qui
2329 2782 2545 2836 verbum
2577 2783 2669 2836 Dei
2698 2782 2888 2835 timore
2914 2780 3205 2835 carnalium
3255 2780 3553 2834 incommo-

1977 2874 2163 2928 dorum
2191 2875 2486 2938 abscondit,
2517 2874 2683 2942 ipsam
2706 2874 2886 2944 utique
2911 2888 3124 2928 carnem
3157 2872 3415 2942 przeponit
3440 2886 3555 2926 ma-

1978 2963 2299 3018 nifestationi
2328 2963 2585 3030 veritatis,
2616 2972 2669 3017 et
2688 2979 2749 3017 ea
2780 2963 2927 3033 quasi
2958 2962 3199 3031 cooperit
3226 2961 3467 3026 verbum,
3493 2960 3555 3015 ti-

1976 3055 2169 3109 mendo
2212 3055 2531 3124 prmdieare:
2557 3070 2672 3110 eam
2710 3054 2885 3124 itaque
2925 3054 3066 3108 vasis
3091 3061 3144 3107 et
3171 3054 3291 3108 lecti
3337 3052 3552 3106 nomine

1974 3146 2277 3216 appellavit,
2309 3146 2407 3201 sub
2432 3160 2536 3217 quo
2564 3144 2833 3201 lucernam
2862 3160 3060 3216 ponere
3086 3145 3161 3201 ait
3186 3160 3307 3201 eum
3336 3144 3427 3216 qui
3456 3142 3556 3199 hoc

1976 3238 2120 3294 facit.

2047 3332 2181 3388 XIII.
2206 3330 2305 3404 [Ib.
2330 3348 2444 3398 VIII,
2465 3330 2676 3404 26-39.)
2697 3330 2847 3399 Quod
2868 3331 2919 3386 in
2940 3330 3153 3401 regione
3171 3328 3556 3387 Gerasenorum

1976 3426 2179 3480 curavit
2212 3426 2463 3479 Dominus
2489 3440 2609 3479 eum
2638 3425 2691 3477 in
2721 3440 2825 3493 quo
2845 3432 2962 3478 erat
2990 3424 3126 3493 legio
3150 3421 3555 3485 dzrmoniorum,

1976 3516 2282 3587 signiﬁcata:
2301 3526 2421 3570 sunt
2438 3514 2634 3571 Gentes
2656 3531 2773 3585 quae
2800 3515 2977 3569 multis
3001 3514 3331 3569 dxemonibus
3361 3514 3556 3567 servie~

1976 3606 2121 3662 bant.
2164 3607 2314 3675 Quod
2343 3607 2459 3662 sine
2480 3608 2795 3663 vestimento
2821 3614 2964 3674 erat,
2989 3620 3093 3675 non
3121 3605 3349 3659 ltabebat
3373 3605 3554 3670 fidem,

1975 3706 2079 3752 etc.
2120 3697 2270 3763 Quod
2308 3697 2359 3750 in
2387 3698 2545 3752 domo
2573 3713 2674 3751 non
2704 3697 2993 3761 habitabat,
3029 3697 3079 3750 in
3109 3695 3426 3750 conscientia
3463 3709 3555 3750 sua

1976 3805 2082 3843 non
2110 3789 2490 3859 requiescebat.
2532 3789 2681 3856 Quod
2713 3789 2762 3841 in
2804 3788 3158 3841 monumentis
3197 3786 3473 3849 manebat,
3504 3786 3557 3838 iu

1977 3881 2198 3935 mortuis
2220 3880 2489 3949 operibus,
2508 3880 2607 3933 hoc
2630 3888 2711 3933 est
2738 3879 2981 3949 peccatis,
3003 3876 3379 3932 delectabatur.
3403 3877 3555 3942 Quod

1975 3981 2152 4027 autem
2182 3972 2525 4042 compedibus
2559 3972 2743 4027 ferreis
2770 3980 2823 4026 et
2847 3971 3048 4026 catenis
3074 3971 3361 4042 ligabatur,
3395 3970 3556 4040 signi-

1977 4066 2099 4120 ﬁcat
2120 4082 2307 4136 graves
2334 4076 2387 4121 et
2415 4066 2572 4121 duras
2600 4065 2744 4135 leges
2776 4064 3022 4120 Gentium
3043 4105 3058 4130 ,
3089 4064 3278 4135 quibus
3302 4072 3356 4118 et
3382 4062 3433 4116 in
3461 4077 3554 4139 co,-

1974 4174 2090 4213 rum
2112 4158 2379 4228 republica
2403 4166 2611 4228 peccata
2633 4156 2966 4212 cohibentur.
2985 4156 3132 4223 Quod
3154 4156 3311 4211 etiam
3333 4155 3558 4210 vinculis

1976 4249 2168 4303 talibus
2194 4249 2447 4318 disruptis
2476 4249 2728 4317 agebatur
2756 4263 2782 4299 a
2806 4247 3068 4301 daemonio
3099 4246 3148 4300 in
3186 4261 3420 4301 eremum
3443 4286 3457 4310 ,
3485 4246 3556 4300 si-

1974 4339 2184 4410 gniﬁcat
2214 4341 2352 4409 quod
2398 4341 2555 4393 etiam
2592 4339 2719 4408 ipsis
2749 4339 3091 4405 transngSsis
3137 4338 3371 4407 legibus,
3399 4332 3463 4389 ad
3491 4352 3555 4392 ea

1972 4432 2171 4485 scelera
2200 4431 2483 4499 cupiditate
2512 4429 2819 4489 ducebatur.
2848 4445 2964 4497 qum
2998 4427 3106 4497 jam
3133 4429 3397 4498 vulgarem
3429 4442 3557 4482 con-

1972 4522 2303 4576 suetudinem
2353 4520 2689 4575 cxecdercnt.
2730 4519 2879 4587 Quod
2925 4529 3099 4573 autem
3135 4520 3184 4573 in
3225 4534 3416 4588 parens
3460 4535 3553 4587 pa-

1973 4621 2180 4667 scentes
2203 4613 2252 4665 in
2280 4613 2544 4675 montibus
2565 4611 2824 4665 dmmonia
2848 4611 2923 4665 ire
2946 4612 3200 4680 permissa
3224 4620 3374 4677 sunt,
3393 4611 3555 4681 signi-

1974 4704 2091 4758 ﬁcat
2116 4703 2417 4758 immundos
2437 4711 2487 4757 et
2511 4704 2766 4771 superbos
2789 4702 3051 4767 homines,
3078 4703 3267 4772 quibus
3289 4702 3547 4756 darmonia

1971 4796 2310 4850 dominantur
2336 4812 2431 4865 per
2458 4796 2717 4849 idolorum
2749 4795 2938 4848 cultus.
2981 4794 3129 4860 Quod
3159 4807 3334 4849 autem
3364 4796 3414 4849 in
3445 4805 3526 4849 sta

1969 4902 2130 4957 gnum
2160 4888 2469 4957 prmcipitati
2499 4896 2639 4951 sunt,
2673 4888 2937 4959 signiﬁcat
2965 4887 3103 4956 quod
3130 4888 3238 4957 jam
3265 4888 3548 4943 elariﬁeata

1972 4977 2229 5041 Ecclesia,
2254 4985 2307 5030 et
2336 4977 2556 5031 liberato
2600 4977 2794 5046 pepulo
2832 4976 3078 5031 Gentium
3121 4993 3151 5031 a
3193 4976 3549 5032 dominatione

1970 5068 2376 5135 daemoniorum,
2397 5068 2447 5120 in
2467 5068 2658 5123 abditis
2677 5076 2837 5138 agunt
2855 5069 3139 5138 sacrilegos
3163 5069 3293 5122 ritus
3309 5082 3433 5121 suos
3449 5070 3545 5138 (α),

1971 5158 2104 5229 quiC
2120 5159 2285 5213 hristo
2303 5160 2520 5213 credere
2541 5161 2841 5227 noluerunt,
2856 5176 2992 5215 eaea
3016 5171 3069 5215 et
3094 5160 3347 5231 profunda
3374 5163 3545 5215 curio-

1970 5251 2123 5304 sitate
2163 5251 2443 5305 submersi.
2484 5251 2634 5316 Quod
2676 5261 2851 5305 autem
2891 5261 3126 5320 pastores
3160 5266 3437 5319 porcorum
3472 5253 3550 5307 fu-

1969 5342 2208 5412 gientes,
2245 5343 2343 5396 ista
2372 5343 2772 5407 nuntiaverunt,
2808 5343 3065 5414 signiﬁcat
3093 5330 3350 5414 quosdam
3388 5348 3547 5401 etiam

1970 5434 2222 5503 primates
2249 5434 2551 5504 impiorum,
2580 5450 2876 5505 quanquam
2904 5435 3243 5490 Christianam
3276 5439 3443 5508 legem
3472 5440 3550 5493 fu-

1967 5528 2143 5599 giant,
2176 5528 2464 5598 potentiam
2497 5535 2670 5582 tamen
2702 5528 2816 5597 ejus
2849 5543 2944 5596 per
2983 5539 3167 5598 gentes
3210 5530 3470 5600 stupende
3497 5538 3550 5585 et

2031 5709 2051 5740 ι
2069 5714 2165 5757 ttat.
2187 5715 2285 5756 Am.
2309 5715 2359 5758 et
2382 5720 2556 5756 novem
2580 5715 2704 5766 Mss,
2723 5710 2831 5756 ante
2853 5705 3036 5757 horam.

2029 5770 2102 5831 (ιι)
2121 5776 2229 5818 Post
2252 5772 2440 5819 Honorii
2478 5769 2617 5830 leges
2638 5776 2802 5831 contra
2842 5769 2969 5821 idola
2999 5771 3134 5821 datas
3163 5782 3289 5823 anno
3309 5769 3419 5822 390.
3446 5768 3527 5820 vtd

1965 5832 2049 5883 lib.
2082 5832 2137 5882 l8
2159 5832 2223 5883 de
2246 5833 2378 5884 civit.
2406 5832 2509 5894 Dei,
2532 5843 2635 5894 cap.
2661 5830 2738 5881 54.
