4074 6504
486 345 622 410 1⁸559

482 460 728 519 mirando
753 459 1063 534 praedicare.
1102 453 1256 525 Quod
1279 454 1534 512 Geraseni
1590 451 1854 523 prodeunt
1881 448 2067 504 videre

483 554 624 627 quod
655 553 848 609 factum
873 561 954 607 est
974 593 990 619 ,
1017 558 1072 606 et
1097 549 1371 605 inveniunt
1406 545 1676 601 hominem
1704 542 1952 597 vestitum
1974 583 1987 606 ,
2013 551 2068 594 et

485 653 664 701 mente
684 659 810 700 sana
825 642 1013 699 sedere
1032 641 1098 696 ad
1121 641 1282 712 pedes
1301 639 1446 704 Jesu,
1466 647 1519 692 et
1543 644 1926 706 cognoscentes
1945 631 2069 702 quid

483 736 681 791 factum
711 735 799 798 sit,
826 740 1018 803 rogant
1045 731 1224 786 Jesum
1253 737 1310 783 ut
1337 728 1405 781 ab
1431 727 1509 781 eis
1535 723 1851 788 discederet,
1879 736 2071 792 magno

485 825 675 880 timore
717 822 979 894 perculsi;
1013 820 1270 892 signiﬁcat
1311 815 1697 872 multitudinem
1727 823 1932 868 vetusta
1976 825 2071 866 sua

484 914 592 969 vita
610 914 950 979 delectatam,
971 911 1232 966 honorare
1254 907 1484 979 quidem,
1509 906 1602 961 sed
1625 905 1766 960 nolle
1795 904 1899 975 pati
1923 901 2072 957 chri-

484 1005 712 1061 stianam
741 1003 942 1074 legem,
970 1001 1094 1056 dum
1138 999 1322 1055 dicunt
1355 997 1495 1068 quod
1538 1012 1656 1052 eam
1705 995 1927 1064 implere
1964 1009 2071 1048 non

486 1096 694 1166 possint
711 1111 725 1162 ;
741 1093 1062 1148 admirantes
1084 1099 1260 1146 tamen
1289 1089 1498 1144 ﬁdelem
1525 1087 1775 1158 populum
1795 1100 1823 1139 a
1850 1084 2073 1156 pristina

486 1184 691 1256 perdita
733 1182 1137 1239 conversatione
1166 1189 1428 1236 sanatum.
1469 1177 1620 1246 Quod
1665 1177 1752 1232 ille
1781 1176 1925 1246 cupit
1962 1174 2072 1246 jam

487 1291 610 1332 esse
630 1283 753 1331 'cum
783 1273 1015 1340 Christo,
1046 1280 1099 1328 et
1128 1272 1319 1327 dicitur
1347 1271 1417 1337 ei,
1445 1269 1573 1324 Redi
1600 1267 1807 1322 domum
1829 1275 1967 1320 tuam
1986 1306 2001 1332 ,
2029 1274 2076 1318 et

463 1378 670 1420 enarra
697 1374 887 1436 quanta
916 1363 1001 1417 tibi
1037 1363 1152 1434 fecit
1175 1360 1353 1428 Deus;
1383 1375 1446 1415 ex
1480 1359 1565 1413 illa
1596 1357 1834 1428 Apostoli
1859 1365 2076 1412 senten-

489 1455 562 1510 tia
586 1463 730 1510 recte
757 1462 930 1523 potest
958 1452 1197 1522 intelligi,
1227 1466 1348 1506 cum
1384 1450 1478 1515 ait,
1508 1448 1728 1504 Dissolvi
1753 1457 1800 1502 et
1826 1464 1934 1502 esse
1960 1465 2075 1503 cum

489 1547 709 1614 Christo,
738 1546 896 1600 multo
921 1546 1081 1616 magis
1102 1544 1377 1615 Optimum;
1401 1558 1602 1595 manere
1630 1541 1682 1595 in
1710 1558 1880 1605 carne,
1909 1557 2078 1596 ncces-

489 1637 684 1692 sarium
713 1644 916 1706 prapter
939 1650 1025 1689 vos
1048 1633 1355 1707 (Philipp.t,
1375 1631 1488 1695 23).
1533 1631 1597 1687 Ut
1625 1631 1702 1686 sic
1726 1629 1949 1701 quisque
1991 1631 2075 1685 in-

489 1727 692 1798 telligat
718 1735 836 1797 post
862 1724 1228 1780 remissionem
1255 1731 1594 1794 peccatorum
1624 1721 1949 1777 redeundum
1976 1721 2078 1776 sibi

488 1833 612 1873 esse
639 1818 694 1872 in
722 1815 1099 1872 conscientiam
1125 1815 1338 1878 bonam,
1362 1824 1414 1870 et
1434 1813 1769 1869 serviendum
1787 1813 2078 1884 Evangelio

490 1916 714 1980 propter
733 1908 953 1962 aliorum
977 1907 1135 1962 etiam
1161 1906 1407 1971 salutem,
1427 1913 1484 1959 ut
1508 1903 1701 1960 deinde
1725 1919 1844 1958 eum
1865 1903 2079 1958 Christo

479 1998 794 2068 requiescat
825 2015 838 2052 :
866 2011 936 2052 ne
977 2011 1095 2050 cum
1125 2009 1464 2065 praepropere
1498 1993 1606 2064 jam
1647 1995 1760 2048 vult
1798 2009 1918 2048 esse
1956 2009 2076 2049 cum

491 2088 725 2152 Christo,
753 2089 980 2158 negligat
1008 2088 1359 2142 ministerium
1387 2086 1796 2156 praedicationis,
1829 2085 2098 2174 fraternae.

491 2179 846 2250 redemptioni
877 2178 1358 2234 accommodatum.

566 2271 704 2326 XIV.
748 2270 847 2344 [lb.
872 2288 926 2335 χ,
953 2269 1028 2344 1.]
1068 2271 1141 2325 De
1162 2270 1495 2341 septuaginta
1523 2269 1730 2325 duobus
1767 2270 2076 2342 discipulis:

489 2364 636 2418 sicut
654 2362 837 2434 viginti
857 2373 1080 2434 quatuor
1105 2363 1251 2419 horis
1275 2371 1416 2418 totus
1440 2361 1586 2417 orbis
1611 2365 1898 2435 peragitur,
1923 2374 2081 2436 atque

494 2470 525 2508 a
554 2454 667 2509 sole
693 2454 978 2520 lustratur;
1009 2454 1080 2509 ita
1109 2455 1420 2527 mysterium
1449 2454 1464 2488 ¹
1488 2453 1786 2511 illustrandi
1817 2457 1962 2512 orbis
1989 2474 2084 2526 per

495 2547 839 2618 Evangelium
861 2547 1132 2602 Trinitatis
1156 2549 1208 2602 in
1236 2548 1566 2620 septuaginta
1589 2548 1794 2605 duobus
1811 2549 2084 2619 discipulis

496 2639 789 2694 intimatur.
809 2638 1008 2711 Viginti
1025 2649 1250 2712 quatuor
1264 2641 1405 2695 enim
1429 2649 1510 2696 ter
1525 2643 1576 2695 in
1598 2643 1925 2712 septuaginta
1948 2643 2082 2698 duo-

495 2731 597 2786 bus
622 2732 888 2802 ponimus.
929 2731 1080 2801 Quod
1101 2742 1277 2788 autem
1309 2733 1462 2789 binos
1488 2734 1668 2800 mittit,
1695 2745 2084 2791 sacramentum

497 2831 582 2878 est
605 2824 876 2878 charitatis
903 2842 917 2879 :
943 2825 1054 2878 sive
1080 2824 1202 2894 quia
1227 2823 1333 2878 duo
1355 2833 1478 2879 sunt
1495 2825 1769 2882 charitatis
1797 2836 2082 2897 praecepta,

498 2915 613 2970 sive
653 2915 771 2986 quia
799 2915 971 2970 omnis
997 2914 1229 2970 Charitas
1255 2915 1429 2972 minus
1455 2931 1612 2988 quam
1645 2917 1784 2973 inter
1809 2917 1941 2974 duos
1966 2934 2087 2976 esse

497 3020 604 3060 non
636 3013 829 3074 potest.

569 3099 686 3155 XV.
706 3098 807 3172 [lb.
833 3117 908 3165 ιι,
923 3099 1037 3174 '55.]
1056 3101 1116 3159 Si
1137 3101 1306 3156 lumen
1325 3101 1459 3173 quod
1478 3112 1548 3157 est
1568 3103 1701 3170 inte,
1721 3104 1935 3158 tenebrat
1949 3114 2084 3171 sunt,

497 3189 626 3262 ipsa:
655 3190 866 3246 tenebra:
886 3192 1313 3262 quantce(tllatth.
1340 3209 1411 3258 vt,
1429 3194 1520 3267 23)
1545 3194 1570 3248 τ
1614 3195 1820 3250 Lumen
1848 3195 1974 3250 dicit
1994 3196 2090 3250 bo-

500 3297 624 3336 nam
655 3282 998 3338 intentionem
1016 3283 1226 3349 mentis,
1255 3298 1358 3354 qua
1392 3299 1676 3354 Operamur
1698 3302 1710 3338 :
1736 3285 1980 3340 tenebras
1996 3301 2090 3338 au-

501 3381 609 3426 tem
641 3373 755 3443 ipsa
795 3387 956 3444 opera
991 3374 1253 3444 appellat,
1276 3375 1387 3429 sive
1421 3375 1542 3445 quia
1581 3376 1850 3446 ignoratur
1878 3377 1945 3430 ab
1969 3377 2088 3431 aliis

499 3477 609 3532 quo
629 3465 807 3517 animo
828 3465 912 3518 illa
934 3463 1206 3531 faciamus,
1226 3465 1336 3520 sive
1356 3465 1476 3536 quia
1499 3481 1681 3521 eorum
1704 3468 1900 3522 exitum
1925 3469 2084 3522 etiam

499 3556 601 3624 ipsi
631 3555 919 3625 nescimus,
950 3557 1002 3612 id
1029 3566 1140 3624 est,
1173 3558 1438 3628 quomodo
1476 3567 1667 3613 exeant
1703 3569 1862 3630 atque
1890 3576 2084 3629 prove-

499 3648 648 3703 niant
671 3649 746 3703 eis
777 3650 966 3720 quibus
991 3665 1088 3704 nos
1113 3666 1173 3705 ea
1198 3650 1338 3706 bono
1363 3651 1540 3705 animo
1567 3652 1938 3722 impendimus.
1968 3653 2090 3708 Ple-

499 3755 724 3809 rumque
753 3741 892 3794 enim
937 3740 1206 3796 beneliciis
1229 3743 1424 3796 nostris
1447 3743 1581 3797 male
1621 3743 1816 3798 utendo
1849 3758 2089 3797 corrum-

500 3839 718 3901 ptmtur,
747 3833 937 3902 quibus
972 3847 1068 3886 nos
1093 3848 1154 3886 ea
1191 3833 1604 3889 misericorditer
1631 3833 1889 3890 benevola
1912 3833 2087 3889 inten-

502 3925 646 3976 tione
675 3931 1008 3991 prmstamus.

579 4013 714 4067 XVI.
752 4010 853 4086 [lb.
879 4031 928 4068 χι
950 4057 963 4080 ,
997 4014 1111 4086 59.]
1145 4013 1297 4068 Nunc
1321 4031 1424 4082 vos,
1453 4014 1726 4083 Phariscei,
1749 4018 1883 4090 quod
1901 4017 2092 4088 deforis

503 4113 576 4158 est
603 4105 774 4158 calicis
805 4114 849 4159 et
876 4106 1032 4159 catini
1061 4106 1333 4160 mundatis.
1378 4107 1513 4162 Iline
1555 4118 1607 4163 et
1648 4109 1902 4181 deinceps
1949 4113 2089 4182 quod

503 4195 632 4251 dicit
663 4197 714 4250 in
741 4195 1037 4251 Pharisaeos
1063 4205 1116 4252 et
1139 4197 1294 4268 Legis
1313 4197 1576 4265 doctores,
1609 4199 1709 4255 hoc
1735 4210 1818 4256 est.
1843 4203 1982 4272 quod
2005 4219 2094 4256 su-

503 4286 686 4357 peritis
708 4287 858 4354 dixit,
886 4287 1250 4357 0b/irmavcrat
1270 4280 1450 4360 faciem
1474 4291 1526 4344 in
1545 4290 1828 4346 Jerusalem
1848 4292 1994 4366 (Luc.
2014 4311 2088 4362 ις,

503 4377 620 4449 5|),
641 4387 699 4432 ut
726 4378 804 4432 eis
831 4386 1012 4448 aperte
1039 4394 1160 4432 vera
1182 4379 1382 4434 diceret
1407 4379 1529 4434 vitia
1560 4390 1614 4436 et
1638 4391 1852 4451 peccata
1882 4398 2088 4439 eorum.

574 4468 740 4525 XVII.
771 4467 873 4542 [lb.
898 4469 1103 4543 1130.]
1141 4469 1263 4526 Ideo
1297 4471 1489 4526 dicitur
1514 4473 1739 4542 Spiritus
1777 4485 1993 4530 sanctus
2014 4476 2092 4530 di-

503 4559 644 4631 gitus
676 4559 796 4624 Dei,
831 4569 1045 4629 propter
1091 4560 1429 4630 partitionem
1473 4561 1734 4616 donorum
1776 4581 1894 4634 quae
1932 4566 1984 4620 in
2027 4582 2092 4620 co

505 4651 718 4716 dantur,
746 4651 1027 4722 unicuique
1060 4653 1290 4722 propria,
1320 4654 1429 4708 sive
1452 4652 1747 4724 hominum,
1770 4656 1887 4710 sive
1916 4659 2091 4727 Ange-

504 4742 699 4797 Iorum.
740 4742 797 4796 In
829 4743 986 4797 nullis
1011 4743 1150 4797 enim
1179 4745 1430 4799 membris
1456 4746 1651 4800 nostris
1676 4746 1846 4817 magis
1871 4759 2093 4819 apparet

505 4835 742 4906 partitio,
774 4852 930 4905 quam
961 4837 1015 4890 in
1047 4836 1246 4906 digitis.

579 4925 765 4981 XVIII.
794 4925 894 4999 [lb.
916 4943 948 4979 v
971 4967 985 4993 ,
1011 4925 1225 5000 55-38.]
1251 4926 1515 4998 Jejunium
1549 4938 1642 4984 aut
1671 4929 1722 4985 in
1755 4931 2093 4988 tribulatione

505 5025 608 5082 est,
641 5027 731 5071 aut
761 5018 811 5070 in
854 5017 1085 5087 gaudio:
1119 5019 1168 5072 in
1213 5019 1569 5086 tribulatione,
1594 5021 1661 5076 ad
1701 5023 2091 5093 propitiandum

507 5109 674 5163 Deum
707 5123 803 5179 pro
830 5109 1059 5178 peccatis
1083 5127 1097 5175 ;
1129 5112 1179 5164 in
1209 5110 1401 5180 gaudio
1427 5126 1575 5175 vero,
1598 5127 1718 5167 cum
1750 5123 1894 5168 tanto
1919 5120 2093 5169 minus

507 5199 774 5255 delectant
802 5201 1067 5265 carnalia,
1100 5213 1297 5271 quanto
1322 5203 1673 5272 Spiritualium
1704 5206 1875 5277 major
1910 5209 2090 5278 sagina

507 5299 608 5348 cst.
647 5290 776 5346 Cum
804 5307 931 5363 ergo
961 5293 1218 5347 Dominus
1247 5293 1601 5365 interrogatus
1628 5305 1768 5351 esset
1794 5312 1891 5352 cur
1925 5298 2092 5354 disci-

505 5383 616 5455 puli
635 5385 748 5455 eju's
769 5399 871 5438 non
889 5383 1206 5454 jejunarcnt,
1227 5385 1294 5440 de
1321 5395 1545 5457 utroque
1566 5386 1768 5458 jejunio
1794 5392 2088 5460 respondit.

504 5477 743 5547 Namque
771 5477 836 5531 ad
869 5477 994 5532 illud
1023 5477 1163 5549 quod
1194 5477 1246 5532 in
1286 5477 1626 5535 tribulatione
1655 5481 1883 5552 jejunari
1929 5485 2088 5555 solet,

504 5571 737 5641 pertinet
772 5568 914 5640 quod
943 5570 1036 5636 ait,
1064 5570 1242 5640 sponsi
1276 5569 1412 5626 filios
1446 5581 1571 5627 tunc
1591 5573 1945 5644 jejunaturos,
1968 5592 2088 5632 cum

503 5661 573 5717 ab
593 5662 669 5716 cis
687 5661 894 5718 ablatus
918 5659 1078 5716 fuerit
1097 5674 1323 5731 sponsus
1342 5679 1356 5716 :
1376 5671 1500 5718 tunc
1519 5665 1660 5720 enim
1689 5665 2086 5740 desolabuntur,

573 5773 591 5806 ί
611 5779 709 5825 ttat.
737 5778 790 5826 et
809 5778 892 5823 tu.
917 5770 1267 5836 Cisterciensis,
1290 5772 1625 5827 ntinisteriwn.

1366 333 1830 408 QUIESTIONUM
1870 327 2432 400 EVANGELIORUM,
2463 330 2518 389 S.
2555 330 2941 402 AUGUSTINI,

3626 336 3760 394 15.ὶο

2174 453 2229 500 et
2251 447 2302 500 in
2329 461 2560 503 moerere
2596 461 2658 502 ac
2680 447 2824 503 luctu
2852 455 3039 514 erunt,
3069 446 3242 505 donec
3266 448 3346 506 eis
3384 463 3480 521 per
3505 449 3761 522 Spiritum

2175 545 2413 591 sanctum
2442 536 2632 609 gaudia
2661 537 3016 592 consolatorie.
3057 539 3439 596 retribuantur.
3480 543 3598 610 Quo
3621 542 3766 602 dono

2175 635 2462 696 percepto,
2485 630 2644 683 etiam
2683 627 2873 698 jejunii
2916 629 3140 684 alterum
3170 647 3358 702 genus,
3385 635 3526 705 quod
3555 634 3644 692 tiet
3670 652 3772 708 per

2177 717 2432 784 lmtitiam,
2445 717 2554 788 jam
2573 719 2808 773 renovati
2833 719 2884 772 in
2905 719 3066 774 vitam
3088 721 3419 792 spiritualem
3442 733 3770 783 convenien—

2178 810 2379 866 tissime
2407 810 2771 866 cclcbrabunt.
2803 811 2954 879 Quod
2995 822 3280 884 antequam
3311 819 3607 888 accipiant,
3640 819 3797 888 dici‘;

2179 915 2271 954 eos
2294 908 2540 970 tanquam
2563 910 2742 955 vetera
2764 902 3098 976 vestimenta,
3118 904 3308 974 quibus
3335 885 3762 966 inconvenientet
3787 885 3802 900 ’

2178 1005 2351 1044 novus
2380 1004 2586 1060 pannus
2614 993 2868 1057 assuitur,
2892 992 2942 1047 id
2969 1002 3052 1048 est
3085 995 3258 1066 aliqua
3281 998 3536 1067 particula
3572 999 3775 1056 doctris

2180 1097 2281 1146 me,
2309 1095 2427 1151 qua:
2451 1081 2516 1136 ad
2547 1097 2697 1137 novze
2719 1083 2843 1138 vitae
2871 1087 3274 1154 temperantiam
3297 1089 3554 1158 pertinet;
3582 1093 3702 1162 quia
3726 1093 3774 1149 si

2181 1174 2282 1228 hoe
2309 1170 2418 1238 ﬁat,
2437 1183 2490 1228 et
2515 1174 2625 1245 ipsa
2649 1175 2886 1231 doctrina
2909 1178 3300 1247 quodammodo
3320 1183 3598 1252 scinditur,
3621 1185 3774 1254 cujus

2179 1266 2436 1334 particula
2463 1281 2580 1334 qua:
2607 1265 2672 1320 ad
2700 1266 2957 1337 jejunium
2980 1269 3220 1325 ciborum
3243 1273 3774 1344 valet,inopportuno

2151 1379 2154 1382 ’
2181 1355 2423 1423 traditur,
2441 1371 2560 1410 cum
2581 1357 2667 1411 illa
2685 1357 2874 1414 doceat
2893 1362 3142 1430 generale
3164 1362 3447 1433 jejunium,
3469 1382 3574 1421 non
3597 1382 3625 1420 a
3647 1382 3772 1422 con-

2180 1446 2506 1516 cupiscentia
2529 1447 2768 1502 ciborum
2796 1459 3020 1519 tantum,
3053 1453 3147 1508 sed
3167 1453 3235 1508 ab
3259 1456 3402 1509 omni
3430 1455 3612 1514 lmtitia
3636 1467 3771 1514 tem-

2183 1529 2444 1610 poralium
2466 1538 2878 1595 delectationum
2905 1559 2919 1597 :
2949 1543 3101 1613 cujus
3126 1544 3278 1615 quasi
3309 1562 3541 1617 pannum
3566 1590 3580 1616 ,
3605 1549 3656 1605 id
3693 1562 3776 1607 est

2183 1638 2387 1700 partem
2433 1629 2703 1702 aliquam,
2750 1647 2869 1702 quae
2914 1633 2981 1688 ad
3007 1635 3157 1691 cibos
3205 1638 3463 1707 pertinet,
3503 1640 3631 1696 dicit
3667 1658 3772 1699 non

2182 1729 2429 1791 oportere
2459 1720 2761 1777 hominibus
2790 1722 2971 1779 adhuc
2993 1726 3159 1780 veteri
3189 1729 3557 1785 consuetudini
3584 1732 3775 1788 deditis

2186 1812 2476 1882 impertiri;
2509 1813 2630 1883 quia
2661 1821 2716 1868 et
2743 1814 2890 1868 illinc
2919 1816 3069 1886 quasi
3095 1818 3386 1873 conscissio
3406 1821 3612 1877 videtur
3635 1824 3772 1891 ﬁeri,
3856 1848 3858 1850 τ

2141 1936 2154 1951 .
2187 1913 2241 1960 et
2273 1905 2372 1975 ipsi
2400 1905 2652 1960 vetustati
2681 1922 2789 1960 non
2817 1909 3085 1963 convenit.
3117 1909 3254 1965 Dicit
3276 1910 3432 1965 etiam
3457 1913 3658 1969 similes
3681 1931 3776 1972 eos

2185 2013 2303 2053 esse
2326 1998 2589 2053 veteribus
2609 1999 2836 2062 utribus,
2860 2015 2995 2070 quos
3017 2001 3142 2057 vino
3166 2018 3323 2071 novo,
3349 2005 3399 2060 id
3422 2014 3504 2061 est
3523 2007 3776 2077 Spiritua-

2185 2090 2323 2144 libus
2350 2090 2649 2160 praeceptis,
2681 2091 2882 2146 facilius
2908 2092 3188 2164 disrumpi,
3217 2110 3374 2166 quam
3407 2098 3457 2153 id
3497 2101 3778 2158 continere

2186 2180 2333 2234 dicit.
2360 2181 2524 2234 Erant
2549 2173 2723 2235 autem
2745 2182 2853 2252 jam
2877 2192 3021 2239 utres
3046 2187 3190 2252 novi,
3215 2202 3333 2241 cum
3358 2197 3475 2258 post
3496 2205 3777 2247 ascensum

2189 2267 2419 2336 Domini,
2437 2270 2705 2326 desiderio
2725 2274 3104 2330 consolationis
3125 2277 3242 2347 ejus
3263 2279 3464 2335 orando
3486 2289 3540 2335 et
3559 2297 3780 2351 speran-

2188 2360 2258 2416 do
2307 2360 2713 2417 innovabantur.
2755 2363 2906 2450 Τέως
2950 2367 3093 2420 enim
3138 2381 3462 2439 acceperunt
3500 2371 3776 2442 Spiritum,

2189 2465 2454 2524 sanctum,
2485 2472 2590 2527 quo
2633 2458 2858 2528 impleti,
2883 2475 3004 2514 cum
3044 2462 3315 2529 omnium,
3342 2466 3430 2535 qui
3461 2465 3529 2521 de
3555 2467 3781 2522 diversis

2189 2548 2436 2616 gentibus
2456 2547 2698 2616 aderant,
2719 2550 2910 2621 linguis
2928 2552 3291 2622 loquerentur,
3313 2555 3441 2612 dicti
3461 2568 3585 2612 sunt
3606 2571 3782 2613 musto

2193 2639 2332 2708 pleni
2361 2640 2494 2710 (Act.
2521 2656 2555 2694 ιι
2581 2680 2595 2704 ,
2624 2641 2815 2714 1-15).
2853 2642 3060 2699 Novum
3106 2647 3249 2701 enim
3276 2648 3454 2704 vinum
3489 2649 3599 2720 jam
3631 2653 3781 2707 novis

2195 2733 2401 2788 utribus
2431 2743 2671 2790 venerat.

2266 2822 2408 2877 XIX.
2451 2821 2629 2896 [lb.x,
2653 2825 2868 2900 30—37.]
2909 2826 3077 2883 Homo
3119 2830 3322 2899 quidam
3353 2831 3676 2887 descendebat
3721 2834 3781 2888 ab

2192 2914 2478 2971 Jerusalem
2500 2917 2553 2971 in
2571 2916 2780 2974 Iericho
2803 2935 2822 2974 :
2853 2921 2966 2989 ipse
2990 2921 3153 2975 Adam
3181 2923 3488 2994 intelligitur
3513 2925 3564 2978 in
3589 2941 3784 2995 genere

2196 3005 2450 3062 humano.
2488 3005 2796 3076 Jerusalem,
2819 3011 3006 3064 civitas
3031 3013 3174 3081 pacis
3203 3013 3291 3066 illa
3313 3014 3564 3078 cmlestis,
3583 3031 3611 3068 a
3634 3015 3786 3086 cujus

2195 3097 2524 3154 beatitudine
2547 3099 2730 3169 lapsus
2752 3111 2850 3156 est.
2873 3102 3104 3168 Iericho,
3130 3104 3275 3158 Luna
3308 3105 3706 3176 interpretatur,
3732 3119 3787 3162 et

2195 3189 2456 3268 signiﬁcat
2472 3192 2844 3248 mortalitatem
2872 3203 3126 3261 nostram,
3144 3207 3357 3266 propter
3371 3189 3512 3268 quad
3529 3201 3784 3264 nascitur,

2196 3281 2410 3347 crescit,
2431 3284 2681 3350 senescit,
2701 3293 2754 3338 ct
2773 3285 2985 3341 occidit.
3006 3285 3266 3354 Latrones,
3289 3288 3529 3344 diabolus
3546 3298 3600 3344 et
3615 3292 3786 3360 angeli

2196 3373 2310 3441 ejus
2338 3375 2388 3426 ¹;
2417 3375 2502 3444 qui
2547 3392 2660 3430 eum
2695 3377 3030 3447 spoliaverunt
3079 3379 3513 3435 immortalitate:
3545 3392 3589 3434 et
3621 3381 3787 3453 plagis

2194 3464 2474 3531 impositis,
2508 3475 2721 3534 peccata
2755 3467 3026 3522 suadendo
3057 3485 3070 3523 :
3099 3470 3406 3539 reliquerunt
3452 3471 3739 3524 semivivum
3768 3487 3788 3524 :

2196 3555 2316 3622 quia
2358 3571 2420 3608 ex
2472 3566 2619 3624 parte
2657 3572 2760 3625 qua
2810 3567 2984 3627 potest
3028 3561 3319 3631 intelligere
3368 3569 3423 3614 et
3459 3575 3786 3631 cognoscere

2197 3644 2382 3710 Deum,
2412 3645 2562 3700 vivus
2591 3656 2675 3702 est
2702 3649 2860 3703 homo
2885 3666 2899 3714 ;
2927 3665 2993 3704 ex
3023 3660 3172 3721 parte
3206 3667 3310 3721 qua
3343 3654 3570 3720 peccatis
3598 3663 3786 3708 conta-

2195 3735 2365 3790 bescit
2392 3743 2447 3790 et
2473 3738 2748 3806 premitur,
2776 3749 3018 3794 mortuus
3042 3751 3144 3808 est,
3169 3752 3222 3797 et
3254 3742 3371 3795 ideo
3401 3742 3687 3797 semivivus
3707 3742 3788 3797 di.

2196 3827 2355 3880 citur.
2397 3827 2657 3882 Sacerdos
2685 3838 2861 3883 autem
2891 3841 2942 3884 et
2964 3830 3145 3884 Levita
3175 3833 3260 3901 qui
3291 3847 3356 3886 eo
3379 3832 3491 3886 viso
3515 3833 3787 3900 praeterie-

2197 3925 2340 3982 runt,
2373 3918 2731 3972 sacerdotium
2757 3928 2809 3973 et
2838 3921 3185 3974 ministerium
3224 3920 3433 3976 Veteris
3463 3921 3786 3978 Testamcnti

2197 4007 2497 4076 signiﬁcant.
2520 4049 2533 4072 ,
2564 4024 2684 4077 qum.
2728 4025 2830 4062 non
2861 4019 3108 4078 poterant
3153 4010 3406 4080 prodesse
3440 4011 3506 4066 ad
3536 4012 3783 4079 salutem.

2197 4097 2580 4161 Samaritanus,
2609 4099 2804 4155 Custos
2847 4101 3266 4170 interpretatur:
3294 4111 3349 4158 et
3385 4101 3506 4158 ideo
3536 4104 3649 4174 ipse
3681 4105 3785 4158 Do-

2199 4192 2374 4245 minus
2396 4190 2721 4260 signilicatur
2743 4191 2845 4248 hoc
2865 4194 3100 4250 nomine.
3125 4195 3371 4265 Alligatio
3387 4196 3684 4262 vulnerum,
3705 4207 3788 4251 cst

2199 4282 2451 4337 cohibitio
2489 4292 2850 4351 peccatorum.
2882 4283 3104 4351 Oleum,
3133 4286 3427 4340 consolatio
3462 4287 3574 4355 spei
3609 4279 3783 4355 bona),

2200 4385 2420 4444 propter
2446 4373 2825 4443 indulgentiam
2852 4374 3028 4428 datam
3071 4376 3136 4430 ad
3168 4377 3652 4432 reconCiliationem
3699 4393 3788 4452 pa-

2159 4466 2294 4537 .cis.
2328 4465 2515 4521 Vinum
2543 4507 2558 4532 ,
2588 4466 2886 4522 exhortatio
2925 4467 2989 4521 ad
3025 4467 3352 4537 operandum
3398 4468 3788 4524 ferventissimo

2199 4558 2407 4626 spiritu.
2439 4557 2746 4613 Jumentum
2768 4558 2903 4627 ejus,
2928 4567 3012 4613 est
3036 4574 3160 4613 caro
3187 4559 3238 4612 in
3266 4575 3368 4629 qua
3395 4560 3460 4613 ad
3483 4575 3581 4614 nos
3608 4561 3787 4615 venire

2199 4651 2444 4720 dignatus
2471 4658 2571 4704 est.
2615 4650 2818 4720 Imponi
2843 4651 3118 4720 jumento,
3157 4660 3240 4707 est
3268 4653 3319 4706 in
3346 4653 3513 4722 ipsam
3543 4654 3784 4709 incarna-

2201 4741 2396 4796 tionem
2428 4739 2622 4796 Christi
2671 4741 2911 4796 credere.
2953 4743 3260 4808 Stabulum,
3287 4753 3368 4798 est
3411 4744 3667 4811 Ecclesia,
3701 4744 3784 4798 ubi

2199 4833 2512 4886 reﬁciuntur
2553 4833 2784 4889 viatores
2829 4833 2897 4889 de
2942 4835 3368 4905 peregrinatione
3414 4836 3698 4891 redeuntes
3736 4835 3786 4888 in

2200 4933 2451 4978 {eternam
2477 4925 2718 4992 patriam.
2742 4925 2922 4980 Altera
2941 4925 3077 4991 dies,
3101 4935 3184 5002 est
3204 4936 3323 4996 post
3344 4927 3788 4982 resurrectionem

2201 5017 2430 5072 Domini.
2463 5019 2574 5071 Duo
2594 5017 2818 5085 denarii,
2836 5029 2959 5073 sunt
2979 5019 3062 5074 vel
3083 5021 3190 5074 duo
3207 5029 3468 5091 prmcepta
3492 5019 3786 5086 charitatis,

2200 5126 2357 5180 quant
2386 5127 2479 5179 per
2503 5110 2756 5180 Spiritum
2787 5120 3028 5167 sanctum
3077 5121 3397 5182 acceperunt
3441 5112 3679 5181 Apostoli
3724 5114 3787 5166 ad

2199 5202 2664 5272 evangelizandum
2693 5204 2899 5259 caneris
2919 5221 2933 5270 ;
2956 5203 3037 5258 vel
3063 5202 3348 5273 promissio
3375 5203 3494 5255 vitae
3515 5204 3788 5272 prmsentis

2199 5301 2255 5347 et
2281 5291 2491 5347 futurae.
2519 5293 2822 5349 Secundum
2849 5293 2992 5350 enim
3018 5293 3150 5348 duas
3179 5292 3562 5361 promissiones
3588 5290 3787 5347 dictum

2199 5391 2302 5450 est,
2325 5383 2547 5454 Accipiet
2577 5385 2628 5438 in
2654 5386 2748 5439 hoc
2771 5386 2957 5440 sweulo
2980 5384 3160 5455 septies
3181 5391 3374 5437 tantum
3405 5385 3446 5450 ’,
3468 5392 3512 5437 et
3529 5383 3582 5437 in
3607 5384 3788 5438 swculo

2263 5533 2278 5566 ί
2300 5533 2373 5583 sic
2393 5538 2504 5596 octo
2523 5540 2628 5596 Mss.
2655 5539 2710 5583 At
2733 5533 2848 5583 editi
2869 5539 3078 5596 escepto
3091 5539 3208 5596 ttat,
3229 5531 3447 5584 senescit.
3467 5537 3523 5583 Et
3543 5528 3716 5584 incidit
3740 5531 3787 5583 in

2197 5593 2423 5663 tetrantes,
2451 5593 2693 5663 diabolum
2713 5600 2759 5663 et
2775 5593 2966 5663 angelos
2984 5593 3131 5663 eius;
3193 5593 3201 5596 ’
3313 5654 3350 5663 __
3559 5661 3587 5663 Μ
3727 5655 3736 5663 _

2259 5659 2280 5688 ³
2298 5655 2432 5720 ῷάἰιί,
2447 5653 2619 5706 centies
2627 5653 2894 5720 amttitth
2907 5653 3015 5705 Mss.
3029 5654 3543 5720 emiiccs,suﬂ'ragante
3558 5655 3784 5720 Eugypio,

2195 5716 2368 5786 septies
2637 5718 2710 5766 sic
2723 5717 2939 5786 profecto
2961 5719 3252 5786 Anugustinus
3274 5721 3322 5766 in
3340 5716 3492 5779 opEre
3509 5716 3786 5781 super'Epi-

2198 5778 2370 5832 stolam
2392 5779 2453 5830 ad
2470 5779 2672 5842 Galatas,
2694 5778 2798 5842 cap.
2825 5779 2873 5841 ‘2,
2898 5793 2946 5830 v.
2971 5780 3021 5842 ϐ,
3036 5778 3143 5831 'etc.
3180 5787 3319 5830 Forte
3344 5778 3430 5843 pro
3480 5778 3661 5844 gemo,
3683 5778 3786 5831 eca-
