4074 6474
246 391 388 447 1311

247 510 430 559 futuro
475 503 630 557 vitam
671 507 912 556 cateruam
956 500 1284 565 consequetur
1321 487 1548 565 (Matth.
1576 506 1665 544 xxx
1687 531 1703 557 ,
1723 488 1840 559 29).

243 596 591 652 Stabularins
614 607 741 664 ergo
761 588 1164 659 estApostolus.
1188 583 1343 651 Quod
1371 589 1736 652 supererogat,
1755 587 1846 634 aut

245 688 384 742 illud
416 695 501 742 est
529 684 809 740 consilium
840 679 980 751 quod
1004 677 1190 742 ait,De
1217 675 1488 746 virginibus
1517 681 1683 727 autem
1709 686 1844 742 pra:-

246 789 456 849 reptum
479 776 684 831 Domini
712 791 814 828 non
843 772 997 826 habeo
1017 811 1033 838 ,
1065 767 1331 823 consilium
1373 775 1543 819 autem
1571 765 1636 818 do
1654 762 1672 835 (
1692 761 1840 817 lCor.

245 884 347 936 vn,
372 868 468 940 ‘25)
499 885 512 922 :
544 875 635 921 aut
661 863 805 936 quod
840 863 998 918 etiam
1039 857 1284 914 manibus
1327 855 1437 910 suis
1465 861 1712 924 operatus
1741 862 1842 916 εει,

245 976 318 1014 ne
341 959 681 1014 inﬁrmorum
701 956 932 1025 aliquem
953 953 1006 1006 in
1038 949 1270 1005 novitate
1292 944 1559 1015 Evangelii
1581 950 1842 1018 gravaret,

245 1067 373 1106 cum
404 1050 457 1105 ci
485 1049 673 1104 liceret
706 1045 850 1117 pasci
882 1059 946 1099 ex
976 1040 1263 1110 Evangelio
1293 1037 1358 1110 (ll
1385 1037 1558 1091 Thess.
1577 1051 1662 1099 ιιι,
1686 1033 1740 1101 8,
1764 1033 1843 1104 9).

322 1141 450 1197 XX.
495 1139 596 1214 [11).
620 1155 653 1194 x
675 1179 689 1203 ,
713 1133 924 1208 38-42.]
961 1133 1111 1200 Quod
1141 1131 1350 1186 Martha
1375 1129 1565 1197 excepit
1603 1127 1746 1180 illum
1792 1125 1845 1177 in

242 1235 466 1288 domum
493 1248 655 1296 suam,
677 1227 944 1299 signiﬁcat
967 1222 1259 1280 Ecclesiam
1287 1235 1405 1291 qua:
1443 1233 1583 1272 nunc
1619 1224 1719 1282 est,
1749 1230 1844 1269 ex-

247 1328 543 1395 cipientem
572 1323 850 1378 Dominum
874 1319 924 1373 in
948 1333 1038 1372 cor
1057 1331 1233 1373 suum.
1255 1312 1425 1366 Maria
1451 1326 1593 1364 soror
1609 1310 1714 1380 ejus
1737 1323 1847 1378 qua:

247 1419 457 1474 cadebat
483 1417 550 1470 ad
570 1415 716 1488 pedes
731 1411 956 1474 Domini,
980 1419 1024 1464 et
1052 1406 1286 1462 audiebat
1307 1402 1510 1458 verbum
1537 1403 1665 1473 ejus,
1685 1399 1848 1470 signi-

249 1515 376 1569 ficat
419 1511 666 1569 eamdem
705 1505 1001 1562 Ecclesium
1025 1545 1040 1569 ,
1071 1501 1165 1558 sed
1203 1501 1254 1554 in
1295 1498 1472 1553 futuro
1497 1493 1724 1556 sat-culo,
1756 1491 1845 1546 ubi

248 1618 477 1661 cessans
518 1602 588 1657 ab
615 1614 777 1670 opere
806 1594 1207 1662 ministerioque
1249 1586 1553 1659 indigentia:
1577 1627 1591 1650 ,
1621 1584 1732 1639 sola
1763 1597 1846 1635 sa-

251 1699 457 1770 pientia
499 1693 820 1766 perfruetur.
861 1687 1062 1744 Martha
1111 1699 1240 1754 ergo
1289 1686 1542 1749 occupata
1590 1685 1671 1732 est
1706 1674 1845 1730 circa

252 1789 484 1845 multum
541 1781 933 1845 ministerium;
982 1777 1106 1848 quia
1167 1787 1307 1829 nunc
1357 1771 1550 1826 talibus
1596 1766 1845 1836 operibus

252 1890 537 1939 exercetur
553 1876 813 1934 Ecclesia.
837 1870 990 1940 Quod
1023 1879 1198 1924 autem
1238 1865 1476 1936 queritur
1508 1859 1648 1932 quod
1681 1874 1739 1914 se
1760 1873 1845 1913 so-

251 1990 342 2029 τοι·
366 1973 488 2042 ejus
512 1985 620 2025 non
648 1967 879 2038 adjuvet,
902 1962 1110 2018 occasio
1131 1961 1285 2015 datur
1311 1954 1588 2011 sententia:
1609 1949 1841 2016 Domini,

252 2082 353 2135 qua
380 2060 622 2118 ostendit
647 2061 799 2114 istam
827 2054 1118 2110 Ecelesiam
1170 2048 1451 2104 sollicitam
1484 2059 1604 2099 esse
1643 2051 1698 2096 ει
1732 2050 1843 2094 tur-

251 2156 367 2210 bari
418 2155 562 2211 circa
601 2151 825 2222 plurima
845 2191 861 2216 ,
889 2161 1008 2202 cum
1057 2144 1126 2200 sit
1155 2157 1316 2196 unum
1355 2137 1714 2193 necessarium
1736 2176 1750 2200 ,
1776 2133 1842 2186 ad

250 2247 393 2318 quod
425 2261 521 2315 per
548 2241 824 2298 ministerii
851 2239 1008 2308 hujus
1033 2235 1219 2292 merita
1260 2229 1584 2302 pervcnitur.
1624 2225 1842 2281 Mariam

249 2353 381 2393 vero
412 2337 544 2392 dicit
570 2334 822 2405 optimam
852 2339 1055 2401 partem
1082 2326 1328 2396 elegisse,
1360 2338 1478 2393 quae
1506 2337 1612 2377 non
1637 2318 1845 2373 aufero-

253 2441 338 2486 tur
363 2430 436 2485 ab
461 2444 527 2485 ea
551 2445 565 2481 :
593 2437 648 2483 et
669 2426 789 2481 ideo
815 2422 1121 2493 intelligitur
1139 2418 1356 2488 optima,
1376 2415 1496 2485 quia
1513 2421 1567 2468 et
1589 2428 1682 2483 per
1709 2411 1845 2464 hanc

253 2523 317 2576 ad
345 2522 492 2576 illam
523 2518 775 2582 tenditur,
801 2523 856 2571 et
884 2529 989 2569 non
1013 2509 1317 2573 auferetur;
1348 2507 1434 2560 illa
1455 2495 1582 2559 vero
1607 2502 1844 2557 ministe-

253 2614 338 2676 rii,
368 2609 614 2680 quamvis
643 2609 711 2662 sit
735 2606 892 2667 bona,
921 2612 1094 2658 tamen
1125 2596 1394 2653 auferetur
1417 2635 1434 2660 ,
1465 2591 1675 2665 quando
1702 2590 1844 2645 indi-

254 2703 455 2774 gentia,
481 2700 568 2756 cui
592 2698 942 2761 ministratur,
974 2689 1259 2747 transierit.

323 2792 474 2849 XXI.
517 2789 616 2862 [Ib.
643 2805 712 2853 xi,
739 2784 879 2858 5-8.]
919 2784 1133 2839 Amicus
1161 2780 1225 2835 ad
1247 2793 1405 2849 quem
1431 2775 1639 2830 venitur
1672 2772 1844 2828 media

260 2894 424 2940 nocte
452 2892 510 2937 ut
540 2877 908 2936 accommodet
937 2885 1042 2930 tres
1069 2886 1253 2944 panes,
1276 2870 1454 2938 utique
1470 2866 1532 2920 ad
1548 2863 1846 2918 similitudi-

255 2994 382 3033 nem
423 2976 667 3047 ponitur,
693 2969 986 3028 secundum
1029 2979 1187 3036 quam
1233 2962 1351 3033 quis
1399 2961 1563 3014 Deum
1602 2964 1750 3024 rogat
1793 2953 1843 3007 in

256 3045 441 3125 media
466 3065 809 3123 tribulatione
851 3059 1167 3116 constitutus
1188 3096 1202 3120 ,
1234 3061 1294 3108 ut
1327 3051 1377 3106 ei
1410 3050 1604 3105 tribuat
1646 3045 1843 3099 intelli-

256 3162 494 3234 gentiam
521 3155 936 3223 Trinitatis,qua
971 3147 1248 3220 praesentis
1286 3145 1407 3198 vita:
1443 3140 1744 3195 consoletur
1770 3138 1848 3192 la-

256 3253 440 3309 bores.
479 3248 585 3305 Sed
614 3243 938 3316 comparatio
963 3248 1045 3296 est
1074 3254 1103 3293 a
1131 3239 1356 3292 minore.
1394 3233 1448 3288 Si
1475 3230 1614 3286 enim
1646 3228 1846 3282 amicus

260 3343 427 3400 homo
458 3340 628 3408 surgit
648 3337 715 3392 de
735 3337 875 3391 lecto
895 3375 909 3398 ,
938 3341 989 3386 et
1020 3331 1109 3384 dat
1129 3371 1142 3394 ,
1176 3342 1281 3381 non
1330 3322 1557 3378 amicitia
1585 3361 1599 3385 ,
1630 3318 1724 3374 sed
1755 3326 1848 3372 tae-

259 3436 350 3490 dio
406 3432 750 3502 compulsus;
784 3433 979 3496 quanto
1029 3420 1196 3489 magis
1242 3418 1383 3472 Deus
1428 3415 1547 3480 dat,
1601 3411 1691 3482 qui
1735 3412 1850 3466 sine

262 3526 426 3582 taedio
467 3521 763 3594 largissime
804 3516 966 3572 donat
1007 3511 1148 3584 quod
1196 3517 1421 3580 petitur,
1449 3505 1542 3560 sed
1570 3503 1635 3594 ad
1665 3503 1763 3556 hoc
1792 3515 1850 3555 se

259 3617 373 3688 peti
402 3615 536 3680 vult,
553 3589 624 3668 *ιιι
647 3621 866 3680 capaces
890 3606 1150 3662 donorum
1181 3599 1296 3670 ejus
1325 3597 1454 3651 ﬁant
1493 3593 1580 3664 qui
1623 3589 1851 3662 petunt?

258 3683 318 3763 lu
338 3708 523 3762 tribus
547 3713 717 3757 autem
745 3699 968 3770 panibus
994 3695 1150 3750 etiam
1179 3689 1304 3745 illud
1331 3685 1676 3758 significatur,
1698 3683 1852 3736 unius

260 3817 386 3856 esse
419 3795 723 3852 substantize
739 3793 1072 3847 Trinitatem.
1101 3785 1317 3839 Amicus
1336 3787 1703 3848 autem,quem
1725 3773 1854 3832 dicit

262 3894 353 3951 ille
375 3891 464 3961 qui
490 3886 860 3959 petit,venisse
881 3883 948 3936 de
969 3882 1138 3945 via,et
1166 3893 1270 3932 non
1297 3889 1355 3928 se
1379 3872 1576 3927 habere
1597 3869 1737 3940 quod
1760 3883 1856 3937 po-

265 3995 358 4039 nat
384 3960 508 4036 ante
528 3974 1022 4044 illum,intelligitur
1043 3969 1270 4025 hominis
1286 3962 1675 4036 appetitus,qni
1699 3960 1854 4014 debet

266 4077 642 4144 obtemperare
680 4068 891 4125 rationi.
944 4063 1218 4121 Serviebat
1260 4068 1436 4114 autem
1484 4051 1852 4110 consuetudini

269 4164 572 4237 temporali,
601 4177 758 4232 quam
784 4160 922 4214 viam
953 4162 1125 4219 vocat,
1153 4159 1371 4224 propter
1396 4146 1572 4202 omnia
1602 4159 1695 4214 per
1722 4152 1855 4197 tem-

267 4276 372 4332 pus
390 4236 743 4314 transeuntis.
785 4253 1055 4308 Converso
1091 4256 1266 4300 autem
1315 4241 1530 4296 homine
1563 4236 1630 4292 ad
1664 4236 1851 4302 Deum,

269 4353 431 4408 etiam
462 4348 552 4404 ille
575 4347 838 4418 appetitus
863 4359 892 4396 a
922 4336 1304 4396 consuetudine
1343 4339 1624 4388 revocatur
1645 4343 1660 4358 ·
1691 4326 1784 4383 sed
1810 4325 1855 4380 si

269 4460 380 4499 non
405 4438 712 4497 consolatur
739 4435 960 4490 interius
987 4429 1233 4502 gaudium
1259 4425 1326 4480 de
1349 4422 1585 4480 doctrina
1608 4419 1854 4490 spiritua-

269 4533 352 4601 li,
382 4545 488 4603 qua
513 4527 778 4585 Creatoris
811 4524 1042 4579 Trinitas
1069 4518 1410 4590 praedicatur,
1444 4527 1646 4582 magna:
1684 4523 1854 4579 angu-
1887 4529 1892 4534 -

269 4626 390 4682 stize
414 4631 541 4680 sunt
568 4622 620 4676 in
665 4618 902 4682 homine,
930 4628 1086 4684 quem
1117 4608 1310 4682 premit
1333 4620 1568 4660 mrumna
1595 4601 1850 4666 mortalis,

268 4731 398 4772 cum
427 4716 497 4769 ab
524 4713 589 4767 iis
614 4726 730 4781 qua:
757 4709 886 4764 foris
923 4706 1203 4765 delectant,
1238 4696 1541 4770 praecipitur
1579 4691 1854 4747 abstinen-

270 4807 372 4872 tia,
397 4815 455 4861 et
481 4806 622 4859 intus
647 4818 752 4856 non
783 4809 868 4854 est
897 4795 1117 4852 refectio
1160 4793 1226 4848 de
1265 4789 1442 4844 laetitia
1475 4785 1726 4842 doctrina:
1765 4796 1857 4835 sa-

272 4897 467 4956 lutaris
490 4896 544 4962 ¹;
571 4903 626 4950 ει
651 4892 763 4962 ipsa
792 4889 1031 4960 angustia
1058 4893 1140 4941 est
1168 4881 1339 4937 media
1372 4894 1494 4944 nox,
1524 4892 1624 4947 qna
1650 4873 1858 4943 cogitur

272 4987 624 5044 vehementer
652 4983 851 5038 instare
878 4977 1132 5050 petendo,
1163 4982 1221 5028 ut
1257 4969 1480 5040 accipiat
1517 4976 1625 5021 tres
1664 4977 1853 5035 panes.

275 5077 432 5146 Quod
458 5086 634 5132 autem
657 5073 707 5130 ei
742 5072 936 5127 dicitur
971 5069 1037 5123 de
1063 5067 1202 5121 intus
1222 5105 1236 5129 ,
1258 5063 1368 5134 jam
1395 5061 1589 5115 ostium
1619 5057 1855 5113 clausum

275 5185 430 5235 esse,
466 5181 655 5238 pueros
688 5175 899 5234 quoque
935 5159 1051 5230 ejus
1079 5169 1199 5212 cum
1239 5168 1304 5208 eo
1345 5154 1398 5206 in
1423 5149 1580 5205 cubili
1605 5162 1754 5214 esse,
1787 5144 1860 5199 si-

275 5235 495 5333 gniﬁcat
524 5266 731 5326 tempus
751 5252 906 5309 famis
927 5249 1103 5314 verbi,
1135 5261 1258 5301 cum
1288 5239 1628 5311 intelligentia
1659 5235 1859 5291 claudi-

276 5364 388 5420 tur,
406 5350 554 5407 etilli
575 5351 664 5421 qui
684 5345 1043 5416 evangelicam
1059 5337 1370 5410 sapientiam
1397 5344 1642 5401 tanquam
1669 5342 1855 5399 panem

276 5419 699 5515 erogantespper
723 5438 907 5493 orbem
936 5444 1089 5489 terra:
1121 5427 1558 5500 przedicaverunt,
1588 5419 1734 5490 pueri
1765 5433 1862 5486 pa-

277 5535 606 5592 trisfamilias
639 5533 752 5603 jam
791 5537 914 5585 sunt
960 5527 1010 5581 in
1056 5530 1258 5580 secreta
1304 5519 1479 5590 quiete
1527 5528 1647 5570 cum
1676 5509 1858 5565 Domi-

277 5646 658 5710 ,
689 5642 820 5710 quod
858 5645 1020 5710 egstat
1062 5637 1224 5710 Matth.
1249 5631 1535 5710 εξιρέιιξξὶξλ
1559 5626 1856 5688 29,etMarc.

279 5693 668 5773 3173079133.
689 5693 1159 5776 Γέεὲηι.ἓηιὲιέιῖτθδτ
1182 5693 1610 5776 ¹Ξ9Ρ¹⁴ἓῐίίὲἔὶί91ἕἏηι

510 5747 1164 5835 'ﬁiiuiiui'iia‘tfét
1195 5747 1277 5810 Ms.
1309 5747 1640 5809 Cisterciensis
1658 5789 1671 5812 ,
1699 5747 1859 5801 salva-

276 5837 416 5888 tau.

1583 373 1790 432 LIBER
1833 369 2206 435 SECUNDUS.

3391 394 3534 452 i343

1952 503 2022 546 no
2049 512 2062 548 :
2091 503 2145 548 et
2186 504 2360 554 tamen
2390 499 2592 556 orando
2619 500 2843 558 efﬁcitur
2875 509 2932 558 ut
2957 505 3180 575 accipiat
3217 505 3532 564 desiderans

1952 586 2274 643 intellectum
2301 591 2368 646 ab
2397 592 2513 662 ipso
2532 593 2660 662 Deo,
2679 594 2891 652 etiamsi
2911 595 3072 653 homo
3089 597 3230 653 desit
3251 613 3348 668 per
3371 613 3527 669 quem

1950 678 2206 747 sapientia
2233 682 2567 750 praedicetur.

2022 769 2184 826 XXII.
2214 771 2311 844 [Ib.
2343 790 2417 840 χι,
2451 775 2560 849 12.]
2588 776 2663 832 De
2699 791 2869 847 pane,
2896 777 3061 849 pisce,
3092 787 3147 834 et
3181 794 3303 846 ovo,
3331 780 3526 850 quibus

1949 866 2210 919 contraria
2240 867 2442 935 posuit,
2475 868 2721 938 lapidem,
2749 880 3055 941 serpentem
3079 879 3135 927 et
3163 870 3523 942 scorpionem.

1950 957 2262 1029 lntelligitur
2287 961 2439 1028 panis
2463 961 2692 1016 charitas
2712 1004 2726 1028 ,
2779 972 2995 1033 propter
3036 964 3292 1034 majorem
3319 963 3522 1034 appeti-

1953 1056 2080 1112 tum,
2111 1058 2163 1103 et
2186 1061 2289 1104 tam
2314 1052 2668 1107 necessarium
2694 1063 2750 1107 ut
2775 1054 2889 1109 sine
2915 1055 3001 1108 illa
3027 1065 3219 1110 czetera
3242 1055 3370 1110 nihil
3393 1056 3522 1120 sint,

1951 1141 2087 1195 sicut
2115 1141 2229 1197 sine
2259 1125 2394 1212 pane
2423 1158 2606 1198 mensa
2633 1144 2784 1213 inops
2815 1146 2830 1176 ¹
2856 1162 2869 1198 :
2897 1145 2982 1200 cui
3009 1147 3272 1201 contraria
3293 1156 3374 1202 est
3407 1160 3526 1200 cor.

1950 1232 2031 1286 dis
2058 1231 2282 1299 duritia,
2310 1249 2467 1304 quam
2519 1234 2680 1304 lapidi
2724 1239 3066 1305 comparavit.
3125 1238 3290 1293 Piscis
3339 1248 3520 1293 autem

1951 1324 2258 1395 intelligitur
2283 1325 2413 1382 ﬁdes
2435 1326 2795 1392 invisibilium,
2829 1327 2910 1381 vel
2939 1336 3154 1397 propter
3192 1342 3383 1398 aquam
3423 1327 3525 1382 Ba.

1951 1417 2164 1485 ptistni,
2197 1417 2278 1470 vel
2300 1421 2421 1486 quia
2445 1418 2512 1473 de
2542 1417 2895 1472 invisibilibus
2931 1419 3063 1473 locis
3089 1401 3331 1488 capitur;
3383 1418 3524 1489 quod

1950 1506 2108 1560 etiam
2143 1506 2274 1560 ﬁdes
2302 1507 2456 1577 hujus
2483 1508 2666 1563 mundi
2698 1507 2942 1564 fluctibus
2986 1509 3374 1562 circumlatrata
3419 1524 3527 1562 non

1952 1596 2207 1664 frangitur
2231 1638 2245 1664 ,
2298 1608 2444 1653 recte
2488 1599 2618 1669 pisci
2665 1608 3004 1669 comparatur
3036 1617 3049 1653 :
3078 1599 3161 1654 cui
3199 1577 3524 1654 contrarium

1951 1689 2134 1772 posuit
2173 1700 2472 1758 serpentem
2499 1731 2512 1756 ,
2560 1701 2777 1760 propter
2829 1705 3032 1746 venena
3085 1689 3342 1757 fallacize,
3407 1707 3527 1760 qua:

1948 1783 2107 1837 etiam
2134 1782 2306 1851 primo
2332 1782 2530 1837 homini
2558 1784 2694 1838 male
2721 1782 2994 1838 suadendo
3028 1783 3438 1853 prmseminavit.
3470 1781 3526 1836 lu

1948 1891 2051 1932 ovo
2077 1878 2384 1948 intelligitur
2413 1892 2573 1948 spes;
2615 1894 2772 1932 ovum
2821 1879 2962 1932 enim
2993 1877 3228 1933 nondum
3273 1886 3354 1931 est
3387 1869 3527 1931 fetus

1949 1970 2250 2040 perfectus,
2306 1970 2397 2025 sed
2441 1970 2668 2025 fovendo
2721 1979 3008 2039 speratur:
3063 1971 3148 2024 cui
3199 1966 3526 2022 contrarium

1949 2064 2123 2133 posuit
2169 2063 2538 2131 scorpionem,
2595 2061 2746 2130 cujus
2790 2062 3002 2115 aculeus
3039 2068 3330 2116 venenatus
3379 2068 3526 2115 retro

1951 2157 2215 2212 timendus
2245 2166 2358 2220 est;
2387 2156 2523 2208 sicut
2547 2155 2658 2224 spei
2703 2153 3023 2208 contrarium
3052 2160 3135 2208 est
3163 2163 3306 2208 retro
3350 2152 3528 2221 respi-

1948 2263 2070 2303 cere
2091 2290 2106 2314 ,
2147 2263 2266 2301 cum
2305 2262 2428 2316 spes
2457 2245 2752 2300 futurorum
2793 2246 2844 2298 in
2876 2258 2938 2297 ea
2981 2259 3098 2314 qua:
3124 2251 3248 2298 ante
3277 2251 3435 2310 sunt,
3465 2256 3526 2300 se

1948 2339 2216 2396 extendat.

2019 2430 2204 2486 XXIII.
2231 2429 2328 2502 [Ib.
2360 2447 2432 2495 ιιι,
2467 2428 2578 2501 52]
2604 2429 2680 2483 De
2695 2443 2762 2482 eo
2788 2426 2928 2498 quod
2949 2427 3074 2480 dicit
3098 2425 3354 2480 Dominus
3378 2424 3527 2482 Scri-

1947 2521 2029 2577 bis
2052 2525 2137 2577 vel
2160 2522 2465 2577 doctoribus
2489 2519 2815 2580 Judmorum,
2850 2517 3052 2572 Tulistis
3071 2519 3258 2571 clavem
3275 2517 3528 2580 scientiat;

1948 2618 2048 2688 ipsi
2085 2633 2184 2669 non
2214 2614 2485 2679 introistis,
2531 2622 2577 2666 et
2616 2628 2698 2666 eos
2721 2612 2806 2681 qui
2833 2610 3124 2676 intrabant,
3165 2608 3489 2678 prohibuistis
3512 2623 3531 2660 :

1948 2711 2087 2781 quod
2134 2711 2186 2764 in
2213 2709 2480 2777 Scriptura
2509 2706 2601 2760 Dei
2643 2704 2996 2759 humilitatem
3043 2700 3239 2756 Christi
3286 2715 3385 2755 nec
3429 2699 3532 2770 ipsi

1950 2804 2246 2872 intelligere
2275 2797 2332 2866 ²’,
2361 2816 2461 2855 nec
2489 2800 2555 2854 ab
2580 2799 2697 2852 aliis
2729 2795 2946 2864 intelligi
2972 2795 3238 2848 volebant.

2019 2893 2206 2950 XXIV.
2237 2890 2335 2962 [Ib.
2366 2907 2458 2955 xu,
2489 2887 2603 2960 25.]
2620 2886 2774 2963 Quod
2804 2885 3053 2939 Dominus
3081 2883 3209 2938 dicit
3235 2881 3530 2951 discipulis:

1948 2988 2130 3041 Anima
2161 2987 2273 3056 plus
2298 2991 2368 3037 est
2394 2997 2543 3052 quam
2560 2995 2691 3041 esca,
2719 2987 2764 3030 et
2786 2991 2967 3046 corpus
2992 2989 3140 3044 quam
3165 2972 3528 3036 vestimentum,

1949 3090 2003 3136 et
2029 3080 2208 3149 utique
2227 3118 2240 3141 ,
2271 3077 2314 3129 si
2348 3075 2448 3128 hoc
2471 3073 2561 3127 tibi
2587 3071 2734 3126 dedit
2763 3067 2903 3139 quod
2932 3067 3048 3138 plus
3070 3073 3173 3133 est,
3197 3072 3393 3134 quanto
3418 3077 3531 3118 ma-

1949 3174 2030 3244 gis
2051 3171 2196 3224 dabit
2227 3166 2364 3237 quod
2394 3165 2569 3219 minus
2591 3162 2715 3216 est?

2021 3261 2186 3318 XXV.
2217 3258 2317 3332 [Ib.
2349 3275 2440 3322 xu,
2471 3253 2584 3326 55.]
2611 3252 2761 3320 Quod
2785 3249 3037 3306 Dominus
3061 3247 3209 3314 dicit,
3241 3245 3356 3302 Sint
3377 3244 3537 3299 lumbi

1953 3356 2100 3411 vestri
2127 3352 2370 3415 accincti;
2401 3358 2619 3420 promer
2647 3343 3025 3401 continentiam
3050 3341 3117 3395 ab
3141 3353 3326 3394 amore
3353 3351 3530 3392 rerum

1953 3444 2324 3502 szeeularium:
2359 3439 2578 3494 lucerna:
2621 3436 2890 3499 ardentes;
2938 3433 3043 3488 hoc
3093 3432 3264 3502 ipsum
3309 3436 3366 3482 ut
3404 3441 3538 3484 vero

1956 3537 2061 3591 line
2089 3541 2143 3588 et
2173 3541 2315 3587 recta
2346 3530 2638 3584 intentione
2668 3526 2892 3582 faciatis.

2024 3627 2214 3684 XXVI.
2234 3623 2334 3699 [Ib.
2351 3640 2447 3690 xu,
2461 3620 2578 3694 42.]
2597 3619 2745 3690 Quod
2765 3615 3162 3674 Dominusdixit
3182 3615 3360 3678 Petro,
3382 3611 3537 3678 Quis,

1957 3730 2134 3792 putas,
2167 3729 2237 3773 est
2280 3715 2444 3786 ﬁdelis
2474 3716 2788 3783 dispensator
2809 3719 2854 3765 et
2884 3709 3132 3780 prudens,
3160 3723 3306 3777 quem
3347 3705 3534 3758 consti-

1957 3820 2056 3864 luet
2086 3809 2332 3862 Dominus
2351 3822 2501 3876 super
2527 3803 2773 3873 familiam
2815 3816 2958 3855 suam
2977 3840 2994 3864 ,
3021 3807 3074 3851 ut
3102 3798 3183 3850 det
3206 3797 3307 3850 illis
3332 3796 3384 3848 in
3405 3804 3532 3847 lem-

1958 3918 2078 3972 pore
2104 3899 2252 3953 tritici
2275 3894 2592 3950 mensuram?
2615 3905 2917 3946 mensuram
2939 3889 3064 3943 dicit
3084 3896 3299 3958 propter
3313 3883 3531 3938 modum

1957 3989 2262 4061 capacitatis
2288 3998 2616 4057 quorumque
2641 3980 2986 4035 audientium.

2029 4080 2237 4137 XXVII.
2270 4076 2369 4151 [Ib.
2395 4091 2488 4142 ιιιι,
2517 4075 2604 4140 54,
2636 4069 2751 4146 55.]
2779 4069 2928 4137 Quod
2951 4066 3206 4123 Dominus
3225 4063 3381 4130 dicit,
3408 4061 3534 4117 Cum

1957 4172 2178 4226 videritis
2221 4169 2398 4223 nubem
2437 4167 2675 4221 orientem
2715 4163 2777 4217 ab
2807 4176 3018 4225 occasu,
3067 4172 3281 4212 carnem
3324 4170 3473 4210 suam
3499 4169 3532 4208 a

1959 4271 2129 4318 morte
2158 4267 2522 4330 resurgentem
2553 4253 2814 4326 signiﬁcat
2842 4269 2854 4306 :
2887 4267 2952 4307 ex
2980 4251 3073 4305 illo
3101 4249 3241 4304 enim
3285 4245 3540 4306 omnibus

1961 4354 2118 4409 terris
2169 4351 2338 4406 imber
2380 4347 2700 4418 evangelica:
2746 4340 3134 4414 prmdicationis
3177 4336 3380 4392 infusus
3429 4344 3531 4390 est.

1958 4445 2197 4499 Austrum
2216 4443 2420 4513 ﬂantem
2438 4447 2559 4493 ante
2578 4444 2758 4500 mstus,
2783 4430 3148 4489 tribulationes
3167 4427 3390 4483 leviores
3410 4433 3534 4480 ante

1953 4537 2230 4610 judicium.

2029 4627 2263 4684 XXVIII.
2288 4624 2389 4698 [Ib.
2416 4639 2512 4691 xu,
2540 4618 2659 4693 26.]
2683 4616 2834 4686 Quod
2861 4615 3116 4671 Dominus
3142 4611 3292 4676 dicit,
3319 4608 3380 4666 Si
3402 4609 3540 4664 enim

1958 4719 2092 4792 quod
2125 4717 2386 4771 minimum
2419 4722 2512 4778 est,
2542 4727 2642 4764 non
2669 4707 2891 4780 potestis,
2913 4720 3032 4761 cum
3053 4703 3120 4758 de
3143 4700 3380 4772 augenda
3409 4714 3536 4754 cor-

1962 4789 2104 4882 poris
2131 4815 2333 4863 statura
2363 4805 2607 4886 diceret;
2658 4799 2934 4855 minimum
2959 4807 3042 4854 est
3075 4796 3219 4851 enim
3250 4793 3352 4848 hoc
3373 4833 3390 4860 ,
3439 4789 3535 4846 sed

1961 4904 2071 4959 Deo
2091 4943 2106 4968 ,
2133 4913 2356 4969 corpora
2385 4895 2621 4967 Operari.

2030 4991 2223 5048 XXIX.
2253 4988 2354 5063 [Ib.
2383 5003 2454 5043 xu
2473 5029 2488 5054 ,
2511 4984 2630 5058 29.]
2659 4983 2789 5040 Cum
2826 4981 3031 5038 diceret
3075 4978 3385 5050 discipulis,
3428 4991 3535 5030 non

1960 5087 2157 5142 debere
2186 5082 2368 5139 haberi
2399 5078 2811 5135 sollicitudinem
2844 5075 2908 5129 de
2936 5074 3098 5140 cibis,
3142 5072 3262 5137 ait,
3289 5069 3352 5122 Et
3383 5067 3536 5121 nolite

1961 5179 2014 5233 in
2038 5177 2249 5232 sublime
2276 5172 2468 5228 extolli.
2523 5170 2703 5226 Primo
2732 5168 2873 5223 enim
2916 5167 3029 5221 haec
3070 5164 3134 5218 ad
3165 5159 3536 5226 necessitatem

1962 5268 2284 5341 implendam
2335 5265 2495 5319 homo
2541 5264 2730 5333 quatrit
2756 5280 2770 5317 :
2799 5276 2918 5316 cum
2961 5268 3134 5313 autem
3166 5256 3278 5308 hmo
3303 5251 3542 5307 abunda-

1963 5362 2166 5424 verint,
2215 5357 2399 5426 incipit
2423 5363 2477 5409 et
2500 5354 2771 5423 superbire
2797 5353 2864 5407 de
2913 5349 3120 5405 talibus.
3158 5346 3286 5401 Tale
3323 5353 3406 5400 est
3438 5343 3541 5398 hoc

1965 5468 2028 5509 ac
2056 5452 2099 5505 si
2143 5467 2202 5506 se
2229 5449 2534 5503 vulneratus
2561 5446 2680 5515 quis
2703 5444 2864 5513 jactet
2887 5441 3008 5511 quia
3035 5438 3194 5492 habet
3232 5436 3392 5490 multa
3421 5449 3538 5488 em-

1964 5544 2167 5614 plastra
2197 5541 2247 5594 in
2287 5538 2448 5594 domo
2470 5578 2484 5605 ,
2515 5552 2636 5592 cum
2661 5535 2784 5590 hoc
2821 5533 2894 5589 illi
2922 5532 3119 5587 bonum
3147 5537 3291 5584 esset
3317 5536 3374 5582 ut
3425 5524 3543 5580 vul-

2030 5682 2044 5713 ²
2066 5677 2212 5741 Lugd].
2236 5683 2356 5741 ven.
2380 5679 2510 5732 Lov.,
2525 5671 2777 5741 est
2799 5665 2949 5741 inops.
2983 5671 3069 5741 _M.

2027 5746 2048 5776 ε
2067 5719 2510 5802 ξῆοίὶιθέιᾷῇιξιὶέέῖ
2528 5719 2737 5790 λιθιιιιι,
2757 5719 2954 5802 quod
2976 5727 3223 5802 scriptura
3247 5722 3307 5774 de
3325 5719 3542 5770 Immani‘

1967 5788 2260 5860 tate—c'lii‘isti
2277 5788 2471 5860 dicitur,
2499 5805 2642 5860 quant
2665 5788 2751 5843 nec
2766 5788 2860 5855 ipsi
2882 5788 3160 5853 intelligere.
