4012 6472
529 321 664 378 I345

525 447 655 488 nera
701 444 808 486 non
837 429 1092 496 haberet,
1125 436 1180 486 ct
1221 442 1288 485 ne
1324 444 1430 485 uno
1455 427 1668 500 quidem
1700 425 1962 497 indigeret
1988 439 2106 479 em-

523 524 748 594 plastro.
1964 520 1970 524 ’

601 614 704 688 [lb.
736 629 849 682 XIV,
874 612 930 676 2,
951 612 1005 678 5;
1037 627 1151 678 χιιι,
1184 609 1390 682 11-16.]
1424 607 1499 681 (a)
1527 606 1892 678 Congrucntcr
1907 605 2106 678 hydro-

524 705 702 774 picum
731 705 944 760 animali
972 703 1111 774 quod
1154 702 1344 758 cecidit
1384 701 1436 754 in
1465 707 1681 769 puteum
1702 740 1716 766 ,
1746 695 2104 766 comparavit;

524 795 753 853 humore
796 797 940 853 enim
988 796 1263 850 laborabat
1301 809 1316 848 :
1349 793 1486 848 sicut
1533 801 1588 846 et
1633 791 1777 846 illam
1827 790 2104 844 mulierem

523 905 682 960 quam
729 888 916 944 decem
966 895 1022 943 et
1047 894 1168 942 octo
1193 885 1346 938 annis
1371 885 1636 955 alligatam
1666 883 1907 949 dixerat,
1945 890 2000 936 ct
2037 880 2105 935 ab

526 979 714 1037 eadem
735 980 1040 1051 alligationc
1067 977 1322 1043 solvebat,
1349 975 1930 1046 comparavitjumento
1961 972 2103 1044 quod

524 1071 792 1139 solvitur,
840 1081 900 1127 ut
947 1069 1015 1126 ad
1067 1084 1256 1139 aquam
1309 1068 1548 1123 ducatur.
1580 1066 1881 1139 Hydropem
1926 1074 2102 1120 autem

527 1171 678 1219 recte
729 1174 1098 1231 comparamus
1144 1158 1294 1214 diviti
1343 1172 1505 1213 avaro
1551 1174 1565 1212 :
1622 1158 1760 1212 sicut
1808 1155 1950 1212 enim
2016 1154 2106 1210 ille

523 1260 724 1322 quanto
753 1251 919 1323 magis
944 1249 1176 1306 abundat
1201 1249 1425 1305 humore
1459 1247 1758 1304 inordinate
1777 1289 1792 1314 ,
1821 1255 1970 1302 tanto
1993 1260 2107 1300 am-

523 1343 665 1414 plius
694 1342 834 1408 sitit;
875 1341 954 1397 sic
985 1342 1086 1397 iste
1109 1349 1303 1412 quanto
1329 1348 1411 1396 est
1437 1339 1702 1408 c0piosior
1723 1337 1919 1393 divitiis
1937 1377 1953 1403 ,
1985 1335 2105 1406 qui-

526 1432 628 1488 bus
658 1447 763 1486 non
793 1431 929 1487 bene
945 1432 1128 1497 utitur,
1149 1439 1294 1486 tanto
1316 1429 1590 1486 ardentius
1615 1430 1735 1484 talia
1755 1427 2100 1499 concupiscit.

522 1519 671 1576 Illam
701 1535 830 1578 vero
873 1521 945 1578 ita
991 1521 1179 1578 morbo
1206 1521 1530 1576 incurvatum
1551 1563 1566 1588 ,
1595 1529 1654 1574 ut
1677 1534 1736 1574 se
1763 1519 1970 1590 erigere
1997 1533 2104 1572 non

521 1621 722 1683 posset,
752 1612 945 1668 anima:
975 1613 992 1645 ⁸
1021 1613 1244 1668 terrenis
1269 1612 1605 1682 opinionibus
1624 1611 1909 1666 debilitata:
1937 1618 2100 1682 atque

521 1717 794 1775 Oppressae
814 1745 830 1770 ,
859 1704 930 1759 ita
959 1712 1016 1759 ut
1033 1703 1208 1758 divina
1235 1705 1469 1773 cogitare
1494 1717 1599 1757 non
1627 1701 1818 1756 valeat.

609 1795 778 1850 XXX.
822 1795 924 1869 [lb.
957 1812 1074 1865 xw,
1102 1796 1195 1865 2i,
1217 1796 1345 1870 25.}
1360 1795 1511 1864 Quod
1548 1795 1617 1851 de
1640 1795 1852 1850 civitate
1893 1792 2107 1848 adducit

523 1885 772 1943 Invitatos
822 1888 888 1942 ad
932 1903 1139 1944 omnum
1164 1930 1179 1954 ,
1221 1889 1289 1944 de
1320 1890 1430 1959 ipsa
1457 1897 1614 1959 gente
1662 1887 1965 1943 Judaiorum
2013 1886 2104 1956 qui

523 1977 864 2034 crediderunt
885 1979 1176 2049 signiﬁcat,
1200 1979 1400 2034 debiles
1419 1980 1652 2050 peccatis
1671 2021 1686 2044 ,
1713 1994 1818 2033 non
1849 1977 2105 2034 habentes

523 2072 828 2142 superbiam
867 2073 1017 2142 quasi
1051 2072 1299 2141 justitiai,
1329 2087 1447 2142 qua:
1474 2071 1701 2126 mendax
1729 2071 1984 2142 primates
2008 2084 2104 2125 eo-

524 2177 649 2217 rum
675 2178 704 2216 a
728 2163 894 2234 gratia
938 2164 1271 2234 prohibebat.
1315 2163 1465 2230 Quod
1494 2174 1674 2220 autem
1715 2164 1782 2219 de
1810 2163 2024 2232 sepibus
2053 2170 2108 2217 et

523 2252 628 2307 viis
652 2252 783 2307 alios
809 2253 996 2308 adduci
1015 2253 1174 2322 jussit
1193 2297 1207 2322 ,
1237 2269 1356 2309 cum
1381 2253 1556 2308 adhuc
1583 2254 1730 2309 locus
1751 2262 1888 2308 esset
1913 2293 1928 2320 ,
1957 2251 2104 2309 Gen-

523 2351 608 2400 tes
636 2345 939 2416 signiﬁcat,
973 2355 1189 2422 propter
1215 2347 1452 2403 diversas
1471 2348 1582 2404 vias
1610 2357 1878 2405 sectarum
1908 2358 1962 2405 et
1989 2348 2104 2420 spi-

522 2449 622 2490 nas
651 2447 1008 2504 peccatorum.

601 2524 797 2580 XXXI.
837 2526 941 2599 [lb.
971 2543 1080 2596 xiv,
1105 2526 1320 2602 28-33.]
1345 2528 1600 2601 Sumptus
1623 2530 1697 2585 ad
1715 2540 1912 2586 turrem
1941 2530 2107 2586 ιπεᾱίῐί-

522 2619 778 2688 caudam,
805 2621 946 2676 vires
991 2621 1058 2675 ad
1087 2622 1457 2692 discipulatum
1486 2623 1680 2678 Christi
1710 2623 2053 2678 obtinendum
2087 2642 2102 2680 :

521 2721 579 2768 et
601 2712 782 2768 decem
828 2713 990 2767 millia
1019 2715 1303 2784 prmliaturi
1331 2731 1450 2770 cum
1475 2731 1598 2786 rege
1625 2715 1716 2787 qui
1759 2715 1988 2770 habebat
2021 2716 2104 2769 vi-

521 2805 654 2874 ginti
685 2805 847 2860 millia
867 2847 882 2870 ,
913 2806 1302 2876 simplicitatem
1346 2807 1618 2862 christiani
1659 2807 1954 2863 dimicaturi
1983 2823 2104 2862 cum

523 2894 826 2965 duplicitate
853 2895 1066 2962 diaboli,
1098 2897 1197 2953 hoc
1223 2905 1304 2953 est
1331 2913 1452 2953 cum
1480 2897 1616 2954 dolis
1641 2907 1693 2952 ct
1719 2899 1941 2953 fallaciis
1961 2899 2098 2968 ejus,

527 2985 581 3051 in
608 2985 796 3040 alfectu
825 2987 1140 3042 constituit‘
1172 2988 1525 3042 renuntiantis
1551 2989 1798 3043 omnibus
1826 3005 1942 3058 qua:
1981 2997 2106 3043 sunt

521 3075 662 3144 ejus.
689 3064 764 3130 Ita
791 3077 931 3130 enim
957 3078 1261 3132 concludit:
1293 3079 1384 3134 Sic
1410 3096 1527 3150 ergo
1567 3081 1727 3133 omnis
1753 3096 1816 3133 ea:
1840 3081 1974 3134 vobis
2020 3082 2106 3150 qui

523 3181 624 3220 non
655 3167 910 3220 renuntiat
938 3167 1168 3222 omnibus
1196 3184 1308 3238 qua:
1329 3177 1447 3222 sunt
1474 3169 1584 3238 ejus
1605 3210 1619 3233 ,
1642 3185 1744 3222 non
1783 3179 1940 3241 potest
1966 3187 2105 3224 meus

521 3271 631 3310 esse
668 3256 963 3328 discipulus.
1002 3256 1143 3314 Inter
1167 3274 1285 3329 qua:
1315 3258 1489 3313 omnia
1537 3260 1695 3315 etiam
1744 3261 1854 3329 ipsa
1897 3269 2105 3330 tempo-

521 3347 650 3401 ralis
682 3348 784 3400 vita
831 3348 1156 3420 intelligatur
1185 3364 1404 3406 necesse
1432 3359 1514 3406 est
1534 3392 1550 3418 ,
1582 3367 1740 3420 quam
1789 3361 2000 3422 Oportet
2028 3354 2106 3408 sic

521 3438 798 3510 possidere
824 3439 890 3494 ad
918 3449 1126 3510 tempus
1149 3483 1164 3505 ,
1197 3452 1254 3498 ut
1297 3458 1400 3496 non
1429 3451 1481 3498 te
1508 3442 1760 3512 impediat
1789 3445 1855 3500 ab
1875 3454 2068 3498 acterna
2087 3486 2102 3508 ,

523 3529 615 3598 qui
647 3544 763 3584 eam
798 3528 954 3585 fuerit
985 3531 1214 3586 minatus
1237 3531 1466 3587 auferre.
1499 3533 1650 3588 Sicut
1672 3543 1849 3588 autem
1877 3535 1942 3589 de
1969 3536 2104 3590 turri

528 3635 634 3674 non
677 3621 905 3691 perfecta
932 3662 948 3689 ,
995 3637 1090 3694 per
1113 3623 1458 3694 opprobrium
1486 3625 1742 3681 deterruit
1767 3625 2054 3682 dicentium
2087 3669 2103 3694 ,

524 3709 658 3775 Quia
700 3712 780 3765 hic
817 3713 966 3768 homo
991 3715 1136 3785 coepit
1163 3715 1448 3784 adi/icore,
1488 3725 1536 3772 et
1555 3733 1654 3771 non
1677 3719 1838 3789 potuit
1865 3735 2105 3776 consum-

518 3821 658 3859 mare
681 3820 701 3860 :
727 3805 806 3862 sic
836 3806 886 3860 in
915 3822 1038 3877 rege
1064 3823 1184 3862 cum
1235 3824 1340 3880 quo
1368 3809 1728 3867 dimicandum
1764 3823 1846 3869 est
1869 3855 1882 3880 ,
1933 3815 2102 3884 ipsam

521 3911 704 3966 pacem
734 3899 1024 3964 accusavit,
1054 3914 1175 3954 cum
1203 3901 1294 3967 ait,
1320 3900 1498 3955 Adhuc
1513 3903 1602 3956 illo
1633 3902 1780 3974 longe
1812 3916 2008 3976 agente,
2033 3907 2107 3960 lc-

518 3987 768 4057 gationem
810 3989 1008 4042 mittens
1044 3999 1188 4059 rogat
1213 4006 1271 4042 ea
1296 4007 1408 4059 qua:
1437 4001 1554 4044 sunt
1595 3995 1767 4060 pacis;
1799 3995 2102 4063 significans

521 4078 684 4133 etiam
729 4077 901 4132 minas
953 4078 1341 4134 imminentium
1385 4096 1415 4134 a
1460 4080 1672 4136 diabolo
1715 4083 2098 4152 tentationum,

520 4186 628 4224 non
673 4171 935 4224 sustinere
963 4169 1204 4224 homines
1247 4170 1336 4240 qui
1368 4186 1473 4224 non
1523 4173 1829 4227 renuntiant
1855 4173 2102 4230 omnibus

518 4276 638 4330 qum
665 4259 970 4332 possident,
999 4269 1052 4314 et
1078 4275 1259 4330 pacein
1287 4275 1408 4315 cum
1428 4276 1493 4316 eo
1518 4261 1694 4316 facere
1719 4264 2100 4319 conscntiendo

519 4353 595 4408 illi
635 4352 704 4407 ad
733 4351 1107 4406 committenda
1158 4360 1392 4422 peccata.
1425 4352 1646 4408 Turrem
1692 4353 1885 4424 quippe
1930 4355 2100 4410 aediﬁ-

519 4459 678 4508 care,
711 4451 764 4498 et
789 4452 972 4498 contra
1003 4458 1182 4514 regem
1211 4444 1358 4497 illum
1393 4443 1681 4511 dimicare,
1721 4459 1840 4500 esse
1865 4444 2100 4517 discipu-

517 4537 627 4592 lum
653 4535 848 4591 Christi
877 4544 960 4590 est
988 4553 1001 4588 :
1030 4534 1228 4590 habere
1254 4545 1428 4591 autem
1465 4545 1708 4606 sumptus
1732 4536 1797 4590 ad
1822 4537 2099 4607 perlicien-

517 4621 640 4676 dam
681 4630 914 4688 turrem,
963 4629 1017 4676 et
1044 4619 1240 4675 habere
1288 4621 1442 4675 fortia
1489 4621 1672 4676 decem
1703 4623 1866 4678 millia
1913 4634 2096 4679 contra

521 4711 708 4781 viginti
735 4711 897 4767 millia
919 4711 1059 4784 regis
1078 4752 1094 4779 ,
1132 4712 1437 4767 renuntiare
1465 4720 1546 4767 est
1565 4712 1812 4768 omnibus
1835 4729 1952 4784 qua:
1975 4726 2105 4772 sunt-

514 4804 651 4874 ejuS.

590 4896 808 4952 XXXII.
850 4896 950 4968 [lb.
980 4913 1093 4963 nv,
1116 4897 1204 4961 5i,
1232 4897 1322 4964 35,
1353 4913 1437 4959 xv,
1469 4896 1647 4970 440.]
1667 4895 1842 4954 Salcm
1874 4899 2096 4954 infatua-

514 4998 625 5046 tum
645 5031 660 5059 ,
688 4998 980 5062 apostatam
1014 5008 1026 5044 :
1053 4988 1218 5045 Ovem
1249 4989 1508 5060 perditam
1531 5033 1545 5058 ,
1569 5005 1756 5047 omnes
1784 5002 2096 5063 peccatores

579 5127 594 5158 ¹
617 5126 752 5185 aditi,
775 5123 1133 5189 refragantibus
1176 5130 1282 5172 MSS.
1321 5122 1499 5173 addunt
1531 5122 1625 5184 hic,
1660 5123 1938 5175 assimilm'it
1964 5138 1982 5176 :
2009 5141 2097 5189 pro

514 5200 610 5250 quo
626 5187 1010 5250 subaudiendum
1029 5191 1121 5250 est,
1141 5191 1558 5250 comparamus.__t£t
1573 5199 1684 5236 mox
1704 5195 1798 5236 ttat.
1823 5195 1924 5236 Am.
1951 5187 2093 5238 ct‘ﬁr.

514 5244 714 5305 habent,
737 5246 939 5299 terrenis
959 5244 1261 5310 opinionibus
1277 5245 1348 5296 vel
1363 5245 1601 5310 operibus.

578 5312 596 5340 ³
621 5311 859 5371 sic_,Ve_n._
881 5317 933 5359 et
953 5307 1058 5358 hev.
1075 5307 1204 5371 dant
1226 5308 1351 5371 hunc
1380 5307 1539 5371 locum
1567 5322 1588 5371 :_
1606 5307 1730 5358 vires
1750 5313 1914 5359 siml...
1939 5315 2095 5360 osten-

514 5371 631 5434 dunt
654 5367 1006 5434 siinplicitatem
1037 5367 1296 5434 christiani
1321 5367 1540 5434 populi...
1569 5369 1620 5420 in
1641 5371 1814 5434 aﬂ‘ectu
1836 5371 2091 5422 constituti.

511 5433 584 5500 sic
601 5430 994 5495 etiam't.ugd.,ea
1013 5439 1176 5500 tamen
1189 5430 1814 5500 Δίιίδεινειίξιιιιίιι,(ιιιοόἰιιιεὶε
1829 5439 1982 5496 septa:
1997 5436 2096 5484 sint.

513 5491 589 5542 ha:
616 5507 776 5552 voces,
801 5490 927 5554 sunt,
950 5493 1214 5551 ostendunt,
1240 5490 1418 5554 pepuli.
1485 5490 1539 5541 at.

576 5555 650 5616 (a)
675 5562 740 5603 De
761 5553 951 5616 reliqua
982 5563 1118 5616 parte
1141 5552 1284 5616 hujus
1301 5552 1586 5616 quaestionis
1621 5552 1737 5602 nihil
1771 5554 1919 5604 habet
1941 5556 2094 5618 ipsius

512 5614 683 5666 titulus
718 5617 765 5664 in
803 5615 1026 5668 tilenclio.
1050 5628 1212 5668 supra.
1239 5628 1346 5668 tiaa.
1390 5615 1525 5664 1325.
1552 5622 1713 5664 Exstat
1751 5625 1911 5666 tamen
1951 5621 2096 5668 etiam

512 5629 683 5666 titulus
718 5629 765 5664 in
803 5629 1026 5688 utencno,
1050 5629 1212 5689 supra,
1239 5629 1369 5688 νας..
1390 5629 1525 5686 ιοεις
1552 5629 1713 5686 exstat
1751 5629 1911 5666 tamen
1951 5629 2094 5668 etiam

511 5677 647 5744 apud
661 5685 936 5744 ttugypiutn,
959 5690 1068 5744 cuin
1091 5676 1230 5727 titulo
1247 5686 1460 5726 auctiore
1479 5677 1553 5727 his
1575 5679 1738 5728 verbis
1762 5692 1774 5728 :
1817 5695 1840 5725 α
1857 5685 1908 5728 Et
1928 5679 1991 5729 de
2009 5680 2094 5744 Ilj-

511 5738 830 5803 ἀοι-ιωίθοι
853 5739 916 5789 dc
941 5738 1145 5790 muliere
1167 5747 1376 5789 curvata.
1401 5755 1423 5784 ι

1369 309 1827 382 QUAESTIONUM
1867 304 2420 383 EFANGELICRUSI,
2464 311 2520 368 S.
2563 310 2927 369 AUGUSTINI

3657 319 3808 380 ιδυ-

2215 426 2348 481 dixit
2365 467 2381 494 ,
2411 429 2500 499 qui
2522 443 2619 499 per
2645 430 3007 500 paenitentiam
3033 430 3442 487 reconciliantur
3461 421 3592 490 Deo.
3619 435 3815 505 Quam.

2214 515 2448 574 humeris
2477 519 2588 575 suis
2607 529 2817 590 portat,
2845 522 2968 592 quia
2997 522 3321 579 humiliando
3346 539 3404 580 se
3431 527 3564 582 tales
3590 531 3788 586 erexit.

2213 605 2336 662 Ideo
2362 618 2540 664 autem
2565 610 2682 665 illas
2712 612 2992 682 nonaginta
3024 629 3212 669 novem
3242 614 3394 682 dixit,
3419 632 3549 687 quas
3570 619 3796 689 reliquit

2211 696 2262 751 in
2293 697 2508 754 deserto
2529 741 2545 766 ,
2585 700 2704 772 quia
2733 703 2988 772 superbos
3018 704 3344 774 signiﬁcant,
3379 715 3625 776 tanquam
3655 711 3794 765 soli-

2213 788 2445 845 tudinem
2467 800 2712 862 gerentes
2729 793 2778 847 in
2796 793 2994 859 animo,
3012 795 3136 850 dum
3155 798 3296 852 solos
3317 812 3376 853 se
3396 800 3561 854 videri
3578 802 3785 867 volunt,

2209 881 2401 950 quibus
2416 881 2873 951 adiperfectioncm
2889 883 3057 940 unitas
3069 886 3238 942 deest.
3257 886 3388 942 Cum
3401 890 3544 944 enim
3559 892 3786 962 quisque

2208 985 2238 1024 a
2255 987 2378 1026 vera
2396 973 2594 1028 unitate
2608 973 2892 1041 divellitur,
2911 976 3154 1047 superbia
3168 977 3452 1037 divellitttr:
3470 995 3580 1036 sum
3593 982 3795 1053 quippe

2209 1065 2487 1135 potestatis
2515 1081 2636 1122 esse
2677 1068 2932 1138 cupiens,
2963 1085 3066 1122 non
3096 1069 3334 1140 sequitur
3377 1087 3576 1139 unum,
3637 1074 3785 1143 quod

2211 1158 2349 1214 Deus
2375 1169 2479 1214 est.
2512 1159 2740 1232 Ideoque
2765 1162 2892 1217 etin
2917 1163 3200 1233 nonaginta
3226 1177 3417 1218 novem
3443 1165 3634 1221 ovibus
3663 1167 3797 1224 etin

2209 1266 2400 1306 novem
2429 1251 2696 1308 drachmis
2723 1254 2874 1324 ponit
2898 1269 3080 1309 eorum
3104 1254 3542 1325 significationem
3566 1298 3582 1324 ,
3609 1257 3697 1326 qui
3725 1257 3798 1313 de

2209 1356 2268 1398 se
2295 1352 2677 1412 praesumentes
2707 1344 3070 1413 peccatoribus
3098 1343 3164 1399 ad
3191 1345 3414 1400 salutem
3443 1345 3796 1402 redeuntibus

2209 1448 2270 1488 se
2297 1443 2627 1504 praiponunt.
2658 1433 2832 1490 Unum
2863 1434 3004 1488 enim
3035 1434 3187 1490 deest
3213 1435 3279 1490 ad
3310 1450 3502 1493 novem
3527 1444 3585 1491 ut
3603 1436 3794 1492 decem

2209 1525 2354 1593 sint,
2380 1534 2436 1580 et
2475 1525 2543 1580 ad
2569 1526 2852 1596 nonaginta
2885 1541 3078 1582 novem
3126 1536 3184 1582 ut
3211 1536 3424 1582 centum
3463 1529 3590 1585 sint.
3639 1529 3707 1584 Et
3747 1529 3797 1584 si

2210 1631 2306 1686 per
2330 1623 2554 1672 caeteros
2601 1631 2854 1671 numeros
2892 1616 2994 1672 hoc
3033 1617 3362 1674 consideres.
3415 1618 3549 1674 Nam
3578 1627 3630 1674 et
3659 1635 3798 1676 non-.-

2207 1707 2381 1778 gentis
2406 1707 2688 1778 nonaginta
2731 1722 2919 1763 novem
2939 1749 2956 1775 ,
3003 1725 3164 1763 unum
3189 1710 3340 1764 deest
3376 1717 3434 1764 ut
3473 1711 3617 1766 mille
3647 1711 3757 1766 sint
3773 1734 3806 1780 ι,

2209 1807 2263 1852 ει
2287 1797 2356 1852 ad
2376 1813 2566 1854 novem
2597 1799 2763 1854 millia
2788 1808 3058 1870 nongento
3079 1800 3611 1867 nonagintaunovem,
3629 1818 3798 1857 unum

2209 1887 2360 1944 deest
2389 1897 2447 1944 ut
2488 1888 2672 1945 decem
2713 1890 2876 1946 millia
2915 1891 3039 1945 sint.
3073 1889 3276 1944 Variari
3313 1905 3441 1961 ergo
3483 1907 3578 1960 per
3619 1891 3800 1947 brevi-

2211 1987 2374 2036 tatem
2393 1987 2448 2035 et
2471 1981 2885 2052 magnitudinem
2912 1983 3116 2036 numeri
3136 1989 3377 2050 possunt,
3405 1981 3597 2050 quibus
3624 1997 3795 2038 unum

2210 2069 2364 2124 deest
2409 2079 2466 2125 ut
2509 2070 2848 2141 perﬁciantur
2876 2088 2888 2124 :
2922 2071 3091 2140 ipsum
3120 2085 3246 2125 vero
3272 2087 3434 2125 unum
3478 2071 3592 2126 sine
3621 2073 3799 2128 varii»

2215 2172 2320 2218 tate
2351 2164 2401 2218 in
2432 2177 2492 2218 se
2543 2178 2764 2217 manens
2804 2178 2923 2217 cum
2967 2162 3252 2222 accesserit
3284 2162 3485 2231 perﬁcit
3514 2205 3528 2226 ,
3577 2165 3661 2218 cui
3692 2165 3797 2219 de-

2213 2263 2360 2324 putat
2383 2268 2570 2309 omnes
2599 2269 2694 2322 per
2721 2253 3085 2322 paenitentiam
3115 2253 3482 2308 reconciliatos
3505 2294 3520 2319 ,
3551 2269 3666 2324 quae
3689 2252 3797 2308 hu-

2213 2346 2439 2400 militate
2475 2343 2768 2400 obtinetur.

2282 2434 2520 2492 XXXIII.
2689 2451 2777 2499 xv,
2810 2432 3023 2506 11-32.]
3049 2433 3218 2488 Homo
3238 2433 3440 2489 habens
3459 2434 3592 2490 duos
3616 2435 3758 2491 filios
3777 2479 3794 2503 ,

2211 2527 2353 2582 Deus
2390 2526 2458 2585 ad
2498 2526 2632 2580 duos
2662 2525 2884 2596 populos
2932 2525 3271 2602 intelligitur,
3323 2535 3568 2596 tanquam
3600 2527 3800 2596 stirpes

2210 2619 2340 2674 duas
2362 2618 2570 2688 generis
2592 2615 2806 2670 humani
2833 2633 2847 2670 :
2877 2631 3034 2674 unam
3065 2632 3247 2671 eorum
3269 2617 3356 2687 qui
3381 2626 3799 2687 permanserunt

2211 2711 2281 2771 in.
2306 2710 2457 2770 uuius
2485 2709 2575 2764 Dei
2602 2709 2744 2763 cultu
2767 2750 2782 2775 ,
2816 2708 3038 2762 alteram
3072 2722 3257 2764 eorum
3287 2709 3375 2779 qui
3406 2722 3573 2782 usque
3602 2707 3667 2761 ad
3695 2723 3798 2762 co-

2209 2799 2365 2855 lenda
2396 2800 2534 2854 idola
2577 2799 2930 2855 deseruerunt
2961 2798 3148 2854 Deum.
3181 2799 3260 2853 Ab
3287 2799 3400 2868 ipso
3426 2808 3601 2852 autem
3629 2813 3795 2854 exor-

2210 2892 2300 2946 dio
2329 2902 2589 2952 creatura:
2623 2891 2926 2948 mortalium
2976 2890 3331 2945 consideratio
3357 2889 3514 2945 debet
3563 2889 3797 2946 intendi.

2210 2983 2376 3053 Major
2402 2999 2530 3054 ergo
2559 2983 2699 3038 ﬁlius
2721 2982 2787 3037 ad
2819 2983 3021 3038 cultum
3052 2983 3206 3036 unius
3229 2983 3322 3036 Dei
3347 2982 3591 3052 pertinet.
3625 2983 3798 3036 Mino-

2209 3090 2322 3129 rem
2371 3075 2424 3129 in
2455 3075 2724 3144 regionem
2767 3074 3108 3145 longinquam
3140 3073 3434 3144 profectum
3479 3089 3598 3129 esse
3641 3074 3794 3128 dicit.-

2212 3164 2366 3220 Pctiit
2393 3165 2533 3219 enim
2557 3172 2614 3218 ut
2644 3163 2741 3218 sibi
2765 3179 2888 3234 pars
2908 3163 3217 3218 substantia:
3241 3179 3359 3233 quae
3385 3179 3506 3217 cum
3535 3172 3816 3234 tangeret,

2209 3257 2476 3312 daretura
2515 3265 2695 3328 patre,
2745 3265 2996 3326 tanquam
3041 3257 3216 3311 anima
3249 3266 3508 3326 potestate
3557 3272 3649 3312 sua
3697 3257 3796 3312 de-

2210 3350 2404 3412 lectata
2431 3392 2445 3415 ,
2495 3349 2556 3410 id,
2577 3348 2717 3420 quod
2759 3350 2830 3406 illi
2877 3359 2962 3404 est
2988 3351 3209 3416 vivere,
3248 3350 3568 3420 intelligere,
3601 3351 3796 3404 memi-

2212 3443 2388 3509 nisse,
2441 3441 2656 3512 ingenio
2702 3443 2861 3502 alacri
2889 3442 3193 3502 excellere:
3246 3442 3420 3495 omnia
3475 3442 3571 3495 ista
3613 3441 3820 3499 divina.

2210 3542 2333 3586 sunt
2375 3547 2592 3586 munera
2617 3572 2632 3598 ,
2665 3547 2780 3601 qua:
2813 3532 2864 3586 in
2896 3538 3209 3601 potestatem
3239 3531 3504 3600 accipiens
3534 3544 3629 3599 per
3653 3530 3794 3586 libe-

2209 3639 2326 3678 rum
2348 3623 2642 3690 arbitrium,
2685 3622 2806 3693 quia
2826 3623 2999 3678 divisit
3026 3629 3174 3693 pater
3198 3621 3377 3677 liberis
3402 3621 3752 3675 substantiam
3779 3664 3800 3690 ,

2211 3715 2386 3771 minor
2416 3715 2555 3770 ﬁlius
2599 3715 2652 3769 in
2693 3715 2964 3785 regionem
3009 3714 3349 3784 longinquam
3383 3711 3649 3782 profectus
3677 3722 3786 3775 est.

2215 3809 2354 3864 male
2393 3809 2589 3863 utendo
2643 3808 2970 3862 naturalibus
3007 3807 3196 3871 bonis,
3261 3820 3326 3860 eo
3380 3806 3493 3874 ipso
3521 3805 3659 3874 quod
3699 3821 3800 3876 pa-

2212 3910 2344 3956 trem
2363 3900 2595 3954 deseruit
2614 3899 2901 3968 cupiditate
2929 3897 3132 3951 fruendi
3159 3903 3422 3964 creatura,
3455 3895 3642 3951 relicto
3672 3898 3812 3968 ipso.

2207 3990 2477 4047 Creatore.

2279 4080 2430 4148 Quod
2454 4095 2557 4136 non
2579 4087 2700 4150 post
2728 4078 2924 4134 multos
2948 4077 3062 4133 dies
3087 4077 3218 4133 dixit
3242 4077 3458 4143 factum,
3487 4088 3545 4135 ut
3563 4096 3796 4151 congre-

2177 4174 2343 4244 .gatis
2393 4172 2639 4228 omnibus
2691 4186 2914 4243 peregre
2955 4169 3381 4238 proﬁcisceretur
3419 4171 3470 4225 in
3514 4172 3798 4241 regionem

2206 4265 2545 4336 longinquam
2576 4283 2588 4318 :
2617 4263 2738 4333 quia
2767 4277 2872 4317 non
2921 4261 3092 4316 multo
3122 4269 3242 4333 post
3270 4259 3653 4316 institutionem
3685 4261 3796 4316 hu—

2204 4355 2347 4410 mani
2391 4354 2602 4425 generis
2641 4351 2834 4423 placuit
2873 4351 3065 4406 animre
3114 4365 3206 4421 per
3253 4350 3476 4405 liberum
3506 4351 3784 4406 arbitrium

2204 4443 2346 4501 ferre
2383 4459 2563 4500 secum
2591 4442 2873 4514 quamdam
2918 4442 3062 4496 velut
3091 4441 3381 4512 potentiam
3415 4451 3615 4494 naturae
3639 4456 3750 4494 suac
3769 4481 3788 4507 ,

2203 4546 2257 4592 et
2278 4536 2528 4592 deserere
2555 4550 2674 4590 eum
2701 4551 2732 4589 a
2753 4548 2858 4604 quo
2886 4533 3097 4589 condita
3123 4541 3208 4588 est
3227 4573 3240 4598 ,
3273 4531 3553 4602 prmﬁdcns
3581 4532 3788 4588 viribus

2203 4628 2350 4693 suis;
2393 4641 2526 4698 quas
2566 4627 2707 4680 vires
2735 4634 2880 4680 tanto
2905 4624 3170 4679 consumit
3207 4623 3396 4690 citius,
3428 4632 3624 4693 quanto
3660 4639 3786 4679 eum

2202 4719 2402 4776 deserit
2430 4735 2462 4774 a
2490 4733 2596 4788 quo
2616 4717 2752 4773 datm
2782 4723 2924 4770 sunt.
2952 4715 3132 4784 Itaque
3157 4714 3295 4768 hanc
3319 4714 3478 4767 vitam
3508 4712 3788 4784 prodigam

2200 4819 2385 4876 vocat,
2415 4815 2681 4863 amantem
2713 4806 2932 4861 fundere
2955 4814 3113 4875 atque
3132 4853 3144 4864 .
3162 4804 3378 4874 spatiari
3405 4803 3613 4873 pompis
3637 4811 3790 4858 exte-

2202 4902 2480 4968 rioribus,
2498 4899 2639 4954 intus
2665 4899 3088 4962 inanescentem,
3116 4911 3237 4951 cum
3267 4911 3327 4950 ea
3351 4896 3574 4966 quisque
3602 4895 3790 4966 sequi-

2201 5004 2289 5049 tur
2325 5009 2444 5064 quar.
2471 4993 2538 5047 ab
2569 4992 2657 5046 illa
2689 4989 3022 5060 procedunt,
3053 4997 3106 5044 et
3132 4989 3384 5058 relinquit
3408 5003 3528 5041 eum
3557 4987 3645 5056 qui
3682 4987 3787 5043 sibi

2201 5096 2284 5142 est
2311 5085 2553 5140 interior.
2580 5082 2747 5153 Regio
2778 5083 2954 5151 itaque
2993 5080 3275 5151 longinqua
3294 5120 3309 5144 ,
3333 5077 3530 5132 oblivio
3555 5078 3647 5132 Dei
3675 5087 3784 5132 est.

2201 5179 2392 5234 Fames
2417 5184 2595 5230 autem
2624 5175 2674 5229 in
2704 5175 2793 5228 illa
2817 5176 3032 5244 regione
3052 5212 3068 5238 ,
3101 5170 3485 5240 estiudigentia
3517 5169 3662 5224 verbi
3693 5185 3792 5223 vc-

2199 5268 2390 5325 ritatis.
2445 5265 2592 5322 Unus
2631 5265 2830 5319 civium
2871 5262 3103 5332 regionis
3141 5261 3312 5327 illius,
3361 5260 3552 5330 aliquis
3604 5259 3786 5314 aerius

2201 5358 2448 5431 princeps
2496 5354 2564 5410 ad
2611 5355 2852 5410 militiam
2895 5351 3088 5407 diaboli
3118 5351 3407 5420 pertinens.
3449 5349 3582 5404 Villa
3623 5349 3740 5419 ejus
3765 5392 3784 5416 ,

2201 5449 2392 5505 modus
2421 5447 2697 5519 potestatis
2736 5445 2871 5516 ejus.
2916 5440 3105 5507 Porci,
3140 5441 3395 5495 immundi
3440 5441 3654 5510 spiritus
3693 5441 3792 5510 qui

2201 5544 2302 5600 sub
2329 5545 2446 5614 ipso
2473 5548 2672 5597 essent.
2704 5537 2920 5606 Siliqum
2941 5535 3134 5605 quibus
3153 5549 3343 5604 porcos
3373 5535 3654 5604 pascebat,
3682 5547 3756 5587 Sil:

2203 5635 2413 5690 culares
2435 5631 2690 5687 doctrinm
2709 5670 2724 5695 ,
2753 5626 2921 5682 sterili
2950 5625 3182 5680 vanitate
3208 5633 3554 5688 resonantes;
3583 5622 3652 5677 de
3669 5624 3794 5691 qui-

2206 5731 2303 5786 bus
2341 5726 2526 5783 laudcs
2554 5723 2819 5780 idolorum
2846 5719 3245 5789 fabularumque
3285 5717 3352 5772 ad
3378 5717 3505 5773 deos
3532 5714 3789 5772 Gentium
