4074 6468
217 321 352 383 MSS

210 431 599 510 pertinentium
617 429 765 486 vario
790 435 1038 484 sermone
1065 426 1224 492 atque
1240 413 1565 474 carminibus
1587 426 1800 485 percre-

211 505 376 603 pant,
419 527 618 598 quibus
655 520 918 579 daemonia
947 517 1321 572 delectantur:
1349 507 1491 566 unde
1533 521 1657 562 cum
1701 505 1805 560 iste

1540 299 1755 357 LIBER
1794 291 2166 355 SECUNDUS.

3351 279 3491 336 i346

1918 408 2131 480 plexum
2173 403 2288 474 ejus
2331 399 2605 456 brachium
2634 397 2828 452 suum?
2871 393 2940 452 Et
2989 394 3246 450 brachium
3290 392 3495 448 Domini

1916 498 1999 552 cui
2020 495 2290 552 revelatum
2317 500 2388 546 est
2417 490 2571 562 (lsai.
2603 504 2689 544 Llll
2711 529 2725 553 ,
2763 487 2863 559 1)?
2896 485 3038 557 quod
3067 493 3150 540 est
3185 486 3365 561 utique
3393 484 3501 539 Do-

465 576 718 686 cupiebat
735 607 979 680 ,--aliquid
1007 604 1236 662 solidum
1263 608 1318 658 et
1339 598 1544 656 rectum
1574 594 1715 668 quod
1741 593 1808 649 ad
1915 589 2094 643 minus
2134 593 2314 641 noster
2349 583 2505 639 Iesus
2541 581 2800 637 Christus.
2851 576 2922 633 Et
2949 578 3203 633 osculatus
3228 585 3300 632 est
3327 576 3498 631 illum.

215 711 432 768 beatam
449 708 615 763 vitam
643 704 955 776 pertineret,
978 697 1216 754 invenire
1233 693 1440 748 volebat
1452 691 1506 745 in
1529 689 1740 752 talibus,
1759 693 1813 740 et

201 815 325 858 non
349 804 585 869 poterat.
611 795 722 850 Hoc
735 791 978 849 est-enim
993 785 1131 858 quod
1150 785 1242 851 ait,
1263 781 1333 836 Et
1350 796 1493 836 nemo
1517 777 1595 832 illi
1612 776 1786 830 dabat.

287 865 366 944 1.;
387 905 446 944 se
471 897 641 942 autem
666 898 916 946 reversus,
939 879 1050 952 jam
1077 876 1281 933 scilicet
1304 872 1371 928 ab
1399 871 1477 926 eis
1501 883 1620 940 qua:
1645 865 1808 920 forin-

217 995 377 1039 secus
405 978 607 1034 frustra
635 975 938 1031 illiciuntet
960 967 1252 1032 seducunt,
1281 963 1335 1019 in
1364 957 1704 1017 conscientia:
1731 955 1818 1010 inn

211 1074 424 1130 teriora
436 1070 692 1127 reducem
711 1066 909 1121 faciens
923 1062 1266 1118 intentionem
1280 1071 1451 1124 suam,
1466 1054 1612 1118 dixit,
1630 1047 1821 1116 Quanti

223 1162 533 1220 mercenarii
557 1162 611 1215 in
639 1159 788 1214 domo
815 1155 971 1227 patris
988 1155 1085 1207 mei
1112 1144 1641 1218 abundant-panibus?
1667 1138 1820 1197 Unde

228 1257 337 1311 hoc
361 1255 510 1310 scire
539 1259 771 1322 poterat,
796 1248 973 1317 in-quo
999 1253 1115 1300 erat
1142 1249 1284 1297 tanta
1310 1237 1507 1294 oblivio
1534 1234 1651 1301 Dei,
1683 1232 1823 1287 sicut

227 1348 280 1402 in
307 1344 568 1402 omnibus
595 1339 890 1396 idololatris
915 1335 1068 1399 fuit,
1102 1333 1202 1388 nisi
1233 1330 1355 1402 quia
1381 1330 1480 1384 ista
1514 1323 1824 1396 recogitatio

225 1437 332 1506 jam
353 1430 724 1503 resipiscentis
749 1436 852 1495 est,
880 1441 1000 1482 cum
1031 1422 1378 1493 Evangelium
1409 1413 1825 1489 praedicaretur?

228 1528 345 1582 iam
377 1525 529 1581 enim
572 1527 788 1593 poterat
829 1517 946 1574 talis
987 1513 1420 1571 animadvertere
1455 1509 1650 1564 multos
1683 1519 1825 1590 pra:-

233 1617 417 1672 dicare
440 1588 746 1674 veritatem,
773 1611 914 1665 inter
938 1621 1071 1679 quos
1091 1604 1305 1676 quidam
1326 1609 1506 1658 essent
1533 1615 1638 1654 non
1659 1588 1828 1668 ipsius

232 1721 422 1762 amore
454 1704 699 1760 veritatis
718 1703 882 1765 ducti,
909 1699 1004 1756 sed
1039 1696 1330 1768 cupiditate
1349 1689 1825 1762 comparandorum

233 1796 574 1852 sarcularium
605 1791 1030 1850 commodorum.
1059 1789 1134 1843 De
1162 1786 1353 1857 quibus
1368 1783 1576 1839 dicebat
1601 1782 1831 1851 Aposto-

236 1890 337 1954 lus,
381 1901 511 1943 esse
537 1884 797 1956 quosdam
825 1883 915 1952 qui
952 1879 1297 1950 Evangelium
1327 1875 1704 1932 annuntiarent
1723 1886 1830 1927 non

233 1988 386 2035 caste
445 1976 708 2047 (Philipp.
736 1991 786 2041 l,
822 1972 948 2046 t7),
999 1971 1364 2028 existimantes
1405 1975 1664 2038 qumstum
1709 1976 1831 2018 esse

236 2072 492 2140 pietatem
543 2066 586 2139 (l
615 2065 750 2120 Tim.
782 2081 831 2119 vi
855 2105 870 2128 ,
903 2063 978 2134 5).
1025 2062 1140 2117 Non
1179 2060 1321 2114 enim
1360 2057 1502 2112 aliud
1536 2053 1831 2111 annuntia-

233 2161 384 2227 bant,
415 2159 558 2213 sicut
580 2157 848 2222 haeretici;
879 2154 973 2210 sed
1005 2154 1104 2208 hoc
1143 2150 1285 2222 quod
1309 2149 1581 2220 apostolus
1605 2148 1822 2215 Paulus,

231 2267 340 2307 non
383 2265 456 2306 eo
507 2257 685 2305 tamen
731 2249 910 2303 animo
959 2260 1063 2316 quo
1102 2242 1376 2314 apostolus
1419 2240 1612 2295 Paulus
1643 2256 1658 2294 :
1689 2239 1831 2293 unde

232 2352 290 2398 et
334 2341 664 2397 mercenarii
707 2347 854 2395 recte
891 2337 1257 2407 appellantur,
1299 2333 1351 2387 in
1393 2331 1580 2387 eadem
1621 2329 1832 2401 quidem

235 2435 400 2489 domo
429 2433 680 2489 eumdem
718 2445 917 2502 .panem
958 2427 1106 2485 verbi
1149 2434 1468 2492 tractantes;
1514 2439 1620 2478 non
1660 2430 1835 2479 tamen

239 2529 293 2580 in
321 2525 695 2580 bareditatem
737 2531 992 2577 aeternam
1019 2519 1226 2583 vocati,
1255 2516 1349 2572 sed
1379 2515 1652 2586 temporali
1692 2530 1835 2569 mer-

241 2616 378 2672 cede
403 2615 678 2671 conducti.
705 2615 780 2670 De
804 2613 996 2668 talibus
1013 2611 1210 2666 dictum
1231 2619 1332 2674 est,
1351 2607 1529 2676 Amen,
1548 2607 1660 2661 dico
1677 2606 1835 2672 vobis,

243 2718 581 2781 perceperunt
608 2706 884 2761 mercedem
908 2721 1052 2759 suam
1079 2702 1294 2774 (Matth.
1328 2719 1412 2767 v1,
1442 2699 1522 2772 2).
1556 2700 1663 2771 Ego
1686 2714 1834 2770 ergo,

244 2803 438 2871 inquit,
468 2801 553 2854 hic
577 2803 714 2872 fame
733 2815 901 2868 pereo.
930 2796 1130 2852 Deinde
1151 2796 1248 2861 ait,
1284 2794 1525 2866 Surgam,
1557 2794 1677 2864 quia
1694 2794 1842 2862 jace-

247 2895 377 2950 bat:
407 2903 454 2948 et
479 2893 583 2958 ibo,
614 2893 735 2962 quia
767 2891 920 2960 longe
937 2888 1121 2943 aberat
1153 2905 1165 2940 :
1197 2887 1266 2940 ad
1292 2895 1486 2958 patrem
1507 2901 1691 2950 meum,
1719 2884 1840 2954 quia

250 2987 354 3042 sub
386 2986 630 3054 principe
655 2997 935 3052 porcorum
961 2989 1094 3036 erat.
1119 2977 1320 3033 Cmtera
1342 2979 1500 3032 verba
1522 2986 1642 3032 sunt
1665 2977 1808 3046 pmni
1825 3003 1840 3013 ο

255 3075 478 3129 tentiam
532 3072 840 3128 meditantis
895 3068 946 3123 in
973 3067 1308 3123 confessione
1344 3065 1566 3136 peccati,
1607 3065 1841 3120 nondum

250 3176 432 3222 tamen
456 3169 686 3237 agentis.
717 3163 833 3218 Non
859 3163 1001 3216 enim
1040 3160 1149 3230 jam
1181 3159 1308 3212 dicit
1334 3158 1471 3229 patri
1496 3197 1510 3220 ,
1552 3157 1645 3212 sed
1672 3157 1841 3212 dictu-

251 3274 372 3315 rum
407 3274 467 3316 se
509 3273 632 3314 esse
660 3255 919 3328 promittit
958 3269 1076 3309 cum
1115 3251 1340 3306 venerit.
1389 3249 1654 3320 Intelligas
1687 3249 1844 3319 igitur

255 3351 359 3406 hoc
402 3365 547 3406 nunc
593 3345 960 3418 accipiendum
1005 3359 1128 3398 esse
1177 3342 1358 3397 venire
1386 3341 1452 3395 ad
1502 3351 1741 3412 patrem,
1792 3340 1842 3393 in

256 3439 500 3496 Ecclesia
544 3436 798 3494 constitui
843 3450 938 3505 per
983 3434 1172 3499 fidem,
1235 3431 1322 3485 ubi
1364 3431 1471 3500 jam
1518 3431 1685 3501 possit
1727 3444 1846 3483 esse

255 3539 602 3600 peccatorum
633 3526 939 3596 legitimaet
963 3523 1230 3578 fructuosa
1256 3521 1539 3576 confessio.
1563 3519 1697 3586 Quid
1720 3535 1846 3589 ergo

255 3621 684 3692 patridieturum
712 3632 772 3672 se
801 3616 971 3670 dicit?
1021 3612 1216 3679 Pater,
1268 3613 1466 3683 peccavi
1509 3611 1562 3665 in
1603 3611 1847 3664 cwlumet

254 3727 438 3765 coram
468 3719 550 3773 te,
593 3718 635 3762 et
662 3708 774 3779 jam
815 3721 915 3760 non
959 3721 1071 3758 sum
1109 3702 1292 3772 dignus
1320 3702 1488 3755 vocari
1512 3701 1653 3770 ﬁlius
1696 3709 1847 3763 tuus;

252 3810 340 3876 [ac
369 3819 457 3857 me
483 3802 613 3855 sicut
640 3816 794 3854 unum
822 3799 884 3852 de
916 3795 1234 3852 mercenariis
1264 3796 1383 3848 tuis.
1423 3794 1610 3849 Utrum
1639 3791 1740 3846 hoc
1768 3799 1850 3847 est

260 3893 483 3948 Peccavi
508 3892 560 3945 in
585 3893 764 3945 caelum
784 3930 799 3953 ,
843 3888 984 3959 quod
1014 3897 1095 3942 est
1120 3885 1303 3940 Coram
1330 3895 1415 3951 te;
1450 3894 1506 3938 ut
1530 3884 1722 3939 cmlum
1753 3898 1851 3952 ap-

261 3977 544 4056 pellaverit
573 3983 742 4051 ipsam
773 3981 1132 4035 summitatem
1159 3976 1331 4032 Patris
1360 3994 1372 4030 :
1399 3975 1540 4032 unde
1576 3983 1659 4029 est
1688 3974 1848 4028 etiam

261 4076 399 4131 illud
429 4076 484 4130 in
521 4075 775 4138 Psalmo,
827 4073 866 4125 Α
895 4085 1088 4126 summa
1125 4069 1250 4123 ctelo
1277 4068 1490 4139 egressio
1527 4067 1637 4137 ejus
1673 4063 1848 4138 Psal.

268 4186 419 4235 xviii,
453 4169 512 4238 7)
538 4208 552 4231 ,
582 4182 702 4220 cum
731 4165 798 4218 ab
829 4165 950 4232 ipso
979 4163 1135 4217 Patre
1159 4161 1315 4214 vellet
1344 4158 1600 4228 intelligi?
1644 4157 1723 4211 Au
1756 4172 1854 4226 po-

267 4261 393 4326 tius,
420 4259 638 4314 Pcccavi
667 4260 721 4311 in
749 4257 949 4320 ccclum,
977 4269 1156 4309 coram
1183 4253 1380 4308 sanctis
1409 4251 1620 4317 animis,
1658 4251 1708 4304 in
1735 4248 1855 4319 qui-

270 4353 372 4406 bus
391 4361 472 4407 est
500 4350 656 4404 sedes
685 4348 779 4402 Dei
811 4365 823 4400 :
851 4346 1031 4401 Coram
1047 4353 1101 4399 te
1127 4352 1304 4398 autem
1329 4383 1345 4410 ,
1373 4344 1424 4397 in
1455 4342 1570 4412 ipso
1598 4340 1856 4411 penetrali

265 4443 524 4513 interiore
548 4437 926 4495 conscientim?

344 4535 410 4588 Et
443 4549 655 4605 surgens
686 4533 815 4586 venit
841 4530 908 4584 ad
939 4538 1132 4600 patrem
1157 4544 1323 4582 suum.
1355 4525 1479 4582 Cum
1503 4536 1667 4581 autem
1692 4526 1860 4580 adhuc

265 4630 421 4702 longe
449 4637 578 4684 esset
607 4643 626 4681 :
650 4635 933 4696 antequam
963 4623 1278 4692 intelligeret
1320 4621 1516 4685 Deum,
1555 4620 1651 4674 sed
1684 4629 1858 4674 tamen

269 4737 395 4777 cum
415 4721 527 4790 jam
555 4720 640 4788 pie
679 4723 982 4788 quaereret,
1033 4712 1165 4766 Vidit
1193 4712 1338 4766 illum
1366 4720 1506 4781 pater
1532 4710 1709 4781 ipsius.
1753 4710 1860 4763 lm-

272 4814 392 4885 pios
417 4813 564 4868 enim
592 4821 644 4865 et
663 4806 1334 4880 superbosconvenieuter
1361 4819 1465 4858 non
1509 4803 1692 4858 videre
1725 4803 1860 4857 dici-

272 4915 397 4972 tur,
449 4913 699 4973 tanquam
728 4910 852 4955 ante
897 4899 1082 4954 oculos
1123 4914 1226 4951 non
1256 4895 1456 4951 habere
1485 4913 1497 4948 :
1528 4905 1654 4950 ante
1682 4897 1863 4949 oculos

271 4999 417 5055 enim
449 4995 670 5060 haberi,
716 4993 926 5048 nonnisi
957 4991 1045 5062 qui
1073 4990 1360 5060 diliguntur
1381 5029 1394 5054 ,
1427 4987 1528 5042 dici
1565 4987 1756 5042 solent.
1799 4987 1863 5040 Et

275 5090 624 5145 misericordia
651 5097 818 5142 motus
846 5096 920 5139 est
948 5101 967 5139 :
995 5094 1041 5139 et
1070 5098 1335 5136 accurrens
1373 5080 1546 5134 cecidit
1573 5097 1724 5151 super
1755 5081 1864 5133 col-

276 5185 384 5238 lum
408 5183 539 5254 ejus.
566 5181 681 5236 Non
707 5182 849 5236 enim
873 5179 1027 5234 Pater
1045 5175 1368 5245 unigenitum
1396 5173 1584 5228 Filium
1606 5173 1864 5240 deseruit,

278 5275 334 5330 in
358 5289 466 5345 quo
489 5288 658 5342 usque.
685 5270 754 5325 ad
791 5278 1028 5325 nostram
1057 5266 1399 5336 longinquam
1429 5263 1588 5318 etiam
1636 5263 1869 5334 peregri-

277 5366 553 5420 nationem
584 5362 825 5418 cucurrit
858 5368 1017 5430 atque
1055 5355 1370 5420 descendit;
1416 5348 1541 5424 quia
1575 5355 1712 5408 Deus
1754 5362 1870 5409 erat

281 5458 339 5511 in
362 5456 573 5510 Christo
599 5452 857 5508 mundum
893 5450 1242 5507 reconcilians
1276 5447 1375 5502 sibi
1411 5445 1476 5519 (ll
1505 5446 1620 5500 Cor.
1651 5462 1704 5512 v,
1735 5445 1823 5518 l9)
1852 5464 1866 5500 :

283 5559 338 5604 et
363 5550 477 5621 ipse
516 5549 780 5603 Dominus
809 5546 916 5613 ait,
971 5544 1130 5598 Pater
1156 5544 1209 5596 in
1238 5558 1317 5595 me
1356 5556 1564 5594 manens
1604 5541 1712 5611 ipse
1749 5542 1872 5614 facit

282 5658 437 5711 opera
461 5659 554 5695 sua
579 5641 762 5714 (Joau.
788 5654 896 5703 xxv,
925 5638 1037 5708 l0).
1069 5635 1206 5703 Quid
1233 5642 1314 5690 est
1339 5641 1515 5689 autem
1532 5674 1546 5698 ,
1575 5649 1736 5705 super
1760 5635 1873 5690 col-

281 5731 392 5787 lum
433 5733 550 5804 ejus
575 5731 792 5801 cadere,
841 5728 942 5785 nisi
981 5728 1237 5784 inclinare
1274 5733 1329 5782 et
1353 5724 1631 5782 humiliore
1671 5725 1724 5781 in
1752 5741 1869 5784 am-

1918 678 2196 735 Consolari
2229 675 2390 732 verbo
2412 675 2597 746 gratiae
2626 671 2719 727 Dei
2741 670 2806 726 ad
2828 685 2978 741 spem
3009 668 3346 738 indulgentiae
3375 682 3502 738 pec-

1919 778 2158 824 catorum
2183 807 2198 832 ,
2227 767 2329 821 hoc
2353 773 2463 831 est,
2491 773 2612 834 post
2635 762 2789 832 longa
2814 762 3005 817 itinera
3033 769 3358 815 remeantem
3384 774 3499 813 me-

1922 857 2026 913 reri
2054 871 2084 911 a
2110 865 2261 926 patre
2281 853 2520 928 osculum
2546 852 2836 909 charitatis.
2865 851 2932 906 Et
2946 849 3131 920 incipit
3152 848 3264 919 jam
3285 856 3502 918 peccata

1923 949 2238 1006 constitutus
2267 947 2320 1002 in
2342 944 2578 1004 Ecclesia
2603 943 2864 999 conﬁteri.
2894 941 3002 998 Nec
3026 941 3153 1002 dicit
3176 941 3352 996 omnia
3382 955 3502 1010 quae

1923 1041 2186 1095 dicturum
2237 1053 2295 1093 se
2343 1051 2461 1092 esse
2500 1035 2833 1106 promiserat,
2888 1033 2982 1090 sed
3026 1047 3196 1103 usque
3240 1031 3307 1086 ad
3350 1030 3504 1099 illud,

1927 1130 2049 1185 Non
2074 1147 2186 1185 sum
2213 1128 2394 1199 dignus
2418 1126 2584 1181 vocari
2607 1125 2743 1194 ﬁlius
2771 1133 2906 1180 tuus.
2952 1124 3062 1180 Hoc
3083 1123 3225 1181 enim
3251 1123 3363 1179 vult
3391 1124 3506 1180 fieri

1927 1236 2024 1292 per
2050 1220 2291 1292 gratiam,
2317 1233 2420 1289 quo
2446 1232 2505 1273 se
2526 1217 2794 1286 indignum
2820 1230 2938 1271 esse
2963 1231 3057 1286 per
3081 1215 3266 1270 merita
3293 1215 3505 1270 fatetur.

1928 1313 2046 1368 Non
2082 1311 2230 1367 addit
2253 1309 2393 1382 quod
2421 1309 2474 1364 in
2517 1309 2608 1364 illa
2638 1307 2980 1364 meditatione
3008 1307 3248 1374 dixerat,
3289 1307 3400 1361 Fac
3428 1324 3508 1362 me

1928 1405 2057 1459 sicut
2081 1418 2234 1455 unum
2263 1401 2326 1456 de
2351 1399 2670 1455 mercenariis
2695 1399 2813 1453 tuis.
2845 1396 2980 1454 Cum
3008 1399 3149 1454 enim
3177 1413 3367 1469 panem
3396 1414 3504 1453 non

1931 1494 2188 1558 haberet,
2219 1493 2302 1548 vel
2346 1490 2704 1547 mercenarius
2729 1505 2850 1547 esse
2891 1489 3176 1560 cupiebat:
3204 1491 3346 1562 quod
3388 1499 3512 1562 post

1931 1585 2171 1641 osculum
2196 1583 2359 1655 patris
2384 1583 2795 1654 generosissime
2813 1582 2926 1653 jam
2955 1582 3294 1655 dedignatur.

2005 1675 2152 1732 Stola
2184 1675 2352 1744 prima
2376 1715 2392 1742 ,
2447 1682 2530 1730 est
2575 1673 2804 1745 dignitas
2846 1688 3003 1745 quam
3047 1674 3276 1744 perdidit
3311 1673 3506 1730 Adam.

1933 1766 2084 1823 Servi
2119 1766 2207 1836 qui
2251 1780 2368 1821 eam
2418 1764 2721 1836 proferunt,
2763 1765 3208 1821 reconciliationis
3251 1765 3512 1836 przedica-

1937 1868 2098 1916 tores.
2151 1859 2390 1914 Annulus
2422 1859 2474 1913 in
2503 1873 2660 1914 manu
2679 1899 2696 1926 ,
2738 1858 2926 1930 pignus
2952 1857 3180 1929 Spiritus
3207 1859 3377 1915 sancti
3402 1875 3515 1928 pro-

1935 1961 2051 2023 pter
2075 1951 2255 2022 gratiae
2297 1951 2633 2021 partitionem
2665 1951 2683 1982 ί
2701 1991 2716 2016 ,
2743 1965 2862 2021 quae
2887 1949 3052 2020 digito
3077 1950 3214 2007 bene
3248 1950 3517 2021 signiﬁca-

1940 2053 2041 2099 Iur.
2089 2042 2458 2099 Calceamenta
2491 2043 2540 2097 in
2572 2042 2755 2112 pedes,
2789 2043 3102 2113 praeparatio
3123 2043 3518 2114 evangelizandl

1938 2138 2004 2193 ad
2025 2153 2130 2192 non
2159 2136 2418 2208 tangenda
2442 2145 2670 2191 terrena.
2693 2134 2903 2190 Vitulus
2926 2136 3216 2206 saginatus,
3235 2136 3348 2206 ipse
3377 2134 3518 2190 idem

1939 2228 2197 2284 Dominus
2222 2269 2238 2296 ,
2270 2227 2363 2283 sed
2393 2225 2683 2282 secundum
2714 2239 2927 2280 carnem
2953 2225 3172 2280 satiatus
3195 2224 3517 2296 opprobriis.

1940 2323 2091 2392 Quod
2117 2331 2291 2378 autem
2339 2322 2566 2391 imperat
2590 2329 2645 2374 ut
2672 2318 2936 2374 adducant
2976 2333 3098 2374 eum
3122 2358 3138 2386 ,
3183 2317 3309 2388 quid
3350 2319 3517 2384 aliud,

1940 2415 2042 2470 nisi
2071 2423 2127 2468 ut
2151 2412 2440 2484 praedicent
2466 2426 2618 2478 eum,
2656 2418 2711 2464 ct
2735 2407 3099 2464 annuntiando
3121 2407 3305 2462 venire
3331 2407 3525 2463 faciant

1941 2507 1996 2562 in
2023 2505 2280 2562 exhausta
2311 2503 2450 2558 fame
2477 2502 2680 2556 viscera
2707 2501 2798 2555 lilii
2823 2499 3148 2556 esurientis?
3190 2499 3323 2554 Nam
3363 2499 3524 2554 etiam

1943 2608 1998 2654 ut
2019 2597 2261 2654 occidant
2287 2613 2408 2652 eum
2430 2595 2579 2665 jubet
2603 2637 2620 2662 ,
2654 2594 2754 2650 hoc
2781 2603 2897 2660 est,
2935 2601 2994 2649 ut
3032 2601 3261 2649 mortem
3304 2593 3419 2663 ejus
3444 2593 3527 2647 in-

1955 2689 2170 2744 sinuent
2199 2705 2212 2741 :
2243 2697 2368 2742 tunc
2397 2685 2536 2741 enim
2559 2686 2750 2756 cuique
2775 2684 3055 2748 occiditur,
3084 2699 3203 2738 cum
3233 2685 3402 2740 credit
3434 2699 3527 2740 oc-

1943 2781 2132 2836 cisum.
2165 2777 2235 2832 Et
2274 2794 2534 2848 epu.emur
2558 2817 2574 2843 ,
2625 2775 2795 2844 inquit
2827 2793 2840 2828 :
2878 2774 2978 2830 hoc
3003 2773 3070 2828 ad
3097 2774 3328 2828 laetitiam
3359 2773 3524 2840 valet,

1943 2879 2162 2942 propter
2210 2869 2298 2923 illa
2337 2883 2456 2938 quze
2489 2873 2880 2935 consequenter
2902 2865 3059 2931 dicit,
3109 2865 3241 2929 Quia
3265 2866 3346 2918 ltic
3382 2866 3524 2934 ﬁlius

1945 2979 2087 3016 meus
2111 2960 2335 3015 mortuus
2364 2971 2472 3014 erat
2492 2999 2506 3020 ,
2537 2966 2582 3012 et
2609 2957 2820 3031 rcvixit;
2845 2957 3083 3027 perierat,
3114 2965 3160 3009 et
3184 2956 3410 3009 inventus
3433 2964 3526 3009 est.

1948 3054 2015 3108 Et
2057 3055 2171 3106 ista:
2197 3050 2370 3120 epulm
2399 3059 2558 3118 atque
2587 3046 2848 3102 festivitas
2875 3061 3015 3100 nunc
3043 3045 3400 3112 celebrantur,
3435 3061 3530 3114 per

1946 3143 2131 3199 orbem
2158 3151 2418 3196 terrarum
2451 3138 2685 3194 Ecclesia
2715 3137 2929 3191 dilatata
2954 3143 3112 3205 atque
3141 3134 3350 3190 diliusa.
3375 3135 3530 3190 Vitii-

1948 3233 2032 3288 lus
2057 3233 2196 3287 enim
2220 3231 2306 3285 ille
2328 3231 2378 3284 in
2402 3244 2623 3298 corpore
2645 3235 2698 3284 et
2717 3227 2971 3297 sanguine
2999 3226 3272 3282 Dominico
3296 3236 3351 3282 et
3374 3225 3532 3280 otiar-

1951 3337 2034 3382 tur
2061 3325 2224 3390 Patri,
2255 3333 2309 3378 et
2333 3322 2503 3394 pascit
2531 3329 2692 3374 totam
2722 3320 2963 3374 domum.
2988 3370 2994 3375 .

1950 3473 1953 3477 ,
2021 3416 2154 3470 Cum
2183 3415 2382 3469 interea
2405 3412 2574 3483 major
2597 3411 2734 3465 [ilius
2758 3453 2775 3477 ,
2799 3410 3022 3480 populus
3051 3409 3212 3466 lsrael
3242 3409 3533 3466 secundum

1951 3522 2199 3572 carnem,
2235 3520 2340 3559 non
2367 3503 2576 3574 quidem
2611 3501 2878 3572 profectus
2907 3501 2960 3554 in
3000 3502 3336 3572 longinquam
3364 3502 3535 3571 regio-

1951 3612 2093 3664 nem,
2136 3595 2228 3651 sed
2255 3605 2428 3648 tamen
2462 3594 2513 3647 in
2545 3592 2704 3646 domo
2730 3607 2836 3646 non
2866 3599 2967 3645 est.
2997 3591 3050 3644 ln
3078 3606 3208 3660 agro
3231 3601 3408 3646 autem
3431 3599 3534 3659 est,

1954 3687 2006 3741 id
2028 3695 2110 3742 est
2128 3728 2144 3753 ,
2172 3687 2224 3740 in
2253 3688 2361 3754 ipsa
2393 3683 2731 3738 haereditaria
2752 3681 3020 3753 opulentia
3049 3682 3206 3752 chis
3231 3690 3286 3736 et
3310 3681 3539 3751 Prophe-

1957 3786 2128 3830 tarum
2171 3784 2379 3829 terreua
2424 3773 2596 3843 potius
2625 3781 2912 3841 operatur,
2955 3779 3009 3825 et
3037 3771 3086 3824 in
3123 3772 3540 3842 quibuscumque

1957 3865 2259 3920 lsraeliticis
2290 3861 2802 3917 considerationibus
2829 3862 2872 3914 ³.
2921 3860 3052 3915 Nam
3083 3862 3231 3916 multi
3275 3862 3404 3916 tales
3457 3863 3542 3915 in.-

1955 3957 2098 4013 vcnti
2129 3963 2253 4010 sunt
2282 3955 2332 4008 in
2364 3956 2442 4009 eis
2463 3994 2477 4019 ,
2511 3961 2565 4008 et
2599 3967 2740 4022 saepe
2783 3952 3146 4007 inveniuntur.
3199 3951 3431 4008 Veniens
3472 3955 3542 4007 de

1956 4064 2084 4119 agro
2113 4046 2292 4101 domui
2321 4045 2672 4115 propinquare
2700 4044 2863 4114 erepit
2885 4086 2899 4110 ,
2930 4044 2980 4098 id
3003 4053 3101 4108 est,
3133 4043 3311 4098 labore
3336 4045 3544 4098 servilis

1958 4138 2137 4210 operis
2168 4137 2464 4206 improbata
2485 4177 2500 4201 ,
2555 4136 2836 4198 exiisdem
2867 4135 3154 4205 Scripturis
3194 4135 3451 4190 Ecclesiae
3482 4136 3545 4189 li-

1959 4233 2217 4288 bertatem
2245 4229 2617 4285 consideravit.
2653 4228 2811 4283 Audit
2836 4227 3202 4299 symphoniam
3224 4237 3276 4283 et
3295 4229 3542 4297 chorum,

1960 4324 2162 4378 scilicet
2184 4322 2381 4392 Spiritu
2414 4322 2600 4391 plenos
2627 4320 2648 4352 ³
2674 4321 2888 4375 vocibus
2925 4321 3175 4374 consonis
3202 4319 3544 4392 Evangelium

1963 4415 2254 4486 przedicare
2288 4432 2300 4468 :
2331 4415 2523 4485 quibus
2547 4414 2744 4468 dictum
2775 4421 2889 4480 est,
2925 4412 3142 4468 Obsecro
3176 4428 3264 4467 vos
3287 4457 3303 4481 ,
3340 4415 3545 4484 fratres,

1964 4526 2054 4582 per
2082 4525 2262 4561 nomen
2303 4505 2506 4559 Domini
2530 4506 2688 4559 nostri
2712 4504 2835 4560 Iesu
2871 4504 3056 4558 Christi
3080 4546 3093 4569 ,
3132 4515 3186 4558 ut
3223 4505 3442 4575 idipsutn
3466 4506 3549 4558 di-

1967 4604 2093 4655 catis
2119 4615 2286 4652 omues
2324 4598 2364 4668 (Ι
2393 4598 2510 4651 Cor.
2535 4613 2550 4650 ι
2576 4639 2590 4663 ,
2615 4594 2728 4669 £0).
2781 4597 2941 4650 Audit
2975 4611 3186 4668 quoque
3214 4597 3552 4651 concorditer

1966 4690 2393 4747 conversantium
2432 4689 2663 4742 animam
2701 4697 2752 4742 et
2782 4703 2876 4742 cor
2908 4704 3071 4742 unum
3112 4689 3165 4743 in
3215 4689 3397 4747 laudes
3433 4689 3547 4742 Dei.

1965 4785 2135 4839 Vocat
2172 4799 2333 4837 unttm
2362 4781 2430 4837 de
2469 4781 2672 4848 servis,
2717 4790 2772 4835 et
2815 4781 3102 4852 interrogat
3145 4799 3261 4852 qua:
3291 4783 3375 4837 illa
3406 4782 3548 4836 sint:

1968 4875 2130 4930 sumit
2185 4875 2364 4942 utique
2418 4871 2482 4927 ad
2526 4871 2810 4942 legendum
2853 4872 3084 4942 aliquem
3142 4872 3550 4943 Prophetarum,

1970 4977 2020 5021 et
2050 4967 2100 5021 in
2130 4983 2194 5022 eo
2224 4980 2472 5046 qumrens
2494 5007 2508 5031 ,
2557 4963 2951 5034 quodammodo
2979 4964 3269 5036 interrogat
3290 4965 3426 5019 unde
3454 4965 3555 5019 ista

1971 5059 2104 5114 festa
2131 5059 2182 5114 in
2209 5058 2445 5112 Ecclesia
2469 5056 2822 5125 celebrantur,
2843 5057 2895 5110 in
2921 5073 3020 5128 qua
3047 5072 3103 5112 se
3125 5072 3244 5112 esse
3262 5072 3366 5112 non
3388 5055 3553 5111 videt.

1972 5149 2282 5219 Respondet
2308 5149 2356 5202 ei
2386 5163 2571 5203 servus
2599 5149 2761 5218 patris
2784 5150 3041 5217 propheta
3073 5165 3086 5202 :
3117 5144 3301 5201 Frater
3325 5157 3441 5201 tuus
3470 5163 3557 5202 νεε-

1972 5243 2066 5309 nit,
2100 5251 2144 5296 et
2175 5241 2356 5296 occidit
2382 5249 2525 5312 pater
2549 5250 2666 5294 tuus
2707 5236 2920 5294 vitulum
2946 5239 3232 5312 saginatum
3253 5281 3270 5309 ,
3307 5240 3424 5311 quia
3448 5241 3557 5294 sal-

2040 5423 2057 5455 ι
2081 5427 2211 5480 tam,
2234 5416 2660 5483 participationem.
2681 5416 2768 5468 Alii
2789 5415 2994 5477 codices,
3009 5413 3311 5480 partitionem
3331 5428 3352 5467 :
3365 5411 3563 5479 melius,

1975 5484 2045 5533 uti
2067 5482 2420 5545 supra,'qumst.
2445 5482 2520 5529 l7.

2040 5549 2060 5578 ³
2075 5539 2147 5594 sic
2170 5539 2338 5593 Ratfet
2356 5550 2561 5606 quatuor
2571 5549 2687 5606 Mss.
2715 5548 2883 5606 At_A_m.
2906 5547 2958 5606 et
2977 5546 3073 5606 Et},
3105 5539 3565 5606 Israelitisgcanside-

1976 5606 2233 5658 ratort'bus.
2255 5600 2390 5663 Lov.,'
2415 5603 2641 5655 Israelitis
2664 5600 3133 5653 considerationibus.
3153 5611 3234 5652 tus.
3256 5603 3564 5654 uicliaeliuus

1980 5667 2210 5722 Israelitis
2232 5665 2702 5718 comulerattoribus.

2044 5731 2066 5765 ⁸
2089 5738 2187 5782 nat.
2209 5738 2260 5782 et
2278 5729 2375 5782 duo
2399 5738 2526 5791 uss,
2551 5726 2728 5792 Spiritu
2762 5729 2925 5776 sancto
2941 5724 3122 5790 plenos.
