4074 6458
535 278 696 366 ist-1'

527 439 645 480 vum
667 420 814 476 illum
838 415 1044 488 recepit.
1093 414 1152 473 In
1176 416 1429 473 extremis
1456 417 1598 473 enim
1625 423 1783 472 terra:
1821 411 1918 468 fuit
1946 409 2113 481 frater

529 525 672 570 tuus.
715 509 822 568 Sed
858 508 981 566 inde
1008 508 1180 580 major
1212 506 1495 566 exsultatio
1535 504 1862 562 cantantium
1893 502 2119 558 Domino

531 604 797 660 canticum
823 615 1016 658 novum
1039 641 1054 669 ,
1100 599 1224 672 quia
1251 599 1367 674 laus
1403 598 1523 670 ejus
1563 597 1632 653 ab
1663 597 1918 653 extremis
1963 604 2119 650 terra:

531 696 686 770 (lsai.
717 709 864 761 χιιι,
911 691 1036 766 i0);
1089 699 1146 748 et
1185 699 1404 764 propter
1439 705 1562 746 eum
1609 688 1700 761 qui
1740 688 1934 744 absens
1979 696 2115 755 erat,

528 790 738 844 occisus
763 796 846 843 est
873 785 956 842 vir
983 785 1037 841 in
1068 785 1220 857 plaga
1251 782 1453 854 positus
1476 821 1495 851 ,
1537 791 1594 838 et
1632 781 1809 837 sciens
1839 781 1980 836 ferre
2013 779 2118 834 im-

529 879 872 936 becillitatem
900 875 1012 952 (Id.
1038 891 1158 940 LIII,
1184 875 1280 946 3);
1329 873 1451 944 quia
1490 870 1685 943 quibus
1725 885 1830 926 non
1869 876 1954 926 est
1989 883 2116 923 nar-

527 981 704 1028 ratum
733 971 801 1028 de
827 985 924 1040 eo,
968 968 1253 1035 viderunt;
1282 976 1337 1024 et
1364 967 1452 1039 qui
1478 981 1584 1022 non
1611 965 1927 1030 audierunt,
1957 963 2115 1020 intel-

528 1063 777 1120 lexerunt
803 1061 911 1132 (Id.
944 1076 1013 1118 ιιι
1033 1101 1049 1127 ,
1079 1059 1191 1132 15).
1690 1121 1692 1124 ν

598 1155 706 1212 Sed
747 1154 1052 1226 indignatur
1080 1152 1242 1209 etiam
1283 1165 1451 1218 nunc,
1479 1159 1534 1206 et
1557 1149 1732 1206 adhuc
1754 1163 1861 1204 non
1889 1147 2002 1204 vult
2038 1149 2118 1202 in-

528 1249 713 1305 troire.
741 1247 873 1303 Cum
902 1259 1028 1317 ergo
1053 1243 1330 1316 plenitudo
1359 1242 1610 1299 Gentium
1642 1240 1939 1308 intraverit,
1963 1254 2117 1310 egre-

527 1342 703 1397 dietur
728 1348 1026 1410 opportuno
1052 1346 1292 1408 tempore
1311 1345 1461 1406 pater
1486 1335 1623 1407 ejus,
1651 1344 1708 1389 ut
1737 1343 1792 1391 et
1811 1333 1920 1404 jam
1941 1333 2116 1388 omnis

527 1433 689 1489 lsrael
723 1433 900 1487 salvus
939 1431 1029 1485 fiat
1060 1448 1074 1485 :
1111 1431 1194 1485 cui
1225 1444 1291 1485 ex
1323 1437 1472 1498 parte
1501 1427 1712 1482 caecitas
1740 1424 1877 1480 facta
1912 1435 1995 1481 est
2019 1440 2113 1479 ve-

529 1526 606 1580 lut
645 1523 884 1579 absentia
934 1523 990 1578 in
1037 1536 1206 1595 agro,
1253 1520 1427 1576 donec
1470 1516 1745 1589 plenitudo
1772 1517 1863 1571 lilii
1891 1515 2114 1570 minoris

528 1617 685 1687 longe
711 1615 764 1671 in
793 1613 1089 1671 idololatria
1115 1613 1363 1669 Gentium
1383 1610 1654 1666 constituti
1681 1609 1846 1664 redux
1871 1608 1938 1662 ad
1965 1623 2115 1661 man-

526 1708 828 1764 ducandum
867 1706 1090 1762 vitulum
1135 1705 1356 1759 intraret
1383 1701 1556 1774 (Rom.
1583 1701 1793 1772 x5235).
1828 1700 1940 1755 Erit
1969 1699 2112 1754 enim

527 1800 846 1871 quandoque
903 1806 1086 1869 aperta
1153 1796 1362 1851 vocatio
1413 1794 1719 1850 Judzeorum
1781 1791 1834 1845 in
1887 1790 2112 1844 salutem

531 1893 818 1963 Evangelii.
870 1891 1038 1959 Quam
1086 1887 1570 1944 manifestatiouem
1613 1883 1945 1950 vocationis,
1993 1889 2112 1936 tau-

526 1998 685 2053 quam
713 1996 984 2052 egressum
1030 1979 1198 2051 patris
1240 1977 1474 2048 appellat
1511 1975 1577 2030 ad
1618 1973 1910 2047 rogandum
1939 1973 2114 2043 majo-

525 2091 638 2131 rem
663 2075 845 2128 filium.

598 2165 800 2222 Deinde
819 2180 936 2236 qua:
953 2162 1240 2234 reSpondet
1266 2161 1406 2217 idem
1429 2159 1600 2231 major
1627 2159 1788 2226 lilius,
1815 2157 1948 2213 duas
1968 2173 2115 2229 qum-

525 2264 726 2318 stiones
750 2261 944 2316 habent
975 2278 989 2314 ε
1018 2257 1285 2329 quomodo
1311 2255 1556 2311 videlicet
1581 2253 1875 2324 accipiatur
1899 2252 1988 2308 ille
2008 2267 2111 2322 po-

526 2354 683 2424 pulus
715 2358 982 2422 uuuq’uam
1013 2350 1317 2404 mandatum
1362 2345 1457 2402 Dei
1487 2345 1841 2416 prmteriissc;
1872 2351 1927 2398 et
1953 2358 2111 2413 quem

524 2444 667 2499 dicat
693 2441 901 2496 haedum
931 2455 1087 2511 quem
1119 2451 1390 2508 nunquam
1415 2435 1654 2506 accepit,
1690 2441 1747 2488 ut
1773 2447 1895 2488 cum
1924 2433 2112 2488 amicis

528 2535 640 2589 suis
679 2533 1005 2604 epularetur.
1047 2529 1154 2586 Sed
1195 2527 1265 2584 de
1303 2526 1555 2582 mandato
1581 2539 1686 2580 non
1731 2532 2111 2594 prretergresso

523 2626 678 2682 facile
704 2623 837 2681 illud
873 2623 1124 2686 occurrit,
1167 2635 1338 2691 neque
1365 2619 1433 2675 de
1461 2617 1606 2673 omni
1635 2617 1885 2673 mandato
1912 2615 2109 2670 dictum

523 2731 645 2772 esse
671 2757 685 2782 ,
731 2714 827 2771 sed
871 2715 938 2771 de
965 2730 1071 2769 uno
1106 2712 1336 2768 maxime
1379 2710 1716 2776 necessario,
1763 2724 1870 2780 quo
1904 2707 2110 2762 nullum

524 2809 690 2862 Demu
721 2807 884 2860 alium
911 2813 1108 2875 praeter
1133 2819 1295 2858 unum
1321 2803 1630 2859 Creatorem
1657 2800 1900 2856 omnium
1927 2797 2111 2853 colere

519 2899 703 2969 jussus
733 2905 816 2952 est
845 2894 1040 2964 (Exod.
1065 2911 1132 2949 xx
1158 2935 1172 2963 ,
1207 2894 1264 2965 3)
1297 2911 1310 2948 :
1341 2907 1512 2964 neque
1553 2892 1653 2947 iste
1679 2889 1819 2946 filius
1858 2891 1910 2944 in
1939 2890 2112 2944 enmi-

525 2991 625 3045 bus
653 2987 925 3053 lsraclitis,
949 2987 1042 3041 sed
1068 2987 1118 3040 in
1148 2985 1231 3039 his
1255 2983 1566 3055 intelligitur
1587 2983 1782 3038 habere
1801 2996 2106 3052 personam,

520 3082 610 3153 qui
641 3097 911 3152 nunquam
943 3080 1010 3134 ab
1036 3094 1141 3134 uno
1173 3078 1282 3133 Deo
1306 3077 1372 3132 ad
1399 3077 1678 3132 simulacra
1699 3075 1941 3131 conversi
1963 3085 2106 3128 sunt.

519 3178 833 3242 Quanquam
863 3169 1007 3224 enim
1052 3176 1305 3238 tanquam
1335 3165 1391 3222 in
1419 3180 1548 3237 agro
1590 3166 1790 3235 positus
1835 3165 1936 3220 iste
1969 3163 2110 3218 ﬁlius

520 3276 731 3322 terrena
771 3261 1140 3327 desideraret,
1172 3259 1239 3315 ab
1276 3273 1385 3313 uno
1427 3266 1606 3312 tamen
1635 3257 1744 3313 Deo
1772 3257 1870 3311 ista
1895 3255 2110 3312 deside-

521 3357 672 3412 rabat
696 3356 853 3418 bona,
881 3352 1123 3423 quamvis
1151 3349 1452 3406 communia
1479 3363 1598 3403 cum
1625 3347 1922 3418 pecoribus.
1957 3345 2109 3404 Unde

519 3447 574 3502 in
602 3446 812 3502 Psalmo
853 3459 917 3500 ex
949 3457 1174 3514 persona
1200 3442 1493 3512 Synagogze
1512 3481 1526 3507 ,
1554 3438 1694 3509 quod
1731 3439 2109 3510 interpretatur

520 3540 735 3611 Asapli,
763 3538 1145 3595 convenienter
1177 3535 1436 3606 accipitur
1476 3535 1707 3602 dictum,
1755 3534 1916 3600 Quasi
1959 3551 2110 3606 pecus

522 3638 689 3704 [uetus
715 3647 828 3686 sum
853 3629 921 3684 ad
946 3638 1030 3696 te,
1079 3637 1124 3683 et
1169 3644 1262 3700 ego
1307 3643 1502 3698 semper
1535 3637 1696 3680 tecum
1738 3625 1908 3700 (Psal.
1940 3642 2105 3692 mm,

522 3723 642 3794 ‘23).
689 3721 842 3789 Quod
873 3721 1032 3775 etiam
1061 3720 1224 3791 patris
1255 3718 1420 3788 ipsius
1449 3718 1754 3773 testimonio
1787 3719 2109 3790 comproba-

520 3827 626 3881 tur,
653 3830 776 3870 cmn
802 3813 966 3879 dicit,
1000 3811 1076 3866 Tu
1098 3827 1289 3866 mecum
1316 3827 1368 3866 es
1390 3827 1607 3882 semper.
1639 3811 1756 3866 Non
1786 3814 1929 3866 enim
1955 3813 2107 3883 quasi

523 3906 864 3962 mentientem
893 3903 1181 3975 redarguit,
1210 3901 1304 3958 sed
1325 3918 1504 3958 secum
1529 3905 1975 3973 perseverantiam
1993 3905 2110 3974 ejus

521 3997 859 4068 approbans,
904 3995 970 4049 ad
1020 3993 1431 4064 perfructionem
1459 3995 1684 4066 potioris
1729 3995 2108 4066 atquejucuu-

522 4092 686 4147 dioris
708 4089 1073 4146 exsultationis
1097 4089 1301 4144 invitat.

593 4182 726 4251 Quis
770 4190 852 4236 est
889 4195 1018 4251 ergo
1057 4180 1242 4236 luedus
1283 4194 1442 4251 quem
1492 4197 1760 4251 nunquam
1807 4183 2012 4253 accepit
2041 4183 2107 4238 ad

523 4271 892 4346 epulandum?
937 4271 1191 4328 Peccator
1223 4273 1457 4343 proiecto
1491 4271 1628 4328 hiedi
1665 4273 1880 4330 nomine
1907 4274 2109 4344 signiti-

523 4366 636 4422 eari
665 4366 820 4422 solet.
857 4364 964 4421 Sed
993 4363 1132 4420 absit
1159 4373 1217 4419 ut
1238 4363 1623 4419 Antichristum
1647 4365 1957 4435 intelligam.
1990 4365 2105 4420 Non

523 4459 666 4514 enim
686 4457 883 4512 exitum
906 4455 1118 4512 invenio
1147 4453 1369 4526 hujusce
1393 4455 1692 4510 sententiae.
1725 4455 1942 4511 Multum
1964 4457 2106 4511 enim

521 4549 806 4605 absurdum
823 4557 927 4615 est,
947 4563 1070 4604 eum
1080 4547 1163 4602 cui
1177 4547 1390 4612 dicitur,
1411 4545 1487 4601 Tu
1498 4563 1690 4601 mecum
1707 4564 1758 4602 es
1771 4563 1986 4618 semper,
2005 4547 2108 4602 hoc

521 4660 549 4698 ει
575 4652 721 4714 patre
742 4653 972 4714 optasse,
994 4640 1392 4696 utAutiehristo
1412 4640 1671 4696 crederet.
1687 4639 1870 4712 Neque
1885 4641 2106 4696 omnino

523 4737 578 4790 in
618 4735 696 4790 eis
741 4733 1084 4798 Judzeorum,
1131 4732 1219 4803 qui
1274 4731 1603 4786 Antichristo
1647 4731 1901 4786 credituri
1956 4741 2104 4800 sunt,

522 4829 683 4883 istum
728 4826 892 4882 lilium
932 4825 1009 4880 fas
1037 4834 1119 4880 est
1161 4824 1400 4894 intelligi.
1446 4823 1724 4893 Quomodo
1753 4833 1930 4880 autem
1971 4840 2105 4895 epu-

521 4923 715 4976 laretur
743 4935 806 4974 ex
842 4919 934 4973 illo
962 4917 1116 4972 hme
1139 4958 1156 4985 ,
1200 4917 1245 4972 si
1273 4918 1385 4988 ipse
1411 4927 1554 4972 esset
1583 4917 1940 4972 Antichristus
1959 4959 1973 4982 ,
2014 4917 2103 4988 qui

519 5013 568 5068 ei
599 5028 704 5066 non
730 5010 1009 5067 crederet?
1032 5012 1137 5064 Aut
1165 5010 1210 5065 si
1242 5010 1343 5065 hoc
1365 5019 1447 5065 est
1473 5009 1676 5080 cpulari
1709 5025 1773 5064 ex
1799 5009 1936 5065 luedi
1959 5010 2104 5065 occi-

519 5107 688 5172 sione,
721 5105 861 5176 quod
892 5103 1064 5160 estde
1090 5103 1395 5158 Antichristi
1425 5103 1725 5173 perditione
1755 5103 1940 5168 laetari,
1973 5119 2106 5174 quo-

520 5198 681 5254 modo
706 5197 837 5254 dicit
882 5197 1020 5252 ﬁlius
1074 5211 1233 5268 quem
1283 5195 1486 5267 recepit
1533 5208 1679 5266 pater
1711 5197 1812 5252 hoc
1852 5195 1953 5251 sibi
1997 5211 2104 5252 non

521 5291 686 5346 fuisse
713 5305 1028 5346 concessum
1051 5330 1066 5355 ,
1112 5305 1233 5344 cum
1270 5303 1458 5343 omnes
1485 5289 1576 5344 lilii
1613 5289 1706 5344 Dei
1735 5289 1802 5344 de
1845 5290 1984 5344 illius
2011 5290 2106 5344 ad-

520 5382 740 5439 versaiii
789 5383 1127 5438 damnatione
1172 5381 1396 5435 laetaturi
1444 5381 1594 5436 sint?
1656 5381 1917 5437 Nimirum
1977 5398 2106 5454 ergo

522 5475 686 5548 (quod
729 5475 783 5532 in
831 5490 890 5532 re
941 5474 1316 5530 obscurissima
1361 5474 1478 5531 sine
1524 5475 1833 5546 praajudicio
1874 5477 2100 5548 diligen-

522 5569 670 5624 tioris
726 5567 1084 5638 inquisitionis
1140 5565 1389 5639 dixerim)
1444 5567 1615 5637 ipsum
1663 5567 1950 5623 Domiumn
2003 5571 2103 5625 sibi

519 5670 764 5730 negatum
795 5659 860 5714 ad
875 5660 1193 5730 epulandum
1225 5662 1582 5732 conqueritur,
1607 5661 1733 5715 dum
1763 5678 1884 5718 eum
1913 5679 2102 5734 pecea-

521 5761 689 5808 torein
723 5761 890 5824 putat.
939 5751 1070 5809 Cum
1102 5754 1242 5811 enim
1275 5753 1456 5811 lnrdus
1484 5765 1563 5812 cst
1591 5755 1660 5810 illi
1690 5757 1834 5829 genti
1861 5800 1876 5829 ,
1922 5759 1970 5816 id
1999 5767 2096 5827 est,

1383 289 1846 372 QUA‘ZSTIONUM
1886 293 2444 366 EVANGELIORUM,
2483 295 2542 355 S.
2585 297 2949 357 AUGUSTINI

3667 307 3804 368 1348

2225 425 2346 467 cum
2385 428 2506 469 eum
2547 413 2754 470 sabbati
2791 413 3100 473 violatorem
3132 423 3188 474 et
3225 417 3620 490 profanatorem
3655 421 3812 495 Legis

2225 503 2525 574 existimat,
2555 505 2837 576 iucundari
2861 506 3034 576 epulis
3060 507 3178 578 ejus
3207 525 3312 567 non
3330 511 3527 568 meruit
3552 530 3568 569 :
3593 522 3654 569 ut
3671 515 3813 587 quod

2223 595 2316 662 ait,
2349 593 2625 667 Nunquam
2649 596 2831 651 dedisti
2853 599 2979 652 mihi
3008 598 3210 654 haedum
3227 641 3242 668 ,
3264 610 3320 657 ut
3343 618 3460 657 cum
3483 604 3661 658 amicis
3690 607 3814 662 meis

2223 687 2488 758 epularer;
2519 689 2624 744 tale
2642 689 2711 744 sit
2734 704 2800 745 ac
2825 690 2870 746 si
2902 689 3140 757 diceret,
3189 707 3311 748 eum
3339 693 3429 764 qui
3468 695 3597 750 mihi
3625 695 3812 752 haedus

2224 776 2531 845 videbatur,
2575 795 2842 851 nunquam
2869 779 3065 836 dedisti
3103 782 3234 838 mihi
3260 783 3326 838 ad
3350 786 3674 855 epulandum
3697 831 3713 854 ,
3743 803 3813 843 eo

2225 869 2340 940 ipso
2365 871 2495 926 mihi
2525 872 2672 927 illum
2711 874 2882 943 ipsum
2911 889 3017 929 non
3053 878 3373 942 concedens.
3406 894 3512 950 quo
3541 881 3671 935 mihi
3696 881 3809 936 ha:-

2222 961 2324 1016 dus
2355 962 2651 1018 videbatur.
2700 964 2853 1032 Quod
2896 973 3075 1021 autem
3110 967 3274 1036 dicit,
3315 985 3431 1022 cum
3459 971 3636 1026 amicis
3660 974 3800 1038 meis,

2222 1063 2314 1110 aut
2337 1070 2404 1110 ex
2430 1070 2655 1126 persona
2686 1057 2980 1128 principum
3025 1074 3144 1114 cum
3177 1059 3330 1130 plebe
3356 1061 3687 1133 intelligitur,
3717 1073 3809 1120 aut

2221 1161 2288 1202 ex
2323 1162 2550 1218 persona
2596 1149 2775 1220 populi
2806 1148 3238 1222 Jerosolymitani
3284 1167 3405 1207 cum
3451 1155 3661 1210 caeteris
3706 1171 3808 1226 po-

2223 1239 2362 1310 pulis
2394 1240 2549 1296 Juda.
2588 1241 2898 1298 Meretrices
2936 1252 3114 1298 autem
3139 1258 3260 1299 cum
3301 1245 3493 1314 quibus
3519 1245 3810 1316 dissipasse

2221 1330 2570 1386 substantiam
2597 1346 2749 1387 suam
2794 1332 2934 1388 lilius
2966 1333 3149 1403 junior
3187 1343 3468 1390 accusatus
3497 1345 3616 1402 est,
3657 1345 3805 1391 recte

2213 1420 2588 1492 intelliguntur
2607 1422 3013 1492 superstitiones
3035 1463 3050 1488 ,
3080 1424 3268 1479 relicto
3295 1439 3400 1480 uno
3433 1425 3702 1481 connubio
3730 1427 3807 1482 le-

2221 1514 2406 1584 gitimo
2428 1514 2572 1570 verbi
2606 1515 2728 1579 Dei,
2760 1530 2880 1570 cum
2918 1518 3071 1572 turba
3095 1516 3482 1574 daemoniorum
3507 1519 3803 1590 cupiditate

2221 1609 2526 1679 turpissima
2554 1608 2822 1664 fornicari.

2288 1700 2426 1768 Quid
2463 1701 2656 1758 deinde
2679 1703 2781 1758 sibi
2812 1702 2924 1756 vult
2949 1702 3087 1773 quod
3114 1717 3235 1758 cum
3279 1711 3428 1773 pater
3460 1704 3695 1770 diceret,
3729 1705 3808 1758 Ta

2219 1809 2412 1848 mecum
2437 1809 2490 1848 es
2512 1809 2740 1865 semper,
2778 1793 2918 1864 quod
2944 1793 3054 1863 jam
3089 1802 3370 1848 tractatum
3403 1803 3517 1858 est,
3560 1794 3802 1860 addidit,

2219 1884 2286 1939 Et
2314 1886 2484 1940 omnia
2509 1901 2620 1941 mea
2649 1897 2738 1940 tua
2762 1887 2920 1941 sunt?
2945 1885 3059 1954 Qua
3096 1884 3148 1939 iu
3195 1900 3253 1939 re
3295 1885 3464 1954 primo
3507 1885 3805 1941 cavendum

2217 1986 2300 2032 est
2329 1993 2396 2032 ne
2420 1977 2682 2048 intelligas
2706 1978 2777 2032 ita
2797 1977 3017 2043 dictum,
3044 1977 3213 2030 omnia
3242 1993 3351 2030 mea
3379 1986 3465 2030 tua
3484 1986 3623 2042 sunt,
3653 1978 3806 2047 quasi

2217 2084 2324 2124 non
2355 2069 2460 2124 sint
2489 2065 2540 2123 et
2566 2070 2764 2137 fratris,
2796 2079 2854 2125 ut
2879 2078 3125 2140 tanquam
3154 2069 3206 2124 in
3236 2077 3445 2124 terrena
3473 2068 3802 2138 hmreditate,

2218 2163 2434 2233 patiaris
2459 2162 2751 2234 angustias,
2781 2161 3048 2232 quomodo
3069 2161 3274 2232 possint
3292 2161 3471 2216 omnia
3490 2175 3610 2217 esse
3633 2162 3806 2232 majo-

2217 2256 2293 2312 ris
2315 2297 2331 2323 ,
2363 2255 2409 2312 si
2443 2255 2598 2310 habet
2625 2255 2698 2310 ibi
2731 2255 2890 2310 etiam
2914 2255 3094 2324 junior
3123 2262 3326 2325 partem
3348 2269 3520 2310 suam.
3547 2254 3637 2311 Sic
3660 2256 3804 2310 enim

2216 2363 2246 2403 a
2277 2347 2525 2420 perfectis
2550 2357 2604 2403 et
2631 2347 2960 2419 perpurgatis
2980 2389 2995 2415 ,
3032 2361 3094 2402 ac
3120 2347 3230 2417 jam
3257 2347 3644 2403 immortalibus
3683 2347 3806 2403 [iliis

2217 2440 2479 2496 habentur
2499 2441 2675 2501 omnia
2691 2482 2706 2503 ,
2740 2449 2794 2495 ut
2819 2439 2926 2494 sint
2951 2447 3004 2494 et
3023 2439 3258 2494 omnium
3280 2439 3483 2508 singula
3508 2479 3522 2504 ,
3551 2448 3604 2494 et
3625 2439 3804 2494 omnia

2216 2534 2567 2605 singulorum.
2591 2533 2661 2590 Ut
2680 2534 2821 2588 enim
2844 2532 3102 2602 cupiditas
3123 2531 3254 2586 nihil
3277 2533 3391 2587 sine
3418 2531 3659 2600 angustia
3681 2572 3695 2596 ,
3731 2531 3804 2584 ita

2216 2624 2348 2679 nihil
2360 2639 2480 2678 cum
2501 2623 2742 2694 angustia
2757 2623 2989 2679 charitas
3013 2629 3174 2678 tenet.
3191 2622 3293 2678 Sed
3307 2621 3576 2692 quomodo
3587 2621 3766 2675 omnia
3778 2621 3805 2674 ?

2215 2711 2349 2771 Num
2394 2723 2450 2772 et
2475 2715 2742 2786 Angelos,
2779 2715 2854 2769 ait
2889 2714 3118 2784 aliquis,
3162 2722 3216 2768 et
3262 2713 3498 2767 Virtutes
3546 2712 3805 2767 subiimes

2215 2824 2279 2866 ac
2307 2810 2622 2876 Potestates,
2654 2817 2814 2878 atque
2841 2807 3089 2862 universa
3117 2807 3356 2862 caelestia
3383 2806 3478 2861 Dei
3509 2806 3804 2861 ministeria

2214 2903 2356 2958 Deus
2397 2900 2450 2956 in
2498 2901 2887 2971 possessionem
2935 2899 3025 2954 tali
3069 2899 3177 2954 lilio
3205 2900 3493 2969 subjecisse
3537 2898 3804 2969 putandus

2215 2992 2335 3049 est?
2364 2993 2422 3047 Si
2454 2991 2842 3062 possessionem
2884 2990 2962 3045 sic
2987 2990 3252 3058 accipias,
3289 2998 3345 3044 ut
3373 2991 3488 3059 ejus
3528 3003 3804 3060 possessor

2216 3084 2332 3155 ipse
2357 3085 2420 3138 sit
2439 3081 2686 3138 dominus
2708 3097 2724 3148 ;
2750 3096 2855 3137 non
2881 3082 3063 3151 utique
3084 3081 3281 3135 omnia.
3303 3079 3419 3135 Non
3445 3080 3586 3135 enim
3601 3078 3803 3134 domini

2214 3183 2406 3243 erunt,
2449 3173 2546 3230 sed
2593 3181 2870 3228 consortes
2899 3173 3076 3242 potius
3105 3172 3428 3242 Angelorum
3455 3213 3470 3237 ,
3501 3173 3570 3227 de
3611 3170 3805 3241 quibus

2213 3265 2412 3322 dictum
2441 3275 2553 3333 est,
2590 3265 2752 3320 Erunt
2785 3265 3003 3336 wquales
3039 3264 3244 3335 Angelis
3273 3263 3364 3318 Dei
3394 3263 3604 3334 (Matth.
3641 3278 3759 3318 χχιι
3781 3303 3800 3329 ,

2215 3358 2327 3431 50).
2371 3358 2464 3415 Sin
2511 3374 2640 3414 vero
2687 3357 2955 3428 possessio
3013 3357 3092 3412 sic
3139 3355 3482 3424 intelligitur,
3533 3354 3804 3424 quomodo

2214 3457 2361 3505 recte
2389 3449 2617 3505 dicimus
2647 3447 2918 3518 possidere
2949 3447 3155 3500 animas
3184 3445 3491 3509 veritatem;
3519 3459 3624 3498 non
3649 3445 3805 3498 inve-

2216 3542 2306 3596 nio
2329 3557 2427 3596 eur
2446 3557 2550 3596 non
2581 3555 2707 3595 vere
2735 3554 2798 3593 ac
2823 3537 3036 3609 proprie
3061 3537 3305 3606 accipere
3331 3536 3597 3606 possimus
3621 3537 3801 3589 omnia

2214 3652 2334 3707 qua:
2369 3635 2508 3692 dicta
2535 3641 2660 3688 sunt
2684 3632 2884 3688 omnia.
2929 3630 3042 3685 Non
3070 3630 3212 3685 enim
3242 3628 3369 3683 illud
3401 3628 3471 3682 ita
3497 3627 3800 3697 loquimur,

2215 3739 2272 3784 ut
2317 3728 2558 3784 dominas
2606 3726 2849 3782 veritatis
2885 3724 3126 3780 dicamus
3151 3722 3357 3777 animas
3380 3762 3396 3790 ,
3441 3736 3598 3791 quam
3628 3719 3695 3774 ab
3723 3721 3804 3774 eis

2215 3822 2441 3878 dicimus
2486 3819 2766 3891 possideri.
2821 3819 2928 3873 Aut
2970 3815 3017 3871 si
3068 3815 3285 3870 nomine
3329 3810 3682 3883 possessionis
3733 3809 3802 3864 ad

2215 3913 2358 3968 hunc
2381 3927 2598 3969 sensum
2644 3907 2990 3980 impedimur,
3033 3906 3084 3960 id
3110 3919 3320 3974 quoque
3347 3901 3635 3957 auferatur.
3683 3899 3803 3954 Non
3853 3961 3858 3964 _

2213 4004 2356 4060 enim
2397 4003 2472 4058 ait
2511 4009 2700 4074 pater,
2726 3999 2914 4055 Omnia
2956 3997 3010 4050 in
3053 3995 3446 4066 possessionem
3485 3991 3575 4046 tibi
3623 3991 3798 4057 daho,

2213 4097 2348 4162 sive,
2377 4094 2565 4150 Omnia
2589 4107 2706 4148 mea
2737 4088 2980 4161 possides
3005 4086 3090 4142 vel
3120 4084 3442 4155 possidebis;
3469 4082 3584 4147 sed,
3615 4081 3804 4136 Omnia

2216 4203 2325 4242 mea
2348 4196 2433 4240 tua
2459 4195 2595 4240 sunt.
2625 4183 2733 4239 Nec
2765 4192 2938 4236 tamen
2971 4180 3040 4234 ita
3068 4186 3189 4233 sunt
3216 4177 3333 4246 ejus
3357 4217 3372 4242 ,
3402 4183 3460 4230 ut
3486 4174 3651 4245 ipsius
3680 4173 3800 4229 Dei.

2215 4278 2367 4347 Quod
2392 4278 2533 4333 enim
2571 4286 2653 4330 est
2683 4276 2733 4328 in
2762 4283 2942 4328 nostra
2972 4271 3197 4340 pecunia
3219 4311 3231 4333 ,
3262 4277 3435 4338 potest
3459 4266 3674 4322 familia:
3701 4281 3799 4321 no-

2215 4382 2340 4427 stre:
2366 4371 2452 4425 vel
2476 4370 2784 4424 alimentum
2809 4381 2931 4421 esse
2955 4365 3041 4420 vel
3071 4372 3462 4428 ornamentum,
3493 4361 3577 4416 vel
3602 4359 3800 4430 aliquid

2214 4459 2541 4533 hujusmodi.
2591 4460 2658 4514 Et
2705 4466 2851 4513 certe
2896 4471 3018 4511 cum
3070 4455 3242 4524 ipsum
3288 4462 3493 4524 patrem
3540 4460 3685 4507 recte
3711 4451 3803 4504 ille

2213 4562 2394 4626 posset
2423 4568 2575 4607 suum
2605 4551 2783 4606 dicere
2807 4591 2822 4615 ,
2857 4563 2962 4602 non
2991 4547 3145 4602 video
3171 4562 3289 4616 qua:
3329 4545 3494 4614 ipsius
3537 4552 3680 4598 recte
3705 4558 3801 4596 sua

2212 4660 2404 4701 vocare
2432 4660 2537 4698 non
2561 4641 2747 4713 possit,
2767 4639 2999 4695 diversis
3015 4638 3267 4693 duntaxat
3292 4635 3482 4692 modis.
3507 4635 3639 4691 Cum
3658 4634 3801 4690 enim

2213 4740 2516 4795 beatitatem
2561 4735 2704 4790 illam
2731 4733 3158 4794 obtinuerimus,
3191 4737 3369 4784 nostra
3413 4736 3572 4784 erunt
3615 4727 3681 4781 ad
3726 4727 3810 4779 vi.

2213 4831 2445 4887 dendum
2492 4828 2806 4898 superiora,
2855 4832 3038 4878 nostra
3085 4829 3244 4878 erunt
3301 4820 3368 4875 ad
3413 4818 3798 4875 cenvirendum

2213 4925 2458 4996 mqualia,
2485 4931 2664 4978 nostra
2689 4927 2848 4977 erunt
2867 4918 2934 4973 ad
2957 4914 3337 4972 dominandum
3364 4913 3632 4968 inferiora.
3658 4911 3805 4966 Con-

2212 5015 2442 5086 gaudeat
2478 5028 2606 5084 ergo
2636 5010 3008 5066 securissimus
3035 5007 3206 5076 major
3241 5004 3439 5070 frater,
3472 5003 3593 5072 quia
3617 5001 3805 5069 junior

2215 5109 2378 5164 frater
2402 5116 2630 5162 mortuus
2657 5113 2784 5170 erat,
2811 5112 2858 5158 et
2877 5102 3090 5163 revixit;
3119 5099 3354 5169 perierat,
3378 5105 3425 5149 et
3448 5095 3676 5148 inventus
3707 5106 3800 5148 cst.

2285 5198 2527 5256 XXXIV.
2551 5195 2651 5271 [lb.
2667 5193 2941 5269 xv1,i-9.]
2964 5193 3018 5247 lu
3045 5191 3220 5245 villico
3245 5202 3400 5258 quem
3425 5185 3680 5240 Dominus
3707 5185 3803 5254 eji-

2214 5294 2386 5349 ciebat
2409 5293 2476 5348 de
2505 5291 2735 5347 villieatu
2761 5330 2776 5355 ,
2805 5296 2862 5344 et
2893 5284 3122 5342 laudavit
3147 5297 3268 5336 eum
3299 5279 3440 5350 quod
3486 5279 3537 5333 in
3567 5279 3800 5333 futurum

2215 5386 2314 5441 sibi
2344 5382 2697 5456 prospexerit,
2727 5397 2832 5435 non
2863 5378 3041 5432 omnia
3079 5373 3336 5429 debemus
3373 5369 3440 5425 ad
3488 5367 3800 5424 imitandum

2216 5493 2449 5533 sumere.
2477 5475 2594 5531 Non
2623 5474 2764 5530 enim
2787 5481 2876 5525 aut
2905 5467 3128 5523 Domino
3147 5474 3332 5521 nostro
3356 5461 3618 5517 fascienda
3646 5469 3728 5515 est
3748 5460 3800 5513 in

2213 5575 2390 5644 aliquo
2411 5572 2574 5636 fraus,
2594 5577 2652 5622 ut
2678 5567 2745 5622 de
2773 5567 2881 5635 ipsa
2909 5562 3094 5617 fraude
3113 5561 3480 5629 eleemosynas
3511 5554 3765 5609 faciamus

2213 5643 2309 5719 aut
2353 5680 2446 5718 cos
2505 5678 2534 5715 a
2597 5660 2788 5730 quibus
2838 5654 3002 5725 recipi
3058 5654 3308 5706 volumus
3359 5650 3412 5702 in
3463 5643 3803 5702 tabernacula

2214 5769 2411 5816 a‘terna
2437 5765 2728 5826 ,‘tanquam
2757 5749 3025 5808 debitores
3061 5746 3154 5804 Dei
3192 5755 3244 5801 et
3273 5739 3480 5799 Domini
3525 5738 3690 5796 nostri
3723 5735 3799 5791 fas
