4074 6514
238 380 380 439 1559

235 503 325 553 est
342 491 587 562 intelligi;
613 504 737 546 cum
759 486 887 560 justi
910 494 964 542 et
989 483 1153 540 sancti
1180 480 1545 554 significentur
1568 479 1672 534 hoc
1691 479 1836 540 loco,

238 588 334 660 qui
362 600 460 640 eos
479 582 821 638 introducant
849 580 902 634 in
926 575 1265 632 tabernacula
1292 582 1512 638 aeterna,
1537 570 1626 641 qui
1656 583 1841 623 neces-

238 658 492 736 sitatibus
522 675 636 730 suis
667 683 875 728 terrena
903 670 1040 724 bona
1061 663 1572 722 communicaverint
1594 677 1609 728 ;
1634 659 1700 714 de
1726 658 1842 730 qui-

247 773 351 826 bus
379 770 543 826 etiam
589 766 756 832 dicit,
788 762 928 836 quod
955 765 998 818 si
1036 761 1155 832 quis
1199 756 1355 813 alicui
1397 771 1581 812 eorum
1623 753 1840 807 calicem

245 876 403 933 aqua:
434 857 643 932 frigidae
665 856 874 913 dederit
901 863 1100 908 tantum
1130 851 1182 905 in
1211 849 1426 904 nomine
1445 844 1706 915 discipuli,
1736 857 1843 897 non

245 952 443 1024 perdet
468 949 774 1007 mercedem
809 962 956 1002 suam
994 943 1204 1017 (Matth.
1231 958 1296 1007 ι,
1327 939 1418 1011 42)
1449 937 1577 993 :sed
1618 936 1776 991 etiam
1814 947 1845 988 o

248 1043 527 1102 contrario
546 1042 811 1098 ducuntur
841 1039 953 1093 ista:
975 1033 1368 1097 similitudines,
1389 1040 1444 1084 ut
1467 1027 1841 1096 intelligamus,

240 1136 294 1191 si
323 1133 532 1190 laudari
564 1131 733 1203 potuit
759 1129 849 1184 ille
876 1143 904 1181 a
947 1125 1172 1180 Domino
1197 1122 1284 1191 qui
1317 1119 1556 1175 fraudem
1594 1115 1841 1180 faciebat,

243 1236 455 1298 quanto
485 1222 714 1294 amplius
743 1222 982 1290 placeant
1013 1215 1236 1270 Domino
1263 1214 1372 1266 Deo
1395 1254 1408 1278 ,
1433 1210 1520 1280 qui
1553 1206 1846 1263 secundum

246 1319 367 1388 ejus
395 1325 727 1387 praeceptum
757 1313 845 1368 illa
871 1325 1030 1381 opera
1059 1307 1256 1362 faciunt
1280 1322 1294 1370 ;
1327 1305 1460 1358 sicut
1488 1303 1646 1356 etiam
1673 1299 1738 1354 de
1763 1299 1850 1368 ju-

248 1411 368 1465 dice
399 1406 698 1479 iniquitatis
725 1403 813 1475 qui
842 1397 1276 1471 interpellabatur
1302 1411 1332 1450 a
1362 1394 1538 1458 vidua,
1571 1406 1847 1460 compara--

250 1503 456 1556 tionem
482 1499 634 1553 duxit
653 1496 716 1552 ad
734 1495 966 1566 judicem
992 1493 1155 1546 Deum
1181 1529 1195 1554 ,
1221 1488 1306 1542 cui
1335 1487 1476 1540 nulla
1499 1501 1562 1538 ex
1591 1492 1734 1552 parte
1759 1481 1846 1550 ju-

251 1593 355 1648 dex
385 1591 606 1660 iniquus
631 1586 983 1645 conferendas
1007 1591 1090 1638 est
1132 1581 1283 1653 (Luc.
1326 1595 1454 1635 xvm
1482 1621 1496 1640 ,
1527 1575 1658 1648 2-8).
1699 1573 1850 1642 Quod

254 1696 435 1740 autem
457 1684 526 1738 de
553 1691 770 1738 centum
795 1678 942 1734 cadis
965 1675 1098 1740 olei,
1132 1672 1507 1744 quinquaginta
1537 1668 1695 1722 scribi
1729 1666 1852 1720 fecit

255 1791 284 1828 a
313 1774 560 1829 debitore
587 1789 602 1837 ;
631 1781 687 1828 et
723 1769 790 1825 de
815 1778 1031 1824 centum
1060 1764 1201 1819 coris
1243 1761 1422 1827 tritici,
1453 1760 1715 1828 octoginta
1739 1773 1753 1821 ;
1786 1754 1852 1810 ad

259 1867 390 1920 nihil
419 1864 565 1919 aliud
592 1862 768 1918 valere
796 1860 1040 1921 arbitror,
1067 1856 1168 1911 nisi
1196 1863 1334 1908 utea
1360 1869 1480 1923 qum
1501 1851 1745 1906 similiter
1770 1858 1852 1902 at-

258 1974 359 2029 que
382 1958 440 2012 in
470 1954 685 2010 Levitas
709 1951 899 2015 Judaei,
933 1948 1152 2019 quisque
1178 1953 1428 2016 operatur
1453 1943 1502 1996 in
1530 1941 1726 1996 Christi
1759 1940 1856 1993 Ec-

257 2050 480 2103 clesiam
514 2047 557 2111 ¹,
585 2042 820 2099 abundet
855 2040 1061 2111 justilia
1105 2037 1220 2108 ejus
1261 2051 1421 2106 super
1458 2033 1758 2089 Scribarum
1803 2038 1858 2084 et

259 2142 657 2196 Pharisamrum
685 2135 898 2207 (Matth.
931 2149 985 2196 ν,
1007 2131 1098 2201 20)
1121 2172 1135 2193 ,
1161 2138 1218 2184 ut
1244 2144 1364 2184 cum
1395 2127 1468 2180 illi
1499 2125 1730 2181 decimas
1761 2124 1857 2178 da-

259 2242 414 2294 rent,
446 2230 535 2285 isti
577 2227 822 2284 dimidias
851 2225 980 2279 dent
1009 2239 1022 2276 :
1055 2223 1192 2276 sicut
1217 2236 1320 2274 non
1348 2218 1414 2274 de
1441 2217 1697 2272 fructibus
1721 2257 1735 2280 ,
1764 2213 1859 2270 sed

256 2323 326 2377 de
355 2323 492 2393 ipsis
524 2320 680 2375 bonis
702 2318 813 2373 suis
841 2317 962 2372 fecit
1003 2311 1292 2369 Zacclueus
1323 2310 1475 2381 (Luc.
1500 2326 1584 2364 six
1607 2351 1622 2376 ,
1650 2309 1740 2380 8);
1770 2316 1862 2362 aut
1907 2295 1950 2334 “-

257 2424 410 2470 certe
437 2413 675 2482 duplicet
703 2411 996 2474 decimam,
1039 2415 1094 2462 ut
1129 2407 1260 2460 duas
1288 2404 1523 2460 decimas
1549 2403 1724 2458 dando
1768 2419 1859 2457 su—

261 2515 418 2576 pet-ct
447 2505 715 2575 impendia
739 2501 1067 2559 Iudaeorum.
1099 2499 1398 2554 Mammona
1419 2513 1547 2552 vero
1569 2497 1862 2568 iniquitatis

257 2601 334 2655 ob
355 2600 467 2655 hoc
493 2614 523 2652 a
557 2598 785 2652 Domino
829 2592 1093 2664 appellata
1133 2599 1214 2646 est
1255 2592 1354 2664 ista
1397 2590 1618 2660 pecunia
1648 2630 1664 2654 ,
1704 2604 1862 2659 quam

266 2690 609 2762 possidemus
629 2689 695 2744 ad
723 2698 952 2758 tempus,
981 2686 1106 2755 quia
1128 2677 1425 2738 Mammona
1458 2681 1655 2736 divitia)
1697 2681 1863 2735 inter—

265 2791 588 2854 pretantur,
621 2794 721 2834 nec
763 2787 887 2833 sunt
928 2777 1042 2833 ista:
1067 2774 1266 2829 divitia:
1295 2772 1394 2827 nisi
1430 2772 1619 2841 iniquis
1643 2813 1657 2835 ,
1691 2771 1778 2840 qui
1815 2770 1865 2822 in

267 2877 348 2929 eis
375 2872 720 2928 conStituunt
747 2885 895 2938 spem
926 2877 1084 2938 atque
1119 2865 1325 2934 ecpiam
1356 2861 1694 2918 beatitudinis
1715 2876 1824 2914 sum
1852 2878 1865 2914 :

271 2983 302 3021 a
336 2967 500 3037 justis
527 2979 657 3020 vero
694 2977 816 3018 cum
848 2961 960 3016 hare
987 2957 1322 3030 possidentur
1343 2997 1356 3020 ,
1403 2953 1726 3028 estquidem
1773 2953 1868 3005 ista

274 3056 499 3128 pecunia
524 3096 542 3121 ,
585 3053 681 3108 sed
724 3067 829 3106 non
873 3059 997 3105 sunt
1038 3049 1141 3104 illis
1179 3047 1375 3102 divitia‘
1406 3044 1506 3099 nisi
1548 3043 1791 3098 caelestes
1820 3050 1874 3094 ct

275 3145 623 3217 Spiritualcs,
679 3142 874 3214 quibus
927 3139 1268 3210 indigentiam
1318 3151 1466 3190 suam
1529 3133 1874 3203 spiritualiter

277 3237 590 3308 supplentes
616 3233 832 3290 exclusa
852 3239 1085 3302 egestate
1110 3229 1339 3284 miseria:
1359 3267 1374 3293 ,
1404 3224 1746 3282 beatitudinis
1785 3239 1878 3279 eo-

282 3330 368 3400 pia
395 3328 653 3382 ditantur.

366 3415 588 3473 XXXV.
620 3413 722 3488 [11).
754 3428 840 3468 xvx
861 3455 876 3480 ,
908 3408 1020 3484 12.]
1045 3407 1197 3478 Quod
1224 3408 1370 3474 dicit,
1396 3407 1454 3463 Si
1481 3407 1533 3461 in
1559 3407 1721 3460 alieno
1749 3403 1878 3475 [ide-

287 3511 358 3564 les
387 3525 490 3562 non
519 3507 687 3578 fuistis
710 3547 726 3573 ,
762 3505 966 3560 alienas
1013 3501 1245 3572 appellat
1276 3507 1517 3555 terrenas
1563 3497 1836 3553 facultates
1861 3513 1875 3559 ;

287 3605 414 3671 quia
445 3614 607 3654 nemo
629 3612 724 3654 eas
765 3610 950 3651 secum
978 3593 1214 3649 moriens
1239 3589 1429 3646 aufert.
1461 3589 1575 3645 lloe
1615 3597 1693 3643 est
1739 3585 1879 3656 quod

289 3691 424 3745 dicit
454 3688 626 3743 David
657 3705 670 3739 :
705 3686 786 3741 Ne
811 3685 1035 3740 timueris
1056 3700 1168 3737 cum
1194 3683 1328 3737 dives
1350 3684 1514 3755 factus
1537 3680 1686 3750 fuerit
1709 3679 1878 3741 homo,

288 3790 337 3834 et
374 3796 510 3833 cum
541 3779 865 3848 multiplicata
886 3776 1035 3846 fuerit
1064 3774 1228 3846 gloria
1267 3773 1445 3828 domus
1469 3771 1621 3843 ejus;
1646 3770 1884 3842 quoniam

291 3887 421 3935 non,
444 3886 563 3923 cum
584 3869 818 3923 morietur
832 3908 848 3934 ,
871 3866 1082 3936 accipiet
1107 3865 1298 3932 omnia,
1331 3880 1489 3934 neque
1507 3862 1660 3916 simul
1680 3863 1886 3916 descen-
1976 3868 1984 3877 '

295 3964 376 4016 det
402 3978 519 4014 cum
539 3977 596 4015 eo
619 3961 780 4031 gloria
803 3959 914 4032 ejus
941 3957 1110 4031 (Psal.
1142 3973 1306 4012 sunt
1328 3997 1342 4020 ,
1372 3956 1460 4022 17,
1491 3953 1601 4027 18).

368 4052 614 4108 XXXVI.
644 4050 742 4124 [11).
768 4048 1014 4123 X\-'t,13.]
1041 4048 1192 4117 Quod
1217 4048 1310 4116 ait,
1340 4048 1441 4101 Aut
1461 4063 1615 4100 unum
1643 4043 1808 4112 odiet,
1841 4053 1888 4099 et

297 4146 515 4199 alterum
535 4145 730 4214 diliget;
750 4152 837 4196 aut
859 4142 943 4196 uni
964 4140 1256 4204 adltwrebit,
1285 4149 1332 4194 et
1354 4138 1568 4193 alterunt
1587 4147 1886 4205 contemnet,

301 4254 408 4292 non
433 4238 549 4291 sine
575 4235 1002 4291 consideratione
1025 4232 1400 4302 distinguenda
1434 4241 1580 4288 sunt.
1602 4231 1718 4286 Non
1745 4231 1889 4286 enim

303 4329 500 4398 passim
530 4336 619 4381 aut
645 4326 794 4396 quasi
819 4336 1015 4381 temere
1040 4325 1177 4378 dicta
1205 4333 1348 4378 sunt.
1371 4322 1538 4378 Nemo
1559 4323 1701 4379 enim
1728 4323 1890 4377 inter-

302 4428 522 4489 rogatus
561 4427 738 4471 utrum
765 4417 945 4486 diligat
977 4415 1244 4470 diabolum
1264 4456 1279 4481 ,
1308 4413 1593 4483 respondet
1621 4429 1678 4468 se
1706 4413 1893 4484 dilige-

306 4525 390 4576 re,
421 4508 518 4564 sed
541 4509 715 4578 potius
743 4507 921 4562 odisse
953 4525 966 4560 :
990 4507 1154 4561 Deum
1184 4515 1358 4560 autem
1379 4519 1437 4559 se
1463 4505 1684 4575 diligere
1707 4519 1894 4560 omnes

306 4601 418 4655 fere
463 4599 815 4670 proclamant.
861 4597 999 4668 Ergo
1035 4606 1124 4651 aut
1161 4598 1324 4650 unum
1363 4595 1540 4662 odiet,
1575 4604 1630 4650 et
1669 4596 1894 4651 alterum

302 4691 520 4761 diliget,
545 4699 602 4744 ut
630 4689 740 4744 fieri
767 4688 926 4744 debet
954 4707 967 4742 :
992 4688 1134 4742 odiet
1154 4688 1357 4742 scilicet
1381 4686 1647 4741 diabolum
1669 4726 1684 4753 ,
1713 4686 1896 4756 diliget

308 4781 505 4835 Deum.
534 4779 684 4846 Quod
712 4794 836 4834 vero
864 4779 1134 4848 adjunxit,
1174 4778 1271 4830 Aut
1314 4778 1461 4831 alteri
1498 4777 1802 4842 adluerebit,
1849 4787 1897 4832 et

302 4872 527 4924 alterunt
568 4880 846 4924 contemnet
875 4869 1208 4924 :adhasrebit
1251 4869 1454 4923 scilicet
1480 4867 1728 4936 diabolo,
1775 4885 1897 4924 cum

305 4963 462 5032 quasi
496 4962 614 5032 ejus
658 4963 873 5033 praemia
921 4962 1230 5032 temporalia
1279 4970 1548 5028 sectatur;
1594 4971 1900 5017 contemnet

305 5065 487 5110 autem
515 5054 708 5110 Deum.
738 5053 853 5108 Non
882 5053 1051 5117 dixit,
1096 5053 1273 5118 odiet,
1296 5052 1388 5108 sed
1423 5063 1698 5107 contemnet
1722 5069 1741 5107 :
1764 5053 1902 5108 sicut

310 5145 490 5200 solent
515 5145 686 5198 minas
712 5143 828 5213 ejus
855 5151 1176 5213 postponere
1215 5143 1588 5212 cupiditatibus
1628 5159 1738 5198 Stlls
1762 5186 1778 5210 ,
1809 5145 1900 5214 qui

308 5236 380 5291 de
427 5235 668 5292 bonitate
713 5235 828 5305 ejus
876 5234 942 5290 ad
979 5235 1344 5305 impunitatem
1394 5236 1494 5290 sibi
1537 5235 1899 5291 blandiuntur.

310 5328 522 5396 Quibus
547 5342 641 5400 per
662 5326 1001 5384 Salomoncm
1027 5325 1220 5381 dicitur
1252 5343 1265 5380 :
1301 5324 1426 5393 Fili,
1459 5343 1522 5379 ne
1543 5327 1758 5397 adjiciat:
1788 5343 1903 5398 pec-

312 5431 485 5474 catum
504 5418 952 5489 super'peccatum,
977 5427 1022 5474 et
1038 5417 1199 5485 dicas,
1226 5416 1282 5471 Μ
1287 5417 1488 5472 iseratio
1511 5417 1604 5472 Dei
1625 5435 1808 5490 magna
1827 5426 1904 5474 est

315 5511 508 5584 (Eccli.
538 5527 594 5578 v,
625 5512 680 5578 5,
709 5510 787 5582 6).

380 5625 397 5656 ³
424 5628 493 5671 tta
514 5622 733 5672 melioris
754 5629 882 5672 noue
900 5629 1004 5672 Mss.
1023 5633 1212 5684 necnon
1229 5625 1454 5684 Rat._Am.
1474 5626 1526 5670 et
1546 5624 1641 5679 En,
1663 5620 1756 5684 nisi
1778 5619 1906 5684 quod

317 5686 369 5732 in
520 5684 812 5754 editionibus
851 5696 936 5754 pro
953 5718 977 5754 ,ί
1007 5681 1295 5754 Ecclesium,
1331 5681 1535 5753 legitur,
1553 5679 1811 5754 _E_cclesia.'
1851 5692 1909 5754 at

319 5748 445 5815 arma
463 5752 573 5795 Inv.
595 5745 808 5815 habetur
830 5743 930 5793 sic:
951 5753 1066 5803 Quae
1079 5743 1306 5815 similiter
1391 5743 1681 5815 sacerdotes,
1693 5752 1834 5810 atque
1857 5745 1906 5798 in

318 5805 486 5859 (cattas
507 5806 686 5870 Judtei,
707 5806 905 5868 quisque
925 5811 1150 5870 operatur
1173 5805 1224 5857 in
1245 5805 1421 5857 Christi
1443 5805 1672 5858 Ecclesia.

1595 360 1794 419 LIBER
1833 355 2206 414 SECUNDUS.

3527 242 3568 269 ξι

3393 351 3530 409 1550

2021 469 2284 528 XXXVII.
2318 469 2416 542 [11).
2450 467 2694 542 X\'t,16.]
2729 469 2955 541 Regnum
2986 468 3226 524 actorum
3253 468 3352 523 vim
3381 472 3520 541 pati-

1951 573 2051 644 tur,
2076 574 2120 616 et
2143 563 2230 633 qui
2248 563 2345 616 vim
2372 561 2595 632 faciunt,
2629 561 2877 631 diripiunt
2905 561 3032 615 illud
3062 560 3271 634 (Matth.
3305 578 3388 629 st,
3415 564 3529 635 12).

1949 654 2064 709 Non
2094 654 2263 708 solum
2291 663 2347 708 ut
2380 654 2600 724 quisque
2629 653 2729 707 ista
2758 663 3095 718 contemnat,
3128 653 3221 708 sed
3243 654 3400 708 etiam
3427 654 3532 708 lin-

1949 758 2078 814 guas
2109 743 2462 798 deridenlium
2502 757 2560 797 se
2595 743 2715 797 talia
2760 753 3185 798 contemnentem
3214 759 3228 795 :
3257 745 3356 798 hac
3389 743 3532 799 enim

1951 837 2000 890 vi
2033 834 2169 891 facta
2199 834 2390 889 invadit
2425 834 2817 904 quodammodo
2843 835 2991 904 quasi
3037 834 3301 904 przedator
3327 835 3532 889 violen-

1952 935 2037 980 tus
2080 941 2300 996 regnum
2351 926 2628 980 caelorum.
2679 925 2790 980 lloc
2814 926 2958 981 enim
3000 925 3273 996 subjunxit
3299 927 3536 996 Evange-

1952 1015 2110 1081 lista,
2165 1031 2284 1069 cum
2315 1013 2536 1069 dixisset
2563 1013 2798 1070 derisum
2843 1015 3002 1070 fuisse
3041 1015 3223 1071 Jesum
3270 1031 3299 1069 a
3353 1016 3537 1070 Phari-

1953 1106 2106 1170 smis,
2147 1121 2266 1162 cum
2315 1105 2381 1162 de
2422 1106 2827 1162 contemnendis
2870 1108 3095 1162 terrenis
3131 1107 3327 1163 divitiis
3352 1107 3538 1178 loque-

1954 1207 2120 1252 1⁸61111⁸.

2026 1307 2312 1363 XXXVIII.
2355 1305 2456 1382 [11).
2492 1324 2576 1362 xvt
2598 1348 2612 1370 ,
2660 1307 2727 1364 19
2759 1305 2871 1380 3L]
2905 1306 3070 1362 Homo
3095 1308 3300 1378 quidam
3330 1319 3435 1363 erat
3462 1310 3542 1362 di-

1955 1415 2056 1465 ves,
2085 1408 2129 1453 ct
2158 1398 2457 1452 induebatur
2483 1415 2708 1469 purpura
2731 1408 2774 1453 et
2797 1398 2963 1470 bysso,
2992 1409 3037 1453 et
3057 1399 3354 1469 epulabatur
3377 1401 3541 1469 quoti-

1956 1494 2038 1546 die
2075 1493 2336 1564 sptendidc
2360 1534 2374 1560 ,
2425 1502 2481 1546 ct
2521 1502 2734 1546 cautem.
2781 1492 2880 1546 l’er
2905 1492 3210 1562 allegoriam
3257 1492 3336 1547 sic
3376 1493 3543 1561 accipi

1959 1594 2202 1656 possunt,
2232 1593 2288 1639 ut
2315 1587 2365 1638 iu
2397 1585 2556 1638 divite
2585 1585 2946 1654 intelligantur
2966 1585 3178 1653 superbi
3207 1584 3536 1649 Jud:eorum,

1960 1679 2264 1748 ignorantes
2288 1677 2378 1730 Dei
2401 1675 2682 1745 justitiam,
2708 1684 2761 1729 et
2780 1690 2930 1728 suam
2954 1675 3192 1730 volentes
3220 1675 3546 1730 constituero

1959 1769 2136 1838 (llam.
2184 1785 2215 1820 χ
2236 1809 2250 1832 ,
2282 1768 2358 1826 5).
2391 1767 2629 1835 Purpura
2659 1773 2712 1820 et
2754 1765 2944 1836 byssus
2965 1807 2980 1831 ,
3008 1764 3234 1836 dignitas
3267 1765 3415 1835 regni
3442 1774 3543 1818 est.

1964 1861 2027 1915 Et
2056 1863 2345 1931 auferetur,
2397 1860 2596 1930 inquit,
2644 1876 2675 1912 a
2699 1859 2834 1912 vobis
2876 1875 3082 1929 regnum
3109 1857 3240 1924 Dei,
3272 1866 3318 1911 et
3344 1858 3549 1912 dabitur

1961 1953 2098 2024 genti
2117 1953 2321 2022 facienti
2335 1952 2586 2020 justitiam
2611 1950 2820 2023 (Matth.
2842 1966 2952 2017 tm,
2975 1950 3084 2020 43).
3105 1949 3352 2019 Epulatio
3368 1949 3551 2018 splen-

1961 2044 2084 2099 dida
2103 2085 2118 2111 ,
2154 2045 2405 2114 jactantia
2433 2044 2592 2114 Legis
2616 2053 2726 2108 est,
2755 2045 2807 2097 in
2828 2059 2928 2114 qua
2955 2042 3319 2112 gloriabantur
3340 2043 3454 2112 plus
3481 2041 3551 2096 ad
3597 2075 3599 2077 ι

1965 2152 2211 2206 pompam
2243 2137 2486 2191 elationis
2507 2138 2784 2191 abutentes
2803 2151 2888 2201 ea,
2914 2136 3071 2203 quam
3091 2135 3157 2188 ad
3179 2134 3550 2190 necessitatem

1966 2227 2152 2281 salutis
2201 2235 2433 2281 utentes.
2478 2225 2748 2281 Mendicus
2788 2234 2964 2280 autem
3014 2224 3230 2280 nomine
3270 2223 3501 2279 Lazarus
3530 2263 3549 2292 ,

1959 2319 2108 2388 quod
2159 2319 2536 2388 interpretatur
2581 2317 2840 2387 Adjutus,
2872 2314 3134 2386 significat
3185 2315 3506 2386 indigentem
3533 2355 3552 2381 ,

1966 2410 2129 2466 veluti
2167 2411 2423 2481 gentilem
2466 2410 2698 2482 aliquem
2737 2418 2828 2465 aut
2869 2409 3240 2480 publicanum,
3271 2409 3361 2479 qui
3408 2418 3554 2465 tanto

1967 2502 2136 2574 magis
2160 2502 2442 2573 adjuvatur
2465 2545 2479 2570 ,
2520 2513 2719 2573 quanto
2747 2503 2920 2557 minus
2949 2502 3016 2557 de
3047 2517 3262 2557 suarum
3292 2503 3443 2572 copia
3472 2501 3556 2556 fa-

1968 2595 2225 2649 cultatum
2271 2580 2564 2664 praesumit.
2596 2595 2750 2649 Tales
2785 2603 2935 2650 erant
2973 2593 3079 2648 duo
3117 2594 3206 2664 qui
3245 2593 3466 2648 orabant
3503 2594 3558 2649 in

1972 2689 2201 2758 templo;
2234 2705 2371 2744 unus
2418 2689 2725 2758 publicanus
2745 2729 2761 2754 ,
2801 2697 2857 2743 et
2893 2687 3030 2741 alius
3057 2687 3373 2756 pharisteus.
3400 2687 3559 2742 Dives

1973 2796 2102 2850 ergo
2141 2781 2268 2835 dicit
2313 2792 2559 2850 tanquam
2590 2780 2810 2834 satiatus
2848 2779 3084 2848 justitia,
3128 2794 3232 2833 non
3273 2778 3411 2834 inter
3441 2779 3559 2833 illos

1973 2871 2156 2925 beatos
2199 2871 2557 2925 numerandus
2597 2871 2686 2938 qui
2731 2870 2966 2924 esuriant
3011 2877 3064 2923 et
3092 2869 3278 2924 sitiunt
3297 2867 3562 2938 justitiam

1980 2961 2089 3033 (Id.
2117 2979 2149 3016 v
2169 3004 2183 3029 ,
2216 2963 2270 3033 6)
2305 2979 2318 3017 :
2353 2961 2556 3017 Gratias
2583 2961 2671 3015 tibi
2695 2978 2811 3032 ago,
2843 2961 2960 3031 quia
2986 2977 3085 3015 non
3111 2977 3223 3013 sum
3243 2961 3370 3014 sicut
3399 2958 3564 3030 publi-

1977 3069 2132 3106 canus
2176 3053 2284 3106 iste.
2330 3052 2537 3121 Pauper
2562 3059 2739 3105 autem
2771 3051 2858 3120 qui
2889 3066 2948 3106 se
2975 3050 3213 3120 adjuvari
3252 3050 3518 3106 desiderat
3544 3089 3563 3115 ,

1977 3145 2106 3200 dicit
2135 3163 2148 3200 :
2187 3143 2443 3213 Propitius
2471 3153 2573 3198 esto
2594 3143 2716 3197 mihi
2738 3142 2987 3212 ματαιοιοὶ
3004 3141 3150 3212 (Luc.
3179 3157 3326 3206 xvm,
3353 3141 3564 3208 10-15).

1980 3237 2259 3294 Desiderat
2312 3245 2488 3291 tamen
2544 3238 2770 3289 Saturari
2816 3234 2885 3289 de
2937 3233 3087 3288 micis
3115 3248 3234 3303 qum
3262 3232 3457 3287 cadunt
3496 3231 3568 3287 de

1981 3347 2164 3386 mensa
2186 3330 2368 3385 divitis
2391 3329 2578 3399 jacens
2595 3327 2661 3382 ad
2685 3326 2924 3396 januam.
2947 3325 3064 3380 Non
3080 3325 3220 3380 enim
3245 3323 3567 3380 admitteba-

1983 3431 2068 3476 tur
2095 3419 2163 3474 ad
2190 3419 2374 3490 epulas
2397 3418 2514 3488 ejus
2536 3458 2550 3480 ,
2598 3418 2687 3487 qui
2718 3431 2817 3470 nec
2860 3417 2998 3471 bene
3027 3416 3132 3471 illis
3162 3415 3437 3479 utebatur,
3469 3429 3572 3470 nec

1983 3511 2158 3582 egenti
2203 3510 2399 3574 dabat;
2443 3517 2694 3578 tanquam
2737 3507 2920 3562 Scriba
2970 3507 3146 3562 claves
3190 3505 3393 3560 habens
3422 3505 3573 3574 regni

1983 3604 2264 3670 cmlorum,
2296 3618 2395 3658 nec
2423 3603 2536 3672 ipse
2567 3601 2770 3655 intrans
2791 3641 2808 3665 ,
2835 3614 2931 3654 nec
2962 3599 3098 3653 alios
3125 3598 3322 3653 intrare
3350 3599 3575 3668 permit-

1987 3703 2105 3749 tens
2135 3693 2241 3767 (Id.
2289 3709 2377 3756 xl,
2402 3691 2514 3763 52).
2543 3691 2696 3745 micae
2732 3689 2984 3744 cadentes
3028 3688 3095 3742 de
3138 3703 3318 3744 mensa
3360 3687 3575 3753 divitis,

1989 3793 2112 3840 sunt
2149 3783 2390 3854 qnzcdam
2420 3781 2581 3836 verba
2626 3780 2814 3850 Legis,
2860 3795 2979 3849 qua:
3024 3779 3096 3832 illi
3121 3779 3384 3847 jactantes
3425 3777 3574 3847 quasi

1990 3874 2338 3946 projiciebant
2381 3873 2433 3926 in
2477 3881 2708 3938 terram,
2738 3886 2860 3925 cum
2911 3869 3139 3938 superbe
3166 3869 3359 3939 populo
3387 3868 3574 3937 loque-

1991 3976 2197 4024 rentur.
2229 3965 2450 4030 Ulcera,
2482 3973 2606 4018 sunt
2634 3961 2995 4017 confessiones
3033 3969 3369 4029 peccatorum
3393 3999 3409 4024 ,
3434 3959 3579 4014 velut

1991 4059 2116 4114 mali
2145 4059 2395 4113 humores
2419 4071 2450 4110 a
2479 4055 2771 4113 visceribus
2811 4053 3010 4108 intimis
3039 4053 3178 4106 foras
3216 4038 3576 4119 erumpentes.

1993 4149 2166 4204 Canes
2185 4148 2274 4218 qui
2305 4162 2366 4202 ea
2392 4145 2696 4216 lingebant,
2727 4141 3034 4214 nequissimi
3059 4141 3300 4195 homines
3337 4148 3580 4195 amantes

1995 4249 2246 4310 peccata,
2288 4237 2377 4307 qui
2420 4237 2523 4290 lata
2563 4225 2739 4304 Iing'ua
2765 4234 2926 4289 etiam
2955 4231 3172 4287 laudare
3217 4246 3322 4285 non
3368 4236 3585 4286 cessant

1997 4344 2158 4400 opera
2186 4328 2324 4382 mala
2345 4369 2360 4392 ,
2389 4342 2508 4396 qua:
2547 4325 2599 4380 in
2629 4340 2687 4380 se
2713 4324 2847 4378 alius
2872 4337 3091 4394 gemens
3116 4330 3171 4376 et
3196 4319 3454 4377 confitens
3483 4319 3580 4374 de-

1999 4430 2244 4478 testatur.
2274 4421 2435 4477 Sinus
2454 4418 2705 4482 Abrahre,
2733 4418 2942 4488 requies
2965 4416 3238 4470 beatorum
3261 4427 3580 4484 pauperum,

1997 4528 2224 4583 quorum
2251 4521 2330 4566 est
2361 4525 2580 4580 regnum
2612 4509 2872 4565 calorum
2892 4548 2906 4571 ,
2943 4507 2995 4560 in
3030 4521 3134 4576 quo
3178 4513 3300 4574 post
3337 4504 3474 4558 hanc
3499 4502 3582 4557 vi-

2001 4616 2110 4661 tam
2139 4605 2485 4675 recipiuntur.
2511 4602 2792 4672 Sepultura
2817 4599 3028 4665 inferni,
3057 4612 3332 4668 pinnarum
3365 4595 3583 4666 profun-

2001 4699 2170 4765 ditas,
2203 4712 2322 4768 qua:
2362 4695 2620 4765 superbos
2644 4701 2700 4748 et
2729 4689 3178 4747 immisericordes
3206 4696 3328 4758 post
3350 4688 3485 4743 hanc
3509 4687 3588 4743 via

2005 4800 2110 4846 tam
2138 4798 2308 4845 vorat.
2341 4787 2486 4856 Quos
2516 4796 2692 4842 tamen
2732 4785 2986 4839 Dominus
3028 4782 3084 4838 in
3133 4783 3232 4838 ista
3281 4781 3588 4838 narratione

2002 4881 2130 4937 dicit
2155 4880 2336 4936 videre
2361 4879 2428 4935 de
2453 4878 2738 4950 longinquo
2762 4886 2922 4946 atque
2949 4875 3149 4931 sentire
3174 4875 3449 4930 beatorum
3491 4887 3587 4930 re-

2004 4974 2216 5044 quiem,
2248 4987 2354 5042 quo
2381 4986 2511 5026 sane
2531 4969 2757 5025 transire
2784 4984 2890 5023 non
2922 4975 3164 5037 possunt.

2076 5063 2229 5132 Quod
2267 5071 2440 5118 autem
2471 5062 2702 5132 linguam
2729 5060 2830 5116 sibi
2861 5059 2974 5114 vult
2999 5056 3337 5130 refrigerari,
3367 5071 3489 5113 cum
3533 5056 3590 5112 in

2007 5157 2218 5213 llannna
2249 5156 2430 5226 utique
2460 5163 2600 5208 totus
2627 5153 2857 5216 arderet,
2879 5151 3140 5222 significat
3165 5149 3304 5222 quod
3329 5149 3588 5219 scriptum

2007 5258 2092 5305 est
2109 5290 2124 5314 ,
2157 5247 2302 5302 Mors
2321 5256 2369 5300 et
2390 5246 2490 5300 vita
2515 5243 2816 5298 inmanibus
2844 5243 3035 5315 lingua:
3059 5240 3240 5309 (Prov.
3265 5254 3390 5294 mu
3409 5281 3424 5304 ,
3449 5237 3544 5312 2|)
3576 5256 3590 5293 :

2009 5349 2064 5397 et
2084 5341 2205 5411 quia
2227 5355 2313 5393 ore
2337 5337 2582 5410 confessio
2608 5337 2665 5406 fit
2685 5336 2754 5390 ad
2773 5335 2984 5390 salutem
3013 5333 3188 5405 (Rom.
3216 5349 3245 5387 κ
3265 5373 3280 5398 ,
3311 5331 3422 5402 10),
3451 5332 3596 5402 quod

2011 5448 2106 5505 per
2125 5431 2428 5501 superbiam
2458 5429 2546 5486 ille
2565 5444 2670 5483 non
2699 5427 2840 5484 fecit.
2865 5427 3172 5481 Extremum
3199 5433 3376 5480 autem
3407 5423 3596 5494 digiti,

2011 5523 2096 5579 vel
2147 5521 2421 5582 minimam
2471 5520 2838 5592 operationem
2877 5516 3256 5572 misericordia:
3295 5517 3596 5587 signiﬁcat,

2013 5635 2114 5688 qua
2152 5632 2248 5687 per
2273 5614 2524 5685 Spiritum
2558 5622 2797 5668 sanctum
2827 5609 3154 5666 subvenitur.
3187 5608 3316 5664 Cum
3343 5618 3522 5663 autem
3549 5607 3599 5662 ei

2015 5710 2230 5774 dicitur,
2263 5707 2514 5777 Recepisti
2537 5707 2665 5760 bona
2688 5705 2740 5758 in
2763 5703 2864 5758 vita
2885 5711 3004 5769 tua,
3034 5701 3160 5756 illud
3186 5701 3415 5771 tangitur
3435 5741 3448 5763 ,
3478 5700 3600 5769 quia

2018 5802 2324 5859 felicitatem
2373 5800 2554 5857 dilexit
2601 5795 2780 5852 smculi
2806 5837 2821 5866 ,
2871 5808 2972 5853 nec
3019 5794 3176 5851 aliam
3206 5793 3365 5851 vitam
3404 5801 3602 5864 prazter
