4074 6468
515 407 668 454 :stam
696 395 749 451 iu
773 409 875 466 qua
915 391 1172 464 superbus
1215 388 1483 452 tumebat,
1514 383 1798 442 adamavit.
1832 381 2089 436 Lazarum

510 499 689 545 autem
710 487 845 542 mala
869 486 997 541 dicit
1023 483 1286 554 recepisse
1307 523 1322 549 ,
1351 480 1473 552 quia
1499 477 1760 533 intellexit
1795 475 1952 544 hujus
1978 473 2101 526 vita:

509 577 886 634 mortalitatem
909 617 924 643 ,
968 575 1180 630 labores
1199 616 1214 640 ,
1239 572 1479 636 dolores,
1507 578 1564 624 et
1590 581 1854 622 :erumnas
1876 607 1889 630 ,
1916 577 2100 634 pinnas

513 683 634 724 esse
655 667 855 737 peccati
883 685 897 720 :
927 666 994 722 de
1013 679 1118 736 quo
1147 664 1402 734 scriptum
1428 669 1510 739 est
1530 701 1543 724 ,
1572 658 1791 712 Eramus
1819 667 1864 710 et
1887 673 1976 710 nos
2003 672 2098 708 na-

509 760 737 814 turaliter
760 758 855 827 ﬁlii
897 757 1017 823 im,
1046 757 1175 810 sicut
1214 763 1259 808 et
1303 751 1471 806 caeteri
1517 747 1730 822 (Ep/tes.
1782 763 1853 813 ιι,
1893 743 1984 818 '5);
2031 744 2100 799 de

508 865 615 920 quo
641 850 830 905 iterum
856 848 1110 918 scriptum
1137 853 1235 911 est,
1262 857 1360 898 nec
1385 842 1638 896 infantem
1663 837 1816 908 cujus
1835 845 1918 892 est
1944 836 2100 891 unius

510 941 618 996 diei
655 941 763 996 vita
805 954 966 1010 super
992 947 1188 992 terram
1219 933 1474 989 mundum
1503 946 1623 986 esse
1661 945 1692 984 a
1730 935 1948 999 peccato
1978 926 2097 1000 (Job

510 1050 597 1088 xiv
618 1075 633 1098 ,
660 1035 695 1088 4
713 1075 729 1100 ,
760 1049 860 1087 sec.
891 1028 1078 1101 LXX),
1105 1027 1230 1098 quia
1252 1041 1436 1081 omnes
1458 1023 1636 1094 utique
1666 1022 1718 1076 in
1746 1019 1914 1076 Adam
1935 1019 2100 1074 mori-

511 1141 633 1180 mur
679 1123 735 1197 (l
788 1121 908 1180 Cor.
959 1136 1048 1187 xv,
1076 1116 1170 1192 22)
1195 1159 1213 1187 ,
1244 1117 1333 1188 qui
1365 1114 1534 1171 factus
1559 1121 1644 1170 est
1678 1110 2098 1182 transgressione

511 1215 772 1272 mortalis.

586 1307 739 1376 Quod
767 1315 943 1361 autem
971 1303 1119 1372 dicit,
1148 1301 1213 1356 ad
1243 1315 1307 1356 ea
1333 1299 1447 1354 loca
1474 1298 1527 1353 in
1553 1295 1742 1367 quibus
1780 1299 2098 1364 torquentur

513 1401 698 1470 impii,
741 1398 947 1467 justus,
996 1395 1154 1450 etiam
1199 1392 1244 1448 si
1286 1391 1486 1456 velint,
1516 1404 1620 1443 non
1654 1401 1811 1457 posse
1847 1385 2093 1448 transire,

507 1492 633 1564 quid
657 1490 797 1546 aliud
822 1487 1102 1561 signiﬁcat,
1132 1485 1232 1540 nisi
1281 1492 1400 1554 post
1442 1481 1581 1536 hanc
1625 1480 1790 1534 vitam
1833 1478 1905 1531 ita
1947 1489 2096 1530 rcce—

509 1583 612 1654 ptis
637 1583 690 1638 in
710 1593 943 1645 carcere,
977 1586 1034 1632 ut
1061 1590 1167 1631 non
1198 1573 1320 1630 inde
1341 1580 1531 1629 exeant
1560 1570 1732 1626 donec
1755 1567 1978 1623 reddant
2007 1580 2096 1619 no-

506 1673 782 1730 vissimum
809 1669 1154 1742 quadrantem
1185 1665 1395 1735 (Matth.
1427 1677 1482 1727 v,
1512 1660 1604 1732 26)
1623 1701 1636 1727 ,
1674 1674 1775 1731 per
1799 1658 2097 1712 incommu-

509 1765 822 1820 tabilitatem
857 1760 1048 1816 divina:
1074 1755 1378 1822 sementim,
1408 1753 1608 1808 nullum
1636 1750 1890 1805 auxilium
1933 1748 2095 1801 misc-

507 1855 754 1914 ricordize
796 1868 957 1924 posse
987 1851 1210 1922 prmberi
1237 1865 1266 1903 a
1293 1847 1470 1919 justis,
1498 1845 1658 1902 etiam
1686 1843 1730 1898 si
1776 1857 1892 1898 eam
1933 1840 2097 1895 velint

508 1946 790 2020 praebere?
817 1948 934 2014 Quo
981 1945 1232 2004 admonet
1257 1941 1458 1996 scilicet
1482 1945 1539 1992 ut
1567 1937 1619 1992 in
1664 1935 1764 1990 hac
1788 1935 1894 1988 vita
1925 1933 2096 1986 homi-

510 2055 606 2096 nes
644 2039 964 2095 subveniant
1003 2036 1194 2107 quibus
1233 2039 1474 2104 possunt,
1504 2046 1570 2084 ue
1616 2036 1801 2098 postea
1848 2023 2008 2080 etiam
2049 2023 2092 2076 si

507 2133 708 2202 optime
743 2127 948 2201 recepti
992 2126 1225 2192 fuerint,
1275 2123 1354 2179 eis
1401 2135 1536 2193 quos
1573 2119 1802 2188 diligunt
1849 2114 2094 2186 cpitulari

509 2238 614 2277 non
650 2222 879 2277 valeant.
908 2217 1044 2274 Illud
1070 2216 1212 2272 enim
1243 2212 1382 2285 quod
1408 2211 1663 2280 scriptum
1697 2217 1798 2272 est,
1835 2205 1902 2262 Ut
1925 2216 1968 2260 et
1995 2203 2097 2276 ipsi

506 2316 754 2386 recipiant
793 2329 878 2367 vos
912 2311 966 2366 in
995 2318 1180 2366 ceterna
1219 2301 1540 2360 tabernacula
1565 2300 1716 2374 (Luc.
1738 2314 1851 2364 XVI,
1875 2294 1955 2371 9),
1986 2310 2095 2349 non

508 2408 575 2462 de
603 2405 845 2477 superbis
869 2408 922 2459 et
951 2397 1456 2458 immisericordibus
1496 2395 1750 2464 scriptum
1777 2398 1860 2447 est
1879 2431 1894 2456 ,
1922 2388 2095 2460 qualis

508 2498 610 2552 iste
634 2497 780 2552 dives
819 2495 982 2550 fuisse
1007 2494 1422 2555 demonstratur,
1453 2485 1595 2557 quod
1644 2483 1809 2553 recipi
1838 2497 1870 2536 a
1896 2479 2095 2536 sanctis

509 2591 562 2644 in
609 2589 695 2643 illa
743 2586 1082 2643 tabernacula
1122 2590 1458 2646 mereantur;
1507 2575 1603 2633 sed
1640 2576 1708 2631 de
1747 2573 1832 2628 his
1861 2572 1950 2643 qui
1991 2570 2100 2626 sibi

507 2679 709 2734 amicos
728 2675 1128 2733 ofﬁciosissimis
1147 2670 1398 2742 operibus
1419 2664 1800 2722 misericordiae
1830 2661 2090 2718 fecerint:

507 2783 807 2840 quanquam
859 2782 960 2822 nec
1005 2767 1148 2837 ipsos
1200 2763 1322 2834 justi
1378 2761 1524 2815 velut
1571 2758 1782 2829 propria
1831 2763 2094 2826 potestate

507 2859 656 2932 quasi
694 2856 1041 2930 gratificando
1081 2853 1371 2923 recipiant;
1422 2849 1515 2904 sed
1548 2847 1902 2918 promissione
1931 2854 2093 2915 atque

508 2952 860 3023 permissione
888 2949 1030 3003 illius
1060 2946 1148 3017 qui
1180 2959 1273 3000 eos
1303 2941 1526 2999 consilio
1552 2938 1870 3011 przemonuit
1893 2945 1955 2991 ut
1991 2935 2092 2991 sibi

509 3043 709 3098 amicos
736 3043 986 3106 iacerent,
1014 3047 1068 3094 et
1090 3037 1179 3108 qui
1207 3036 1438 3104 seipsqu
1471 3031 1634 3102 pasci,
1667 3028 1870 3094 vestiri,
1907 3027 2093 3097 hospi-

511 3127 585 3189 tio
626 3133 813 3204 recipi,
842 3130 1044 3186 visitari
1090 3129 1142 3182 in
1182 3139 1499 3195 unoquoque
1540 3124 1806 3178 minorum
1849 3134 2091 3187 suorum,

510 3225 810 3281 liberatoris
835 3222 1070 3277 bonitate
1095 3219 1340 3290 dignatus
1381 3224 1483 3270 est.
1522 3214 1835 3284 Quanquam
1876 3212 1964 3266 illa
2001 3226 2093 3266 re-

513 3319 712 3388 ct‘ptio,
736 3326 912 3371 utrum
943 3315 1120 3369 statim
1147 3319 1269 3382 post
1296 3309 1450 3364 istam
1481 3308 1643 3362 vitam
1674 3307 1782 3372 ﬁat,
1808 3321 1876 3360 an
1905 3305 1958 3360 in
1990 3304 2096 3360 ﬁne

510 3411 686 3468 δευουΙὶ
719 3411 770 3464 iu
797 3407 1185 3464 resurrectione
1225 3411 1552 3458 mortuorum
1597 3407 1755 3469 atque
1795 3397 1978 3453 ultima
2008 3411 2096 3452 re-

513 3503 802 3558 tributione
853 3497 1078 3570 juuicii,
1134 3511 1239 3550 non
1292 3493 1510 3548 minima
1565 3489 1790 3561 quaestio
1839 3496 1922 3544 est
1954 3505 1968 3542 :
2000 3485 2094 3542 sed

511 3587 850 3666 quandolibet
896 3592 1020 3656 ﬁat,
1067 3601 1211 3643 certe
1253 3586 1322 3641 de
1361 3585 1556 3640 talibus
1596 3583 1770 3656 qualis
1818 3581 1907 3638 ille
1943 3580 2094 3636 dives

513 3687 825 3748 insinuatur,
856 3681 997 3736 nulla
1019 3679 1290 3748 Scriptura
1319 3676 1430 3731 ﬁeri
1459 3674 1760 3744 pollicetur.

581 3775 825 3842 Quinque
849 3783 1022 3825 autem
1053 3769 1241 3823 fratres
1258 3780 1392 3838 quos
1412 3765 1612 3820 habere
1635 3779 1694 3818 se
1715 3762 1842 3819 dicit
1865 3763 1918 3818 in
1935 3762 2094 3818 domo

514 3868 678 3937 patris
721 3865 838 3932 sui,
883 3861 1094 3919 Judacos
1133 3857 1449 3930 signiﬁcant.
1479 3855 1744 3926 Appellati
1786 3855 1928 3910 enim
1972 3865 2097 3909 sunt

514 3959 764 4028 quinque,
783 3956 904 4026 quia
930 3953 1029 4008 sub
1065 3953 1204 4022 Lege
1238 3949 1610 4006 detinebantur
1629 3963 1747 4018 qua-
1766 3962 1860 4017 per
1878 3947 2096 4019 Moysen

514 4051 634 4104 data
683 4057 785 4113 cst,
817 4046 903 4116 qui
941 4045 1105 4098 libros
1149 4041 1383 4112 quinque
1415 4038 1747 4108 conscripsit.
1777 4036 1928 4104 Quod
1971 4052 2095 4091 vero

516 4141 772 4195 Lazarum
804 4135 936 4206 petit
971 4133 1104 4189 mitti
1130 4132 1196 4186 ad
1227 4130 1593 4208 fratres’suos,
1624 4128 1791 4184 sensit
1829 4143 1888 4182 se
1908 4129 2095 4196 utique

517 4230 789 4300 indignum
817 4226 903 4296 qui
935 4223 1296 4279 testimonium
1329 4221 1604 4291 perhibeat
1629 4218 1870 4285 veritati:
1899 4226 1952 4272 et
1973 4219 2094 4286 quia

518 4337 622 4377 non
673 4321 1048 4388 impetraverat
1092 4313 1360 4384 paululum
1407 4325 1468 4366 se
1511 4307 1876 4379 refrigerari‘,
1928 4307 2096 4361 multo

519 4413 696 4467 minus
720 4407 891 4465 credit
917 4403 1142 4460 relaxari
1185 4417 1246 4458 se
1274 4415 1429 4472 posse
1453 4399 1520 4455 ab
1546 4397 1728 4454 inferis
1751 4398 1814 4451 ad
1845 4395 2098 4466 praedica-

521 4505 718 4558 tionem
749 4497 1004 4554 veritatis.
1030 4494 1183 4563 Quod
1216 4492 1483 4548 Abraham
1511 4489 1672 4554 dicit,
1705 4489 1766 4543 Si
1793 4488 1962 4542 volunt
1990 4503 2098 4540 cre-

519 4597 656 4660 dere,
687 4591 866 4645 habent
883 4587 1094 4658 Moysen
1122 4594 1168 4638 et
1191 4581 1497 4654 Prophetas,
1519 4595 1626 4634 non
1655 4580 1786 4633 istos
1811 4577 2098 4646 Evangelio

518 4683 836 4756 praeposuit;
867 4678 962 4737 sed
991 4678 1113 4748 quia
1141 4674 1483 4745 Evangelium
1502 4713 1518 4738 ,
1547 4671 1685 4726 sicut
1709 4669 1838 4725 dicit
1868 4670 2096 4737 Aposto-

519 4778 622 4843 ius,
657 4770 1014 4830 testimoniqu
1047 4769 1206 4823 habet
1249 4781 1277 4819 a
1323 4766 1460 4835 Lege
1505 4771 1559 4817 et
1597 4760 1874 4830 Prnphetis
1920 4758 2092 4829 (Rom.

519 4887 604 4934 ιιι,
631 4865 748 4940 21),
779 4865 884 4921 illis
921 4861 1187 4918 credi-udo
1215 4873 1370 4929 posse
1399 4872 1490 4913 eos
1518 4853 1774 4924 significat
1809 4851 1876 4905 ad
1920 4851 2097 4904 Evan-

519 4963 712 5034 gelium
746 4957 1060 5029 pervenire:
1090 4955 1226 5007 sicut
1251 4951 1354 5005 alio
1385 4946 1635 5016 locoipsc
1655 4943 1908 4998 Dominus
1937 4941 2095 5008 dicit,

521 5055 581 5110 Si
610 5042 874 5108 crederetis
903 5046 1091 5118 Moysi,
1123 5043 1383 5099 crederetis
1407 5048 1454 5094 et
1479 5038 1602 5092 mihi
1625 5053 1643 5092 :
1672 5036 1757 5090 ille
1782 5036 1916 5088 enim
1940 5034 2002 5087 de
2022 5051 2100 5088 me

518 5144 716 5218 scripsit
745 5141 937 5215 (Joan.
962 5153 1018 5204 v,
1045 5136 1170 5206 46).
1210 5133 1443 5201 Denique
1472 5128 1538 5182 ad
1573 5128 1672 5180 hoc
1702 5125 1930 5195 pertinet
1957 5123 2100 5192 quod

521 5242 681 5296 etiam
707 5244 889 5308 postea
926 5232 1086 5296 dicit,
1131 5228 1189 5282 Si
1222 5225 1433 5296 Moysen
1474 5231 1518 5276 et
1551 5220 1834 5290 Pmphetas
1875 5233 1975 5271 non
2010 5233 2102 5271 au-

519 5333 685 5397 diunt,
709 5343 864 5396 neque
875 5327 915 5380 si
929 5323 1039 5392 quis
1056 5337 1116 5374 ea:
1132 5317 1335 5371 mortuis
1352 5312 1691 5375 resurrexerit,
1713 5309 1914 5364 credent
1937 5325 1952 5363 :
1979 5310 2103 5379 quia

520 5442 641 5480 eum
687 5416 1170 5493 prmnuntiaverunt
1211 5409 1421 5479 Moyses
1459 5415 1512 5459 et
1537 5401 1816 5472 Prophetre
1858 5401 1944 5472 qui
1985 5416 2104 5455 sur.

522 5517 658 5572 rexit
685 5491 714 5569 ξι
744 5508 988 5573 mortuis,
1020 5505 1121 5560 hoc
1147 5503 1319 5572 ipsum
1346 5496 1503 5552 etiam
1533 5493 1601 5549 de
1640 5493 1730 5548 illo
1756 5491 1897 5564 quod
1924 5507 2103 5547 resur-

587 5711 725 5766 ιω,
747 5701 995 5774 paululum
1013 5698 1102 5752 sibi
1116 5691 1412 5762 refriqcrari.
1435 5697 1591 5753 Forte,
1633 5688 1844 5754 palatum
1868 5687 1977 5753 sibi,
2006 5698 2100 5742 etc.

1369 270 1830 348 QUESTIONUM
1870 266 2434 334 EVANGELIORUM.
2470 269 2526 325 S.
2571 261 2937 326 AUGUSTI?“

3651 273 3796 330 1552

2211 389 2451 436 recturus
2471 390 2613 436 esset
2639 396 2669 435 a
2700 381 2941 446 mortuis,
2964 379 3158 452 quibus
3186 394 3292 437 non
3317 381 3584 439 credendo
3610 385 3801 454 utique

2206 485 2306 524 nec
2325 470 2539 525 Christo
2563 472 2746 525 volunt
2771 471 3008 526 credere.
3029 465 3195 527 Multo
3218 473 3393 530 minus
3422 489 3550 545 ergo
3572 475 3804 531 cuilibet

2207 571 2429 632 possunt
2471 560 2692 616 credere
2720 560 2865 631 quia
2897 563 3118 617 mortuis
3157 565 3543 633 resurrexerit,
3581 565 3802 636 quando

2205 653 2254 708 ei
2279 668 2384 708 non
2416 653 2662 720 credunt,
2691 653 2842 724 cujus
2870 656 3317 710 resurrectionem
3348 655 3558 728 Moyses
3583 667 3639 714 et
3662 658 3795 716 Pro-

2205 743 2378 816 pheta:
2401 745 2838 816 praedicaverunt,
2865 745 3056 816 quibus
3080 747 3302 803 credere
3332 748 3539 804 uolunt.

2275 837 2445 892 Aliter
2486 839 2646 892 etiam
2689 836 2909 908 intelligi
2955 846 3128 908 potest
3168 839 3268 894 ista
3301 840 3571 908 narratio,
3601 847 3661 896 ut
3698 856 3802 912 per

2204 929 2463 985 Lazarum
2496 931 2777 986 Dominum
2821 930 3108 1002 signiﬁcari
3145 931 3497 1001 accipiamus,
3525 933 3798 1003 jacentem

2203 1022 2267 1076 ad
2288 1022 2504 1092 januam
2538 1023 2678 1078 illius
2706 1021 2883 1078 divitis
2902 1065 2918 1091 ,
2954 1023 3076 1093 quia
3106 1038 3164 1078 se
3187 1021 3252 1077 ad
3284 1037 3441 1079 aures
3469 1024 3799 1093 superbissi-

2202 1126 2316 1170 ruas
2344 1113 2653 1169 Judzcorum
2691 1115 3070 1170 incarnationis
3104 1113 3403 1170 humilitate
3436 1113 3633 1184 dejecit
3661 1133 3675 1169 :
3704 1132 3800 1169 cu-

2201 1206 2342 1276 piens
2364 1207 2585 1261 satarari
2629 1207 2691 1262 de
2728 1207 2871 1262 micis
2899 1220 3011 1277 qua:
3047 1206 3290 1262 cadebant
3312 1207 3374 1261 de
3398 1223 3570 1261 mensa
3598 1204 3794 1275 divitis,

2200 1311 2448 1366 qumrens
2477 1297 2545 1352 ab
2570 1295 2647 1352 eis
2674 1295 2759 1352 vel
2789 1297 3008 1352 minima
3038 1311 3199 1368 opera
3217 1296 3471 1368 justitize,
3514 1313 3633 1369 qua:
3680 1311 3797 1353 sua-3

2201 1399 2437 1452 mensae,
2487 1387 2587 1441 hoc
2630 1396 2742 1454 est,
2789 1402 2900 1441 sum
2941 1388 3188 1456 potestati
3230 1403 3323 1458 per
3350 1388 3653 1458 superbiam
3683 1404 3796 1444 non

2201 1483 2547 1545 usurparent;
2579 1491 2696 1548 quae
2719 1491 2880 1547 opera
2906 1477 3283 1534 misericordiae
3311 1487 3468 1550 atque
3501 1478 3784 1533 humilita-

2201 1569 2289 1636 tis,
2321 1569 2567 1640 quamvis
2593 1569 2810 1623 minima
2838 1577 2892 1624 e't
2919 1571 3034 1625 sine
3058 1567 3337 1638 disciplina
3363 1578 3416 1624 et
3443 1582 3794 1641 perseveran-

2201 1661 2272 1715 tia
2307 1663 2427 1714 vitac
2470 1660 2661 1728 bona},
2712 1660 2901 1716 saltem
2940 1660 3199 1715 interdum
3239 1660 3321 1716 vel
3363 1675 3488 1716 casu
3531 1660 3790 1727 facerent,

2199 1750 2338 1805 sicut
2358 1751 2508 1805 mica:
2528 1750 2598 1806 de
2624 1766 2808 1806 mensa
2836 1750 3027 1823 cadere
3051 1751 3246 1806 solent.
3275 1749 3486 1817 Ulcera,
3512 1750 3791 1821 passiones

2199 1850 2324 1896 sunt
2363 1841 2572 1896 Domini
2621 1857 2687 1897 ex
2717 1841 3025 1896 inﬁrmitate
3066 1841 3271 1908 carnis,
3301 1857 3462 1912 quam
3497 1856 3592 1910 pro
3633 1841 3791 1896 nobis

2200 1931 2471 2002 suscipere
2495 1930 2743 2002 dignatus
2771 1941 2872 1986 est.
2903 1931 3076 1988 Canes
3102 1947 3230 2003 ergo
3254 1933 3340 2004 qui
3381 1947 3444 1988 ea
3474 1933 3748 2004 ﬁngebant
3770 1972 3789 1998 ,

2199 2022 2394 2080 Gentes
2422 2034 2546 2080 sunt
2564 2066 2579 2092 ,
2608 2039 2744 2095 quos
2766 2023 3011 2080 homines
3056 2033 3363 2096 peceatores
3392 2034 3444 2079 et
3477 2021 3786 2078 immundos

2199 2114 2444 2170 dicebant
2468 2114 2660 2181 Judaei,
2685 2121 2740 2170 et
2762 2121 2940 2170 tamen
2970 2113 3244 2184 passiones
3272 2113 3481 2168 Domini
3512 2114 3562 2168 in
3589 2113 3790 2169 Sacra-

2200 2205 2394 2293 mcutis
2439 2205 2680 2276 corporis
2720 2213 2776 2261 et
2817 2204 3091 2275 sanguinis
3137 2204 3288 2274 ejus,
3339 2218 3434 2275 per
3472 2213 3639 2259 totum
3672 2204 3787 2274 jam

2199 2300 2386 2355 orbem
2436 2300 2696 2355 suavitate
2744 2298 2986 2354 lambimt
3035 2297 3403 2353 devotissima.
3451 2294 3570 2352 Jam
3631 2295 3785 2351 sinus

2198 2390 2429 2446 Abrahae
2459 2389 2767 2461 intelligitur
2787 2399 3050 2446 secretum
3079 2388 3249 2443 Patris
3273 2401 3378 2459 quo
3420 2396 3538 2459 post
3571 2386 3783 2458 passio-

2200 2495 2322 2536 nem
2367 2495 2650 2550 resurgens
2691 2488 2993 2550 assumptus
3042 2487 3127 2534 est
3172 2478 3426 2534 Dominus
3458 2495 3472 2534 :
3501 2493 3606 2550 quo
3658 2494 3784 2534 cum

2200 2581 2467 2644 portatum
2505 2573 2574 2628 ab
2598 2573 2816 2644 Angelis
2856 2573 2976 2627 ideo
3017 2571 3216 2627 dictum
3263 2581 3407 2642 pulo,
3450 2571 3572 2642 quia
3613 2571 3785 2640 ipsam

2199 2664 2558 2734 receptionem
2580 2678 2681 2733 qua
2708 2664 2760 2718 iu
2790 2671 3051 2718 secretum
3084 2662 3255 2717 Patris
3283 2661 3564 2726 abscessit,
3595 2659 3787 2730 Angcli

2199 2757 2651 2826 annuutiavcrunt
2675 2754 2949 2824 discipulis
2977 2752 3318 2808 intuentibus.
3350 2751 3586 2807 Dicendo
3615 2751 3784 2815 enim,

2203 2846 2337 2913 Quid
2355 2848 2498 2901 statis
2512 2847 2808 2917 aspicientes
2828 2846 2881 2900 in
2906 2845 3086 2900 caelum
3113 2844 3246 2916 (Act.
3271 2860 3310 2911 ι,
3339 2844 3463 2918 H)?
3485 2844 3611 2915 quid
3638 2842 3783 2898 aliud

2199 2937 2468 3002 dixerunt,
2499 2938 2602 2992 nisi
2630 2938 2776 2992 nullo
2804 2936 2963 2992 modo
2991 2949 3148 3006 posse
3175 2936 3358 2991 oculos
3386 2935 3658 2990 hominum
3687 2949 3785 2989 us-

2199 3043 2303 3098 que
2332 3028 2384 3081 in
2425 3027 2551 3082 illud
2597 3037 2878 3097 penetrare
2919 3033 3184 3082 secretum
3226 3040 3330 3096 quo
3357 3025 3466 3081 ibat
3504 3025 3780 3092 Dominus,

2199 3133 2320 3173 cum
2359 3119 2410 3172 in
2450 3125 2738 3188 conspectu
2771 3116 3154 3186 discipulorum
3180 3117 3408 3172 ferretur
3450 3116 3504 3171 in
3544 3098 3783 3171 emlum?

2198 3209 2314 3266 Jam
2341 3219 2535 3266 caetera
2577 3209 2864 3264 secundum
2911 3208 3237 3278 superiorem
3281 3207 3666 3278 expositionem
3695 3220 3784 3262 ac-

2199 3303 2304 3374 cipi
2331 3311 2552 3373 possunt
2579 3319 2591 3354 :
2619 3301 2739 3372 quia
2769 3309 3032 3356 secretum
3077 3300 3251 3356 Patris
3280 3299 3416 3356 bene
3445 3297 3777 3371 intelligitur,

2201 3393 2290 3447 ubi
2318 3394 2478 3448 etiam
2519 3400 2642 3446 ante
2688 3389 3132 3446 resurrectionem
3171 3389 3437 3458 justorum
3473 3389 3666 3442 anima:
3703 3387 3783 3441 vi-

2201 3495 2332 3540 vunt
2372 3499 2493 3540 cum
2541 3484 2669 3538 Deo.
2701 3482 2871 3537 Tanto
2909 3483 3048 3536 enim
3086 3480 3262 3536 verius
3285 3480 3482 3549 ubique
3507 3486 3589 3534 est
3615 3478 3780 3544 Deus,

2200 3586 2397 3647 quanto
2441 3574 2586 3630 nullo
2612 3574 2912 3630 continetur
2939 3573 3077 3635 loco,
3108 3571 3243 3626 sicut
3269 3577 3323 3626 et
3358 3570 3548 3624 latroni
3577 3570 3781 3624 dictum

2200 3677 2311 3734 est,
2345 3665 2512 3721 Hodie
2553 3681 2746 3719 mecum
2787 3665 2884 3718 eris
2925 3664 2980 3717 in
3021 3662 3258 3732 paradiso
3290 3661 3439 3733 (Luc.
3464 3676 3614 3726 χχιιι,
3646 3658 3734 3731 45)
3763 3676 3779 3714 :

2201 3758 2341 3814 unde
2371 3771 2638 3827 nunquam
2666 3755 2886 3810 recessit
2917 3753 3012 3809 Dei
3038 3753 3209 3819 ﬁlius,
3244 3750 3484 3822 quamvis
3512 3749 3580 3804 ab
3605 3748 3782 3802 homi-

2202 3852 2358 3906 nibus
2399 3865 2495 3919 per
2534 3856 2836 3917 susceptam
2880 3860 3094 3902 carnem
3133 3845 3186 3899 in
3229 3844 3442 3900 civitate
3475 3840 3781 3897 Iudaeorum

2203 3948 2347 3996 tanta
2377 3946 2665 4009 pateretur.

2271 4008 2514 4087 XXXIX.
2562 4026 2664 4102 [lb.
2691 4041 2830 4092 xm,
2861 4022 3037 4099 5-10.]
3076 4023 3226 4092 Quod
3267 4008 3782 4092 dixeruntdis'cipuli

2201 4122 2450 4185 Domino,
2485 4119 2694 4190 Adauge
2733 4117 2876 4172 nobis
2916 4117 3086 4186 ﬁdem,
3125 4123 3297 4185 potest
3323 4113 3534 4185 quidem
3562 4114 3782 4184 intelligi

2203 4215 2340 4270 hanc
2371 4213 2526 4269 fidem
2553 4211 2654 4265 sibi
2680 4223 2774 4264 eos
2797 4207 2976 4278 augeri
3005 4206 3322 4277 postulasse,
3353 4220 3455 4276 qua
3494 4204 3784 4262 creduntur

2201 4322 2262 4362 ea
2291 4321 2408 4376 qua:
2436 4318 2542 4359 non
2579 4301 2861 4356 videntur:
2886 4298 2981 4354 sed
3021 4308 3197 4353 tamen
3240 4297 3433 4352 dicitur
3459 4297 3618 4352 etiam
3648 4295 3783 4352 ﬁdes

2201 4411 2400 4460 rerum,
2432 4392 2643 4466 quando
2673 4406 2780 4447 non
2812 4389 3024 4456 verbis,
3055 4387 3150 4444 sed
3188 4388 3348 4443 rebus
3377 4388 3504 4456 ipsis
3545 4401 3782 4458 praesen-

2203 4487 2344 4543 tibus
2368 4484 2642 4546 creditur;
2669 4479 2810 4552 quod
2836 4477 3072 4534 futurum
3097 4487 3180 4534 est
3197 4519 3211 4542 ,
3253 4493 3372 4533 cum
3398 4477 3508 4547 jam
3537 4492 3632 4546 per
3657 4492 3784 4546 spc-

2201 4580 2340 4635 ciem
2366 4575 2700 4632 manifestam
2731 4587 2789 4629 se
2826 4569 3284 4641 contemplandam
3313 4569 3567 4638 praebebit
3590 4570 3786 4623 sanctis

2204 4673 2317 4742 ipsa
2345 4669 2438 4725 Dei
2465 4666 2732 4738 Sapientia
2760 4679 2858 4734 per
2901 4678 3058 4733 quam
3097 4661 3233 4717 facta
3264 4672 3386 4716 sunt
3406 4661 3581 4716 omnia
3611 4660 3783 4732 (Psal.

2204 4778 2292 4818 cur
2315 4803 2329 4826 ,
2359 4759 2490 4830 ‘24).
2522 4761 2597 4813 De
2625 4771 2725 4827 qua
2753 4755 2858 4811 ﬁde
2885 4770 3062 4811 rerum
3104 4753 3342 4824 lucisque
3373 4753 3513 4808 illius
3555 4767 3787 4822 prrcsen-

2206 4861 2328 4906 tata:
2353 4851 2371 4883 ί
2401 4849 2621 4904 forsitan
2651 4846 2843 4902 Paulus
2870 4845 3140 4914 apostolus
3164 4844 3292 4899 dicit
3321 4861 3334 4896 :
3358 4861 3377 4896 ι
3405 4842 3612 4899 Justitia
3644 4843 3784 4898 enim

2207 4943 2300 4998 Dei
2342 4943 2394 4996 in
2441 4955 2506 4996 eo
2531 4939 2798 4995 revelatur
2824 4952 2890 4992 ex
2919 4935 3023 4991 ﬁde
3060 4935 3111 4990 in
3141 4935 3299 4990 ﬁdem
3333 4953 3352 4987 ι
3389 4933 3563 5006 (Rom.
3603 4949 3644 5000 ι,
3676 4934 3783 5002 Π).

2209 5035 2344 5089 Dicit
2379 5033 2520 5088 enim
2565 5041 2620 5087 et
2657 5030 2760 5084 alio
2787 5027 2908 5084 loco
2937 5045 2951 5082 :
2980 5045 2998 5079 ι
3026 5027 3134 5083 Nos
3172 5036 3346 5081 autem
3381 5026 3610 5080 revelata
3656 5024 3788 5080 facie

2205 5125 2428 5196 gloriam
2479 5121 2690 5177 Domini
2738 5118 3096 5189 speculantes,
3125 5117 3179 5172 in
3221 5116 3462 5172 eamdem
3504 5115 3786 5186 imaginem

2209 5213 2650 5271 transformamur
2678 5211 2743 5266 de
2768 5210 2934 5282 gloria
2961 5209 3012 5263 in
3037 5209 3255 5280 gloriam
3276 5250 3292 5272 ,
3328 5214 3579 5277 tanquam
3610 5220 3639 5260 a
3682 5207 3790 5261 Do-

2209 5307 2338 5362 mini
2362 5305 2562 5376 Spiritu
2590 5321 2610 5356 ι
2645 5301 2712 5376 (ll
2732 5300 2849 5357 Cor.
2880 5315 2959 5362 ιιι,
2987 5297 3098 5370 18).
3127 5297 3276 5354 Sicut
3299 5297 3438 5352 enim
3468 5297 3556 5351 hic
3583 5296 3689 5360 ait,
3731 5296 3793 5349 de

2208 5396 2375 5470 gloria
2409 5397 2463 5450 in
2487 5394 2739 5468 gloriam;
2765 5392 2834 5446 ita
2861 5399 2914 5446 et
2943 5389 3046 5455 ibi,
3077 5405 3140 5444 ea:
3162 5388 3264 5459 ﬁde
3288 5389 3341 5442 in
3370 5388 3523 5457 ﬁdem
3547 5386 3650 5442 :de
3676 5386 3789 5456 glo-

2210 5493 2288 5546 ria
2315 5490 2518 5545 scilicet
2545 5486 2846 5557 Evangelii,
2876 5498 2983 5554 quo
3007 5497 3148 5538 nunc
3176 5481 3456 5557 credentes
3482 5479 3787 5536 illuminan-

2211 5589 2320 5647 tur,
2349 5582 2401 5635 in
2444 5580 2664 5651 gloriam
2709 5577 2876 5647 ipsius
2921 5574 3369 5632 incommutabilis
3405 5581 3460 5632 et
3495 5571 3789 5629 manifestae

2279 5693 2294 5725 ί
2321 5698 2526 5751 Quatuor
2549 5697 2649 5739 Mss.
2670 5684 2944 5747 prmi-entia.
