4074 6462
301 332 446 393 1853

298 446 580 512 veritatis,
626 460 729 518 qua
773 452 897 499 tunc
940 439 1248 497 commutati
1295 437 1663 510 perfruentur;
1710 437 1781 492 ita
1821 451 1885 491 ex

298 540 405 595 fide
450 541 733 594 verborum
764 536 957 606 quibus
987 549 1125 589 nunc
1152 531 1423 589 credimus
1465 530 1606 601 quod
1655 528 1888 585 nondum

296 634 564 695 videmus,
599 631 651 685 in
681 629 839 684 [idem
870 642 1046 683 rerum
1084 636 1186 697 Qua
1214 626 1265 680 in
1292 628 1550 680 aeternum
1581 621 1721 693 Quod
1747 635 1890 677 nunc

296 721 591 790 credimus,
622 722 1001 778 obtinebimus.
1050 718 1354 774 Secundum
1396 713 1710 770 sententiam
1753 712 1891 768 hanc

296 817 460 871 etiam
494 814 623 873 illud
661 814 861 869 dictum
902 820 982 868 est
1008 827 1038 865 a
1065 811 1269 866 Joanne
1308 809 1361 863 in
1391 802 1628 878 Epistola
1666 799 1732 860 ad
1764 804 1893 859 Par-

296 907 421 961 thos
452 924 465 960 :
496 905 824 960 Dilectissimi
846 944 863 971 ,
903 919 1034 958 nunc
1074 901 1172 973 ﬁlii
1211 898 1307 954 Dei
1333 908 1542 966 sumus,
1580 900 1627 951 et
1667 891 1891 949 nondum

294 998 538 1068 apparuit
578 995 699 1065 quid
728 997 913 1050 miluus
937 1009 953 1048 :
975 994 1158 1048 soimus
1188 992 1307 1065 quia
1334 1005 1448 1045 cum
1471 987 1792 1079 apparuerit,
1820 986 1893 1079 sif-

293 1090 447 1143 miles
496 1088 542 1142 ei
594 1088 819 1150 erimus,
868 1085 1105 1156 quoniam
1154 1081 1431 1138 videbimus
1477 1096 1591 1134 eum
1634 1078 1783 1133 sicuti
1819 1085 1893 1132 est

294 1178 343 1247 (1
368 1178 532 1233 Joan.
566 1194 619 1233 ιιι
640 1222 654 1244 ,
685 1177 766 1248 2).
798 1176 951 1233 Unde
977 1176 1117 1230 enim
1149 1191 1283 1228 nunc
1313 1174 1411 1243 ﬁlii
1438 1171 1531 1226 Dei
1557 1188 1756 1234 sumus,
1790 1170 1892 1224 nisi

294 1271 423 1340 quia
460 1268 771 1341 potestatem
800 1264 954 1323 dedit
982 1260 1134 1322 nobis
1159 1260 1294 1320 filios
1322 1266 1413 1320 Dei
1442 1258 1553 1319 fieri
1571 1307 1584 1330 ,
1615 1262 1890 1319 credenti-

294 1360 397 1415 bns
427 1361 482 1415 in
513 1361 729 1414 nomine
754 1360 871 1430 ejus
893 1358 1072 1429 (Joan.
1104 1360 1143 1423 i,
1174 1357 1283 1428 i2),
1313 1366 1368 1411 ut
1392 1355 1663 1411 videamus
1689 1354 1739 1409 in
1771 1352 1894 1409 ami-

296 1458 479 1525 gmate
526 1438 571 1521 (ἶ
598 1453 713 1508 Cor.
744 1452 873 1520 Xm,
909 1452 1046 1523 12)?
1074 1449 1213 1506 unde
1248 1457 1427 1504 autem
1461 1457 1585 1503 tunc
1625 1447 1813 1501 similes
1848 1446 1894 1500 ei

297 1547 509 1609 erimus,
535 1546 638 1601 nisi
668 1545 940 1614 quoniam,
972 1552 1027 1597 ut
1049 1544 1162 1613 ipse
1188 1542 1289 1606 ait,
1313 1538 1587 1595 videbimus
1614 1555 1725 1592 eum
1747 1538 1894 1591 sicuti

295 1640 406 1693 est!
433 1639 589 1708 Quod
617 1641 776 1695 etiam
813 1638 1011 1693 dictum
1046 1645 1129 1693 est
1148 1678 1162 1703 ,
1190 1634 1335 1690 Tunc
1363 1645 1530 1689 autem
1560 1633 1693 1705 facie
1719 1634 1787 1687 ad
1811 1636 1893 1705 {a-

294 1730 448 1783 ciem.

368 1820 521 1875 Illam
549 1835 677 1890 ergo
702 1818 859 1876 fidem
890 1817 1319 1891 prsese'ntissimze
1344 1816 1582 1873 veritatis
1619 1815 1893 1888 plerisque

295 1927 403 1967 non
443 1912 865 1982 intelligentibus
930 1903 1095 1967 videri
1146 1909 1319 1982 potest
1371 1902 1625 1965 Dominus
1675 1918 1889 1977 noster,

294 1998 575 2074 discipulis
599 2006 709 2062 suis
735 2009 840 2060 nun
866 2004 931 2059 ad
960 2005 1009 2059 id
1035 2004 1174 2075 quod
1198 1990 1494 2074 petiverant
1523 2002 1888 2072 respdndisse.

291 2086 434 2151 Cum
463 2096 610 2155 enim
633 2095 890 2151 dixissent
916 2097 1159 2163 Domino,
1188 2089 1396 2166 Adauge
1434 2085 1577 2149 nobis
1604 2093 1787 2181 ﬁdem,
1818 2093 1894 2149 ait
1920 2154 1923 2155 ν

294 2186 404 2241 illis
430 2206 443 2240 :
474 2206 494 2240 ι
521 2188 579 2242 Si
610 2187 877 2243 haberetis
912 2186 1069 2243 fidem
1108 2185 1356 2257 tanqbam
1386 2189 1607 2257 granum
1654 2186 1889 2257 sinapis,

290 2276 553 2334 diceretis
594 2278 718 2335 huic
761 2279 938 2334 arbori
972 2294 1142 2346 muro,
1176 2278 1457 2334 Eradieare
1496 2286 1550 2333 et
1597 2279 1895 2348 transplan-

292 2378 411 2423 tare
453 2369 512 2424 in
554 2385 720 2437 mare,
764 2380 819 2424 et
857 2370 1100 2425 obediret
1127 2369 1298 2427 vobis.
1332 2388 1351 2422 ι
1385 2369 1587 2425 Deinde
1613 2371 1889 2441 sequitur:

296 2458 481 2525 tQuis
518 2469 695 2516 autem
727 2470 962 2516 vestrum
1005 2461 1207 2515 habens
1247 2477 1459 2517 servum
1513 2470 1752 2517 arautem
1801 2471 1895 2519 aut

290 2561 606 2619 pascentem
630 2592 647 2616 ,
693 2552 781 2622 qui
830 2567 1073 2623 regresso
1102 2553 1172 2607 de
1215 2568 1343 2624 agro
1373 2552 1514 2607 dicet
1560 2553 1634 2607 illi
1673 2554 1889 2621 statim,

292 2641 511 2709 Transi,
546 2644 828 2711 recumbe;
858 2654 911 2700 et
941 2660 1044 2699 non
1066 2645 1205 2700 dicet
1232 2645 1300 2710 ei,
1326 2645 1455 2698 Para
1485 2645 1623 2715 quod
1658 2661 1887 2711 omnem,

291 2745 346 2789 et
375 2737 645 2807 przecinge
683 2745 763 2804 te,
788 2743 842 2791 et
869 2736 1105 2791 ministra
1135 2737 1263 2790 mihi
1289 2736 1459 2791 donec
1487 2736 1803 2791 manducem
1832 2746 1889 2792 et

292 2826 496 2892 bibam,
529 2838 581 2882 et
609 2836 728 2897 post
749 2828 861 2882 haec
887 2837 940 2881 tu
967 2828 1311 2883 mandu'cabis
1332 2836 1386 2882 et
1409 2827 1557 2883 bibes
1578 2824 1600 2881 ?
1621 2828 1890 2899 Numquid

292 2918 521 2986 gratiam
548 2917 708 2974 habet
742 2924 899 2975 servo
930 2906 1041 2989 illi,
1074 2921 1195 2990 quia
1236 2909 1359 2975 fecit
1385 2928 1502 2989 qua!
1532 2907 1633 2975 sibi
1662 2922 1891 2993 impera-

296 3011 485 3064 verat?
511 3009 628 3065 Non
662 3020 807 3081 puto.
838 3012 927 3068 Sic
954 3020 1008 3067 et
1031 3028 1125 3066 vos
1152 3027 1271 3067 cum
1301 3006 1534 3067 feceritis
1553 3013 1731 3068 omnia
1770 3029 1888 3084 qua:

294 3107 564 3172 praecepta
595 3110 721 3158 sunt
746 3102 917 3171 vobis,
946 3105 1136 3160 dicite:
1158 3104 1307 3160 Servi
1335 3107 1645 3175 supervacui
1670 3121 1887 3175 sumus;

295 3192 440 3261 quod
468 3194 751 3251 debuimus
778 3195 951 3251 facere
978 3195 1221 3251 fecimus.
1238 3215 1254 3247 ι
1278 3190 1415 3264 Quid
1444 3198 1558 3252 Ιιῑεο
1583 3198 1886 3267 pertineant

294 3283 364 3337 ad
397 3283 448 3338 id
483 3284 627 3355 quod
669 3279 870 3341 dictum
901 3296 984 3344 est
1010 3281 1258 3354 Domino,
1289 3286 1495 3357 Adauge
1530 3278 1671 3341 nobis
1710 3287 1884 3356 ﬁdenti,

296 3372 520 3432 difficile
542 3389 781 3449 apparet,
808 3380 909 3434 nisi
937 3380 1290 3451 intelligamus
1318 3396 1385 3435 ex
1407 3380 1508 3435 fide
1546 3380 1599 3435 in
1626 3370 1805 3447 ﬁdem,
1833 3381 1887 3437 id

296 3476 416 3533 est,
463 3483 533 3523 ex
580 3469 685 3525 fide
735 3472 833 3525 ista
882 3472 935 3526 in
978 3488 1080 3543 qua
1109 3473 1437 3527 ministratur
1474 3473 1605 3539 Deo,
1643 3474 1697 3528 in
1739 3473 1886 3529 illam

294 3556 458 3611 fidem
509 3573 604 3614 eos
640 3561 964 3629 significasse
1012 3563 1285 3618 transferri
1329 3564 1416 3619 ubi
1461 3563 1706 3621 fruantur
1752 3566 1882 3621 Deo.

291 3648 594 3718 Angebitur
627 3653 765 3704 enim
797 3652 947 3720 fides,
971 3669 1090 3708 cum
1122 3655 1295 3725 primo
1337 3656 1512 3711 verbis
1548 3657 1888 3727 praedicanti-

290 3737 400 3791 bus
425 3779 441 3801 ,
475 3739 662 3796 deinde
700 3746 859 3799 rebus
901 3746 1277 3815 apparentibus
1318 3748 1580 3803 credetur.
1633 3737 1739 3806 Sed
1794 3751 1884 3806 illa

290 3835 675 3903 contemplatio
700 3852 959 3892 summam
987 3840 1217 3909 quietem
1246 3830 1426 3909 habet,
1454 3856 1573 3911 qua:
1600 3842 1651 3896 in
1682 3850 1886 3898 :eterno

294 3917 390 3977 Dei
412 3940 578 3994 regno
602 3928 844 3982 tribuitur
867 3945 882 3994 ;
906 3936 1111 3984 summa
1142 3946 1268 3985 vero
1293 3932 1444 4001 quies
1467 3933 1575 3998 illa,
1602 3935 1883 4003 praemium

291 4024 378 4068 est
397 4014 664 4083 juStorum
701 4019 941 4074 laborum
963 4063 979 4088 ,
1007 4023 1095 4092 qui
1124 4023 1176 4076 in
1205 4012 1457 4079 Ecclesiae
1490 4025 1882 4084 ministratione

293 4116 644 4175 peraguntur.
673 4108 741 4164 Et
765 4111 904 4178 ideo,
943 4115 1184 4181 quamvis
1213 4115 1265 4167 in
1292 4130 1419 4185 agro
1441 4126 1555 4171 aret
1578 4132 1766 4173 servus
1793 4128 1886 4175 aut

293 4206 513 4263 pascat,
547 4198 648 4253 hoc
674 4210 784 4266 est,
822 4202 875 4256 in
903 4194 1009 4257 vita
1052 4205 1295 4260 saeculari
1335 4196 1418 4261 vel
1464 4216 1675 4263 terrena
1707 4217 1885 4264 verset

292 4288 526 4357 negotia,
550 4291 636 4345 vel
663 4293 836 4347 stultis
858 4294 1157 4352 hominibus
1188 4307 1437 4368 tanquam
1460 4302 1739 4370 pecoribus
1766 4318 1885 4358 ser-

293 4377 434 4443 viat;
464 4395 602 4450 Opus
639 4392 723 4436 est
762 4393 820 4439 ut
858 4394 979 4455 post
1022 4387 1139 4441 illos
1183 4387 1395 4445 labores
1422 4390 1639 4446 domum
1680 4394 1878 4462 veniat,

291 4466 395 4522 hoc
431 4480 537 4533 est,
572 4471 824 4530 Ecclesia:
853 4478 1123 4544 societur;
1158 4479 1363 4537 laboret
1408 4482 1570 4537 etiam
1614 4483 1684 4538 ibi
1721 4485 1883 4541 mini-

289 4568 470 4617 strans
519 4564 744 4621 Domino
773 4584 870 4623 suo
895 4569 1066 4627 donec
1093 4572 1375 4629 manducet
1403 4583 1458 4629 et
1482 4574 1627 4630 bibat
1657 4576 1804 4649 (nam
1826 4586 1883 4635 et

287 4655 536 4711 esuriens
584 4657 671 4713 ille
713 4662 958 4729 qumsivit
1002 4679 1159 4734 poma
1184 4666 1235 4719 in
1285 4667 1475 4723 arbore
1525 4666 1738 4741 [Matt/3.
1766 4688 1875 4739 ιιι,

288 4743 379 4831 18,
409 4744 534 4817 19],
575 4750 633 4831 et
673 4763 701 4802 a
746 4750 1078 4809 Samaritana
1125 4772 1317 4827 aquam
1365 4759 1553 4815 sitiens
1595 4763 1880 4831 postulavit

288 4830 472 4904 [Ιοωι.
502 4852 580 4903 iv,
609 4829 689 4912 7])
722 4857 735 4895 :
770 4843 1049 4900 manducet
1077 4852 1205 4917 ergo
1231 4857 1284 4903 et
1311 4848 1456 4905 bibat
1482 4829 1874 4909 confessionem

284 4934 341 4979 et
369 4925 529 4982 fidem
556 4932 790 5001 gentium
811 4974 826 5002 ,
861 4933 1313 5009 ministrantibus,
1340 4941 1445 4998 hoc
1472 4954 1573 5008 est,
1603 4949 1875 5018 evangeli-

286 5018 533 5073 Lantibus
574 5023 744 5078 servis
771 5026 901 5079 suis.
945 5026 1060 5094 QuO
1102 5031 1331 5099 pertinet
1371 5034 1531 5089 etiam
1578 5036 1707 5092 illud
1733 5039 1876 5108 quod

284 5105 355 5161 de
402 5124 575 5178 grano
616 5113 815 5183 sinapis
862 5117 940 5171 eis
993 5111 1166 5188 primo
1210 5123 1504 5191 respondit,
1563 5127 1713 5195 prius
1750 5105 1877 5183 illos

287 5196 451 5252 fidem
479 5198 675 5257 habere
701 5203 901 5261 debere
922 5209 1175 5277 przesenti
1204 5211 1324 5266 vita:
1351 5216 1729 5283 necessariam,
1755 5233 1877 5287 qua:

287 5288 509 5344 minima
542 5292 750 5348 videtur
778 5290 1028 5365 quamdiu
1058 5294 1337 5357 thesaurus
1369 5313 1452 5359 est
1492 5304 1544 5359 in
1576 5308 1715 5363 vasis
1740 5308 1877 5363 ﬁcti-

286 5378 461 5443 libus,
493 5382 587 5437 sed
633 5385 681 5438 vi
712 5388 939 5443 maxima
979 5391 1198 5447 effervet
1222 5401 1275 5448 et
1302 5395 1583 5465 germinat.
1618 5397 1875 5454 Dominus

282 5480 472 5527 noster
496 5473 650 5533 Jesus
674 5478 946 5549 Christus,
988 5475 1079 5554 qui
1117 5485 1228 5539 vult
1256 5488 1398 5556 pasci
1430 5488 1724 5544 ministerio
1754 5505 1873 5545 ser-

283 5577 475 5618 vorum
506 5578 722 5624 suorum
743 5613 759 5637 ,
790 5572 891 5629 hoc
920 5566 1033 5643 est,
1065 5577 1116 5632 in
1146 5593 1300 5633 suum
1343 5593 1535 5649 corpus
1574 5582 1724 5651 quasi
1757 5598 1874 5636 ma-

282 5664 459 5707 ctatos
489 5666 543 5711 et
578 5661 924 5718 niandncatos
962 5667 1249 5725 transferre
1276 5669 1578 5739 credentes,
1607 5673 1765 5727 etiam
1787 5674 1874 5731 hic

279 5747 452 5813 pascit
498 5764 593 5803 eos
632 5753 798 5808 verbo
844 5755 962 5810 fidei
993 5766 1048 5814 et
1073 5773 1409 5819 sacramento
1448 5765 1711 5834 passionis
1735 5780 1868 5822 suae.

443 5836 668 5902 8Αιιοτ.
698 5846 974 5907 Ancusr.
1026 5850 1132 5911 lll.

1629 322 1830 379 LIBER
1872 318 2243 385 SECUNDUS.

3441 336 3578 393 i356

2000 434 2114 490 Non
2138 440 2275 491 enim
2310 439 2448 493 venit
2472 440 2778 508 ministrari,
2808 444 2899 499 sed
2924 446 3220 503 ministrare
3241 447 3457 519 (Matth.
3491 466 3580 513 xx,

1995 527 2110 598 28).
2152 528 2336 584 Dieant
2363 536 2491 602 ergo
2527 527 2598 587 illi
2624 535 2761 589 servi
2790 542 2885 605 per
2909 539 3109 608 sinapis
3150 554 3373 610 granum
3408 540 3583 595 arbori

1996 615 2121 673 huic
2152 634 2320 683 moro,
2352 620 2452 677 hoc
2478 633 2577 689 est,
2608 624 2705 695 ipsi
2741 614 3027 697 Evangelia
3054 630 3225 685 crucis
3265 626 3549 687 dominica:
3570 674 3584 696 ,

1998 724 2094 779 per
2120 725 2272 780 poma
2305 714 2589 783 sanguinea
2612 757 2626 782 ,
2653 724 2902 788 tanquam
2937 719 3157 775 vulnera
3198 722 3247 775 in
3277 723 3417 793 ligno
3451 737 3583 794 pen-

1998 801 2175 857 dentia
2200 842 2215 867 ,
2263 804 2458 857 victum
2498 808 2703 875 potiulis
2753 809 3033 876 prmbitura
3057 811 3108 877 ¹;
3138 810 3317 866 dicant
3346 828 3473 885 ergo
3505 811 3580 868 illi

1997 900 2056 947 ut
2076 892 2373 949 eradicetnr
2397 894 2464 950 de
2494 897 2715 966 perfidia
2742 898 3068 968 Juda-orum,
3101 911 3153 957 et
3181 903 3232 957 in
3264 919 3412 960 mare
3439 904 3581 962 Gen-

1998 982 2127 1037 tium
2160 985 2507 1041 tronsferatur
2552 996 2710 1059 atque
2752 991 3017 1060 plantctur
3045 1010 3057 1047 :
3087 993 3184 1049 hac
3227 996 3368 1052 enim
3390 997 3581 1054 dome-

1997 1073 2129 1128 stica
2170 1077 2425 1131 servitute
2453 1079 2704 1134 esurienti
2733 1090 2786 1135 et
2825 1083 3023 1139 sitienti
3056 1085 3279 1142 Domino
3307 1090 3579 1145 ministra-

1997 1160 2147 1221 bunt.
2182 1156 2329 1223 Tanc
2357 1156 2571 1223 demum
2613 1180 2857 1242 qum-rant
2904 1177 3043 1231 escis
3090 1178 3580 1251 incorruptibilibus

2000 1253 2051 1310 i'n
2080 1266 2337 1313 aeternum
2361 1259 2554 1316 divina:
2596 1260 2881 1333 Sapientia:
2913 1260 3148 1336 perfrui,
3180 1285 3299 1325 cum
3325 1273 3575 1342 dixerint,

1999 1348 2145 1403 Servi
2172 1354 2469 1421 supervacui
2501 1370 2673 1408 sumus
2697 1396 2711 1421 ,
2753 1356 2887 1425 quod
2929 1358 3187 1414 debuimus
3227 1362 3424 1431 facere,
3458 1354 3580 1434 feci-

1998 1444 2107 1494 mus
2137 1459 2148 1494 :
2180 1442 2309 1496 nihil
2342 1445 2494 1499 nobis
2522 1446 2699 1515 operis
2725 1445 2922 1512 restat;
2952 1454 3162 1505 Curtium
3190 1456 3579 1510 consummavi-

1990 1541 2383 1603 mus,‘agonem
2416 1536 2766 1605 perfecimus,
2797 1544 3040 1609 superest
3080 1536 3230 1596 nobis
3262 1558 3457 1599 corona
3494 1546 3580 1615 ju-

1996 1626 2152 1679 stitiae
2182 1626 2246 1699 (ll
2276 1620 2409 1681 Tim.
2442 1636 2516 1696 tv,
2547 1630 2600 1695 7,
2629 1630 2704 1702 8).
2731 1631 2919 1687 Omnia
2964 1634 3105 1688 enim
3133 1622 3235 1691 dici
3267 1646 3487 1707 possunt
3511 1638 3579 1694 de

1998 1716 2087 1771 illa
2130 1718 2380 1774 ineffabili
2410 1720 2768 1791 perfructione
2816 1720 3054 1780 veritatis
3082 1744 3096 1781 :
3123 1734 3176 1781 et
3224 1735 3367 1782 tanto
3411 1730 3579 1800 magis

1996 1809 2173 1865 omnia
2210 1810 2313 1866 dici
2341 1816 2580 1883 possunt,
2614 1818 2811 1885 quanto
2852 1816 3027 1871 minus
3050 1817 3210 1888 digne
3237 1804 3340 1874 dici
3381 1820 3579 1892 aliquid

1998 1902 2192 1970 potest.
2240 1902 2373 1957 Nam
2413 1913 2467 1960 et
2513 1905 2602 1960 lux
2648 1916 2730 1961 est
2773 1907 3189 1965 illuminatorum
3215 1953 3229 1978 ,
3274 1920 3328 1968 et
3368 1914 3581 1981 requies

1997 1996 2425 2062 e‘xercitatorum,
2451 2006 2505 2053 et
2530 1988 2697 2069 patria
2726 2000 3079 2069 redeuntium,
3111 2013 3166 2058 et
3194 2020 3314 2061 esca
3344 2006 3580 2078 indigen-

1999 2076 2162 2156 tium,
2215 2098 2268 2144 et
2317 2105 2515 2146 corona
2564 2092 2928 2148 vincentium:
2959 2104 3012 2149 et
3052 2112 3401 2168 quaecumque
3439 2099 3579 2155 bona

2000 2178 2363 2248 temporaliter
2413 2184 2737 2237 transeuntia
2781 2198 2874 2253 per
2901 2193 3158 2240 creatura:
3202 2196 3380 2256 partes
3428 2204 3581 2245 error

1996 2270 2200 2341 appetit
2248 2270 2540 2327 infidelium
2570 2315 2586 2341 ,
2636 2275 2841 2330 veriora
2900 2276 2951 2329 in
3003 2290 3260 2333 asternum
3311 2283 3579 2339 manentia

1998 2363 2049 2417 in
2093 2362 2348 2422 Creatore
2369 2366 2606 2422 omnium
2654 2368 2809 2423 simul
2835 2368 3112 2427 inventura
3137 2387 3218 2428 est
3247 2374 3415 2445 pietas
3445 2376 3582 2433 filio-

1996 2471 2136 2510 rum.

2068 2546 2178 2603 XL.
2223 2548 2323 2622 [|b.
2356 2567 2485 2617 xvn,
2522 2540 2737 2627 l2-19.]
2762 2553 2817 2609 In
2846 2553 3030 2611 decem
3061 2556 3287 2629 leprosis
3314 2576 3450 2630 quos
3472 2563 3580 2618 Do-

1996 2640 2171 2695 minus
2198 2642 2269 2696 ita
2300 2643 2591 2709 inundavit,
2623 2660 2746 2700 cum
2770 2647 2877 2714 ait,
2909 2646 3008 2715 Ite,
3036 2650 3280 2705 ostendite
3309 2667 3393 2707 vos
3415 2669 3581 2708 sacer-

1995 2728 2212 2798 dotibus,
2242 2734 2405 2788 multa
2446 2735 2609 2805 quat-ri
2640 2746 2863 2805 possunt
2900 2754 3017 2809 quae
3047 2741 3237 2796 merito
3280 2753 3580 2812 qumrentes

1996 2832 2230 2877 movent.
2262 2812 2376 2878 Non
2407 2814 2576 2879 solum
2607 2826 2672 2880 de
2699 2842 2921 2882 nurnero
2950 2830 3073 2898 quid
3104 2831 3206 2885 sibi
3236 2833 3397 2886 velint
3436 2834 3578 2904 quod

1993 2911 2176 2967 decem
2204 2922 2347 2981 sunt,
2378 2912 2430 2969 et
2459 2907 2600 2986 quod
2626 2934 2759 2972 unus
2788 2934 2853 2973 ex
2884 2908 2987 2973 illis
3014 2922 3157 2975 solus
3196 2924 3395 2993 gratias
3426 2926 3573 2995 agit;

1994 3001 2109 3057 haec
2135 3005 2279 3060 enim
2300 3005 2469 3062 libere
2492 3012 2819 3088 quzeruntur.
2851 3021 2907 3065 nt
2928 3013 3084 3066 etiam
3106 3029 3211 3068 non
3242 3016 3571 3088 investigata,

1994 3094 2075 3148 vel
2106 3094 2233 3149 nihil
2264 3092 2346 3150 vel
2377 3112 2483 3151 non
2523 3082 2746 3153 multum
2781 3099 3070 3170 impediant
3107 3082 3455 3168 intentionem
3501 3082 3579 3167 le;-

1991 3184 2164 3256 gentis
2192 3201 2207 3238 :
2230 3185 2324 3241 sed
2350 3184 2435 3241 illa
2460 3188 2655 3257 potius,
2684 3192 2780 3244 cur
2807 3204 2900 3245 eos
2926 3191 2993 3247 ad
3027 3195 3333 3253 sacerdotes
3348 3199 3573 3271 miserit,

1992 3282 2050 3329 ut
2076 3291 2197 3331 cum
2225 3275 2783 3335 irentmundarentur.
2811 3281 3019 3338 Nullum
3050 3287 3190 3340 enim
3231 3302 3415 3344 eorum
3454 3292 3576 3362 qui-

1991 3362 2093 3420 bus
2122 3366 2240 3423 hzec
2266 3369 2564 3439 corporalia
2596 3371 2851 3427 beneficia
2886 3378 3149 3445 praestitit,
3182 3379 3449 3437 invenitur
3475 3383 3576 3439 mi-

1991 3459 2127 3515 sisse
2145 3460 2211 3515 ad
2232 3461 2558 3528 sacerdotes,
2588 3464 2689 3519 nisi
2720 3466 2979 3537 leprosos.
3002 3468 3133 3523 Nam
3165 3481 3217 3526 et
3252 3474 3397 3529 illum
3425 3491 3454 3529 a
3494 3477 3575 3533 le-

1990 3565 2086 3620 pra
2116 3551 2462 3607 mundaveral
2488 3554 2572 3608 cui
2603 3554 2736 3609 dixit
2760 3574 2772 3609 :
2812 3555 2970 3624 Vade,
3000 3561 3204 3616 ostende
3232 3572 3278 3615 te
3302 3569 3577 3622 sacerdoti-

1990 3640 2100 3707 bus,
2124 3652 2170 3695 et
2198 3640 2326 3710 o/fer
2352 3659 2443 3713 pro
2464 3653 2510 3697 te
2532 3646 2838 3713 sacriﬁcium
2866 3649 3000 3716 quod
3033 3654 3270 3721 praecepit
3321 3653 3525 3727 Moyses
3547 3699 3564 3725 ,

1989 3733 2041 3787 iu
2071 3735 2406 3789 testimonium
2431 3728 2535 3791 illis
2565 3734 2730 3809 (Luc.
2775 3755 2828 3804 v,
2878 3740 2966 3805 15,
3008 3742 3118 3813 14).
3163 3744 3365 3800 Deinde
3400 3749 3571 3817 qualis

1990 3824 2264 3878 inundatio
2290 3826 2576 3895 spiritualis
2604 3826 2771 3896 possit
2801 3828 3020 3901 intelligi
3063 3846 3245 3887 eorum
3263 3874 3279 3902 ,
3303 3850 3438 3905 quos
3490 3837 3573 3892 ina-

1989 3916 2168 3983 grato's
2203 3915 2475 3977 exstitisse
2512 3915 2801 3988 redarguit.
2847 3918 3147 3976 Secundum
3191 3938 3384 3994 corpus
3426 3929 3571 3984 enim

1988 4005 2141 4061 facile
2160 4016 2243 4061 est
2268 4007 2449 4062 videre
2473 4023 2631 4078 posse
2657 4010 2928 4067 hominem
2953 4027 3059 4068 non
3100 4013 3295 4072 habere
3345 4018 3566 4089 lepram,

1989 4106 2044 4151 et
2066 4106 2239 4153 tamen
2267 4100 2429 4153 animi
2461 4115 2580 4155 esse
2608 4116 2712 4154 non
2744 4102 2867 4156 boni
2915 4121 2928 4158 :
2971 4106 3259 4161 secundum
3308 4110 3571 4180 signiﬁca-

1990 4188 2187 4244 tionem
2215 4199 2392 4245 autem
2421 4191 2577 4261 hujus
2603 4191 2845 4247 miraculi
2870 4236 2885 4261 ,
2908 4197 3188 4253 conturbat
3226 4201 3570 4258 consideran-

1989 4284 2116 4341 tem,
2144 4279 2411 4348 quomodo
2439 4281 2665 4335 mundus
2685 4282 2785 4337 dici
2810 4284 2979 4354 possit
3005 4285 3259 4356 ingratus.

2058 4367 2415 4437 Quzerendum
2451 4371 2609 4442 igitur
2648 4382 2731 4427 est
2762 4374 2887 4443 quid
2930 4376 3041 4445 ipsa
3104 4378 3249 4449 lepra
3289 4382 3566 4454 significet.

1986 4457 2101 4513 Non
2128 4460 2269 4514 enim
2297 4462 2491 4528 sanati,
2514 4462 2607 4518 sed
2640 4464 2878 4520 mundati
2900 4465 3147 4523 dicuntur
3171 4472 3260 4541 qui
3293 4489 3354 4528 ea
3381 4491 3567 4532 carue-

1987 4559 2151 4605 runt:
2185 4552 2380 4607 coloris
2406 4554 2599 4624 quippe
2637 4556 2823 4610 vitium
2862 4567 2963 4623 est,
2993 4575 3097 4615 non
3124 4564 3437 4622 Valetudinis
3478 4578 3570 4623 aut

1984 4643 2298 4714 integritatis
2323 4658 2575 4701 sensuum
2603 4656 2760 4719 atque
2791 4651 3169 4710 membrorum.
3194 4656 3412 4727 Leprosi
3439 4677 3569 4733 ergo

1985 4750 2093 4790 non
2121 4736 2353 4791 absurde
2381 4738 2598 4809 intelligi
2620 4751 2863 4810 possunt,
2895 4744 2984 4813 qui
3011 4745 3285 4803 scientiam
3318 4767 3458 4807 verte
3502 4756 3564 4809 fi-

1982 4826 2068 4882 dei
2098 4845 2199 4882 non
2226 4826 2499 4894 habentes,
2528 4832 2702 4886 varias
2722 4832 2992 4889 doctrinas
3010 4838 3321 4905 profitentur
3342 4845 3562 4901 erroris.

1982 4917 2098 4974 Non
2129 4920 2271 4975 enim
2301 4920 2383 4977 vel
2412 4922 2745 4977 abscondunt
2772 4924 3094 4996 imperitiam
3125 4944 3273 4986 suam
3295 4973 3310 4998 ,
3352 4935 3443 4988 sed
3469 4952 3567 5005 pro

1984 5026 2190 5065 summa
2214 5012 2401 5081 peritia
2430 5013 2709 5084 proferunt
2738 5016 2789 5069 in
2817 5016 3009 5084 lucem,
3044 5029 3099 5075 et
3135 5021 3386 5091 jactantia
3404 5027 3423 5057 ³
3446 5044 3563 5081 ser-

1982 5104 2155 5158 monis
2184 5110 2473 5159 ostentant.
2503 5104 2657 5161 Nulla
2688 5122 2847 5177 porro
2890 5107 3019 5165 falsa
3055 5110 3291 5167 doctrina
3325 5126 3407 5171 est
3446 5134 3566 5189 qua:

1982 5202 2087 5250 non
2118 5197 2291 5267 aliqua
2323 5212 2446 5253 vera
2491 5198 2871 5255 intermisceat.
2904 5200 3042 5257 Vera
3081 5218 3207 5274 ergo
3239 5204 3391 5262 falsis
3420 5209 3566 5266 inur-

1979 5288 2161 5342 dinate
2191 5288 2483 5358 permixta,
2513 5289 2566 5344 in
2607 5306 2711 5345 una
2737 5290 3091 5361 disputatione
3136 5297 3221 5353 vel
3258 5302 3567 5361 narratione

1985 5378 2237 5445 hominis,
2270 5387 2517 5450 tanquam
2546 5382 2599 5435 in
2631 5383 2789 5437 unius
2816 5386 3054 5453 corporis
3087 5387 3270 5446 colore
3294 5408 3562 5465 apparen-

1980 5473 2073 5538 tia,
2103 5473 2401 5544 significant
2426 5475 2647 5546 lepram,
2697 5485 2946 5546 tanquam
2988 5479 3130 5535 veris
3183 5482 3433 5558 falsisque
3483 5506 3566 5545 co-

2045 5649 2061 5718 ξ
2082 5653 2180 5718 ttat.
2209 5652 2260 5695 et
2284 5655 2361 5718 tis.
2402 5645 2927 5718 Cisterciensis,
2950 5651 3137 5718 populis
3159 5656 3429 5718 prtebitnra.

2041 5710 2062 5739 ι
2080 5710 2532 5782 uss-nostripmues
2556 5710 2867 5782 ,_jacllmfi”m
2895 5724 2913 5761 ἔ
2934 5710 2985 5762 ὁὶ
3006 5710 3291 5777 1ι³υ¹υἶιιί¹⁶³
3307 5734 3399 5782 [που
3420 5710 3550 5772 ήευί⁰³

1978 5782 2088 5819 rum
2110 5770 2259 5833 lucis,
2289 5772 2487 5831 habent,
2512 5770 2721 5821 colorum
2740 5770 2873 5823 locus.

2534 5854 3157 5933 {Quarunte-troia.)
