4074 6482
472 381 609 438 1555

471 498 640 552 lorum
671 494 802 548 fucis
823 491 1048 548 humana
1080 501 1300 558 corpora
1325 487 1618 540 variantem
1651 489 1808 550 atque
1861 491 2043 532 macu-

473 591 690 644 lantcm.
720 586 780 640 lli
829 596 1004 638 autem
1035 593 1140 636 lant
1171 579 1366 634 vitandi
1418 586 1539 632 sunt
1582 573 1858 638 Ecclesiae,
1895 578 1955 626 ut
2001 569 2047 624 si

477 683 587 738 fieri
619 663 809 750 potest,
833 677 1038 747 longius
1058 681 1246 729 remoti
1279 685 1468 742 magno
1503 669 1734 722 clamore
1780 664 2046 718 Christum

475 769 816 843 interpellent
849 786 861 822 :
890 767 1029 822 sicut
1051 765 1134 818 isti
1163 763 1344 817 decem
1370 767 1610 814 steterunt
1635 774 1666 810 a
1697 755 1860 826 longe,
1893 761 1938 808 et
1971 751 2045 806 le-

473 868 708 918 vaverunt
755 874 954 924 vocem,
985 856 1204 909 dicentes
1249 867 1268 906 :
1299 849 1428 904 Jesu
1478 856 1771 920 prteceptor,
1823 845 2051 898 miserere

477 955 655 1011 nostri.
684 953 815 1008 Nam
837 959 891 1008 et
926 947 1064 1022 quod
1113 953 1492 1016 praeceptorem
1525 947 1744 1005 vocant,
1796 953 1898 1008 quo
1948 951 2050 990 no-

478 1049 620 1104 mine
649 1045 828 1102 nescio
850 1051 1022 1102 utrum
1045 1040 1320 1110 quisquam
1343 1035 1618 1090 Dominum
1641 1029 2053 1100 interpellaverit

481 1152 578 1207 pro
603 1134 862 1192 medicina
883 1127 1169 1200 corporali,
1199 1127 1326 1181 satis
1365 1137 1490 1195 puto
1529 1122 1826 1194 signiﬁcare
1851 1119 2050 1188 lepram

479 1228 663 1281 falsam
699 1239 817 1281 esse
841 1220 1157 1285 doct-rinam,
1200 1232 1356 1290 quam
1397 1215 1567 1270 bonus
1611 1221 1904 1283 prmccptor
1933 1209 2052 1263 abs-

477 1315 656 1388 tergit.

548 1407 908 1464 Sacerdotium
955 1419 1078 1458 vero
1125 1401 1425 1458 Judteornm
1467 1413 1622 1454 nemo
1665 1396 1774 1452 fere
1825 1396 2052 1451 fidelium

482 1499 688 1553 dubitat
721 1497 936 1567 figuram
965 1493 1127 1550 fuisse
1159 1493 1314 1546 futuri
1347 1490 1626 1546 sacerdotii
1654 1489 1844 1560 regalis
1869 1530 1882 1552 ,
1915 1485 2056 1557 quod

479 1599 562 1643 est
589 1589 640 1642 in
673 1587 942 1652 Ecclesia,
974 1600 1078 1655 quo
1105 1593 1481 1640 consecrantur
1509 1595 1693 1635 omnes
1731 1580 2057 1649 pertinentes

481 1679 546 1732 ad
575 1693 765 1747 corpus
785 1674 1010 1738 Christi,
1036 1673 1228 1728 smnmi
1273 1681 1326 1726 et
1361 1672 1471 1725 veri
1518 1670 1768 1740 principis
1811 1667 2057 1724 sacerdo-

481 1777 614 1823 tum.
647 1767 775 1822 Nam
800 1780 936 1820 nunc
959 1773 1012 1820 et
1031 1779 1215 1819 omnes
1239 1774 1527 1832 unguntur,
1561 1759 1700 1830 quod
1743 1767 1868 1814 tunc
1915 1757 2056 1830 regi-

481 1859 581 1914 bus
604 1865 805 1914 tantum
830 1866 883 1912 et
907 1855 1267 1911 sacerdotibus
1301 1853 1450 1908 fiebat
1478 1871 1491 1906 :
1521 1861 1573 1908 et
1597 1850 1736 1921 quod
1775 1851 1846 1904 ait
1873 1849 2059 1904 Petrus

482 1950 550 2005 ad
607 1949 948 2005 christianum
993 1947 1244 2017 populum
1283 1945 1550 2007 scribens,
1597 1941 1784 2014 Regale
1825 1940 2060 1995 sacerdo-

483 2041 609 2094 tium
640 2039 680 2112 (l
713 2038 856 2094 Petr.
887 2037 1032 2109 11,9);
1063 2047 1343 2106 utrumque
1372 2051 1563 2088 nomen
1589 2034 1660 2086 illi
1701 2033 1894 2103 populo
1935 2047 2062 2086 con-

484 2132 666 2187 venire
693 2131 1001 2197 declaravit,
1032 2145 1136 2199 quo
1167 2128 1254 2182 illa
1285 2127 1464 2182 unctio
1502 2125 1811 2196 pertinebat.
1857 2122 2062 2178 Cretera

487 2223 664 2296 itaque
691 2225 816 2279 vitia
841 2233 1086 2292 tauquam
1107 2221 1419 2277 valetudinis
1445 2227 1498 2276 et
1518 2219 1666 2290 quasi
1703 2219 2062 2294 membrorum

485 2314 676 2367 animm
697 2321 852 2382 atque
875 2327 1156 2376 sensuum,
1206 2327 1299 2380 per
1329 2311 1555 2380 seipsum
1579 2309 1798 2364 interius
1843 2309 1894 2363 in
1934 2323 2063 2362 con-

485 2401 706 2458 scientia
737 2411 789 2457 et
814 2403 1082 2456 intellectu
1119 2401 1373 2455 Dominus
1403 2409 1554 2454 sanat
1578 2408 1630 2455 et
1665 2399 1881 2469 corrigit
1915 2415 1927 2451 ε
1964 2399 2064 2452 do-

485 2496 654 2551 ctrina
675 2509 803 2550 vcro
827 2495 910 2549 vel
943 2493 1208 2550 imbuendi
1235 2509 1330 2562 per
1353 2494 1712 2558 Sacramenta,
1733 2495 1813 2547 vel
1830 2489 2064 2546 catcchi-

489 2585 642 2640 zandi
667 2601 761 2655 per
785 2599 1084 2640 sermonem
1117 2593 1392 2640 sonantem
1415 2593 1570 2656 atque
1607 2585 1886 2639 lectionem
1911 2624 1925 2648 ,
1975 2581 2066 2636 ubi

487 2678 638 2733 color
665 2679 876 2748 quidam
907 2679 1216 2748 intelligitur
1247 2691 1404 2732 verus
1427 2688 1584 2748 atque
1627 2679 1894 2741 sincerus,
1945 2677 2064 2746 quia

487 2769 540 2822 in
563 2781 807 2840 promptu
837 2777 920 2825 est
957 2779 1009 2824 et
1035 2769 1165 2824 foris
1195 2769 1639 2824 eminentissimus
1670 2768 1800 2840 (non
1840 2769 1977 2824 enim
2015 2769 2066 2822 in

487 2861 706 2916 occultis
733 2863 1154 2932 cogitationibus,
1185 2862 1276 2916 sed
1307 2862 1361 2916 in
1406 2859 1698 2916 manifestis
1747 2861 2069 2932 operationi-

487 2951 602 3005 bus'
627 2951 742 3006 huic
777 2951 1045 3022 aguntur),
1086 2951 1337 3006 Ecclesiae
1381 2953 1589 3021 proprie
1631 2952 1927 3005 contributa
1966 2959 2066 3006 est.

489 3042 673 3111 Itaque
698 3051 751 3096 et
779 3041 974 3096 Paulus
998 3057 1126 3096 voce
1149 3042 1354 3096 Domini
1382 3043 1579 3105 audita,
1611 3041 1743 3106 Quid
1773 3059 1848 3095 me
1900 3059 2068 3099 verse-

491 3132 702 3203 querts?
729 3139 784 3187 ct
807 3173 820 3196 ,
863 3132 972 3204 Ego
1011 3149 1121 3186 sum
1149 3131 1328 3199 Iesus,
1370 3149 1513 3202 quem
1542 3143 1593 3185 tu
1622 3133 1955 3202 persequeris;
2004 3131 2069 3188 ad

492 3223 749 3276 [maniam
775 3229 952 3276 tamen
983 3222 1174 3275 missus
1199 3231 1302 3288 est,
1327 3230 1383 3275 ut
1412 3222 1501 3275 illo
1526 3222 1818 3276 sacerdotio
1853 3223 1989 3292 quod
2017 3237 2070 3278 in

491 3313 725 3368 Ecclesia
747 3313 1088 3368 constitutum
1112 3319 1213 3378 est,
1245 3323 1634 3366 sacramentum
1665 3313 1918 3366 doctrinm
1951 3313 2072 3368 fidei

492 3405 808 3474 perciperet,
832 3410 886 3458 et
913 3417 1065 3457 verus
1083 3403 1198 3473 ejus
1223 3401 1604 3472 approbarctur
1633 3403 1777 3457 color
1815 3403 1960 3474 (Act.
1996 3421 2068 3470 ix,

492 3497 668 3567 4-19).
722 3495 836 3550 Non
879 3494 1002 3565 quia
1041 3511 1146 3548 non
1191 3505 1364 3565 potest
1403 3509 1497 3563 per
1535 3495 1765 3564 seipsum
1821 3485 2072 3552 Dominus

495 3589 672 3642 omnia
698 3585 874 3641 facere
898 3603 913 3653 ;
941 3601 1060 3639 nam
1087 3587 1206 3656 quis
1232 3585 1367 3640 alius
1397 3585 1508 3641 hare
1535 3585 1657 3640 facit
1677 3588 1833 3641 etiam
1877 3589 1928 3640 in
1967 3587 2072 3641 Ee-

496 3678 698 3735 clesia?
725 3677 819 3734 sed
845 3687 902 3732 ut
945 3679 1055 3748 ipsa
1083 3678 1312 3732 societas
1339 3687 1772 3750 congregatorum
1813 3679 2068 3747 lldelimu,

497 3767 838 3839 approbando
883 3767 934 3821 in
979 3767 1204 3821 invicem
1243 3775 1400 3836 atque
1450 3769 1888 3824 communicando
1932 3786 2074 3824 verre

498 3862 620 3916 fidei
647 3861 941 3916 doctrinam
969 3859 1021 3914 in
1049 3859 1293 3914 omnibus
1313 3875 1432 3929 qua:
1459 3860 1704 3915 dicuntur
1735 3862 1941 3930 verbis,
1989 3863 2073 3917 vel

502 3953 776 4024 signantur
798 3951 1175 4015 sacramentis,
1210 3957 1456 4018 tanquam
1493 3968 1646 4004 uuam
1685 3955 1914 4022 speciem
1963 3955 2074 4009 veri

501 4045 700 4100 coloris
722 4043 969 4098 obducat.
1000 4041 1077 4095 Ad
1110 4043 1208 4096 hoc
1223 4043 1378 4097 etiam
1403 4043 1629 4112 pertinet
1655 4045 1793 4114 quod
1826 4045 1963 4100 idem
1992 4047 2075 4100 di-

501 4137 576 4191 cit
595 4135 866 4205 apostolus
891 4151 908 4187 :
943 4152 963 4186 ι
994 4131 1194 4188 Deinde
1228 4143 1346 4202 post
1370 4149 1536 4188 annos
1563 4137 1957 4204 quatuordecim
1987 4153 2075 4191 as-

504 4225 656 4280 cendi
682 4223 1064 4292 .lcrosolymam
1091 4237 1210 4278 cum
1239 4221 1498 4286 Barnaba,
1525 4233 1798 4294 assumpto
1840 4235 1894 4281 et
1933 4227 2073 4281 Tito.

503 4317 732 4376 Ascendi
758 4325 934 4372 autem
971 4317 1261 4371 secundum
1307 4317 1720 4382 revelationem;
1761 4327 1815 4374 et
1858 4320 2076 4390 exposui

501 4411 583 4466 eis
607 4409 949 4479 Evangelium
985 4405 1124 4477 quod
1171 4407 1398 4477 prmdico
1433 4408 1484 4462 in
1523 4409 1800 4478 gentibus,
1836 4425 2078 4466 seorsum

505 4509 680 4556 autem
708 4499 772 4554 iis
797 4499 886 4570 qui
912 4499 1226 4553 videbantur
1249 4497 1266 4529 ⁸
1295 4515 1307 4550 :
1333 4513 1401 4554 ne
1423 4497 1558 4554 forte
1583 4500 1634 4553 in
1655 4516 1876 4555 vacuum
1899 4517 2076 4570 curro,

505 4599 598 4647 aut
625 4590 886 4646 cucurri.»
919 4589 987 4643 Et
1027 4589 1185 4660 paulo
1215 4597 1334 4660 post
1372 4606 1385 4642 :
1435 4608 1454 4642 ‹
1487 4589 1616 4645 Cum
1671 4592 2077 4662 cognovissent,

507 4683 700 4753 inquit,
729 4681 947 4752 gratiam
976 4695 1093 4750 qum
1119 4679 1238 4734 data
1270 4689 1350 4735 est
1372 4681 1497 4735 mihi
1528 4681 1786 4750 JaCobus,
1815 4683 2002 4738 Petrus
2028 4693 2082 4740 et

483 4769 758 4840 Joannes,
787 4773 875 4842 qui
897 4771 1218 4828 videbantur
1243 4773 1504 4827 columnas
1535 4788 1676 4836 esse,
1706 4773 1956 4830 dexteras
1982 4775 2082 4831 de-

505 4865 697 4920 derunt
719 4863 846 4917 mihi
867 4871 922 4917 et
947 4861 1202 4918 Barnabas
1221 4863 1490 4917 societatis
1511 4861 1704 4934 (Galut.
1731 4879 1786 4932 ιι,
1823 4863 1874 4932 l,
1919 4865 1973 4930 2,
2003 4865 2081 4936 9).

507 4955 625 5028 Ipsa
649 4955 791 5011 enim
821 4954 1034 5010 collatio
1069 4969 1226 5008 unam
1279 4953 1536 5011 doctrina:
1574 4957 1804 5027 Speciem
1863 4960 2082 5016 exclusa

507 5048 652 5103 omni
691 5048 947 5102 varietate
989 5047 1318 5101 monstrabat
1360 5064 1372 5101 :
1420 5047 1560 5118 quod
1600 5047 1882 5104 salubriter
1917 5051 2079 5106 etiam

509 5137 814 5194 Corinthios
885 5147 1100 5204 monet,
1167 5135 1382 5204 dicens,
1458 5135 1671 5194 Obsecro
1728 5150 1895 5192 autem
1963 5157 2082 5206 vos,

508 5229 712 5299 fratres,
743 5243 835 5300 per
873 5245 1056 5283 nomen
1097 5227 1300 5282 Domini
1328 5229 1486 5283 nostri
1523 5230 1646 5285 Iesu
1678 5229 1897 5299 Christi,
1925 5241 1976 5285 nt
2003 5233 2082 5286 id-

509 5321 674 5392 ipsum
699 5320 886 5374 dicatis
905 5335 1073 5374 omnes
1095 5317 1135 5392 (Ι
1155 5317 1271 5374 Cor.
1299 5335 1338 5386 1,
1354 5317 1464 5391 l0).
1481 5321 1756 5376 Cornelius
1781 5324 1940 5378 etiam
1961 5340 2082 5380 cum

572 5455 590 5487 ¹
615 5453 751 5516 Editi,
773 5450 1064 5516 uidebantur
1101 5433 1202 5510 me
1221 5448 1422 5516 aliquid.
1439 5459 1560 5516 _Mss.
1593 5460 1824 5516 quatuor,
1847 5453 2084 5516 uidentur.

509 5516 593 5588 Qui
617 5513 825 5588 codices,
847 5513 1090 5588 aliique‘e
1245 5513 1342 5588 non
1363 5513 1560 5588 addunt,
1596 5513 1900 5588 aliquid
1923 5519 2086 5588 {quod

507 5575 657 5628 etiam
693 5579 756 5626 ab
785 5575 992 5639 antiquis
1022 5575 1392 5625 Corbeiensibus
1422 5577 1666 5639 versionis
1687 5575 1899 5639 vulgatae
1929 5575 2088 5639 Bibliis

507 5642 650 5702 abest
667 5651 870 5702 ;_ueque
887 5635 936 5686 iit
959 5649 1119 5702 graeco
1141 5644 1288 5702 textu
1304 5635 1520 5702 apostoli
1527 5645 1604 5688 est
1624 5635 1863 5702 nisi,_teis1
1871 5638 2086 5702 dottouss',

510 5701 556 5764 id
583 5697 676 5758 est,
695 5697 832 5764 juxta
857 5697 1104 5764 augustini
1123 5697 1476 5764 egtpositimtem
1507 5699 1556 5749 in
1579 5698 1784 5761 Epistola
1805 5697 2086 5764 adcalatas,

511 5761 584 5810 eis
601 5757 682 5820 qui
695 5757 976 5810 'erninebant
995 5759 1044 5808 in
1065 5757 1289 5810 Ecclesia.

1312 364 1775 442 consumunt
1813 355 2373 425 nvaucmonuu,
2413 357 2469 414 s.
2511 345 2875 417 AUGUSTINI

3589 351 3728 412 1556

2150 479 2203 525 ct
2228 471 2578 544 eleemosynac
2605 473 2718 544 ejus
2754 483 3019 545 acceptas,
3061 483 3115 530 et
3151 488 3336 544 preces
3375 473 3490 545 ejus
3535 475 3730 530 auditas

2151 563 2224 618 illi
2255 564 2322 619 ab
2360 565 2550 638 angelo
2603 567 2931 636 nuntientur,
2989 579 3202 640 propter
3239 569 3498 624 doctrinae
3549 577 3728 626 tamen

2144 655 2715 730 "Sacramentornmquc
2745 657 2997 712 unitatem
3027 660 3093 713 ad
3123 659 3338 714 Petrum
3361 657 3577 729 jubetur
3607 661 3732 716 utit-

2154 755 2284 810 tere,
2309 755 2555 818 tanquam
2586 747 2660 804 illi
2688 749 2872 803 etsuis
2899 748 3183 814 diceretur,
3212 747 3292 804 Ite
3311 791 3324 814 ,
3351 750 3595 805 ostendite
3643 768 3733 806 eos

2151 839 2510 892 sacerdotibus.
2543 837 2672 894 Nam
2701 849 2756 896 et
2779 856 2900 894 ctnn
2923 839 3102 907 irent,
3137 841 3373 896 mandati
3415 851 3556 896 sunt.
3609 841 3730 898 Jam

2154 931 2294 986 enim
2317 931 2380 985 ad
2412 946 2506 987 cos
2532 941 2748 987 venerat
2779 931 2988 998 Petrus,
3013 931 3106 988 sed
3139 941 3314 987 tamen
3356 934 3454 1004 ipsi
3495 933 3730 990 nondum

2154 1031 2371 1092 accepto
2393 1021 2729 1092 Baptismatis
2754 1033 3103 1089 sacramento,
3137 1024 3366 1080 nondum
3385 1025 3735 1094 spiritualiter

2155 1113 2219 1168 ad
2250 1114 2551 1168 sacerdotes
2579 1123 2964 1184 pervenerant;
2996 1123 3050 1186 et
3089 1124 3266 1170 tamen
3305 1115 3566 1172 infusione
3611 1117 3734 1186 Spi-

2155 1205 2288 1258 ritus
2315 1206 2511 1268 sancti,
2539 1213 2592 1259 et
2616 1203 2964 1261 admiratione
3009 1206 3303 1277 linguarum
3341 1222 3526 1263 eorum
3577 1223 3733 1263 mun-

2156 1295 2298 1348 dalio
2323 1295 2588 1349 declarata
2613 1307 2692 1351 est
2721 1297 2852 1368 (Act.
2882 1313 2937 1362 Χ,
2968 1297 3082 1368 44).

2227 1387 2353 1454 Qua:
2378 1403 2496 1441 cum
2527 1387 2596 1441 ita
2619 1404 2676 1442 se
2706 1387 2952 1455 habeant,
2980 1389 3088 1459 jam
3112 1389 3263 1446 facile
3283 1397 3364 1445 est
3405 1383 3563 1446 etiam
3603 1389 3736 1448 illud

2161 1477 2358 1543 videre,
2394 1477 2689 1547 fieriposse
2715 1489 2771 1533 ut
2809 1479 3032 1550 quisque
3077 1480 3130 1535 in
3177 1481 3426 1537 Ecclesiae
3482 1483 3738 1538 societate

2161 1571 2453 1626 doctrinam
2483 1572 2740 1642 integram
2770 1588 3054 1644 veramque
3089 1583 3417 1645 assequatur,
3449 1583 3505 1632 et
3555 1576 3735 1630 omnia

2161 1663 2450 1717 secundum
2471 1663 2742 1718 catholica:
2767 1661 2886 1718 lidei
2909 1663 3140 1734 regulam
3181 1664 3496 1732 cdisserat‘,
3549 1665 3738 1721 distin-

2159 1767 2280 1827 guat
2312 1773 2340 1809 a
2381 1756 2634 1812 Creatore
2667 1767 2960 1812 creaturam
2985 1799 2999 1824 ,
3033 1771 3202 1827 eoque
3242 1757 3606 1814 manifestetur
3647 1771 3742 1812 vad-

2161 1847 2348 1902 rietate
2373 1847 2769 1902 mendaciorum
2803 1855 3048 1917 tanquam
3075 1849 3222 1918 lepra
3255 1851 3490 1904 caruisse
3525 1867 3538 1904 :
3569 1859 3624 1904 et
3651 1857 3738 1904 ta-

2164 1953 2286 1994 men
2318 1939 2552 2008 ingratus
2578 1939 2648 1993 sit
2671 1939 2784 1994 Deo
2813 1948 2865 1994 ct
2889 1939 3112 1995 Domino
3135 1940 3432 1996 mundaturi
3457 1923 3596 2006 suo;-
3617 1942 3741 2012 quia

2165 2029 2334 2086 elatus
2363 2031 2627 2100 superbia,
2658 2030 2944 2100 gratiarum
2972 2031 3290 2102 agendarum
3329 2033 3409 2103 pia
3447 2033 3744 2088 humilitate

2167 2137 2270 2176 non
2299 2121 2568 2186 sternitur,
2597 2122 2885 2192 similisque
2911 2123 3138 2178 efficitur
3161 2125 3259 2178 illis
3287 2124 3352 2179 de
3389 2126 3580 2196 quibus
3611 2125 3746 2180 dicit

2165 2215 2472 2284 Apostolus,
2505 2213 2604 2279 Qui
2629 2229 2740 2268 cum
2771 2217 3109 2286 cognovissent
3131 2211 3314 2286 Deum,
3343 2235 3442 2271 non
3485 2226 3539 2272 ut
3581 2217 3746 2272 Deum
3835 2255 3842 2260 -

2167 2307 2648 2378 magniﬁcaverunt,
2681 2317 2768 2362 aut
2811 2311 3000 2378 gratias
3043 2320 3246 2380 egerunt
3301 2311 3484 2381 (Rom.
3541 2327 3593 2378 t,
3624 2311 3744 2381 Si).

2168 2398 2318 2464 Quod
2346 2399 2488 2454 enim
2515 2399 2642 2454 dicit
2663 2415 2755 2454 eos
2782 2401 2948 2456 Deum
2975 2401 3287 2473 cognovisse
3311 2443 3326 2468 ,
3355 2402 3588 2457 ostendit
3623 2403 3747 2474 quia-

2167 2489 2288 2545 dem
2318 2507 2346 2544 a
2373 2491 2517 2560 lepra
2547 2489 2711 2548 fuisse
2733 2493 3032 2560 mundatus,
3062 2494 3152 2548 sed
3169 2504 3340 2548 tamen
3371 2496 3548 2550 statim
3583 2511 3746 2554 accun

2169 2590 2250 2637 sat
2277 2579 2531 2652 ingratos.
2561 2581 2788 2653 ideoque
2811 2583 2944 2638 tales
2970 2585 3021 2638 in
3061 2586 3345 2640 novenario
3370 2602 3588 2642 numero
3623 2596 3752 2641 tan~

2171 2687 2326 2740 quam
2361 2671 2654 2740 imperfecti
2681 2673 3047 2728 remanebunt.
3071 2671 3243 2730 Unum
3272 2676 3412 2729 enim
3451 2676 3496 2730 si
3522 2675 3749 2731 addatur

2172 2761 2236 2816 ad
2267 2775 2477 2828 novem,
2507 2763 2749 2832 quiedam
2779 2763 2982 2834 effigies
3026 2766 3242 2820 unitatis
3281 2766 3528 2836 impletur
3583 2784 3596 2820 :
3641 2781 3750 2838 quo

2172 2853 2229 2908 fit
2255 2861 2398 2908 tanta
2424 2856 2728 2925 eomplctio,
2775 2865 2831 2911 ut
2857 2857 2986 2910 ultra
3019 2873 3124 2912 non
3167 2861 3529 2930 progrediatur
3557 2878 3748 2917 nume-

2171 2961 2283 3011 rus,
2317 2947 2416 3001 nisi
2447 2963 2630 3002 rursus
2650 2947 2716 3002 ad
2749 2963 2909 3002 unum
2939 2948 3212 3016 redeatur;
3245 2961 3298 3005 et
3342 2951 3456 3007 hinc
3501 2968 3595 3022 per
3637 2951 3750 3008 inli-

2175 3039 2391 3092 nitatem
2415 3039 2619 3094 nmneri
2648 3040 2826 3109 regula
2851 3040 3200 3114 custodiatur.
3227 3041 3426 3097 Novem
3463 3044 3640 3114 itaque
3665 3045 3749 3099 in-

2174 3129 2356 3201 digent
2385 3147 2506 3197 uno,
2539 3141 2595 3185 ut
2633 3131 2857 3202 quadam
2887 3132 3099 3187 unitatis
3127 3131 3294 3187 forma
3321 3136 3664 3204 coagulentur
3695 3139 3752 3192 et

2174 3219 2357 3276 decem
2385 3221 2490 3276 sint
2519 3239 2532 3275 :
2567 3237 2726 3275 unum
2753 3230 2927 3276 autem
2955 3237 3060 3276 non
3087 3223 3164 3277 eis
3185 3221 3383 3298 indiget
3411 3235 3466 3279 ut
3487 3225 3750 3281 custodiat

2175 3316 2448 3368 unitatem.
2481 3313 2856 3380 Quamobrem,
2887 3323 2946 3368 ut
2973 3315 3046 3369 illi
3077 3330 3266 3370 novem
3294 3315 3383 3386 qui
3407 3318 3605 3386 gratias
3639 3333 3750 3374 non

2177 3414 2431 3474 egerunt,
2465 3404 2678 3474 reprobi
2704 3405 2874 3460 effecti
2897 3448 2911 3472 ,
2939 3420 2968 3459 a
3003 3407 3272 3460 consortio
3301 3407 3518 3462 unitatis
3545 3411 3748 3464 exclusi

2178 3507 2327 3564 sunt;
2356 3501 2424 3552 ita
2466 3513 2603 3552 unus
2634 3498 2722 3553 ille
2747 3499 2833 3566 qui
2864 3499 3058 3568 gratias
3103 3498 3242 3568 egit,
3287 3499 3454 3554 unicae
3503 3501 3754 3556 Ecclesiae

2178 3590 2564 3660 significatione
2594 3589 2914 3658 approbatus
2939 3598 3096 3659 atque
3123 3587 3366 3644 laudatus
3390 3598 3490 3648 est.
3525 3591 3590 3646 Et
3631 3592 3754 3660 quia

2179 3680 2256 3734 illi
2283 3689 2434 3735 erant
2481 3679 2688 3746 Judaei,
2733 3679 2973 3732 amisisse
3013 3693 3106 3748 per
3147 3679 3449 3748 superbiam
3501 3679 3753 3734 declarati

2177 3780 2301 3828 sunt
2330 3787 2548 3841 regnum
2572 3771 2850 3836 cmlorum,
2875 3769 2959 3824 ubi
2983 3771 3211 3825 maxime
3238 3769 3410 3824 unitas
3429 3771 3752 3826 custoditur:

2181 3864 2281 3919 iste
2307 3879 2436 3919 vero
2473 3865 2562 3934 qui
2592 3873 2708 3918 erat
2747 3863 3142 3930 Samaritanus,
3185 3861 3326 3932 quod
3377 3863 3757 3932 interpretatur

2181 3957 2388 4021 Custos,
2417 3955 2488 4010 illi
2518 3971 2546 4008 a
2579 3969 2682 4023 quo
2713 3954 2914 4022 accepit
2955 3951 3188 4007 tribuens
3226 3951 3366 4022 quod
3409 3955 3644 4022 accepit,
3699 3965 3756 4011 et

2180 4045 2574 4118 quodammodo
2597 4055 2816 4101 cantans
2840 4043 2966 4098 illud
2997 4043 3062 4098 tle
3088 4043 3298 4099 Psalmo
3318 4087 3332 4110 ,
3379 4043 3756 4102 Fortitudinem

2181 4153 2340 4190 meam
2360 4136 2428 4189 ad
2448 4145 2493 4190 te
2517 4136 2794 4189 custodiam
2820 4133 2986 4206 (Psal.
3011 4147 3134 4188 Lvut
3153 4175 3166 4198 ,
3203 4133 3320 4203 10);
3353 4150 3446 4204 per
3469 4137 3757 4206 gratiarum

2183 4228 2442 4281 actionem
2505 4227 2615 4295 regi
2681 4223 2981 4294 subjectus,
3049 4225 3305 4280 unitatem
3375 4226 3522 4298 regni
3573 4227 3758 4282 humili

2183 4318 2466 4373 devotione
2492 4317 2744 4372 servavit.
3615 4345 3620 4354 -

2254 4407 2391 4463 XLI.
2424 4408 2522 4480 [lb.
2549 4423 2650 4461 xvn
2673 4405 2822 4480 ,31.]
2847 4405 2984 4474 Quid
3014 4415 3095 4461 est
3132 4403 3272 4476 quod
3301 4406 3430 4462 dicit
3473 4407 3758 4476 Dominus,

2189 4501 2288 4566 Qui
2309 4502 2456 4570 fuerit
2473 4501 2524 4552 in
2546 4509 2693 4566 tecto,
2723 4509 2767 4552 et
2797 4515 2914 4552 vasa
2941 4501 3050 4568 ejus
3071 4498 3120 4552 in
3148 4497 3295 4552 domo
3313 4537 3327 4566 ,
3357 4516 3458 4552 non
3495 4499 3762 4555 descendat

2187 4593 2360 4646 tollere
2381 4591 2509 4645 illa?
2539 4589 2602 4643 In
2644 4598 2767 4643 tecto
2792 4597 2873 4644 est
2892 4630 2904 4654 ,
2935 4589 3023 4659 qui
3053 4589 3313 4644 excedens
3339 4591 3566 4644 carnalia
3587 4632 3600 4658 ,
3649 4601 3765 4646 tan-

2187 4697 2343 4751 quam
2383 4681 2435 4734 in
2463 4695 2588 4734 aura
2619 4679 2784 4734 libera
2823 4679 3164 4750 spiritualitcr
3187 4677 3332 4733 vivit.
3383 4679 3516 4734 Vasa
3559 4681 3668 4750 ejus
3710 4682 3764 4735 in

2188 4773 2356 4838 domo,
2389 4781 2512 4828 sunt
2534 4785 2721 4826 sensus
2747 4771 3009 4837 carnales,
3037 4771 3226 4841 quibus
3253 4771 3316 4824 ad
3345 4771 3762 4840 investigandam

2187 4859 2485 4928 veritatem,
2509 4877 2625 4932 qua‘.
2651 4861 2915 4915 intellectu
2943 4863 3166 4931 capitur,
3199 4861 3346 4915 multi
3381 4869 3591 4917 utentes
3612 4863 3762 4932 peni-

2191 4964 2276 5009 tus
2313 4961 2640 5009 erraverunt.
2673 4953 2839 5023 Hujus
2882 4967 3007 5023 ergo
3050 4953 3336 5024 spiritualis
3381 4953 3474 5007 viri
3501 4953 3610 5024 jam
3639 4969 3768 5010 vasa

2190 5047 2290 5102 ista
2313 5048 2571 5101 vacantia
2612 5045 2804 5112 domo;
2847 5045 2969 5116 quia
3004 5055 3183 5102 mente
3217 5046 3425 5116 corpori
3470 5047 3764 5116 superemi-

2189 5153 2324 5192 nens
2353 5153 2448 5207 per
2461 5135 2628 5192 aciem
2656 5137 3015 5207 intelligentiae
3039 5145 3286 5206 tanquam
3305 5136 3356 5190 in
3384 5143 3519 5190 tecto
3539 5137 3762 5206 positus,

2192 5229 2569 5300 perspicuitate
2599 5231 2871 5300 sapientiae
2901 5229 3060 5284 veluti
3103 5229 3240 5284 creto
3275 5229 3606 5299 apertissimo
3635 5228 3766 5284 frui.

2191 5333 2296 5377 tur.
2329 5323 2525 5378 Caveat
2551 5337 2675 5392 ergo
2703 5323 2800 5377 iste
2821 5364 2834 5388 ,
2867 5337 2932 5377 ne
2975 5321 3027 5375 in
3072 5319 3156 5375 die
3189 5319 3539 5376 tribulationis
3583 5336 3770 5376 rursus

2191 5416 2297 5468 vita
2323 5415 2559 5482 carnali,
2591 5430 2710 5484 qua:
2744 5429 2838 5484 per
2867 5428 3057 5468 sensus
3094 5412 3333 5481 corporis
3376 5412 3622 5482 pascitur,
3672 5411 3770 5467 de-

2191 5509 2438 5572 lectatus,
2469 5505 2532 5560 id
2562 5519 2683 5559 vasa
2711 5503 3014 5574 hujusmodi
3037 5501 3267 5558 tollenda
3287 5501 3593 5558 descendat.

2253 5642 2416 5708 Wes
2447 5640 2612 5708 probis
2634 5645 2772 5708 ηοιέε,
2799 5645 2935 5708 ξιεειρ
2975 5637 3237 5708 secundum
3266 5637 3521 5708 εαιὴφξίεςρ
3558 5633 3808 5701 regnum-

2190 5701 2422 5814 ῗάίεδεᾶᾳι
2445 5699 2462 5760 ξ
2482 5703 2676 5814 θιέιὶδεο,
2701 5699 2834 5764 ﬁdei.
2862 5699 3017 5760 Alius,
3041 5700 3305 5752 secundum
3329 5699 3775 5762 catholicam'regu-

2211 5777 2286 5813 diu
2309 5777 2335 5813 e
2371 5777 2520 5815 issem
2547 5799 2556 5812 .
