4074 6462
374 310 512 367 1557

448 418 606 479 XLII.
637 416 739 493 [11).
767 415 910 483 xvii,
937 412 1051 488 51.)
1080 412 1215 483 Quid
1245 408 1485 484 estquod
1511 411 1711 467 dictum
1755 419 1855 475 est,
1884 407 1950 460 Et

372 516 460 585 qui
485 516 535 568 in
564 528 688 582 agro
718 510 888 578 fuerit,
920 509 1146 563 similiter
1166 523 1265 560 non
1288 506 1456 559 redeat
1497 504 1673 557 retro?
1700 501 1800 569 Qui
1829 514 1957 570 ope-

374 617 525 663 ratur
545 605 597 658 in
643 602 910 665 Ecclesia,
954 601 1091 655 sicut
1125 598 1316 654 Paulus
1344 604 1398 653 et
1426 596 1613 667 Apollo
1651 595 1851 666 plantat
1902 600 1958 647 et

375 696 516 767 rigat
538 694 578 766 (l
601 692 719 750 Cor.
751 708 829 760 ιιι,
858 690 938 764 6),
974 707 1080 747 non
1122 690 1372 761 respiciat
1410 702 1559 759 spem
1605 686 1949 752 saecularem,

373 787 460 843 cui
488 783 830 841 renuntiavit.

445 877 627 934 XLIII.
653 875 751 952 [11).
778 878 916 943 ml,
946 872 1059 947 '52.]
1097 871 1233 943 Quid
1268 870 1581 944 signiﬁcavit
1603 881 1735 923 uxor
1778 865 1955 922 Loth?

373 969 485 1025 Eos
508 972 597 1041 qui
627 971 681 1024 in
702 968 1043 1024 tribulatione
1063 974 1206 1022 retro
1232 964 1521 1035 resPiciunt
1540 1004 1553 1028 ,
1582 970 1636 1018 et
1660 976 1719 1016 se
1754 960 1823 1015 ab
1858 973 1955 1029 spe

373 1061 569 1116 divinae
610 1060 977 1131 promissionis
1026 1065 1289 1112 avertunt.
1332 1057 1396 1110 Et
1437 1054 1556 1109 ideo
1609 1062 1781 1109 statua
1830 1052 1954 1107 salis

372 1151 513 1207 facta
539 1162 639 1218 est,
670 1160 728 1207 ut
752 1149 1086 1205 admonendo
1113 1148 1354 1203 homines
1380 1162 1448 1201 ne
1476 1147 1575 1201 hoc
1601 1144 1811 1212 faciant,
1840 1152 1957 1198 tan-

370 1260 533 1315 quam
566 1244 777 1300 condiat
796 1259 890 1298 cor
910 1257 1092 1298 eorum
1120 1257 1187 1295 ne
1216 1241 1322 1294 sint
1342 1238 1493 1293 fatui.

446 1337 631 1393 XLIV.
676 1335 776 1410 [1b.
809 1352 938 1402 xvn,
962 1336 1049 1399 54,
1076 1332 1167 1406 55]
1194 1332 1292 1401 Qui
1318 1342 1440 1387 sunt
1468 1331 1521 1384 in
1546 1329 1636 1383 illa
1673 1335 1814 1384 nocte
1854 1325 1955 1379 duo

369 1430 425 1482 in
449 1430 597 1495 lecto,
628 1438 675 1482 et
700 1428 815 1482 duo:
843 1427 1081 1481 molentes
1105 1426 1157 1479 in
1186 1437 1360 1491 unum,
1383 1431 1429 1477 et
1455 1422 1555 1475 duo
1589 1421 1643 1474 in
1680 1433 1806 1491 agro
1826 1458 1840 1481 ,
1887 1416 1955 1471 de

370 1518 570 1587 quibus
604 1516 851 1573 omnibus
878 1516 1013 1571 binis
1041 1514 1237 1585 singuli
1274 1521 1629 1575 assumentur,
1667 1519 1720 1579 et
1763 1506 1956 1579 singuli

369 1610 779 1681 relinquentur?
804 1608 927 1662 Tria
955 1620 1149 1678 genera
1188 1604 1461 1659 hominum
1487 1604 1571 1657 hic
1596 1602 1837 1655 videntur
1884 1600 1956 1654 si-

369 1702 615 1772 gniﬁcari
641 1718 655 1754 :
690 1716 852 1756 unum
873 1715 1058 1755 eorum
1089 1698 1177 1769 qui
1206 1698 1372 1753 otium
1394 1705 1448 1752 et
1471 1696 1699 1766 quietem
1727 1693 1951 1763 eligunt,

371 1808 552 1865 neque
594 1795 819 1865 negotiis
856 1791 1197 1847 saecularibus
1223 1803 1394 1859 neque
1436 1787 1663 1858 negotiis
1706 1785 1957 1841 ecclesia-

368 1886 523 1939 sticis
545 1885 809 1955 occupati;
836 1900 955 1956 qua:
989 1884 1198 1937 illorum
1225 1882 1375 1952 quies
1405 1879 1527 1936 lecti
1553 1879 1764 1934 nomine
1788 1877 1955 1948 signi-

368 1976 530 2031 ﬁcata
562 1984 645 2030 est
676 1976 938 2030 :alterum
961 1987 1148 2029 eorum
1183 1973 1275 2044 qui
1310 1971 1363 2026 in
1408 1970 1648 2041 plebibus
1685 1967 1953 2024 constituti

367 2076 633 2137 reguntur
659 2082 687 2121 a
710 2066 1040 2121 doctioribus
1061 2066 1101 2132 ί,
1133 2073 1350 2135 agentes
1388 2077 1453 2119 ea
1484 2076 1601 2131 quae
1629 2068 1754 2117 sunt
1797 2058 1956 2128 hujus

366 2159 593 2223 muli;
624 2173 758 2229 quos
784 2168 839 2214 et
864 2156 1182 2212 feminarum
1210 2156 1425 2211 nomine
1454 2153 1800 2225 signiﬁcavit,
1832 2152 1954 2222 quia

366 2250 632 2312 consiliis,
659 2259 716 2305 ut
735 2248 865 2314 dixi,
890 2249 1200 2319 peritorum,
1222 2247 1336 2318 regi
1365 2247 1443 2302 eis
1467 2246 1712 2316 expedit;
1746 2252 1800 2299 et
1830 2260 1949 2298 mo-

367 2341 547 2397 lentes
570 2342 717 2404 dixit,
752 2350 969 2412 propter
1011 2340 1379 2411 temporalium
1409 2339 1739 2410 negotiorum
1770 2337 1954 2392 orbem

366 2444 535 2505 atque
554 2437 863 2501 circuitum;
895 2449 1025 2504 quas
1053 2443 1227 2489 tamen
1251 2433 1301 2487 in
1331 2448 1493 2487 unum
1525 2431 1782 2486 molentes
1799 2430 1951 2495 dixit,

369 2526 428 2580 in
462 2537 717 2597 quantum
748 2526 817 2582 de
846 2527 974 2596 ipsis
1025 2527 1181 2581 rebus
1211 2536 1265 2580 et
1308 2525 1533 2596 negotiis
1574 2524 1682 2579 suis
1720 2523 1979 2593 praebent

367 2617 559 2671 usibus
594 2617 847 2672 Ecclesiae
881 2634 895 2670 :
943 2615 1153 2670 tertium
1193 2629 1378 2669 eorum
1427 2614 1518 2683 qui
1559 2620 1849 2684 operantur
1901 2612 1955 2667 in

370 2702 633 2763 Ecclesia:
663 2707 957 2762 ministerio
989 2716 1232 2775 tanquam
1258 2706 1308 2759 in
1330 2720 1455 2775 agro
1479 2704 1593 2771 Dei,
1613 2704 1677 2759 de
1694 2719 1795 2774 qua
1817 2704 1958 2773 agri-

369 2799 586 2852 cultura
653 2798 938 2867 Apostolus
984 2796 1214 2865 loquitur
1237 2794 1254 2864 (
1279 2794 1296 2848 l
1324 2793 1440 2849 Cor.
1470 2809 1545 2861 tu,
1576 2794 1631 2860 9,
1651 2796 1682 2847 9
1708 2791 1749 2865 ).
1798 2793 1853 2847 In
1874 2794 1956 2848 his

370 2904 503 2959 ergo
534 2890 700 2943 tribus
725 2889 1008 2957 generibus
1033 2886 1152 2940 bina
1180 2894 1304 2940 sunt
1333 2899 1514 2939 rursus
1548 2899 1745 2956 genera
1785 2882 1956 2937 homi-

371 2997 504 3034 num
532 2981 581 3034 in
612 2982 868 3052 singulis,
901 2990 953 3034 et
977 2995 1073 3050 pro
1112 2978 1305 3034 robore
1358 2993 1571 3033 suarum
1614 2978 1803 3031 virium
1849 2977 1957 3032 dis-

371 3081 684 3127 cernuntur.
716 3074 847 3127 Cum
893 3073 1034 3127 enim
1081 3086 1267 3125 omnes
1306 3070 1373 3125 ad
1417 3070 1673 3125 Ecclesia:
1718 3070 1956 3125 membra

372 3163 649 3233 pertinere
673 3163 970 3229 vidcantur,
996 3163 1312 3219 adveniente
1340 3171 1517 3217 tamen
1547 3162 1839 3217 tentatiune
1870 3163 1956 3216 tri-

372 3254 696 3323 bulationis,
730 3263 784 3310 et
808 3271 873 3310 ex
900 3255 1003 3309 illis
1032 3253 1121 3325 qui
1148 3263 1271 3307 sunt
1298 3253 1349 3306 in
1373 3252 1502 3319 otio,
1547 3262 1601 3307 et
1637 3268 1699 3307 ex
1722 3252 1825 3307 illis
1866 3252 1954 3322 qui

374 3356 503 3401 sunt
529 3348 581 3401 in
608 3346 828 3417 negotiis
852 3344 1032 3401 sazculi
1056 3387 1071 3413 ,
1102 3356 1154 3400 et
1174 3360 1239 3400 ex
1269 3345 1371 3399 illis
1398 3344 1486 3415 qui
1519 3345 1625 3399 Deo
1655 3344 1960 3400 ministrant

376 3438 431 3491 in
461 3438 732 3505 Ecclesia,
769 3439 935 3509 aliqui
982 3446 1328 3507 permanent,
1358 3437 1519 3507 aliqui
1562 3437 1758 3492 cadunt
1802 3454 1815 3491 :
1867 3438 1957 3508 qui

376 3540 693 3600 permanent
719 3539 1075 3598 assumuntur,
1107 3530 1195 3601 qui
1217 3528 1410 3585 cadunt
1434 3530 1820 3599 relinquuntur.
1852 3524 1956 3585 Er-

376 3636 449 3693 go
492 3639 623 3678 unus
666 3631 967 3688 assumatur,
1015 3631 1061 3676 et
1098 3638 1228 3675 unus
1270 3621 1609 3693 relinquetur,
1652 3638 1756 3677 non
1807 3622 1959 3692 quasi

379 3713 456 3769 de
509 3715 707 3770 duobus
756 3713 1059 3769 hominibus
1107 3713 1303 3769 dictum
1353 3722 1456 3776 est,
1498 3713 1593 3768 sed
1637 3714 1702 3767 de
1751 3713 1959 3769 duobus

379 3807 667 3878 generibus
710 3806 1078 3871 allectionum,
1128 3804 1182 3859 in
1216 3804 1439 3875 singulis
1474 3805 1754 3874 generibus
1800 3805 1959 3859 trium

380 3900 791 3969 professionum.
819 3898 887 3953 In
915 3898 1006 3953 illa
1030 3911 1159 3969 ergo
1188 3906 1334 3952 nocte
1354 3896 1510 3965 dixit,
1544 3896 1597 3951 in
1625 3896 1712 3951 illa
1740 3896 1959 3953 tribula-

381 3990 547 4045 tione.
1917 4045 1922 4049 .

453 4081 536 4135 Ad
563 4081 677 4151 ipsa
705 4079 802 4135 tria
828 4092 1022 4150 genera
1049 4094 1167 4151 quae
1188 4089 1531 4134 assumuntur
1548 4120 1563 4144 ,
1585 4077 1850 4149 pertinere
1872 4086 1960 4133 ar-

382 4170 553 4227 bitror
593 4172 753 4228 etiam
800 4171 899 4227 tria
945 4171 1033 4226 illa
1080 4171 1294 4224 nomina
1338 4168 1574 4247 virorum
1613 4179 1957 4235 sanctorum,

384 4277 520 4333 quos
548 4263 695 4318 solos
733 4262 1037 4318 liberandos
1063 4260 1308 4317 Ezechiel
1330 4260 1585 4332 prepheta
1626 4263 1958 4330 pronuntiat,

384 4354 532 4421 Noe,
573 4354 759 4411 Daniel
797 4363 853 4411 et
887 4354 987 4411 Job
1014 4354 1221 4426 (Exerit.
1266 4369 1390 4420 xiv,
1430 4353 1536 4425 14).
1573 4354 1793 4409 Videtur
1820 4355 1960 4409 enim

383 4444 497 4503 Noe
524 4447 786 4518 pertinere
805 4446 870 4502 ad
897 4460 992 4503 eos
1017 4461 1111 4517 per
1135 4461 1270 4516 quos
1296 4444 1530 4500 Ecclesia
1554 4446 1781 4516 regitur;
1827 4446 1965 4501 sieut

384 4556 485 4611 per
508 4540 656 4594 illum
686 4540 737 4594 in
769 4540 921 4610 aquis
947 4554 1069 4594 area
1109 4538 1397 4609 gubernata
1425 4544 1508 4593 est
1552 4536 1701 4609 (Gen.
1741 4555 1841 4607 vn,
1883 4540 1959 4609 7),

383 4650 505 4706 qua:
532 4634 751 4705 ﬁguram
780 4633 1018 4705 gestabat
1064 4631 1334 4688 Ecclesiae.
1390 4632 1571 4686 Daniel
1614 4640 1823 4698 autem,
1872 4633 1962 4702 qui

384 4727 545 4797 elegit
569 4725 812 4781 cmlibem
837 4724 1021 4788 vitam,
1050 4722 1101 4777 id
1127 4730 1209 4777 est
1231 4720 1441 4791 nuptias
1467 4729 1704 4776 terrenas
1725 4730 1965 4776 contem-'-

383 4820 513 4889 psit,
544 4827 621 4883 ut,
651 4818 788 4873 sicut
806 4817 935 4872 dicit
956 4814 1264 4886 Apostolus,
1296 4814 1411 4868 sine
1435 4812 1789 4868 sollicitudine
1817 4813 1963 4867 vive-

384 4918 489 4974 ret,
511 4909 751 4979 cogitans
775 4922 893 4977 quae
922 4914 1045 4961 sunt
1070 4902 1162 4960 Dei
1191 4903 1233 4975 (Ι
1255 4901 1372 4960 Cor.
1400 4918 1473 4957 vn
1493 4945 1507 4969 ,
1536 4896 1624 4969 52,
1653 4901 1762 4976 54),
1796 4919 1968 4974 genus

382 5014 573 5055 eorum
601 4998 860 5069 signilieat
880 4997 967 5068 qui
990 5006 1111 5053 sunt
1137 4997 1191 5051 in
1221 4995 1350 5063 otio,
1376 4994 1469 5050 sed
1496 5001 1668 5049 tamen
1692 4995 1963 5050 fortissimi

381 5093 436 5147 in
468 5091 841 5147 tentationibus
861 5129 876 5155 ,
920 5098 977 5143 ut
1006 5089 1209 5158 possint
1245 5088 1463 5143 assumi.
1514 5087 1614 5144 Job
1642 5094 1815 5143 autem
1842 5089 1965 5159 quia

380 5198 603 5237 uxorem
630 5189 683 5237 et
702 5180 840 5236 ﬁlios
873 5180 1086 5247 habuit,
1118 5189 1171 5234 et
1197 5180 1398 5249 amplas
1425 5187 1754 5235 terrenarum
1782 5197 1960 5236 rerum

382 5274 566 5342 copias
595 5271 738 5342 (Job.
762 5287 815 5338 1,
845 5270 984 5339 1-5),
1015 5270 1081 5324 ad
1103 5268 1228 5324 illud
1249 5284 1416 5339 genus
1435 5271 1698 5341 pertinet,
1735 5271 1817 5325 cui
1846 5286 1963 5325 mo-

383 5362 657 5417 lendinum
682 5361 988 5433 deputatum
1013 5368 1113 5426 est,
1152 5361 1244 5415 sed
1275 5368 1447 5431 tamen
1480 5368 1535 5415 ut
1560 5361 1665 5415 sint
1690 5360 1961 5417 fortissimi

382 5453 438 5509 in
470 5455 867 5521 tentatiouibus,
896 5454 1032 5509 sicut
1055 5453 1141 5507 ille
1167 5451 1293 5519 fuit;
1329 5467 1430 5508 non
1454 5453 1596 5507 enim
1623 5453 1778 5507 aliter
1803 5470 1959 5509 assu-

381 5547 455 5598 mi
503 5552 767 5614 poterunt.
820 5543 929 5599 Nec
983 5552 1109 5613 puto
1136 5558 1255 5598 esse
1297 5542 1396 5596 alia
1445 5558 1637 5613 genera
1689 5544 1958 5600 hominum

380 5637 573 5707 quibus
592 5644 798 5692 constat
822 5636 1089 5703 Ecclesia,
1129 5650 1288 5707 quam
1320 5637 1420 5693 ista
1444 5637 1539 5693 tria
1561 5679 1576 5707 ,
1609 5635 1856 5697 habentia
1886 5640 1965 5694 bi-

446 5750 461 5781 ¹
478 5754 580 5805 ttat.
600 5755 647 5800 et
659 5749 876 5815 quinque
889 5757 1014 5811 Μαι,
1028 5746 1313 5800 doctoribus.

1684 296 1885 353 LIBER
1921 294 2295 352 SECUNDUS.

2061 424 2155 465 nas
2175 409 2516 479 diﬁ‘erentias,
2541 420 2755 482 propter
2770 416 3181 487 assumptiouem
3200 426 3252 473 et
3269 419 3627 491 relictionem;

2060 503 2300 570 quamvis
2329 504 2379 558 iu
2418 505 2637 575 singulis
2665 507 2843 562 multa:
2870 509 3164 563 studiorum
3194 512 3627 588 voluntatumque

2059 591 2393 650 diversitates
2409 636 2427 661 ,
2459 595 2526 651 ad
2551 598 2887 654 concordiam
2913 608 3087 655 tamen
3113 602 3472 677 unitatemque
3496 622 3630 665 con-

2058 694 2351 753 currentes,
2378 689 2580 757 possint
2598 688 2843 744 inveniri.

2130 774 2289 831 XLV.
2342 766 2441 851 [11).
2482 788 2649 847 ιηιι,
2679 780 2821 856 1-8.]
2857 782 2992 851 Quid
3029 792 3110 839 est
3147 787 3287 856 quod
3313 787 3380 844 ad
3417 806 3631 863 semper

2058 866 2318 922 orandum
2340 877 2394 924 et
2422 886 2527 925 non
2552 872 2900 928 deﬁciendum
2923 915 2937 939 ,
2966 873 3033 929 de
3054 875 3231 946 judice
3257 879 3437 950 iniquo
3461 883 3630 940 voluit

2058 959 2360 1028 parabolam
2393 978 2621 1033 ponere,
2674 966 2761 1035 qui
2804 980 2925 1021 cum
2956 967 3120 1022 Deum
3161 984 3263 1024 non
3296 971 3538 1039 timeret,
3576 987 3634 1032 et

2058 1048 2323 1107 hominem
2350 1068 2454 1107 non
2484 1064 2845 1124 revereretur,
2892 1057 3067 1112 vidua:
3096 1066 3269 1115 tamen
3299 1063 3526 1120 assiduis
3550 1065 3634 1120 in-

2060 1143 2511 1211 terpellationibus
2535 1146 2727 1213 cessit,
2758 1159 2813 1200 ut
2846 1163 2962 1202 eam
2991 1149 3309 1219 vindicaret,
3344 1169 3409 1209 ne
3435 1154 3535 1210 sibi
3563 1155 3630 1211 ab

2057 1229 2147 1286 illa
2174 1232 2385 1287 taedium
2409 1234 2595 1290 ﬁeret?
2618 1235 2749 1290 Nam
2777 1238 2875 1292 hoc
2903 1248 2985 1293 est
3014 1240 3156 1310 quod
3182 1241 3284 1309 ait,
3315 1241 3395 1299 Ne
3432 1246 3632 1301 veniens

2056 1326 2288 1397 suggillet
2322 1343 2415 1381 me.
2459 1328 2715 1396 Quoniam
2744 1331 3017 1400 parabolas
3044 1332 3296 1390 Dominus
3322 1344 3411 1391 aut
3437 1352 3633 1395 secun-

2058 1414 2181 1470 dum
2206 1417 2604 1474 similitudinem
2634 1421 2860 1491 aliquam
2884 1424 3062 1491 ponit;
3091 1425 3225 1480 sicut
3250 1426 3317 1482 de
3338 1442 3493 1484 servo
3517 1430 3628 1498 illo,

2057 1507 2141 1561 cui
2170 1507 2413 1565 dominus
2438 1510 2639 1566 dimisit
2665 1512 2803 1582 quod
2849 1515 3051 1569 ratione
3088 1516 3292 1571 reddita
3318 1518 3515 1575 debere
3549 1521 3632 1576 in-

2058 1608 2245 1654 ventus
2274 1610 2383 1667 est,
2434 1610 2489 1657 et
2527 1603 2639 1673 ipse
2671 1619 2928 1660 conservo
2970 1621 3066 1660 suo
3102 1607 3404 1664 dilationem
3433 1611 3627 1667 saltem

2058 1692 2186 1748 dare
2213 1694 2380 1749 noluit
2415 1694 2623 1767 (.llattlt.
2658 1712 2783 1753 xvm
2806 1739 2821 1765 ,
2849 1698 3086 1771 23-55);
3127 1708 3178 1756 et
3204 1700 3269 1757 de
3297 1701 3625 1772 feneratore,

2058 1786 2146 1854 qui
2171 1797 2291 1841 eum
2315 1786 2522 1843 duobus
2551 1787 2876 1845 debitoribus
2898 1791 3147 1847 donasset
3173 1793 3313 1863 quod
3341 1794 3627 1863 debebant,

2057 1878 2124 1934 ab
2153 1893 2217 1934 eo
2246 1880 2363 1949 plus
2386 1880 2610 1937 dilectus
2639 1888 2719 1937 est
2738 1883 2821 1937 cui
2854 1883 2968 1953 plus
2989 1884 3202 1940 donavit
3228 1884 3376 1958 (Luc.
3408 1899 3505 1953 vn,
3536 1888 3635 1943 41-

2056 1972 2183 2046 45);
2212 1985 2266 2029 et
2305 1973 2371 2029 de
2399 1974 2611 2030 homine
2636 1977 2723 2046 qui
2754 1976 2980 2032 habebat
3002 1977 3135 2032 duos
3170 1978 3335 2046 ﬁlios,
3366 1979 3623 2049 majorem

2058 2063 2109 2117 in
2134 2078 2260 2134 agro
2287 2064 2385 2118 sibi
2416 2067 2854 2137 propinquantem
2873 2108 2887 2131 ,
2933 2067 3191 2123 minorem
3218 2077 3395 2124 autem
3426 2067 3479 2123 in
3506 2069 3630 2124 lou-

2056 2154 2251 2225 ginquo
2277 2154 2627 2211 luxuriantem
2654 2155 2762 2230 (Id.
2792 2164 2884 2223 κγ,
2910 2157 3097 2228 11-32)
3121 2175 3135 2224 ;
3158 2168 3211 2213 et
3231 2157 3635 2217 innumerabilia

2058 2245 2400 2315 hujusmodi:
2449 2248 2515 2303 de
2548 2248 2628 2305 his
2654 2250 2825 2312 enim,
2865 2250 2916 2303 in
2956 2260 3208 2319 quantum
3247 2252 3439 2307 similia
3476 2262 3629 2321 sunt,

2057 2335 2268 2392 ducitur
2297 2338 2594 2395 intellectus
2616 2340 2731 2410 ejus
2756 2342 2852 2409 rei,
2881 2342 2963 2395 cui
2991 2342 3327 2410 adhibentur,
3356 2345 3633 2401 insinuan-

2059 2430 2140 2486 dzc
2174 2441 2263 2486 aut
2290 2433 2621 2503 requirenda:
2645 2435 2682 2487 ί.
2726 2436 2831 2488 Aut
2858 2451 2920 2489 ex
2949 2435 3057 2503 ipsa
3081 2435 3509 2494 dissimilitudine
3532 2439 3634 2495 ali-

2058 2521 2182 2591 quid
2212 2523 2415 2593 probat,
2440 2525 2598 2580 Veluti
2621 2535 2701 2581 est
2732 2525 2877 2593 illud,
2905 2526 3049 2593 Quod
3073 2527 3115 2581 si
3141 2531 3310 2599 fenum
3336 2531 3465 2600 agri,
3497 2532 3633 2603 quod

2059 2611 2207 2668 hodie
2232 2626 2303 2669 est
2332 2626 2375 2669 et
2414 2633 2528 2670 cras
2560 2617 2611 2671 in
2636 2619 2886 2672 clibanum
2915 2620 3123 2673 mittitur
3142 2660 3158 2686 ,
3195 2619 3334 2675 Deus
3360 2624 3431 2676 sic
3456 2626 3631 2691 vestit,

2057 2716 2243 2777 quanto
2267 2708 2426 2777 magis
2451 2722 2554 2773 vos,
2583 2710 2793 2763 modica:
2818 2710 2938 2778 ﬁdei
2952 2710 3158 2780 (Matth.
3184 2728 3254 2777 vi,
3279 2712 3403 2784 50)?
3431 2714 3509 2767 Ad
3534 2714 3634 2769 hoc

2058 2812 2223 2866 genus
2254 2799 2481 2866 pertinet
2506 2800 2663 2853 etiam
2693 2799 2819 2853 illud
2852 2800 2989 2869 quod
3020 2801 3087 2855 de
3109 2816 3263 2856 servo
3282 2802 3357 2855 ait
3378 2844 3390 2866 ,
3419 2804 3501 2856 cui
3534 2804 3632 2859 do-

2059 2888 2236 2942 minus
2252 2888 2652 2943 denuntiaverat
2677 2897 2733 2943 ut
2761 2901 2789 2941 a
2816 2889 3049 2943 villicatu
3068 2902 3459 2946 removeretur:
3485 2892 3631 2947 frau-

2058 2975 2178 3031 dem
2207 2978 2399 3047 quippe
2422 2979 2508 3032 ille
2536 2977 2658 3033 fecit
2682 2978 2897 3033 domino
2919 2996 3037 3047 suo,
3063 2989 3121 3036 ut
3146 2980 3347 3036 falsatis
3369 2982 3633 3053 chirogra-

2062 3066 2215 3137 phis,
2259 3068 2583 3124 debitoribus
2610 3070 2724 3138 ejus
2746 3109 2760 3135 ,
2805 3080 3057 3139 quantum
3096 3072 3433 3127 commodum
3463 3074 3633 3129 visum

2060 3168 2168 3225 est,
2204 3160 2483 3216 relaxaret.
2519 3159 2700 3232 Neque
2727 3161 2835 3215 ullo
2861 3162 3017 3217 modo
3044 3178 3140 3218 nos
3171 3163 3426 3219 Dominus
3454 3174 3507 3220 ut
3534 3166 3635 3221 sibi

2059 3248 2297 3305 fraudem
2325 3251 2579 3307 faciamus
2615 3250 2855 3306 hortatur
2884 3270 2896 3307 :
2928 3253 3019 3308 sed
3044 3254 3087 3307 si
3114 3254 3201 3324 qui
3230 3255 3517 3310 fraudando
3538 3257 3637 3314 sibi

2061 3342 2289 3412 providit
2312 3344 2363 3397 in
2392 3352 2657 3413 posterum
2679 3385 2693 3409 ,
2719 3344 2985 3399 laudatum
3016 3361 3135 3401 cum
3165 3346 3291 3401 dicit
3327 3362 3355 3400 a
3388 3348 3633 3415 domino;

2061 3444 2259 3504 quanto
2282 3434 2500 3505 -majore
2547 3435 2820 3491 alacritate
2869 3438 2967 3501 sibi
3019 3439 3298 3507 providere
3341 3440 3537 3496 debent
3583 3444 3638 3498 in

2064 3535 2316 3581 aeternam
2347 3526 2505 3580 vitam
2528 3570 2542 3593 ,
2572 3528 2762 3597 quibus
2783 3537 2839 3582 ut
2856 3510 2996 3597 juste
3025 3539 3311 3599 eperentur
3334 3532 3552 3601 jubetur
3571 3533 3640 3589 de

2063 3632 2364 3671 mammona
2396 3618 2687 3688 iniquitatis
2717 3618 2866 3687 (Luc.
2904 3636 2992 3674 va
3017 3662 3031 3687 ,
3070 3622 3160 3691 l)?
3210 3623 3351 3692 quod
3396 3638 3494 3679 suo
3521 3625 3638 3680 loco

2062 3710 2359 3778 expositum
2387 3718 2469 3764 est
2498 3707 2714 3782 (Supra,
2742 3722 2915 3781 quwst.
2946 3712 3058 3779 5t).
3088 3712 3169 3766 Ad
3198 3713 3296 3767 hoc
3318 3729 3487 3783 genus
3512 3731 3637 3785 per-

2063 3799 2269 3854 tinetet
2294 3800 2383 3853 ille
2411 3801 2498 3870 qui
2531 3817 2633 3854 nou
2667 3810 2882 3871 prepter
2906 3802 3189 3856 amicitiam
3212 3843 3226 3868 ,
3267 3803 3361 3858 sed
3396 3814 3452 3859 ut
3485 3806 3641 3861 taedio

2062 3900 2303 3959 careret,
2340 3892 2448 3961 jam
2475 3892 2744 3948 dormiens
2774 3895 3048 3960 excitatur,
3086 3902 3141 3949 ut
3170 3904 3277 3950 tres
3306 3912 3468 3965 panes
3488 3912 3640 3953 com-

2066 3982 2244 4038 model
2271 3983 2443 4037 amico
2471 3999 2587 4038 suo.
2632 3982 2686 4039 Si
2728 3986 2870 4039 enim
2915 3986 3003 4041 ille
3045 3987 3287 4042 molestia
3333 3989 3640 4061 compulsus

2064 4074 2243 4141 dedit,
2267 4082 2465 4145 quanto
2493 4075 2661 4146 magis
2688 4077 2827 4131 Deus
2846 4119 2860 4143 ,
2900 4077 2988 4147 qui
3014 4093 3195 4132 servos
3226 4094 3351 4134 suos
3379 4080 3601 4152 diligens
3622 4124 3640 4149 ,

2066 4173 2125 4220 ut
2153 4176 2392 4235 petamus
2414 4165 2673 4232 hortatur,
2694 4166 2840 4221 dabit
2866 4168 2998 4221 bona
3020 4169 3318 4238 petentibus
3338 4185 3395 4225 se
3424 4170 3638 4241 (Matth.

2064 4272 2165 4324 vn,
2194 4256 2383 4327 7-ll)?
2407 4256 2587 4326 itaque
2614 4258 2739 4312 illud
2771 4259 3014 4327 superius
3040 4270 3205 4331 genus
3231 4260 3313 4316 bis
3340 4263 3513 4318 verbis
3542 4263 3639 4320 ad-

2062 4348 2209 4419 jungi
2235 4355 2439 4417 potest,
2477 4347 2624 4404 Sicut
2646 4349 2801 4415 illud,
2837 4350 2905 4404 ita
2933 4360 2986 4405 et
3016 4350 3143 4406 illud
3170 4368 3183 4405 :
3216 4347 3319 4407 hoc
3346 4363 3520 4409 autem
3550 4370 3643 4425 pot

2067 4440 2258 4494 sterius
2284 4439 2368 4495 bis
2397 4438 2572 4494 verbis
2596 4481 2611 4507 ,
2643 4438 2698 4495 Si
2727 4439 2854 4495 illud
2879 4483 2892 4505 ,
2917 4451 3112 4513 quanto
3133 4444 3298 4513 magis
3326 4430 3491 4500 illud?
3516 4454 3635 4513 aut,

2067 4536 2122 4591 Si
2146 4552 2248 4591 non
2273 4534 2416 4602 illud,
2455 4544 2653 4606 quanto
2676 4536 2851 4590 minus
2874 4536 3043 4591 illud?
3063 4536 3155 4592 sed
3182 4537 3373 4593 alicubi
3395 4539 3641 4603 obscure.

2067 4628 2259 4683 alicubi
2288 4637 2470 4697 aperte
2509 4628 2609 4682 ista
2644 4636 2932 4698 ponuntur.
2964 4627 3061 4683 Hic
3089 4644 3216 4700 ergo
3244 4630 3453 4701 iniquus
3474 4630 3640 4700 judex

2068 4736 2173 4775 non
2197 4734 2261 4775 ex
2290 4719 2667 4786 similitudine,
2699 4719 2791 4775 sed
2823 4734 2885 4775 ex
2914 4720 3339 4796 dissimilitudjne
3375 4722 3640 4778 adhibitus

2069 4822 2171 4879 est,
2200 4822 2257 4867 ut
2282 4813 2590 4869 ostenderet
2620 4812 2873 4867 Dominus
2892 4822 3088 4882 quanto
3116 4814 3370 4869 certiores
3409 4829 3528 4869 esse
3550 4815 3645 4869 de.

2068 4904 2230 4958 beant
2247 4904 2337 4973 qui
2362 4904 2527 4957 Deum
2550 4912 2947 4973 perseveranter
2967 4913 3169 4973 rogant,
3199 4904 3396 4959 fontem
3420 4904 3640 4973 justitize

2069 5005 2225 5066 atque
2251 4994 2628 5049 misericordiae
2648 5035 2662 5058 ,
2711 4994 2789 5049 vel
2817 4995 2861 5048 si
2889 4994 3012 5065 quid
3045 4996 3388 5050 excellentius
3414 4998 3515 5052 dici
3543 5008 3636 5055 aut

2067 5088 2234 5141 audiri
2264 5094 2465 5156 potest,
2509 5101 2628 5140 cum
2652 5085 2789 5155 apud
2816 5085 3446 5157 iniquissimumjudicem
3479 5104 3645 5159 usque

2071 5177 2135 5233 ad
2165 5177 2409 5232 effectum
2439 5175 2689 5247 implendi
2715 5174 2965 5231 desiderii
3000 5177 3226 5231 valuerit
3253 5180 3645 5248 perseverantia

2067 5268 2421 5338 deprecantis.

2145 5360 2263 5429 Ipsa
2288 5373 2413 5413 vero
2437 5356 2591 5412 vidua
2619 5365 2792 5427 potest
2812 5356 3008 5413 habere
3031 5356 3429 5415 similitudinem
3463 5359 3646 5417 Eccle-

2067 5454 2181 5519 δία),
2211 5449 2353 5523 quad
2380 5451 2613 5505 desolata
2641 5450 2847 5505 videtur
2871 5450 3039 5505 donec
3068 5451 3241 5504 veniat
3263 5450 3537 5519 Dominus,
3561 5454 3651 5525 qui

2070 5553 2245 5601 tamen
2278 5546 2327 5599 in
2350 5553 2560 5599 secreto
2581 5544 2739 5599 etiam
2765 5555 2908 5597 nunc
2936 5556 3117 5596 curam
3145 5540 3260 5613 ejus
3278 5545 3435 5615 gerit.
3463 5543 3517 5600 Si
3554 5559 3648 5599 au-

2130 5688 2146 5719 ί
2173 5684 2245 5750 sic
2276 5688 2384 5731 Mss.
2419 5685 2474 5729 At
2508 5676 2647 5750 editi,
2675 5673 2752 5725 cui
2793 5672 3079 5750 adhibentur
3117 5674 3183 5727 ad
3220 5673 3500 5750 mysterium
3535 5673 3652 5727 ind-

2067 5745 2275 5799 nuantla:
2291 5750 2373 5794 aut
2391 5740 2693 5807 rcqztt'rcnda’
2707 5740 2933 5791 veritatis.
3274 5740 3310 5796 ⁵,
