4012 6486
411 331 550 397 I359

410 465 516 511 tem
557 459 736 508 movet
763 465 858 504 cur
903 446 1057 504 electi
1087 437 1181 501 Dei
1222 459 1279 499 se
1317 442 1571 496 vindicari
1613 439 1983 510 deprecemur,

407 545 550 616 quod
571 543 730 600 etiam
760 541 810 596 in
854 536 1174 610 Apocalypsi
1204 533 1425 592 Joannis
1463 531 1533 587 de
1561 527 1883 600 martyribus
1907 525 1988 581 di-

407 641 548 693 citur
579 635 764 705 (Apoc.
793 647 868 697 vr,
901 629 1012 699 10),
1046 641 1164 682 cum
1209 623 1542 694 apertissime
1585 628 1896 675 moneamur
1933 625 1990 672 ut

408 743 505 800 pro
539 724 735 780 nostris
765 720 992 776 inimicis
1010 727 1063 774 et
1083 713 1512 788 persecutoribus
1536 726 1750 766 oremus
1773 709 1982 782 (Matth.

408 837 443 875 ν
463 862 478 886 ,
509 815 600 890 il)
627 836 642 885 ;
694 812 1094 884 intelligendum
1121 819 1202 866 est
1230 823 1347 864 eam
1367 806 1653 862 vindictam
1676 819 1794 860 esse
1819 803 1990 873 justo-

407 929 528 968 rum
549 954 562 978 ,
590 918 650 964 ut
673 922 859 964 omnes
887 903 1012 958 mali
1039 909 1254 973 pereant
1279 915 1294 952 :
1329 906 1553 970 pereunt
1581 905 1758 952 autem
1781 894 1987 952 duobus

407 1005 620 1069 modis;
657 1009 746 1056 aut
770 997 1118 1054 conversione
1143 993 1208 1048 ad
1229 993 1520 1064 justitiam,
1555 997 1646 1044 aut
1670 988 1863 1043 amissa
1893 1001 1988 1057 per

406 1096 722 1168 supplicium
767 1097 1028 1164 potestate
1055 1129 1070 1155 ,
1131 1101 1233 1157 qua
1281 1099 1422 1140 nunc
1473 1081 1728 1137 adversus
1775 1079 1981 1143 bonos,

406 1187 658 1260 quamdiu
685 1185 787 1240 hoc
828 1183 1000 1253 ipsum
1029 1179 1181 1233 bonis
1205 1176 1452 1247 expedit,
1493 1174 1577 1229 vel
1621 1171 1986 1242 tcmporalitcr

406 1278 606 1349 aliquid
651 1276 846 1331 valent.
891 1271 1070 1342 Itaque
1115 1268 1321 1324 etiamsi
1365 1279 1552 1321 omnes
1581 1263 1825 1318 homines
1853 1277 1985 1316 con-

406 1377 739 1427 verterentur
764 1365 830 1421 ad
857 1365 1020 1418 Deum
1045 1404 1058 1426 ,
1089 1360 1228 1414 inter
1251 1373 1384 1428 quos
1409 1363 1532 1410 sunt
1559 1354 1718 1410 etiam
1751 1353 1979 1420 inimici,

405 1477 504 1533 pro
529 1461 720 1532 quibus
742 1457 990 1528 jubcmur
1010 1465 1192 1516 orare;
1229 1448 1469 1504 diabolus
1500 1457 1676 1501 tamen
1699 1486 1714 1510 ,
1743 1444 1830 1515 qui
1852 1459 1984 1513 ope-

405 1564 552 1610 ratur
577 1553 628 1606 in
661 1550 781 1605 filiis
805 1543 1111 1603 diffidentiae
1134 1543 1346 1614 (Ephcs.
1375 1557 1411 1596 ιι
1431 1583 1444 1604 ,
1475 1537 1532 1612 2)
1554 1581 1569 1604 ,
1601 1545 1903 1594 remaneret
1931 1537 1984 1591 in

405 1645 586 1704 surculi
609 1644 713 1698 line
740 1635 1070 1695 damnandus
1097 1653 1110 1688 ε
1140 1649 1296 1705 quem
1325 1637 1480 1686 linem
1508 1631 1632 1700 justi
1660 1643 1781 1684 eum
1804 1627 1985 1683 venire

405 1737 746 1800 desiderant,
797 1730 1036 1802 Quamvis
1067 1741 1163 1798 pro
1193 1725 1420 1780 inimicis
1447 1724 1556 1780 suis
1587 1729 1773 1790 orent,
1809 1729 1984 1776 tamen

404 1846 509 1887 non
538 1826 766 1884 absurde
795 1823 1078 1880 vindictam
1098 1818 1402 1874 desiderare
1431 1815 1696 1871 dicuntur.

473 1917 656 1976 XLVI.
685 1913 925 1989 [Ib.-xtx,
947 1909 1154 1984 12—27.]
1177 1909 1224 1964 11
1231 1923 1342 1963 ante
1367 1909 1572 1978 quidam
1594 1905 1773 1962 nobilis
1789 1906 1909 1960 abiit
1933 1905 1986 1961 in

401 2012 653 2084 regionem
677 2007 1004 2078 longinquum
1036 2003 1261 2072 accipere
1287 2000 1383 2054 sibi
1405 2009 1612 2070 regnum
1637 2039 1653 2066 ,
1694 2007 1741 2052 et
1759 1997 1937 2052 reverti
1966 2011 1986 2051 :

402 2105 519 2174 ipse
539 2101 793 2158 Dominus
814 2105 997 2152 noster
1019 2087 1174 2150 Iesus
1195 2093 1440 2148 Christus
1461 2090 1784 2161 intelligitur.
1819 2089 1985 2161 Regio

401 2193 708 2264 longinqua,
734 2187 964 2245 Ecclesia
985 2185 1234 2242 Gentium
1257 2198 1422 2253 usque
1441 2181 1506 2236 ad
1528 2183 1659 2236 lines
1682 2191 1855 2236 teme.
1875 2181 1983 2236 Re-

400 2287 538 2342 verti
561 2295 734 2339 tamen
753 2296 813 2338 se
835 2279 963 2335 dicit
988 2297 1000 2332 :
1025 2276 1152 2332 abiit
1175 2276 1337 2341 enim,
1366 2273 1708 2345 ut'pleuitudo
1735 2273 1983 2330 Gentium

399 2378 652 2442 intraret;
680 2381 996 2437 revertetur,
1029 2381 1086 2424 ut
1112 2369 1284 2423 omnis
1310 2367 1472 2422 Israel
1495 2367 1671 2422 salvus
1697 2365 1980 2438 fiat'Uiom.

399 2485 456 2524 ιι
475 2511 491 2535 ,
526 2469 639 2538 25).
687 2467 790 2520 Per
815 2463 999 2519 decem
1023 2476 1175 2517 muas
1200 2502 1212 2524 ,
1259 2459 1452 2530 Legem
1482 2459 1742 2529 significat
1769 2467 1984 2530 p‘r‘Optcr

399 2559 739 2628 Dccalogum.
775 2557 966 2612 Decem
992 2563 1167 2607 autem
1197 2565 1402 2615 servos,
1428 2549 1616 2620 quibus
1639 2549 1740 2606 sub
1767 2549 1854 2604 illa
1884 2563 1981 2620 po.

399 2651 517 2706 sitis
553 2649 721 2720 gratia
759 2645 1043 2718 prtedicata
1074 2652 1171 2699 est.
1197 2643 1286 2698 Sic
1313 2643 1454 2697 enim
1477 2641 1870 2712 ln'tell1gcndum
1901 2649 1984 2697 est

398 2744 480 2798 eis
501 2742 652 2797 datas
673 2755 823 2795 muas
841 2738 908 2794 ad
938 2753 1112 2802 usum,
1137 2752 1255 2791 cum
1279 2735 1652 2791 intellexerunt
1671 2750 1786 2790 eam
1815 2736 1982 2804 ipsam

397 2835 595 2905 Legem
625 2843 831 2888 remoto
871 2831 1131 2884 velamine
1178 2828 1244 2884 ad
1291 2827 1634 2899 Evangelium
1686 2827 1974 2898 pertinere.

395 2925 553 2980 Cives
578 2923 692 2994 ejus
713 2923 802 2994 qui
829 2931 948 2992 post
962 2935 1082 2975 eum
1109 2919 1366 2974 miserunt
1383 2919 1720 2988 legationem,
1741 2919 1981 2975 dicentes

397 3039 458 3081 se
483 3023 624 3077 nolle
648 3033 704 3076 ut
724 3027 910 3089 regnet
933 3017 1056 3080 sibi.
1083 3016 1252 3072 Judmi
1273 3025 1415 3082 sunt,
1447 3015 1536 3085 qui
1568 3015 1726 3068 etiam
1755 3024 1872 3084 post
1899 3029 1968 3069 re-

395 3115 780 3170 surrectionem
811 3109 925 3180 ejus
951 3107 1212 3162 miserunt
1241 3115 1614 3175 persecutores
1641 3105 1910 3174 Apostolis
1935 3103 1975 3171 ί,

397 3213 453 3259 et
473 3199 905 3273 medicationem
937 3197 1208 3266 Evangelii
1233 3205 1567 3266 respuerunt.
1597 3195 1772 3250 Rediit
1799 3205 1978 3249 autem

396 3301 616 3362 accepto
639 3304 823 3360 regno,
847 3292 968 3357 quia
995 3287 1046 3356 in
1079 3285 1509 3340 manifestissima
1536 3295 1589 3339 et
1613 3285 1977 3340 eminentissi-

395 3397 481 3439 ma
511 3381 752 3436 claritate
776 3387 1029 3433 venturus
1072 3383 1156 3430 est
1178 3415 1192 3442 ,
1235 3376 1322 3445 qui
1351 3377 1428 3430 eis
1455 3375 1669 3430 humilis
1698 3377 1975 3445 apparuit,

395 3487 519 3530 cum
565 3471 796 3534 diceret,
846 3468 1078 3539 Regnum
1119 3483 1284 3520 meum
1322 3483 1422 3520 non
1467 3477 1538 3520 est
1568 3467 1630 3530 de
1655 3467 1748 3520 hoc
1790 3453 1978 3523 mundo

396 3565 577 3634 (Joan.
609 3577 771 3626 xvnt,
794 3561 904 3630 36).
933 3557 1084 3626 Quod
1115 3568 1292 3612 autem
1319 3559 1457 3612 servi
1490 3558 1770 3612 reddentes
1809 3560 1978 3615 ratio-

395 3669 520 3709 nem
549 3669 615 3709 ex
656 3667 722 3707 eo
767 3651 906 3722 quod
953 3659 1297 3719 acceperant,
1345 3649 1628 3704 laudantur
1660 3655 1750 3720 qui
1791 3651 1977 3706 lucrati

393 3754 536 3809 sunt,
566 3743 826 3815 signiﬁcat
845 3756 939 3797 eos
967 3741 1157 3796 bonam
1186 3739 1408 3796 reddere
1426 3741 1707 3806 rationem,
1731 3741 1818 3811 qui
1842 3741 1978 3798 bene

390 3837 474 3894 usi
499 3847 622 3892 sunt
641 3853 705 3890 eo
727 3835 864 3906 quod
895 3840 1235 3904 acceperunt,
1261 3831 1326 3887 ad
1347 3831 1616 3902 augendas
1643 3833 1853 3888 divitias
1881 3834 1978 3888 Do-

391 3929 520 3984 mini
546 3942 640 3998 per
665 3941 758 3982 eos
783 3927 872 3996 qui
901 3925 1123 3980 credunt
1147 3925 1204 3978 in
1221 3939 1364 3978 cum.
1393 3923 1545 3990 Quod
1574 3925 1660 3994 qui
1685 3925 1854 3980 facere
1876 3940 1974 3980 no-

391 4021 526 4086 lunt,
553 4018 606 4072 in
625 4018 718 4072 illo
743 4017 1024 4087 signiﬁcati
1043 4015 1272 4084 suntqui
1295 4029 1473 4068 mnam
1501 4030 1652 4070 suam
1679 4016 1730 4069 in
1758 4016 1974 4071 sudario

390 4112 639 4169 servavit.
689 4110 821 4166 Sunt
863 4107 1004 4162 enim
1054 4107 1296 4161 homines
1335 4105 1434 4161 hac
1483 4107 1582 4162 sibi
1627 4109 1974 4178 perversitate

391 4203 721 4258 blandientes
746 4211 803 4254 ut
831 4199 1009 4253 dicant
1042 4215 1054 4250 :
1085 4196 1295 4254 Suflicit
1334 4205 1390 4251 ut
1427 4197 1495 4252 de
1521 4213 1579 4252 se
1609 4199 1971 4270 unusquisque

390 4293 652 4349 rationem
681 4289 901 4355 reddat;
947 4287 1073 4357 quid
1113 4302 1247 4358 opus
1287 4297 1366 4343 est
1395 4283 1513 4343 aliis
1557 4288 1848 4358 prtedicare
1879 4299 1973 4344 aut

391 4385 692 4439 ministrare
715 4423 731 4450 ,
777 4389 832 4436 ut
858 4381 1014 4435 etiam
1043 4379 1108 4434 de
1135 4379 1264 4448 ipsis
1290 4379 1514 4435 reddere
1541 4381 1798 4435 rationem
1824 4382 1971 4452 quis-

389 4489 494 4546 que
540 4483 795 4545 c0gatur,
851 4487 972 4528 eum
1020 4471 1159 4540 apud
1201 4471 1482 4528 Dominum
1535 4473 1694 4528 etiam
1739 4474 1816 4528 illi
1862 4475 1968 4530 sint

388 4563 778 4620 inexcusabiles
801 4563 991 4632 quibus
1013 4559 1120 4616 Lex
1153 4559 1272 4615 data
1296 4577 1402 4616 non
1434 4570 1514 4616 est
1533 4604 1547 4626 ,
1591 4578 1761 4634 neque
1787 4565 1969 4622 audito

387 4655 677 4726 Evangelio
703 4653 1072 4718 dormierunt,
1123 4653 1244 4721 quia
1275 4667 1371 4722 per
1387 4661 1689 4708 creaturam
1721 4663 1970 4724 poterant

387 4759 711 4816 cognoscere
737 4743 1042 4797 Creatorem
1068 4782 1083 4808 ,
1112 4739 1262 4811 cujus
1292 4741 1571 4797 invisibilia
1597 4785 1611 4810 ,
1643 4758 1672 4798 a
1708 4747 1969 4801 constitu-

385 4837 528 4892 tione
556 4832 755 4896 mundi,
789 4849 883 4902 per
909 4847 971 4887 ea
997 4847 1115 4902 qua:
1143 4831 1276 4886 facta
1299 4841 1441 4901 sunt,
1469 4833 1734 4888 intellecta
1751 4837 1966 4906 conspi-

383 4928 592 4983 ciuntur
613 4925 791 4991 (Rom.
823 4941 876 4990 ι,
903 4921 1034 4994 20)?
1059 4923 1170 4978 [Ioc
1195 4933 1278 4978 est
1303 4923 1442 4978 enim
1473 4926 1620 4995 quasi
1652 4937 1852 4984 metere
1873 4929 1964 4986 ubi

385 5033 488 5072 non
519 5015 832 5078 seminavit;
883 5013 934 5066 id
965 5022 1079 5080 est,
1112 5015 1272 5068 etiam
1301 5029 1394 5068 eos
1421 5014 1707 5084 impietatis
1735 5033 1855 5073 reos
1882 5029 1963 5074 te-

384 5125 542 5172 nere,
593 5109 784 5179 quibus
819 5109 1036 5163 verbum
1067 5107 1220 5177 chis
1247 5116 1335 5162 aut
1373 5107 1641 5178 Evangelii
1669 5126 1772 5164 non
1802 5113 1960 5165 ruini-

383 5207 607 5254 stratum
627 5207 728 5255 est.
754 5199 864 5254 Iloe
893 5207 1069 5254 autem
1090 5200 1250 5254 veluti
1281 5200 1573 5270 periculum
1597 5200 1780 5270 jndicii
1810 5203 1959 5258 devi-

316 5323 320 5328 -
385 5301 598 5357 tantes,
636 5293 787 5362 pigro
816 5292 1068 5363 languore
1121 5309 1150 5346 a
1194 5293 1340 5348 verbi
1394 5293 1787 5351 ministratione
1828 5310 1960 5349 con-

378 5383 694 5456 quiescunt;
740 5393 792 5437 et
835 5383 936 5440 hoc
975 5395 1056 5438 est
1103 5385 1252 5454 quasi
1305 5384 1357 5438 in
1388 5383 1601 5440 sudario
1631 5385 1790 5456 ligare
1819 5389 1958 5457 quod

380 5481 718 5546 acceperunt;
741 5473 972 5528 Mensam
997 5487 1103 5544 quo
1131 5472 1300 5528 danda
1323 5483 1434 5528 erat
1460 5476 1680 5546 pecunia
1703 5517 1717 5542 ,
1747 5475 1958 5547 profes-

379 5568 586 5622 sionem
616 5566 782 5636 ipsam
817 5564 1088 5634 religionis
1111 5563 1421 5634 accipimus,
1445 5581 1564 5636 qute
1587 5576 1834 5637 tanquam
1863 5583 1960 5638 pu-

443 5699 458 5728 ¹
487 5704 582 5747 nat.
603 5697 781 5764 et__duo
813 5705 939 5758 Mss,
971 5696 1268 5764 inmiserunt
1305 5699 1908 5764 persecutioncs__;tpostolis
1936 5715 1956 5754 :

379 5771 591 5824 moxque
609 5759 689 5809 alii
715 5769 819 5810 tres
841 5773 870 5810 e
891 5765 1078 5821 uss.,et
1101 5759 1443 5824 prtediccitores
1461 5759 1728 5826 Evangelii,
1744 5773 1836 5814 etc.

1290 325 1744 397 QU.~ESTIONU.\I
1788 317 2344 389 EVANGELIURUM,
2385 323 2444 380 S.
2485 325 2846 384 AUGUSTINI

3539 323 3563 378 I
3575 321 3678 379 360

2094 431 2231 492 biice
2255 443 2568 510 proponitur
2611 439 2677 496 ad
2707 447 2861 496 usum
2907 439 3266 496 necessarium
3297 437 3471 493 saluti.
3521 435 3676 506 Quod

2094 539 2270 585 autem
2299 546 2434 586 unus
2459 543 2646 588 eorum
2670 535 2758 606 qui
2787 535 2922 590 bene
2947 535 3027 590 usi
3053 543 3174 589 sunt
3190 577 3205 602 ,
3236 533 3420 588 decem
3443 535 3672 603 acquisi-

2095 622 2189 688 vit,
2223 633 2276 679 et
2303 625 2438 704 alter
2466 627 2728 700 quinque,
2758 627 3021 700 signiﬁcat
3043 643 3137 686 eos
3167 643 3286 684 esse
3312 629 3598 697 acquisitos
3619 628 3675 684 in

2093 725 2306 785 gregem
2337 715 2460 782 Dei,
2501 731 2530 771 a
2555 719 2744 788 quibus
2767 719 2880 790 ipsa
2909 719 3018 776 Lex
3055 729 3148 789 per
3164 719 3386 790 gratiam
3410 718 3676 774 intellecta

2093 814 2204 870 cst;
2237 806 2350 862 sive
2377 809 2500 877 quia
2525 809 2788 882 Decalogo
2824 811 3144 877 continetur,
3184 810 3296 865 sive
3324 809 3445 880 quia
3467 809 3552 864 ille
3581 823 3679 879 per

2092 903 2248 964 quem
2282 897 2384 952 lata
2407 907 2508 966 est,
2533 899 2698 956 libros
2721 901 2954 973 quinque
2972 902 3319 974 conscripsit:
3349 902 3414 958 ad
3433 902 3534 958 hoc
3555 911 3679 972 per-

2093 987 2259 1042 tinent
2287 997 2340 1044 et
2361 989 2544 1046 decem
2566 1000 2619 1047 et
2645 993 2877 1064 quinque
2901 995 3165 1061 civitates,
3191 993 3383 1064 quibus
3409 1008 3503 1049 eos
3529 1009 3670 1064 prae-

2092 1079 2256 1146 ponit.
2287 1080 2650 1152 Mulliplieatio
2673 1083 2815 1138 enim
2852 1085 3213 1154 intelligentiae
3257 1085 3310 1140 in
3349 1085 3462 1155 ipsa
3503 1085 3677 1140 varie-

2092 1177 2219 1237 tate,
2247 1187 2370 1242 quae
2405 1173 2471 1228 de
2498 1190 2815 1246 unoquoque
2843 1188 3111 1247 przecepto
3137 1177 3222 1233 vel
3261 1177 3328 1232 de
3355 1187 3676 1248 unoquoque

2092 1259 2226 1316 libro
2257 1263 2498 1332 pullulat,
2533 1265 2598 1320 ad
2631 1283 2794 1322 unum
2825 1267 3036 1322 redacta
3057 1311 3069 1332 ,
3093 1268 3240 1338 quasi
3262 1269 3528 1322 civitatem
3551 1267 3675 1322 facit

2091 1354 2378 1410 viventium
2407 1359 2668 1414 rationum
2689 1369 3028 1414 (uernarum.
3049 1361 3138 1414 Es1
3170 1361 3312 1416 enim
3334 1361 3541 1427 civitas,
3565 1375 3674 1416 non

2089 1447 2444 1515 quorumlibet
2469 1449 2838 1516 animantium,
2868 1451 2962 1506 sed
2994 1451 3327 1506 rationa‘lium
3360 1451 3662 1518 multitudo,

2090 1537 2220 1608 legis
2251 1539 2405 1594 uniUs
2433 1541 2684 1597 societate
2705 1541 2976 1598 devincta.
2997 1543 3148 1611 Quod
3175 1552 3347 1597 autem
3378 1543 3444 1598 ab
3469 1543 3558 1597 illo
3582 1543 3674 1613 qui

2091 1631 2164 1684 uti
2195 1631 2399 1697 noluit,
2446 1634 2684 1689 aufertur
2722 1635 2860 1705 quod
2888 1643 3199 1706 acecpem‘t,
3235 1645 3282 1692 et
3323 1637 3372 1691 ei
3398 1636 3554 1691 datur
3579 1636 3670 1706 qui

2089 1719 2272 1775 decem
2301 1723 2564 1789 habebat,
2595 1719 2922 1795 significatur
2955 1735 3008 1780 ct
3051 1727 3197 1780 illum
3233 1740 3400 1796 posse
3425 1726 3673 1780 amittere

2089 1825 2281 1866 munus
2312 1813 2425 1880 Dei,
2449 1815 2537 1884 qui
2567 1815 2768 1871 habens
2797 1827 2902 1870 non
2932 1817 3110 1884 habet,
3145 1817 3194 1872 id
3222 1828 3301 1872 est
3331 1831 3436 1872 non
3463 1817 3665 1879 utitur;

2089 1913 2142 1958 et
2168 1905 2219 1958 in
2249 1921 2313 1960 eo
2341 1913 2524 1976 augeri
2548 1909 2635 1978 qui
2667 1909 2866 1964 habens
2892 1910 3070 1976 habet,
3103 1909 3202 1965 hoc
3225 1919 3307 1966 est
3333 1909 3468 1963 bene
3485 1909 3671 1963 utitur.

2091 1995 2338 2052 hinniens
2366 2013 2494 2067 ergo
2542 2014 2667 2054 suos
2705 2015 2840 2069 quos
2885 2001 3037 2074 jubet
3087 2015 3264 2055 coram
3309 2015 3368 2055 se
3411 2000 3671 2066 interfici,

2088 2089 2348 2158 significat
2379 2091 2700 2162 impietatem
2728 2092 3032 2148 Judzeorum
3063 2094 3150 2164 qui
3180 2093 3247 2147 ad
3275 2109 3396 2149 eum
3429 2094 3670 2148 converti

2089 2183 2395 2237 noluerunt.

2158 2274 2362 2330 XLVII.
2387 2275 2485 2350 [Ib.
2517 2293 2645 2332 xvm
2665 2320 2680 2346 ,
2711 2275 2924 2352 25—27.]
2954 2277 3088 2346 Quid
3110 2287 3192 2334 est
3217 2276 3360 2349 quod
3388 2277 3494 2344 ait,
3523 2270 3675 2331 Fati--

2089 2363 2187 2421 lius
2207 2377 2276 2423 est
2295 2368 2542 2422 camelum
2571 2387 2660 2440 per
2685 2370 2912 2439 foramen
2941 2386 3060 2424 acus
3081 2371 3296 2423 transire
3315 2411 3331 2435 ,
3360 2385 3509 2437 quam
3539 2367 3674 2422 diei-

2089 2469 2183 2512 tcm
2209 2461 2398 2514 intrare
2425 2460 2474 2513 in
2502 2469 2712 2532 regnum
2743 2455 2878 2516 Dei?
2913 2461 3142 2516 Divitem
3171 2461 3254 2515 hic
3277 2461 3507 2530 appellat
3526 2460 3676 2530 cupi:

2086 2545 2210 2602 dum
2239 2561 2416 2604 rerum
2447 2543 2815 2621 temporalium
2853 2555 2908 2607 et
2941 2553 3006 2608 de
3037 2552 3224 2606 ta’libus
3251 2551 3671 2621 superbientem.
3771 2563 3778 2572 '

2085 2639 2179 2696 Ilis
2201 2641 2448 2696 divitibus
2477 2645 2727 2698 contrarii
2760 2653 2882 2698 sunt
2919 2659 3180 2714 pauperes
3209 2645 3415 2714 spiritu,
3445 2652 3674 2714 quorum

2085 2739 2167 2786 est
2191 2747 2409 2802 regnum
2436 2734 2689 2788 malorum
2718 2733 2929 2806 (Matth.
2951 2751 3002 2797 v,
3028 2733 3106 2805 5).
3129 2733 3260 2789 Nam
3282 2750 3346 2790 eo
3367 2733 3676 2789 manifesta-

2087 2827 2169 2876 [υτ
2193 2836 2379 2878 omnes
2415 2823 2665 2893 cupidos,
2694 2824 2900 2879 etiamsi
2941 2824 3274 2879 facultatibus
3305 2825 3462 2894 hujus
3490 2823 3673 2880 mundi

2084 2925 2300 2970 careant
2322 2957 2336 2980 ,
2364 2916 2426 2970 ad
2449 2916 2546 2970 hoc
2573 2931 2736 2986 genus
2764 2917 2981 2972 divitum
3009 2917 3148 2986 quod
3178 2925 3259 2971 est
3287 2915 3671 2986 reprehensum

2084 3007 2376 3077 pertinere;
2410 3009 2530 3077 quia
2583 3019 2763 3078 postea
2812 3009 3055 3062 dixerunt
3100 3009 3187 3078 qui
3233 3007 3554 3072 audiebant,
3603 3005 3672 3060 Et

2082 3097 2194 3168 quis
2223 3100 2402 3170 poterit
2430 3085 2606 3153 salvus
2645 3100 2794 3168 ﬁeri?
2831 3115 2950 3154 cum
2996 3100 3474 3168 incomparabiliter
3504 3098 3672 3168 major

2085 3189 2240 3244 turba
2264 3189 2332 3244 sit
2361 3205 2647 3260 pauperum
2675 3209 2687 3244 :
2721 3191 2967 3246 videlicet
2995 3191 3348 3261 intelligentes
3371 3191 3421 3244 in
3457 3205 3520 3245 eo
3559 3201 3668 3244 nu-

2083 3297 2232 3338 mero
2256 3281 2494 3352 deputari
2523 3284 2680 3338 etiam
2713 3285 2828 3339 illos
2854 3283 2942 3353 qui
2968 3293 3265 3354 quanquam
3297 3284 3420 3337 talia
3443 3291 3552 3337 non
3585 3283 3672 3336 ha-

2081 3373 2275 3440 beant,
2323 3381 2500 3429 tamen
2550 3373 2776 3429 habendi
2805 3375 3091 3445 cupiditate
3133 3373 3425 3442 rapiuntur.
3469 3373 3672 3428 Sensus

2081 3474 2165 3520 est
2191 3475 2366 3520 autem
2389 3508 2404 3533 ,
2429 3465 2629 3521 facilius
2651 3465 2916 3521 Christum
2951 3467 3055 3536 pati
3089 3481 3182 3535 pro
3205 3463 3548 3530 dilectoribus
3569 3479 3671 3519 sm-

2081 3556 2186 3610 culi
2211 3599 2225 3622 ,
2258 3571 2413 3627 quam
2441 3557 2724 3612 dilectores
2747 3557 2928 3611 smculi
2967 3555 3032 3611 ad
3059 3556 3323 3612 Christum
3356 3569 3513 3624 posse
3540 3569 3664 3608 cen-

2080 3649 2234 3703 Verti.
2263 3649 2462 3704 Cameli
2501 3659 2674 3704 autem
2705 3648 2919 3704 nomine
2957 3663 3016 3705 se
3056 3649 3274 3718 intelligi
3313 3647 3512 3714 Voluit,
3542 3648 3666 3716 quia

2083 3739 2386 3796 humiliatus
2435 3757 2594 3796 onera
2643 3743 2872 3796 sustulit.
2922 3741 2977 3796 In
3023 3758 3126 3813 quo
3156 3742 3296 3796 enim
3335 3740 3667 3796 manifestius

2029 3831 2421 3903 intelligitur,
2485 3847 2641 3904 quam
2705 3833 2757 3888 in
2820 3835 2974 3904 ipso,
3038 3833 3176 3904 quod
3237 3833 3488 3900 scriptum
3547 3841 3663 3896 ρει.

2083 3922 2282 3988 Quanto
2307 3939 2516 3996 magnus
2545 3940 2628 3990 es,
2657 3923 2866 3978 humilia
2899 3933 2946 3979 te
2989 3924 3042 3977 in
3085 3921 3309 3976 omnibus
3333 3920 3518 3992 (Eccli.
3567 3933 3626 3976 ut
3647 3962 3664 3988 ,

2080 4015 2215 4086 ΞΟΠ
2237 4017 2338 4071 Per
2363 4031 2515 4070 acum
2544 4024 2718 4071 autem
2736 4015 3076 4087 ,puuctiones
3101 4013 3388 4084 signiﬁcat;
3415 4029 3508 4084 per
3531 4028 3668 4083 pun-

2078 4109 2281 4162 ctiones
2305 4148 2318 4170 ,
2351 4106 2559 4162 dolores
2591 4109 2640 4162 in
2665 4107 2908 4178 passione
2931 4114 3204 4176 susceptos
3228 4123 3240 4158 :
3271 4103 3508 4158 foramen
3537 4119 3665 4172 ergo

2077 4214 2202 4253 acus
2233 4199 2357 4252 dicit
2385 4200 2651 4270 angustias
2691 4199 2970 4271 passionis.
3000 4198 3152 4266 Quod
3189 4207 3365 4252 autem
3393 4196 3467 4250 ait
3489 4238 3503 4262 ,
3536 4195 3666 4261 Quae

2076 4289 2405 4359 impossibilia
2451 4301 2566 4346 sunt
2611 4295 2748 4362 apud
2790 4293 3044 4360 homines,
3086 4291 3344 4364 possibilia
3383 4297 3500 4345 sunt
3526 4287 3666 4360 apud

2077 4382 2274 4450 Deum,
2315 4401 2420 4438 non
2452 4385 2522 4439 ita
2563 4385 2932 4455 accipiendum
2971 4394 3084 4452 est,
3115 4383 3253 4454 quod
3280 4383 3456 4452 cupidi
3482 4391 3536 4439 et
3566 4399 3660 4436 su-

2076 4473 2258 4543 perbi,
2286 4475 2374 4544 qui
2419 4475 2632 4530 neruine
2676 4475 2816 4530 illius
2857 4475 3035 4530 divitis
3078 4474 3355 4546 significati
3402 4481 3554 4538 sunt,
3605 4473 3662 4528 in

2073 4581 2294 4637 regnum
2316 4567 2571 4622 caelorum
2603 4566 2708 4621 sint
2735 4568 2974 4622 intraturi
3001 4581 3120 4621 cum
3146 4567 3255 4622 suis
3284 4565 3662 4634 cupiditatibus

2073 4667 2128 4714 et
2166 4649 2412 4729 superbia
2457 4675 2472 4713 :
2517 4656 2610 4714 sed
2643 4658 2891 4727 possibile
2918 4666 3000 4711 est
3029 4657 3168 4720 Deo,
3199 4664 3257 4710 ut
3301 4671 3398 4725 per
3437 4654 3659 4708 verbum

2071 4749 2188 4821 ejus
2207 4791 2222 4815 ,
2246 4751 2380 4805 sicut
2406 4757 2459 4805 et
2485 4749 2592 4820 jam
2617 4749 2807 4804 factum
2831 4764 2949 4803 esse
2967 4789 2981 4814 ,
3009 4757 3062 4802 ct
3086 4749 3244 4802 etiam
3275 4745 3512 4817 quotidie
3541 4743 3658 4800 fieri

2072 4840 2344 4906 videmus,
2398 4855 2428 4895 a
2471 4839 2758 4910 cupiditate
2809 4838 3174 4907 temporalium
3223 4836 3288 4891 ad
3343 4836 3656 4892 cltaritatcm

2069 4937 2418 5000 mternorum,
2449 4939 2502 4987 et
2531 4947 2560 4986 a
2599 4931 2892 5002 perniciosa
2921 4929 3165 5001 superbia
3199 4929 3264 4984 ad
3302 4927 3655 4984 humilitatem

2067 5023 2472 5080 saluberrimam
2498 5031 2891 5079 eonvertantar.

2137 5106 2364 5168 XLVIII.
2411 5112 2512 5186 [lh.
2539 5123 2668 5167 xvtn
2695 5153 2710 5180 ,
2759 5110 2970 5185 35-43.]
3019 5113 3302 5168 Posscmus
3338 5111 3405 5167 de
3433 5111 3656 5182 propin-

2065 5205 2348 5274 quantibus
2389 5203 2456 5259 ad
2503 5203 2716 5260 Jericbo
2759 5207 2837 5261 sic
2893 5205 3223 5276 intelligere,
3272 5213 3329 5259 ut
3369 5203 3478 5274 jam
3529 5204 3654 5260 inde

2065 5296 2300 5366 egressi,
2331 5311 2494 5366 prope
2521 5305 2693 5352 tamen
2717 5297 2890 5364 adhuc
2909 5305 3088 5353 essent
3113 5299 3178 5351 ad
3202 5311 3318 5352 eam
3345 5296 3648 5352 civitatem:

2064 5387 2204 5458 quod
2231 5387 2442 5458 quidem
2482 5387 2657 5443 minus
2685 5389 2877 5444 usitate
2902 5386 3114 5452 dicitur,
3147 5387 3243 5442 sed
3273 5398 3448 5443 tamen
3481 5387 3653 5443 videri

2065 5481 2233 5550 possit
2261 5482 2360 5536 hoc
2387 5481 2614 5548 dictum,
2643 5481 2892 5552 quoniam
2935 5480 3213 5537 Matthmus
3257 5481 3654 5552 egredientibus

2064 5571 2143 5628 eis
2173 5573 2239 5627 ab
2263 5573 2476 5628 Jericho
2510 5574 2637 5628 dicit
2678 5573 3000 5627 illuminatos
3023 5571 3157 5627 duos
3184 5587 3353 5626 caicos
3378 5571 3466 5641 qui
3497 5571 3650 5640 juxta

2063 5665 2198 5718 viam
2225 5663 2476 5719 sedebant
2501 5663 2711 5734 (Matth.
2739 5679 2809 5718 xx
2833 5705 2848 5730 ,
2869 5663 3085 5732 99-34).
3111 5663 3184 5717 De
3214 5677 3431 5717 nuniero
3451 5661 3650 5731 quippe

2062 5755 2204 5811 nulla
2234 5765 2314 5810 est
2333 5757 2554 5826 quaestio
2573 5797 2587 5824 ,
2621 5755 2664 5810 si
2689 5755 2822 5811 alter
2851 5753 3308 5825 Evargelistarum
3337 5751 3406 5808 de
3432 5765 3540 5806 uno
3565 5757 3648 5806 ta-
