4074 6502
351 440 481 496 1381

345 554 491 617 cuit,
539 548 696 605 unius
738 546 1105 604 reminiscens.
1156 545 1285 601 Nam
1325 544 1482 599 etiam
1531 542 1735 597 Marcus
1775 555 1936 595 unum

345 647 731 697 commemorat
751 679 767 704 .
797 651 920 691 cum
945 646 1001 693 et
1037 636 1153 705 ipse
1186 633 1578 706 egredientibus
1604 631 1684 686 eis
1710 631 1779 685 ab
1805 630 1939 687 Jeni-

346 734 454 789 cho
472 732 617 787 dicat
646 729 1000 784 illuminatum
1025 768 1041 792 ,
1072 726 1224 796 cujus
1260 733 1313 780 et
1342 739 1535 778 nomen
1580 723 1711 778 dixit
1750 731 1805 778 et
1847 737 1940 791 pa.

348 833 484 881 trem
515 820 707 894 (Marc.
736 837 769 876 χ
790 818 1024 889 ..ιϐ-59.)
1058 836 1073 873 :
1118 826 1174 872 ut
1209 815 1560 887 intelligamus
1602 830 1725 870 eum
1776 813 1939 869 fuisse

346 915 685 970 notissimum
706 952 720 975 ,
752 910 978 965 alterum
1018 910 1253 979 ignotum
1279 948 1293 972 ,
1324 916 1385 961 ut
1425 906 1614 959 merito
1652 904 1744 960 ille
1783 915 1939 958 notus

345 1007 505 1061 etiam
532 1003 680 1059 solus
706 1000 958 1057 decenter
983 1006 1511 1054 commemoraretur.
1551 994 1657 1050 Sed
1689 994 1935 1064 quoniam

344 1116 467 1171 qua:
494 1103 895 1167 consequuntur
940 1093 993 1146 in
1032 1090 1319 1160 Evangelio
1361 1087 1657 1145 secundum
1703 1088 1896 1141 Lucam
1920 1127 1935 1153 ,

348 1190 692 1261 apertissime
730 1184 1019 1241 ostendunt
1060 1182 1187 1237 illud
1213 1181 1355 1251 quod
1400 1180 1515 1250 ipse
1562 1186 1739 1233 narrat
1765 1176 1939 1232 adhuc

345 1280 686 1336 venientibus
706 1278 784 1332 cis
811 1275 1025 1331 Jericho
1048 1272 1244 1328 factum
1274 1286 1423 1336 esse;
1456 1269 1587 1332 nihil
1613 1268 1754 1323 aliud
1773 1276 1940 1331 restat

344 1373 648 1443 intelligere
667 1411 683 1435 ,
716 1368 815 1423 nisi
859 1366 941 1421 bis
971 1380 1089 1420 esse
1119 1364 1310 1418 factum
1341 1362 1442 1416 hoc
1472 1360 1779 1416 miraculum
1802 1400 1817 1424 ,
1855 1375 1940 1414 se-

342 1466 455 1520 mel
487 1466 539 1518 in
564 1478 668 1518 uno
694 1475 836 1527 οωρο
855 1501 870 1527 ,
900 1458 1039 1527 dum,
1068 1456 1241 1521 adhuc
1267 1455 1469 1521 veniret
1497 1454 1551 1509 in
1580 1454 1720 1515 illam
1750 1452 1939 1515 civita-

343 1567 455 1611 tem
478 1597 493 1617 ,
528 1564 583 1609 et
613 1554 801 1607 iterum
832 1551 883 1604 in
929 1548 1137 1603 duobus
1161 1562 1278 1601 cum
1311 1545 1433 1600 inde
1460 1543 1804 1615 egrederetur
1838 1561 1850 1597 :
1884 1551 1941 1596 ut

342 1648 476 1702 illud
504 1662 668 1699 unum
699 1644 899 1708 Lucas,
922 1640 1050 1697 illud
1076 1639 1299 1695 alterum
1322 1636 1599 1692 Matthaens
1626 1645 1933 1700 enarraret;

341 1753 523 1807 neque
565 1736 666 1789 hoc
707 1735 825 1789 sine
858 1732 1036 1802 aliquo
1076 1737 1430 1785 sacramento.
1461 1727 1515 1783 Si
1558 1727 1699 1783 enim
1726 1726 1939 1781 Jericho

341 1829 586 1893 Lunam,
617 1834 671 1880 et
700 1824 769 1878 ob
800 1823 899 1876 hoc
924 1819 1298 1875 mortalitatem
1320 1819 1746 1887 interpretamur,
1779 1816 1935 1870 morti

338 1920 713 1990 propinquans
739 1912 990 1968 Dominus
1011 1954 1025 1978 ,
1056 1910 1255 1965 Judacis
1283 1910 1413 1966 solis
1442 1909 1621 1963 lumen
1666 1907 1937 1976 Evangelii

335 2012 579 2082 iusserat
611 2004 919 2077 przedicari,
963 2019 1095 2074 quos
1141 2001 1453 2072 signiﬁcavit
1491 2000 1578 2054 ille
1609 2013 1743 2063 unus
1768 2013 1939 2063 033C118

337 2118 501 2173 quem
531 2101 699 2155 Lucas
719 2104 1147 2162 commemorat:
1181 2110 1210 2158 ει
1246 2102 1416 2147 morte
1449 2102 1623 2155 autem
1656 2106 1941 2162 resurgens

338 2206 502 2264 atque
521 2190 821 2255 discedens,
840 2201 894 2246 et
920 2189 1118 2248 Judxis
1141 2196 1195 2242 et
1214 2185 1496 2252 Gentibus,
1526 2199 1659 2255 quos
1680 2183 1815 2238 duos
1848 2199 1941 2253 po-

338 2288 502 2365 pulos
550 2284 851 2356 signiﬁcare
896 2282 1143 2337 videntur
1177 2278 1284 2334 duo
1316 2276 1877 2341 caecicommcmorati
1907 2292 1936 2330 a

341 2376 621 2437 hlattlttco.

415 2468 523 2542 [lb.
552 2484 643 2523 xix
667 2509 682 2534 ,
712 2467 780 2522 45
799 2508 812 2531 ,
835 2463 948 2538 46]
973 2464 1045 2539 (τι)
1072 2463 1346 2533 Templum
1374 2462 1425 2517 in
1461 2462 1743 2533 Evangelio
1768 2461 1938 2533 ipsum

341 2559 621 2614 hominem
644 2557 933 2627 intelliges,
957 2556 1041 2610 vel
1066 2556 1225 2609 etiam
1255 2554 1505 2624 adjuncto
1532 2569 1755 2624 corpore
1789 2554 1903 2623 ejus
1921 2596 1935 2620 ,

338 2649 483 2727 rpiod
505 2659 588 2703 est
613 2648 870 2703 Ecclesia.
898 2646 1198 2709 Secundum
1225 2658 1401 2700 autem
1434 2645 1557 2700 illud
1579 2644 1719 2717 quod
1741 2654 1822 2700 est
1845 2661 1939 2699 ca-

340 2752 437 2815 put
477 2740 763 2804 Ecclesiae,
804 2738 999 2801 dictum
1036 2746 1137 2804 est,
1172 2735 1359 2795 Solvite
1385 2736 1628 2806 templum
1650 2735 1777 2800 hoc,
1814 2745 1859 2788 et
1888 2737 1940 2790 in

341 2835 513 2889 triduo
542 2832 792 2888 suscitabo
821 2831 966 2885 illud.
1004 2828 1307 2885 Secundum
1338 2828 1389 2882 id
1437 2843 1566 2883 vero
1594 2827 1735 2899 quod
1778 2828 1938 2887 etiam

342 2927 597 2996 adjuncta
646 2924 885 2979 Ecclesia
938 2922 1246 2993 intelligitur
1278 2920 1532 2990 templum
1556 2962 1570 2984 ,
1603 2920 1811 2974 videtur
1854 2919 1949 2973 di-.

343 3019 522 3083 xisse,
547 3017 755 3087 Auferte
778 3018 873 3081 ista
906 3017 1020 3069 hinc
1054 3032 1079 3077 :7
1097 3016 1336 3087 scriptum
1362 3024 1433 3067 est
1453 3056 1468 3079 ,
1499 3012 1689 3067 Domus
1711 3030 1819 3071 ritca
1848 3014 1941 3066 do-

345 3129 457 3172 mus
483 3112 728 3175 orationis
755 3109 1045 3175 vocabitur;
1074 3126 1158 3164 vos
1179 3119 1345 3163 autem
1384 3110 1570 3179 fecistis
1595 3125 1703 3163 eam
1732 3109 1938 3163 domum

345 3203 736 3275 negotiationis,
783 3201 866 3257 vel
910 3200 1200 3272 speluncam
1231 3199 1487 3262 latronum
1524 3198 1704 3266 (Joan.
1733 3216 1805 3267 ιι,
1840 3200 1936 3267 19,

358 3296 469 3364 16).
494 3293 820 3365 Signiﬁcavit
836 3292 977 3348 enim
1006 3291 1210 3356 futuros
1244 3291 1295 3345 in
1324 3290 1583 3354 Ecclesia,
1609 3290 1699 3360 qui
1722 3305 1815 3345 sua
1840 3305 1940 3346 ne~

347 3385 489 3454 gotia
536 3383 713 3454 potius
739 3391 990 3453 agerent,
1030 3382 1114 3436 vel
1159 3380 1548 3451 receptaculum
1581 3380 1650 3435 ibi
1679 3379 1941 3436 baberent

344 3475 412 3530 ad
432 3474 745 3533 occultanda
777 3473 977 3529 scelera
1016 3487 1108 3526 sua
1127 3512 1143 3539 ,
1174 3487 1329 3541 quam
1359 3478 1416 3525 ut
1439 3471 1754 3528 charitatetn
1776 3471 1935 3528 Chri-

345 3566 417 3619 szi
447 3573 821 3635 sequerentur,
867 3572 923 3619 et
966 3571 1305 3633 peccatorum
1347 3563 1682 3620 confessione
1721 3574 1939 3636 accepta

347 3656 505 3710 venia
532 3656 944 3725 corrigerentur.

422 3744 613 3799 XLlX.
639 3744 735 3817 [lb.
766 3761 873 3811 xx,
906 3743 1019 3817 '56.]
1051 3744 1126 3799 Ad
1175 3744 1225 3799 id
1255 3744 1397 3815 quod
1439 3746 1602 3812 dixit,
1648 3747 1771 3803 Non
1808 3749 1938 3803 enim

347 3837 498 3890 ultra
524 3836 759 3907 incipiunt
784 3838 950 3901 mori;
987 3836 1108 3906 quia
1139 3837 1401 3892 connubia
1433 3846 1649 3908 propter
1673 3838 1840 3905 ﬁlios,
1873 3839 1939 3893 ﬁ-

350 3928 407 3981 lii
442 3936 660 3998 propter
678 3928 1071 3983 successionem
1093 3969 1106 3991 ,
1136 3927 1405 3983 successio
1430 3938 1647 3998 propter
1666 3940 1890 3993 mortem
1921 3951 1935 3988 :

350 4019 441 4072 ubi
478 4033 609 4089 ergo
650 4033 794 4074 mors
822 4033 928 4073 non
959 4025 1074 4086 est,
1105 4033 1276 4087 neque
1313 4018 1770 4081 connubia._Sieut
1797 4022 1938 4081 enim

351 4124 494 4164 nunc
514 4123 693 4163 sermo
717 4118 899 4164 noster
925 4108 1302 4164 decedentibus
1330 4116 1384 4162 et
1404 4108 1809 4173 succedentibus
1833 4111 1941 4184 syl-

351 4199 489 4254 labis
529 4200 798 4269 peragitur
839 4207 999 4269 atque
1046 4197 1317 4266 perﬁcitur
1346 4216 1359 4252 :
1389 4199 1459 4253 ita
1488 4209 1541 4254 et
1571 4201 1669 4272 ipsi
1700 4201 1941 4259 homines

352 4303 581 4358 quorum
630 4304 808 4344 sermo
857 4297 976 4355 est,
1017 4288 1324 4350 decedendo
1352 4304 1413 4345 ac
1440 4292 1774 4349 succedendo
1817 4310 1940 4364 per-

353 4388 520 4449 agunt
538 4387 697 4449 atque
715 4379 1001 4453 perﬁciunt
1024 4380 1265 4440 ordinem
1290 4380 1447 4450 hujus
1471 4384 1673 4448 seaculi,
1692 4385 1782 4454 qui
1804 4395 1940 4440 tem-

352 4470 618 4539 poralium
656 4486 832 4523 rerum
864 4466 1256 4540 pulchritudine
1278 4473 1597 4527 contexitur.
1635 4474 1690 4528 In
1729 4475 1816 4529 illa
1843 4491 1939 4529 au-

353 4568 464 4614 tem
511 4561 615 4613 vita
658 4544 923 4630 quoniam,
941 4561 1171 4629 Verbum
1218 4561 1311 4615 Dei
1354 4576 1459 4632 quo
1500 4562 1758 4631 fruemur,
1798 4568 1942 4624 nulla

352 4649 670 4706 decessione
694 4661 747 4707 et
777 4650 1115 4706 successione
1144 4651 1466 4721 syllabarum
1499 4654 1817 4725 completur,
1846 4652 1945 4714 sed~

350 4743 534 4796 omnia
575 4758 695 4814 qua:
725 4743 883 4797 habet
924 4757 1135 4812 semper
1178 4744 1441 4798 manendo
1466 4744 1942 4817 simulehabet;pita

354 4834 644 4904 participes
688 4834 837 4902 ejus,
883 4833 1074 4902 quibus
1118 4834 1289 4903 ipsum
1336 4834 1507 4889 solum
1545 4836 1647 4891 erit
1676 4837 1816 4906 vita,
1843 4855 1940 4894 ne-

349 4942 461 4997 que
508 4927 783 4982 moriendo
822 4927 925 4983 sibi
963 4927 1270 4998 decedent,
1296 4943 1467 4999 neque
1510 4931 1777 4993 nascendo
1822 4947 1943 4993 suc-

349 5018 566 5073 cedent.

425 5109 489 5163 L.
528 5107 628 5181 [lb.
661 5108 1060 5182 xxu,40et4l.]
1087 5109 1235 5179 Quod
1265 5109 1397 5166 dixit
1427 5110 1681 5167 Dominus
1704 5114 1939 5185 discipu-

351 5200 437 5265 lis,
466 5199 621 5254 Orate
648 5218 711 5253 ne
738 5202 927 5254 intretis
948 5201 999 5254 in
1026 5201 1349 5254 tentationem
1377 5218 1395 5255 :
1425 5212 1469 5255 et
1497 5203 1606 5273 ipse
1627 5205 1831 5260 avulsus
1866 5216 1939 5261 est

349 5291 412 5343 ob
454 5292 527 5344 eis
563 5302 805 5361 quantum
842 5292 1017 5362 jactus
1060 5299 1131 5345 est
1173 5290 1356 5361 lapidis
1391 5308 1409 5345 :
1442 5302 1687 5364 tanquam
1717 5296 1818 5351 hoc
1843 5312 1938 5354 eos

350 5385 728 5449 admonuerit,
757 5392 815 5439 ut
853 5386 905 5440 in
945 5399 1065 5440 eum
1096 5383 1383 5455 dirigerent
1424 5384 1685 5454 lapidem,
1732 5388 1786 5443 id
1819 5398 1934 5458 est,

412 5571 489 5637 (α)
511 5578 639 5637 Hane
668 5572 716 5621 in
738 5569 965 5637 templum
985 5573 1342 5637 annotationem
1361 5574 1652 5635 Augustinus
1673 5575 1721 5624 in
1740 5576 1938 5637 praeﬁxo

348 5632 623 5695 lmic’operi
642 5632 963 5695 Quaestionum
1002 5632 1209 5683 elencho
1234 5646 1341 5695 non
1378 5632 1625 5685 recenset.
1650 5632 1779 5695 Apud
1824 5644 1933 5689 ιον.

349 5694 627 5767 ξηειιιίῐξιε,
654 5694 945 5767 εςῑθιιψιιιω
964 5697 1016 5767 in
1037 5694 1297 5767 [Evangelia
1320 5698 1475 5757 ipsum
1508 5702 1658 5767 Deum
1687 5694 1939 5767 hominem

347 5755 836 5831 iacuimjatelliges':
862 5772 885 5806 ι
932 5764 981 5808 at
1015 5756 1096 5807 alii
1129 5755 1322 5808 codices
1339 5755 1436 5809 nec
1479 5775 1501 5807 ι
1522 5765 1711 5831 Deum»
1739 5755 1965 5825 addunt;

346 5830 442 5868 nec
472 5835 495 5867 ι
516 5816 759 5868 factum}

1680 429 1880 487 ιιΒΕιι
1918 424 2289 484 SECUNDUS.

3476 441 3615 497 {369.

2051 553 2217 607 usque
2255 539 2318 593 ad
2358 555 2481 596 eum
2526 542 2875 612 perducerent
2906 546 3246 605 intentionem
3275 551 3463 624 Legis,
3503 570 3621 625 quae

2044 630 2235 697 scripta
2276 643 2387 686 erat
2430 633 2480 686 in
2521 633 2694 703 lapide
2726 636 2915 707 (Exod.
2945 654 3069 693 xxxr
3090 684 3105 706 ,
3141 644 3233 702 18.
3261 654 3308 697 et
3337 661 3521 707 xxxiv.
3551 648 3621 712 ι’,

2043 718 2156 787 28).
2188 719 2365 791 Usque
2394 724 2459 777 ad
2491 724 2636 778 illum
2664 729 2804 780 enim
2833 738 3001 796 potest
3034 735 3310 801 pervenire
3340 736 3423 790 ille
3451 736 3621 807 lapis:

2044 810 2289 879 quoniam
2337 813 2452 868 linis
2492 814 2647 885 chis
2684 826 2765 872 est
2802 819 3040 875 Christus
3064 862 3077 887 ,
3109 823 3170 876 ad
3196 824 3448 893 justitiam
3477 829 3625 884 omni

2049 902 2289 959 credenti
2318 904 2492 977 (Rom.
2523 923 2576 975 x,
2605 908 2683 977 4).

2114 991 2196 1047 LI.
2228 992 2324 1067 [lb.
2360 1012 2515 1063 xxiv,
2545 997 2660 1072 28.]
2688 1000 2835 1068 Quod
2860 1004 3112 1076 scriptum
3151 1016 3232 1062 est
3273 1008 3338 1063 de
3363 1010 3620 1077 Dominq,

2044 1080 2221 1138 Finxit
2241 1101 2293 1138 se
2316 1085 2512 1157 longius
2537 1089 2609 1142 ire
2628 1132 2641 1155 ,
2668 1105 2772 1145 non
2797 1092 2862 1147 ad
2884 1095 3216 1152 mendacium
3242 1101 3485 1169 pertinet.
3508 1104 3623 1160 Non

2043 1175 2183 1229 enim
2205 1191 2361 1234 omne
2385 1178 2524 1257 quod
2550 1178 2796 1250 ﬁngimus
2818 1186 3146 1243 mendacium
3169 1200 3249 1245 est
3271 1209 3282 1242 :
3302 1193 3394 1249 sed
3415 1196 3626 1266 quando

2044 1266 2095 1320 id
2118 1268 2364 1339 ﬁngimus
2386 1271 2525 1341 quod
2554 1272 2684 1327 nihil
2718 1276 2994 1345 signiﬁcat,
3017 1289 3139 1335 tunc
3160 1292 3240 1336 est
3269 1286 3624 1344 mendacium.

2041 1355 2174 1413 Cum
2213 1368 2388 1415 autem
2420 1361 2563 1417 ﬁctio
2605 1373 2784 1419 nostra
2815 1366 3040 1422 refertur
3071 1370 3136 1425 ad
3162 1372 3389 1443 aliquam
3420 1375 3625 1447 signiﬁ-

2042 1448 2332 1515 cationem,
2364 1467 2466 1509 non
2494 1463 2576 1508 est
2617 1456 2979 1524 mendacium,
3009 1462 3101 1515 sed
3130 1463 3301 1533 aliqua
3338 1467 3502 1537 ﬁgura
3529 1484 3622 1524 ve-

2042 1538 2236 1593 ritatis.
2274 1541 2518 1611 Alioquin
2548 1545 2723 1600 omnia
2760 1562 2877 1616 qua:
2920 1564 2951 1604 a
2990 1552 3313 1620 sapientibus
3341 1565 3395 1611 et
3422 1561 3621 1614 sanctis

2043 1629 2201 1694 viris,
2232 1631 2312 1685 vel
2342 1634 2498 1687 etiam
2525 1635 2591 1689 ab
2618 1636 2733 1705 ipso
2776 1637 3001 1694 Domino
3031 1643 3247 1713 ﬁgurate
3298 1646 3436 1702 dicta
3467 1661 3625 1717 sunt,

2044 1720 2317 1776 mendacia
2348 1722 2758 1794 deputabuntur,
2786 1730 2906 1798 quia
2932 1733 3219 1789 secundum
3252 1737 3498 1794 usitatum
3547 1741 3629 1797 in-

2045 1812 2311 1867 tellectum
2352 1830 2456 1869 non
2508 1818 2748 1873 subsisﬁt
2806 1822 3002 1878 veritas
3050 1825 3241 1882 talibus
3286 1828 3463 1884 dictis.
3512 1832 3627 1888 Non

2042 1902 2184 1957 enim
2208 1902 2368 1959 homo
2398 1906 2485 1976 qui
2512 1907 2692 1962 habuit
2718 1909 2850 1967 duos
2887 1912 3042 1981 ﬁlios,
3062 1931 3283 1986 quorum
3310 1920 3509 1989 junior,
3540 1938 3630 1979 ac-

2043 2004 2192 2065 cepta
2219 2007 2370 2067 parte
2408 2000 2707 2069 patrimonii
2733 2004 2845 2070 sui,
2876 2005 3155 2075 profectus
3172 2020 3254 2067 est
3278 2011 3329 2067 in
3357 2014 3629 2084 regionem

2044 2085 2383 2157 longinquam
2406 2131 2420 2155 ,
2470 2102 2524 2145 et
2559 2102 2750 2148 crctera
2795 2110 2912 2165 quae
2951 2097 3003 2152 in
3034 2097 3123 2154 illa
3152 2103 3454 2159 narratione
3495 2120 3627 2161 eon-

2046 2188 2297 2237 texuntur
2323 2179 2576 2254 (Luc.xv,
2602 2184 2660 2238 11
2700 2185 2788 2256 52)
2814 2228 2827 2250 ,
2856 2186 2924 2241 ita
2954 2187 3201 2245 dicuntur
3226 2200 3474 2263 tanquam
3504 2211 3630 2252 vero

2044 2266 2199 2322 fuerit
2226 2270 2501 2342 quisquam
2530 2272 2690 2327 homo
2711 2275 2798 2344 qui
2824 2275 2921 2330 hoc
2950 2278 3001 2332 in
3035 2278 3285 2340 ﬁliis,suis
3309 2282 3516 2341 duobus
3534 2297 3630 2341 aut

2046 2375 2232 2429 passus
2247 2362 2335 2426 sit,
2358 2374 2445 2416 aut
2466 2361 2667 2419 fecerit.
2686 2365 2828 2423 Ficta
2841 2378 2963 2423 sunt
2976 2386 3100 2444 ergo
3116 2376 3212 2426 ista
3228 2373 3292 2427 ad
3306 2390 3417 2430 rem
3436 2391 3626 2447 quam-

2043 2451 2163 2506 dam
2183 2453 2602 2523 signilicandam,
2624 2466 2728 2510 tam
2758 2458 2909 2529 longe
2928 2460 3137 2533 lateque
3160 2464 3433 2535 majorem,
3453 2477 3505 2523 et
3521 2478 3627 2526 tam

2044 2543 2528 2614 incomparabiliter
2551 2548 2907 2618 dilferentem,
2924 2562 2980 2607 ut
2994 2556 3244 2625 perillum
3262 2558 3438 2616 ﬁctum
3451 2561 3626 2617 homi-

2044 2652 2163 2703 nem
2180 2637 2320 2693 Deus
2333 2655 2489 2699 vectis
2504 2641 2845 2712 intelligatur.
2860 2646 3006 2700 Sicut
3020 2658 3195 2704 autem
3208 2649 3369 2717 dicta,
3386 2653 3455 2707 ita
3467 2655 3624 2710 etiam

2044 2725 2176 2781 facta
2205 2730 2472 2798 ﬁnguntur
2496 2730 2612 2786 sine
2642 2733 2919 2789 mendacio
2938 2736 3003 2790 ad
3033 2738 3260 2808 aliquam
3288 2757 3399 2795 rem
3424 2743 3627 2814 signiﬁ-

2041 2818 2265 2873 candam
2299 2837 2311 2873 :
2346 2821 2483 2881 unde
2510 2831 2595 2877 est
2615 2824 2773 2877 etiam
2804 2824 2928 2879 illud
2955 2827 3192 2895 ejusdem
3219 2830 3456 2898 Domini,
3481 2835 3623 2903 quod

2044 2909 2096 2963 in
2141 2911 2222 2965 ﬁci
2262 2911 2453 2968 arbore
2489 2916 2731 2984 qumsivit
2774 2912 3001 2972 fractum
3041 2935 3105 2974 eo
3133 2930 3369 2991 tempore
3394 2940 3502 2995 quo
3538 2927 3626 2982 illa

2045 3016 2200 3070 poma
2230 3002 2461 3057 nondum
2490 3017 2669 3061 essent
2700 3007 2889 3081 (Marc.
2927 3026 2981 3064 ιι
3002 3053 3016 3075 ,
3065 3013 3178 3081 15).
3208 3014 3323 3069 Non
3349 3017 3491 3071 enim
3527 3018 3626 3074 du-

2044 3090 2186 3145 bium
2225 3102 2306 3146 est
2343 3093 2486 3148 illam
2517 3095 2911 3167 inquisitionem
2943 3118 3044 3156 non
3075 3103 3235 3159 fuisse
3259 3121 3437 3162 veram
3470 3126 3483 3163 :
3512 3110 3629 3180 qui-

2045 3180 2122 3236 vis
2147 3183 2290 3238 enim
2323 3183 2592 3241 hominum
2623 3189 2815 3254 sciret,
2839 3190 2882 3244 si
2912 3206 3018 3246 non
3040 3192 3311 3250 divinitate
3330 3237 3345 3262 ,
3378 3199 3461 3253 vel
3490 3208 3628 3255 tem-

2044 3287 2174 3343 pore
2195 3314 2208 3338 ,
2242 3289 2394 3343 poma
2424 3276 2564 3330 illam
2591 3278 2834 3335 arborem
2869 3296 2973 3337 non
3018 3282 3235 3340 habere.
3279 3285 3448 3343 Fictio
3474 3290 3628 3360 igitul

2044 3380 2161 3435 qua-
2208 3366 2274 3420 ad
2316 3367 2542 3437 aliquam
2582 3371 2856 3426 veritatem
2887 3372 3133 3442 refertur,
3164 3375 3328 3447 ﬁgura
3352 3386 3436 3434 est
3466 3398 3479 3435 :
3509 3397 3630 3450 qua:

2045 3472 2151 3512 non
2190 3456 2435 3525 refertur,
2482 3462 2813 3518 mendacium
2861 3475 2977 3521 est-
3013 3468 3163 3535 Quid,
3197 3485 3325 3541 ergo
3370 3472 3631 3543 signiﬁcat

2043 3548 2185 3617 quod
2220 3564 2277 3604 se
2300 3549 2377 3604 ire
2406 3550 2611 3621 longius
2640 3551 2894 3618 Dominus
2921 3555 3071 3619 ﬁnxit
3090 3600 3105 3624 ,
3135 3574 3256 3613 cum
3286 3564 3632 3621 comitaretur

2043 3639 2347 3709 discipulis,
2394 3656 2665 3712 exponens
2708 3645 2786 3704 eis
2835 3658 3046 3702 sanctas
3085 3651 3414 3721 Scriptnras,
3449 3664 3629 3713 utrum

2044 3731 2156 3800 ipse
2181 3742 2321 3797 esset
2352 3732 2750 3803 ignorantibus?
2777 3737 2921 3807 quid,
2952 3748 3225 3808 putamus,
3258 3744 3357 3799 nisi
3386 3746 3504 3815 quia
3533 3747 3631 3804 ho-

2042 3825 2341 3893 spitalitatis
2361 3825 2535 3882 ofﬁcio
2555 3828 2619 3881 ad
2642 3844 2789 3883 suam
2805 3832 3157 3900 cognitionem
3182 3838 3456 3905 pervenire
3472 3854 3629 3907 posse

2045 3913 2290 3977 hornines
2319 3917 2613 3973 intimavit?
2636 3929 2692 3974 ut
2716 3936 2837 3976 cum
2864 3922 3070 3994 longius
3094 3924 3206 3996 ipse
3231 3928 3296 3984 ab
3328 3928 3630 3988 hominibus

2043 4006 2360 4063 abscesserit
2399 4024 2562 4079 super
2603 4026 2791 4068 omnes
2832 4014 3032 4082 caelos,
3064 4024 3239 4072 tamen
3285 4019 3355 4073 ita
3398 4036 3519 4077 cum
3549 4025 3631 4079 eis

2044 4099 2115 4154 sit
2134 4103 2223 4171 qui
2255 4100 2369 4156 ham
2397 4102 2649 4159 exhibent
2673 4105 2842 4160 servis
2870 4106 3006 4175 ejus,
3028 4115 3084 4162 ut
3107 4124 3227 4164 cum
3253 4109 3430 4167 dicere
3446 4128 3629 4184 coepe-

2044 4192 2183 4259 rint,
2213 4192 2462 4261 Domine,
2493 4196 2694 4264 quando
2722 4205 2769 4251 te
2787 4198 3001 4254 vidimus
3023 4200 3302 4270 hospitem,
3332 4214 3378 4257 et
3407 4206 3630 4262 adduxi-

2045 4284 2198 4339 mus?
2223 4292 2471 4356 tanquam
2510 4302 2631 4341 eum
2683 4290 2884 4344 scilicet
2927 4292 3017 4360 qui
3063 4292 3218 4363 longe
3252 4296 3629 4354 abscesserat:

2045 4378 2365 4447 respondeat
2392 4379 2478 4434 ille
2498 4421 2513 4446 ,
2537 4378 2661 4434 Cum
2687 4381 2775 4434 uni
2793 4398 2857 4436 ea:
2882 4384 3097 4441 minimis
3118 4386 3237 4441 meis
3259 4388 3447 4458 fecistis
3465 4430 3478 4454 ,
3508 4392 3632 4445 milii

2046 4469 2233 4539 fecistis
2260 4470 2471 4541 (Matth.
2501 4488 2625 4538 xxv,
2654 4473 2749 4537 38,
2779 4474 2889 4543 40).
2915 4474 3081 4530 Tenet
3108 4492 3235 4547 ergo
3265 4478 3535 4535 Christum
3562 4498 3631 4537 ne

2048 4561 2256 4633 longius
2296 4563 2363 4618 ab
2407 4563 2499 4619 illo
2543 4575 2663 4632 eat,
2704 4567 2940 4637 quisquis
2969 4570 3322 4627 catechizatus
3346 4574 3545 4641 verbo,
3578 4576 3631 4630 in

2048 4653 2293 4708 omnibus
2310 4653 2462 4710 bonis
2486 4655 2532 4711 ei
2555 4656 2643 4726 qui
2672 4670 2730 4710 se
2756 4658 3045 4713 catechizat
3072 4664 3460 4729 communicat;
3495 4666 3633 4721 sicut

2046 4744 2333 4815 Apostolus
2360 4746 2521 4815 dicit,
2551 4748 2887 4803 Communicet
2919 4752 3004 4821 qui
3038 4754 3376 4809 catecltizatur
3403 4756 3547 4811 verbo
3575 4760 3591 4790 ³
3611 4799 3628 4825 ,

2049 4838 2093 4888 ei
2123 4836 2209 4907 qui
2232 4853 2285 4890 se
2303 4838 2595 4902 catechizat,
2625 4838 2676 4893 in
2705 4841 2934 4894 omnibus
2954 4840 3094 4897 bonis
3119 4843 3310 4915 (Galat.
3341 4863 3411 4915 vr,
3442 4848 3498 4920 6)
3531 4866 3546 4903 :
3576 4858 3633 4904 et

2047 4926 2152 4981 alio
2181 4927 2298 4983 loco
2321 4944 2440 4982 cum
2469 4928 2722 4994 dixisset,
2758 4928 3149 4989 Necessitatibus
3176 4946 3460 4990 sanctorum
3488 4954 3628 4992 com-
3676 4958 3677 4961 η

2048 5017 2395 5081 municantes;
2424 5019 2603 5073 statim
2641 5020 2896 5090 subjecit,
2946 5021 3357 5093 Hospitalitatem
3389 5036 3631 5087 sectantes

2048 5104 2222 5179 (Rom.
2252 5123 2323 5162 xu
2344 5151 2357 5174 ,
2397 5109 2506 5179 15).
2536 5110 2602 5164 Ει
2626 5110 2708 5163 isti
2737 5111 2876 5165 enim
2909 5114 3216 5169 catechizati
3264 5125 3418 5170 erant
3448 5118 3627 5185 verbo,

2046 5214 2167 5255 cum
2198 5200 2276 5255 eis
2300 5210 2590 5270 exponeret
2611 5202 2913 5273 Scripturas
2936 5247 2950 5271 ,
2979 5214 3032 5260 et
3052 5207 3172 5276 quia
3216 5207 3627 5277 hOSpitalitatem

2047 5291 2230 5346 sectati
2263 5299 2418 5357 sunt,
2452 5308 2571 5347 eum
2603 5308 2759 5363 quem
2796 5295 2847 5349 in
2890 5298 3000 5365 ipsa
3027 5298 3358 5366 expositione
3385 5299 3627 5372 Scriptu-

2046 5397 2224 5436 rarum
2272 5397 2375 5436 non
2428 5395 2818 5453 cognoverant,
2867 5386 3115 5457 inpanis
3144 5387 3403 5448 fractione
3431 5408 3631 5465 cogno-

2045 5483 2215 5529 scunt.
2233 5474 2346 5529 Non
2376 5476 2515 5529 enim
2536 5477 2803 5531 auditores
2824 5480 2954 5549 legis
2972 5480 3097 5549 justi
3122 5492 3244 5537 sunt
3267 5485 3405 5553 apud
3437 5485 3626 5555 Deum,

2046 5564 2140 5620 sed
2162 5565 2388 5621 factores
2413 5566 2544 5639 legis
2564 5569 2993 5638 justiﬁcabuntur
3014 5569 3125 5641 (Id.
3157 5590 3191 5629 ιι
3216 5616 3231 5641 ,
3262 5576 3374 5648 15).

2111 5744 2309 5838 ἷεὶῥξῖιξὶ
2330 5764 2475 5825 Lugd.
2485 5772 2609 5838 ven.
2634 5770 2765 5827 Lov.,
2784 5770 2835 5817 et
2857 5766 3026 5833 inzaliis
3048 5768 3167 5823 locis
3188 5772 3292 5836 ipse
3320 5775 3621 5838 Augustinus.

2044 5828 2095 5877 tn
2116 5828 2186 5886 8.,
2208 5825 2415 5874 verbum.
2483 5833 2539 5875 Μ.
