4012 6506
441 413 573 473 1563
789 413 1164 508 ADMONITIQ
1202 413 1268 470 ΙΝ
1307 413 1562 478 LIBRUM
1603 411 2076 478 SEPTEMDECIM
2115 413 2578 482 QUESTIONUBI
2617 415 2835 474 SUPER
2873 415 3300 476 MATTHIEUM.
3541 425 3679 486 136!

503 525 602 600 [1b.
629 541 804 596 xxm,
838 525 950 600 11.]
993 525 1068 601 (a)
1105 527 1256 595 Quod
1311 529 1592 584 Dominum
1645 528 1699 584 in
1761 529 2007 599 passione
2113 545 2294 598 xxvn,
2341 531 2464 602 9.8),
2515 532 2792 604 significati
2837 543 2960 590 sunt
3008 535 3058 590 hi
3113 535 3384 607 haeretici,
3429 540 3520 611 qui
3563 557 3686 600 eum

429 627 693 676 exuerunt
732 626 880 674 veste
920 621 1128 691 propria
1147 659 1164 688 ,
1195 629 1248 676 et
1275 619 1558 676 induerunt
1583 618 1754 674 fucata
1795 618 2005 693 (Matth.
2111 619 2259 676 aiunt
2281 637 2387 677 non
2419 637 2604 679 verum
2623 637 2816 694 corpus
2843 623 3122 695 habuisse,
3147 626 3243 683 sed
3269 627 3474 686 ﬁctum.

490 771 756 848 (austum
791 772 1691 848 annotatiunculaOnequeucomputatur
1719 776 1770 824 in
2113 783 2212 848 tur:
2247 776 2396 848 Abest
2415 776 2642 848 ab‘editis
2661 784 2774 848 Am._
2789 783 2840 828 et
2860 783 2936 826 Er.
2957 785 3012 848 at
3030 779 3154 848 apud
3179 785 3277 830 Rat.
3302 792 3494 848 necnon
3523 783 3574 832 in
3605 789 3698 844 Is,

427 835 935 916 ἓξὲξῗῗῖῗὶιῖτέἒίῖἓῖὲῗι
949 835 1816 916 355959.1‘1993193'3‘3.‘.iﬁ.5§§:i.§?f’
1829 835 2010 916 E‘EPB’S‘
2114 839 2378 916 ἩΡΞἮῬΞ
2393 839 2608 902 Ρθηίηθί
2625 839 2685 898 ad
2701 835 3087 916 subsequentem
3105 835 3282 894 ῖίδτυω
3302 843 3623 901 ουεδιίοαυω
3648 835 3701 904 ιιέ

427 897 565 945 rimis
587 903 752 946 tamen
772 903 920 960 atque
944 897 1088 948 etiam
1109 898 1159 955 in
1175 897 1451 948 Corbeiensi
1473 897 1804 962 antiquissimo
1827 897 2014 976 reperi-
2113 897 2401 960 nattbaaum.‘

437 1043 3696 1108 ἢ

1341 1133 1352 1142 ’
1552 1209 2585 1352 ADMONITIO

816 1479 899 1552 IN
956 1480 1258 1557 LIBRUM
1315 1479 1878 1558 SEPTEMDECIM
1924 1481 2462 1572 QUIESTIONUM
2511 1483 2757 1556 SUPER
2804 1481 3312 1560 MATTHJEUM.

1815 1765 2314 1845 ww

513 2013 582 2070 Ut
611 2011 698 2068 hic
716 2011 1030 2072 exhibentur
1053 2014 1194 2070 inter
1217 2016 1490 2087 Augustini
1516 2031 1772 2088 germana,
1785 2029 1968 2088 opera,
1989 2029 2088 2072 nec
2119 2025 2293 2072 tamen
2316 2017 2510 2088 ipsius,
2537 2015 2610 2072 uti
2637 2017 2791 2086 solet,
2817 2019 3094 2091 Augustini
3121 2020 3334 2076 nomine
3363 2029 3698 2090 praenotctur

437 2103 539 2161 iste
560 2104 694 2160 alius
711 2105 1068 2173 Qumstionum
1085 2107 1136 2160 in
1163 2105 1463 2162 Matthmnm
1485 2108 1639 2174 liber,
1661 2124 1765 2162 non
1789 2118 1986 2164 temere
2009 2105 2067 2160 lit
2095 2122 2266 2178 neque
2285 2107 2494 2184 frustra.
2519 2107 2718 2180 Nempe
2743 2110 2920 2164 stilum
2943 2111 2992 2164 in
3018 2110 3198 2180 primis
3222 2119 3274 2165 et
3297 2127 3381 2165 res
3397 2127 3692 2182 congruere

443 2199 738 2268 Augustino
765 2209 986 2254 censent
1009 2209 1130 2270 post
1155 2199 1434 2262 Erasmum
1462 2200 1820 2255 Lovanienses
1843 2199 2118 2270 Theologi.
2147 2199 2346 2255 Deinde
2362 2199 2650 2271 fragmenta
2679 2200 2912 2270 ejusdem
2939 2201 3060 2256 libri
3079 2202 3318 2274 quardam
3339 2218 3456 2258 cum
3484 2205 3702 2258 nomine

437 2286 717 2358 Augustini
743 2289 945 2362 profert
974 2289 1221 2346 Rabanus
1249 2291 1459 2347 Maurus
1477 2292 1529 2346 in
1560 2291 1650 2346 lib.
1692 2291 1727 2347 1
1755 2291 2134 2347 Commentarii
2175 2279 2334 2363 super
2363 2291 2596 2347 Matthazi
2641 2291 3006 2363 Evangelium,
3037 2309 3192 2364 quem
3221 2295 3335 2364 ipse
3359 2295 3568 2350 circiter
3591 2295 3700 2351 840

429 2379 634 2436 Christi
647 2395 864 2448 annum,
886 2381 1126 2452 collectis
1165 2383 1288 2440 hinc
1304 2384 1425 2440 inde
1449 2395 1687 2441 veterum
1709 2385 2150 2456 expositionibus,
2191 2385 2560 2448 concinnabat.
2587 2385 2824 2456 Denique
2844 2386 2896 2440 iu
2914 2385 3150 2440 lndiculo
3176 2401 3392 2456 Oper-um
3420 2382 3694 2458 Augustini

435 2469 764 2538 Pussid-iano,
793 2473 882 2544 qui
911 2489 1005 2544 per
1039 2473 1296 2529 Joannem
1327 2475 1693 2531 Ulimmerium
1719 2490 1784 2530 ex
1807 2474 2110 2531 Villariensi
2156 2475 2340 2530 codice
2369 2476 2611 2546 vulgatus
2636 2485 2738 2545 est,
2781 2484 3128 2532 recensentur
3155 2493 3274 2549 pag.
3307 2477 3340 2533 5
3365 2479 3702 2545 Quaestione:

431 2560 838 2632 Evangeliorum
869 2565 962 2619 lib.
987 2563 1061 2632 Ως
1091 2581 1341 2636 moxque,
1373 2567 1757 2621 Annotatioues
1775 2565 1974 2636 aliquot
2001 2567 2051 2620 in
2081 2567 2385 2622 Matthreum
2409 2567 2502 2620 lib.
2531 2567 2583 2621 1.

503 2654 774 2722 Attamen,
793 2655 936 2726 quod
965 2655 1160 2712 merito
1181 2665 1417 2723 moveat,
1439 2657 1595 2727 hujus
1616 2659 1757 2712 tertii
1775 2657 1894 2712 libri
1917 2656 2046 2712 nihil
2072 2657 2308 2711 meminit
2328 2657 2648 2728 Augustinus
2675 2657 2725 2712 in
2753 2655 3250 2732 Retractationibus,
3275 2673 3502 2731 cumque
3527 2659 3697 2718 libros

429 2743 793 2811 Qumstionum
821 2748 873 2802 in
901 2743 1186 2820 Evangelia
1213 2748 1346 2805 duos
1367 2749 1736 2816 tantummodo
1753 2758 2117 2821 recognoscat,
2149 2751 2200 2802 in
2229 2765 2321 2804 eos
2343 2749 2586 2804 redactas
2606 2748 2752 2811 dicit,
2785 2765 2915 2819 quas
2942 2758 3050 2804 tum
3077 2765 3237 2826 super
3255 2751 3554 2806 Manlia-um
3584 2763 3694 2808 tum

425 2837 812 2916 super‘Lucam
859 2841 1182 2910 quaestiones
1225 2841 1546 2896 dictaverat:
1576 2849 1631 2896 et
1683 2849 1865 2896 monet
1917 2839 2274 2910 postmodum,
2307 2857 2426 2910 quae
2473 2839 2539 2918 de
2563 2855 2719 2908 supra
2750 2839 2904 2895 dictis
2931 2841 3280 2911 Evangelistis
3307 2841 3422 2897 loca
3453 2845 3694 2914 exposita

430 2926 648 2997 fuerint,
665 2933 938 3002 prologum
971 2949 1126 2988 suum
1152 2933 1412 3004 adjunetis
1435 2943 1590 3003 atque
1612 2933 1972 2988 annumeratis
2002 2931 2199 2990 eisdem
2229 2932 2608 3002 qumstion‘ibus
2636 2931 2885 2986 iudicare.
2927 2933 3097 2987 llabes
3118 2935 3537 2988 retractationem
3563 2944 3602 2989 t.
3631 2935 3684 3003 1,

425 3021 530 3076 col.
547 3021 670 3089 6'51»,
685 3031 738 3078 et
755 3025 1102 3094 quaestionum
1123 3027 1357 3092 omnium
1377 3025 1666 3082 Elenchum
1683 3025 1782 3081 sub
1803 3025 2028 3096 Prologo
2049 3039 2142 3094 per
2163 3039 2258 3078 nos
2280 3024 2578 3090 restitutum
2595 3038 2772 3094 supra,
2793 3023 2957 3078 hocce
2975 3033 3136 3087 torno,
3159 3039 3276 3094 pag.
3297 3025 3424 3078 1521
3439 3064 3450 3076 .
3467 3023 3552 3080 Sic
3565 3039 3694 3081 vero

426 3114 586 3172 etiam
609 3115 664 3178 in
685 3115 805 3170 libri
823 3117 1184 3184 Qumstionum
1202 3118 1638 3187 octogintatrium
1659 3117 2039 3188 recognitione,
2063 3129 2250 3172 omnes
2267 3123 2319 3169 et
2347 3115 2575 3184 singulas
2589 3129 2652 3169 ex
2675 3099 2864 3168 ordine
2885 3115 3223 3184 quaestiones,
3257 3131 3323 3170 ne
3345 3131 3444 3170 una
3474 3115 3688 3186 quidem

422 3205 640 3273 omissa,
679 3221 964 3275 recensere
991 3208 1160 3278 ipsum
1191 3221 1296 3268 non
1329 3209 1512 3279 piguit.
1563 3208 1676 3276 Qua
1708 3206 1946 3278 profecto
1982 3206 2251 3276 diligentia
2281 3207 2500 3260 cavebat
2541 3205 2598 3258 S.
2635 3205 2827 3259 Doctor
2857 3221 2924 3260 ne
2953 3205 3069 3280 ejus
3111 3207 3326 3260 nomine
3371 3207 3696 3278 quaestiones.

417 3296 552 3366 alios
579 3297 838 3368 quaslibet
856 3299 1248 3368 recipercmus;
1277 3315 1412 3355 neve
1439 3299 1662 3366 librarii,
1680 3298 1821 3371 quod
1851 3299 1908 3353 in
1933 3313 1996 3355 eo
2017 3299 2200 3368 scripti
2223 3313 2420 3370 genere
2447 3298 2666 3360 liberius
2691 3298 3124 3365 committebant,
3150 3299 3354 3370 spurias
3370 3299 3694 3370 appendices

421 3371 674 3458 operibus
693 3390 859 3460 ipsius
892 3399 1194 3447 assucreut.

493 3475 680 3548 Neque
725 3493 854 3536 vero
879 3481 1184 3536 existimare
1214 3479 1336 3538 licet
1363 3481 1577 3546 tertium
1608 3481 1748 3536 hunc
1775 3480 1970 3536 librum
2005 3481 2488 3537 Retractationibus
2517 3481 2786 3551 posterius,
2824 3481 3041 3546 editum,
3085 3481 3156 3540 ob
3189 3483 3343 3554 idque
3371 3483 3424 3537 in
3469 3483 3534 3539 iis
3581 3497 3690 3539 non

423 3568 748 3634 recensitum
777 3569 959 3630 fuisse.
985 3571 1193 3642 Quippe
1234 3573 1557 3627 zizaniorum
1586 3573 1833 3643 parabole
1885 3571 1970 3627 hic
1999 3574 2281 3644 exponitur
2313 3572 2467 3642 longe
2522 3587 2676 3627 secus
2724 3587 2880 3642 quam
2924 3573 3118 3629 soleret
3155 3573 3222 3627 ab
3273 3576 3583 3646 Augustino,
3621 3589 3692 3630 ex

425 3670 667 3732 tempore
715 3664 1009 3733 praesertim
1036 3659 1832 3736 Carthaginensis‘Collationis,
1879 3664 1931 3718 in
1971 3680 2072 3736 qua
2113 3665 2424 3730 Donatistte,
2461 3662 2752 3718 Catholicis
2798 3664 3231 3732 reclamantibus,
3264 3663 3316 3719 id
3351 3663 3694 3722 vehementer

421 3753 939 3828 affirmabant,_quod
963 3757 1014 3812 in
1035 3757 1191 3830 hujus
1207 3757 1330 3814 libri
1349 3757 1642 3829 qutustione
1673 3759 1760 3824 11,
1784 3773 1844 3811 η.
1877 3759 1930 3824 1,
1953 3757 2164 3822 dicitur,
2184 3773 2368 3826 agrum
2397 3757 2591 3826 ipsum,
2614 3771 2720 3810 non
2743 3755 3056 3828 Ecclesiam,
3077 3757 3169 3812 sed
3191 3757 3442 3812 mundum
3465 3757 3694 3812 Domino

421 3845 808 3917 interpretante
837 3847 1238 3920 intelligendum
1267 3865 1406 3916 esse,
1426 3857 1483 3904 ut
1510 3849 1690 3905 videre
1716 3857 1795 3906 est
1823 3849 1878 3914 iu
1897 3849 2042 3904 Actis
2070 3849 2403 3915 Collationis,
2429 3857 2566 3918 part.
2591 3849 2644 3914 3,
2667 3863 2819 3918 capp.
2837 3847 2962 3914 238,
2989 3849 3094 3903 265
3121 3859 3174 3904 et
3199 3851 3558 3920 sequentibus.
3575 3851 3692 3919 Qua

421 3939 492 3996 de
525 3955 588 3996 re
605 3942 932 4012 Augustinus
963 3944 1018 3998 in
1056 3944 1148 3998 lib.
1196 3943 1284 4016 70,
1307 3944 1392 4000 cui
1417 3943 1624 4009 titulus,
1653 3943 1779 3998 Post
1831 3943 2169 4002 collationem
2199 3941 2264 3996 ad
2312 3941 2632 4008 Donatistas,
2677 3957 2793 4010 cap.
2843 3941 2876 3995 8
2909 3960 2920 3995 :
2953 3941 3055 3995 Diu
3085 3942 3464 4010 contenderunt,
3497 3945 3690 4013 inquit,

422 4033 641 4089 dicentes
660 4034 877 4099 zizania,
895 4049 1008 4105 qua
1026 4051 1142 4088 cum
1167 4035 1332 4088 tritico
1355 4034 1504 4088 simul
1526 4050 1742 4088 crescere
1769 4051 1922 4105 usque
1936 4034 2004 4086 ad
2025 4051 2230 4088 messem
2255 4035 2494 4105 permissa
2527 4042 2664 4096 sum,
2684 4049 2782 4086 non
2808 4033 2859 4085 in
2895 4031 3140 4098 Ecclesia,
3165 4034 3252 4087 sed
3279 4033 3332 4086 in
3355 4035 3540 4087 uume
3562 4051 3688 4100 esse,

423 4135 598 4182 contra
616 4126 926 4180 intellectum
947 4127 1185 4197 martyris
1205 4123 1447 4198 Cypriani
1471 4126 1556 4196 qui
1576 4125 1723 4192 dixit,
1747 4124 1863 4180 Etsi
1889 4125 2118 4179 videntur
2145 4127 2198 4178 in
2225 4125 2450 4180 Ecclesia
2471 4142 2575 4179 esse
2613 4123 2826 4190 zizania,
2861 4141 2960 4178 non
2987 4135 3150 4179 tanien
3179 4126 3411 4196 impediri
3431 4125 3567 4180 debet
3601 4137 3690 4181 aut

429 4217 556 4286 ﬁdes
583 4226 671 4278 aut
691 4217 912 4274 charitas
931 4226 1122 4273 nostra.
1143 4217 1280 4285 Quid
1297 4215 1437 4288 quod
1455 4217 1552 4272 iste
1573 4225 1758 4271 auctor
1777 4217 1828 4272 in
1857 4217 2148 4288 quastione
2173 4216 2260 4281 12,
2279 4233 2335 4270 n.
2357 4215 2413 4284 2,
2439 4231 2752 4286 responsum
2776 4215 2900 4270 illud
2930 4215 3318 4285 patrisfamilias
3343 4217 3540 4270 zizania
3567 4223 3694 4271 ante

425 4319 660 4362 messem
689 4306 845 4362 evelli
872 4306 1223 4376 prohibentis,
1256 4321 1362 4370 non
1392 4306 1552 4361 modo
1577 4322 1686 4361 non
1709 4313 1922 4377 torquet
1951 4307 2004 4372 in
2033 4307 2334 4364 Donatistas
2379 4321 2528 4362 more
2559 4306 2858 4377 Augustini,
2903 4306 2996 4362 sed
3047 4307 3424 4377 interpretatur
3449 4322 3514 4362 eo
3535 4316 3690 4378 pacto

421 4407 482 4454 ut
509 4399 564 4452 in
595 4397 714 4454 illos
747 4397 988 4470 torqueri
1027 4413 1137 4456 non
1161 4397 1376 4454 valeat?
1417 4396 1842 4470 quandoquidem
1887 4397 1955 4453 de
1993 4414 2103 4456 nen
2136 4398 2439 4460 auferendis
2473 4413 2537 4453 ex
2579 4398 2680 4462 liae
2711 4397 2816 4452 vita
2855 4397 3158 4464 hominibus
3180 4414 3478 4454 sermonem
3507 4398 3690 4454 haberi

425 4497 592 4562 putat.
3335 4477 3340 4482 ’

505 4579 730 4642 Accedit
753 4579 1021 4637 silentium
1047 4579 1276 4654 Eugypii
1323 4581 1551 4649 abbatis,
1578 4581 1668 4652 qui
1710 4579 1857 4646 olim,
1896 4581 1950 4636 id
1989 4589 2072 4636 est
2110 4581 2324 4636 ineunte
2363 4587 2513 4635 sexto
2567 4580 2784 4650 saeculo,
2840 4595 2957 4638 cum
2997 4595 3062 4635 cx
3119 4580 3394 4652 Augustini
3441 4579 3690 4650 operibus

427 4675 758 4745 amplissima
787 4673 1233 4730 collectaneorum
1257 4674 1524 4730 volumina
1551 4681 1903 4744 compararet,
1927 4673 2286 4744 descripsitex
2311 4672 2516 4729 duobus
2533 4671 2955 4744 prmcedentibus
2973 4673 3122 4728 libris
3141 4673 3462 4743 quaestiones
3487 4673 3687 4742 plures,

423 4769 631 4828 scilicet
657 4784 722 4825 ex
748 4771 922 4842 primo
949 4768 1135 4824 saltem
1157 4777 1407 4841 quatuor,
1432 4783 1498 4828 ex
1519 4769 1752 4824 secundo
1780 4767 2114 4826 octodecim:
2142 4781 2240 4824 nec
2263 4777 2438 4830 tamen
2459 4767 2744 4840 quidquam
2777 4782 2844 4822 ex
2890 4765 2992 4822 hoc
3017 4767 3172 4823 tertio
3203 4767 3338 4822 libro
3359 4767 3690 4838 decerpsisse

420 4877 452 4918 a
481 4863 634 4920 nobis
663 4865 1094 4938 deprehenditur.
2317 4941 2320 4944 λ
3749 4857 3758 4862 ’

494 4957 648 5026 Quod
665 4969 872 5014 veteres
893 4957 1106 5014 codices
1130 4965 1356 5027 spectat,
1386 4956 1598 5028 quidam
1620 4953 1755 5011 duos
1775 4955 1980 5026 priores
1995 4953 2158 5009 libros
2183 4952 2460 5014 continent
2474 4951 2590 5007 sine
2609 4950 2764 5006 tertio
2784 4967 2799 5014 ;
2823 4950 3062 5006 nonnulli
3082 4950 3296 5006 tertium
3319 4951 3459 5007 hunc
3477 4949 3689 5008 duobus

423 5049 528 5104 illis
565 5051 805 5120 proxime
843 5049 1148 5132 subjectum
1168 5048 1422 5104 exhibent
1447 5061 1564 5102 cum
1617 5045 1783 5102 hocce
1829 5047 2000 5112 titulo,
2053 5042 2312 5114 Incipiunt
2339 5043 2632 5112 quaestiones
2678 5039 3090 5112 Evangeliorum,
3121 5056 3228 5106 non
3265 5040 3444 5096 addito
3473 5043 3692 5097 nomine

423 5140 722 5210 Augustini.
743 5139 899 5196 Istius
922 5131 1141 5195 secundi
1155 5137 1366 5210 generis
1387 5144 1560 5193 exstat
1579 5135 1856 5205 exemplar
1877 5151 2037 5189 unum
2063 5133 2384 5189 Corbeiensc
2404 5141 2525 5188 ante
2551 5147 2738 5198 annos,
2757 5141 2814 5186 ut
2830 5131 3058 5197 videtur,
3079 5141 3372 5202 nongentos
3393 5133 3648 5202 scriptum
3671 5149 3687 5188 :

421 5240 619 5302 praeter
651 5228 1061 5288 Cisterciensem
1098 5230 1333 5286 codicem
1381 5230 1548 5284 multo
1595 5226 1978 5291 recentiorem,
2000 5227 2089 5297 qui
2125 5225 2250 5282 licet
2278 5240 2382 5278 non
2413 5223 2659 5280 eumdem
2689 5223 2894 5279 titulum
2921 5223 3185 5294 praeferat,
3218 5223 3320 5278 hoc
3362 5233 3536 5280 tamen
3563 5239 3690 5280 cum

421 5321 734 5386 Corbeiensi
758 5323 1026 5390 convenit,
1055 5321 1198 5393 quod
1225 5319 1536 5391 praedictum
1557 5317 1750 5373 librum
1775 5331 1882 5371 non
1909 5317 2147 5372 attribuit
2169 5315 2482 5386 Augustino.

499 5411 580 5467 Ad
605 5423 898 5469 extremum
929 5413 1170 5469 lndiculo
1195 5409 1422 5466 Possidii
1453 5409 1504 5463 in
1533 5407 1747 5479 optimae
1774 5415 1916 5462 noue
1951 5407 2076 5462 Mss.
2103 5407 2383 5478 diligenter
2408 5407 2704 5480 explorato,
2736 5407 2788 5464 id
2817 5406 2959 5486 quod
2981 5407 3092 5466 sola
3117 5406 3496 5466 Ulimmcnana
3523 5403 3688 5465 editio

423 5506 586 5576 habet
613 5505 680 5570 de
705 5504 1048 5580 subsequenti
1071 5518 1258 5578 opere,
1285 5516 1542 5574 nusquam
1571 5500 1886 5574 reperimus.

1863 5684 2274 5780 -εθινῧίδικ
