4074 6490
1621 417 1794 428 μ--ο

1163 453 3015 738 Μ“
3091 669 3120 678 ,.

3135 453 3520 466 M

1547 795 2366 873 SEPTEMDEOIM

324 971 529 1090 IN
589 963 1797 1085 EVANGELIUM
1847 959 2798 1075 SECUNDUM
2855 957 3564 1074 MAT’I‘E.

1668 1163 1946 1260 iiber
1993 1181 2250 1259 unus.

1643 1350 2274 1408 Wyé-O‘

390 1478 612 1545 Qua-:51.
643 1479 684 1534 l.
708 1476 948 1550 [Marri].
969 1492 1080 1547 cap.
1104 1475 1159 1539 1i,
1184 1475 1217 1546 γ
1263 1472 1377 1547 16.]
1394 1471 1546 1540 Quod
1565 1471 1762 1526 dictum
1785 1479 1888 1536 εει,

319 1570 532 1623 occisos
555 1568 781 1623 infantes
802 1582 832 1620 a
858 1567 1056 1620 bimatu
1076 1575 1129 1621 et
1155 1564 1308 1628 iul‘ra,
1336 1563 1684 1634 signiﬁcatum
1706 1569 1786 1616 est
1803 1559 1901 1614 hu-

317 1659 483 1713 miles
523 1659 779 1714 habentes
818 1657 1079 1728 geminam
1106 1656 1417 1711 charitatem
1442 1695 1456 1721 ,
1490 1664 1739 1724 tanquam
1777 1665 1902 1722 par-

317 1749 477 1803 vulos
503 1749 676 1803 bimos
702 1761 858 1818 posse
887 1748 1018 1801 mori
1046 1761 1140 1816 pro
1165 1745 1394 1801 Christo.

392 1838 459 1894 11.
492 1837 594 1911 [11).
622 1855 658 1893 x
679 1881 692 1906 ,
720 1837 838 1912 27.]
865 1838 1012 1904 Quod
1036 1839 1146 1891 dico
1171 1835 1307 1892 vobis
1334 1837 1386 1890 in
1414 1835 1623 1890 tenebris
1647 1876 1662 1901 ,
1701 1833 1752 1888 id
1780 1840 1895 1897 est,

319 1944 446 1982 cum
472 1930 649 1982 adhuc
677 1929 726 1982 in
754 1930 943 1994 timore
963 1927 1160 1982 carnali
1180 1928 1328 1992 estis,
1352 1926 1472 1996 quia
1493 1925 1545 1978 in
1571 1923 1798 1978 tenebris
1822 1929 1904 1977 est

321 2023 516 2086 timor;
547 2021 696 2075 dicite
714 2021 767 2074 in
802 2021 1021 2086 lumine,
1049 2020 1150 2074 hoc
1178 2028 1288 2086 est,
1325 2019 1378 2073 in
1406 2018 1590 2072 ﬁducia
1631 2015 1864 2070 veritatis
1884 2053 1898 2077 ,

318 2123 547 2182 accepto
582 2115 782 2183 Spiritu
806 2122 989 2168 sancto
1019 2129 1032 2167 :
1065 2111 1132 2167 Et
1158 2112 1294 2184 quod
1315 2112 1366 2164 in
1386 2127 1508 2164 aure
1535 2102 1738 2171 auditis,
1773 2121 1903 2176 pra:-

316 2205 492 2258 dieate
513 2222 664 2274 super
690 2213 838 2270 tecta,
869 2203 920 2258 id
944 2211 1044 2270 est,
1079 2202 1218 2273 quod
1246 2202 1297 2256 in
1322 2209 1528 2258 secreto
1557 2199 1768 2263 auditis,
1797 2197 1904 2252 cal-

315 2306 443 2350 cato
470 2297 653 2351 carnis
677 2295 947 2350 domicilio
975 2294 1277 2364 prmdicate.

341 2404 344 2405 '
392 2386 488 2441 111.
517 2386 617 2458 [lb.
659 2402 730 2451 ι,
771 2383 986 2456 54-56.]
1024 2383 1198 2439 Nolite
1252 2382 1487 2438 arbitrari
1527 2383 1643 2455 quia
1687 2378 1904 2434 venerim

317 2493 499 2546 pacem
525 2478 718 2530 mittere
740 2478 793 2530 in
818 2487 1036 2541 terram;
1075 2492 1175 2530 non
1216 2475 1327 2529 veni
1355 2491 1525 2544 pacem
1562 2475 1780 2537 mittere,
1815 2470 1906 2525 sed

318 2568 552 2638 gladium
575 2587 588 2620 :
617 2569 726 2621 veni
753 2569 884 2622 enim
934 2584 1167 2636 separare
1187 2568 1434 2622 hominem
1455 2566 1692 2619 adversus
1714 2574 1906 2635 patrem

318 2674 486 2710 suurn.
523 2657 656 2724 Quia
677 2657 1094 2727 renuntiatquis
1122 2655 1352 2722 diabolo,
1374 2657 1462 2727 qui
1486 2655 1580 2710 fuit
1603 2655 1740 2708 lilius
1765 2653 1902 2722 ejus.

322 2746 388 2800 Et
418 2749 582 2816 ﬁliam
606 2750 842 2802 adversus
871 2757 1078 2802 matrem
1115 2765 1259 2802 suam
1289 2763 1308 2802 :
1335 2748 1543 2818 plebem
1577 2746 1673 2801 Dei
1713 2746 1905 2798 adver-

319 2850 414 2891 sus
438 2838 760 2892 mundanam
783 2839 1072 2904 civitatem,
1097 2838 1195 2893 hoc
1218 2847 1300 2893 est
1327 2838 1676 2908 perniciosam
1697 2835 1908 2908 generis

322 2925 543 2980 humani
597 2929 943 2993 societatem,
999 2943 1154 2998 quam
1212 2943 1350 2983 nunc
1391 2928 1712 3002 Babylonia,
1764 2938 1908 2981 nunc

321 3015 574 3086 ὧςῐμιο,
611 3034 750 3073 nunc
769 3017 1020 3083 Sodoma,
1043 3035 1183 3075 nunc
1205 3021 1323 3074 aliis
1347 3030 1504 3090 atque
1530 3019 1649 3074 aliis
1673 3017 1907 3073 nomini-

321 3112 421 3170 bus
465 3114 741 3183 Scriptura
790 3115 1068 3186 signiﬁcat.
1121 3114 1325 3169 Nurun‘t
1369 3114 1606 3169 adversus
1651 3129 1850 3168 socrum
1882 3127 1902 3166 :

324 3204 618 3260 Emlesiam
650 3206 908 3262 adversus
940 3206 1289 3278 Synagogam,
1318 3221 1434 3276 qum
1475 3205 1762 3260 secundum
1789 3219 1908 3258 car-

326 3311 449 3351 nem
474 3298 745 3352 Christum
772 3301 976 3370 peperit
1000 3314 1250 3370 Sponsum
1282 3300 1554 3354 Ecclesizc.
1596 3297 1910 3352 Dividuntur

319 3397 500 3440 autem
537 3388 714 3458 gladio
738 3390 974 3459 spiritus,
1002 3389 1142 3460 quod
1183 3397 1265 3445 est
1305 3389 1520 3443 verbum
1555 3388 1647 3442 Dei
1693 3385 1906 3457 (Ephes.

321 3492 399 3541 ﬂ,
429 3478 541 3548 l7).
570 3478 636 3530 Et
660 3480 845 3532 inimici
867 3480 1081 3534 hominis
1101 3481 1357 3534 domestici
1374 3481 1482 3551 ejus
1507 3494 1528 3535 :
1551 3494 1670 3534 cum
1693 3476 1906 3548 quibus,

319 3577 484 3623 antea
514 3571 898 3625 consuetudine
937 3571 1237 3641 implicatus
1267 3579 1400 3626 erat.

393 3658 489 3713 IV.
509 3658 606 3731 [lb.
629 3676 742 3727 vnn,
767 3659 898 3732 l-5.]
915 3661 1063 3727 Quod
1084 3671 1259 3715 autem
1281 3659 1607 3716 descendens
1626 3661 1906 3723 demente,

318 3758 668 3819 posteaquam
688 3761 952 3822 praecepta
979 3752 1086 3807 illic
1102 3752 1371 3823 discipulis
1400 3758 1454 3807 et
1469 3748 1788 3804 multitudini
1816 3749 1910 3803 de-

317 3841 432 3907 dit,
479 3840 723 3909 leprosum
757 3844 958 3908 statim,
991 3843 1255 3898 extendens
1282 3857 1486 3896 manum
1512 3857 1656 3896 suam
1675 3880 1692 3908 ,
1732 3849 1907 3903 curat;

319 3931 589 4002 significat
631 3949 723 3988 eos
760 3933 852 4004 qui
887 3934 954 3989 de
985 3934 1087 3989 illis
1117 3933 1399 4003 implendis
1437 3933 1778 4000 dubitabant,
1811 3943 1907 3984 suo

319 4023 523 4077 auxilio
547 4021 614 4077 ab
643 4023 945 4094 hujusmodi
971 4025 1225 4080 varietate
1254 4024 1516 4080 mandari.

396 4115 463 4169 ν.
499 4114 597 4188 [11).
626 4116 886 4189 γιιι,20.]
930 4117 1084 4184 Quod
1128 4117 1380 4172 Dominus
1421 4117 1552 4172 dixit
1584 4117 1771 4172 scriba:
1816 4117 1903 4186 qui

323 4222 450 4262 curn
481 4209 633 4276 sequi
663 4209 860 4276 voluit,
901 4207 1089 4280 Vulpes
1123 4212 1292 4280 foveas
1331 4208 1550 4276 habent,
1597 4219 1643 4262 et
1682 4209 1905 4264 volucres

323 4299 438 4351 creti
465 4298 830 4363 tabernacula;
866 4299 1034 4354 Filius
1062 4309 1232 4354 autem
1257 4299 1470 4353 hominis
1504 4316 1603 4354 non
1633 4300 1778 4354 habet
1819 4299 1906 4354 ubi

322 4399 479 4460 caput
506 4407 652 4445 suum
673 4391 1227 4461 reclinet,_intelligitur
1244 4392 1506 4447 miraculis
1532 4393 1737 4449 Domini
1759 4408 1905 4450 com-

324 4490 506 4537 motus
535 4491 749 4552 propter
777 4483 985 4538 inanem
1003 4483 1307 4552 iactantiam
1329 4497 1450 4538 eum
1478 4485 1626 4553 sequi
1651 4484 1900 4552 voluiSse,

323 4589 489 4643 quam
525 4575 822 4645 signiﬁcant
851 4589 1014 4631 aves:
1045 4576 1259 4630 ﬁnxisse
1302 4585 1496 4630 autem.
1517 4575 1761 4646 discipuli
1803 4579 1902 4633 ob-

322 4665 604 4735 sequium,
647 4683 765 4738 qua:
795 4665 936 4723 ﬁctio
976 4666 1211 4736 vulpium
1238 4667 1452 4720 nomine
1481 4666 1768 4736 signiﬁcata
1799 4676 1900 4724 est.

325 4757 696 4814 Reclinatione
738 4773 868 4814 vero
910 4759 1096 4828 capitis
1139 4757 1490 4813 humilitatem
1522 4773 1670 4813 suam
1700 4759 1902 4828 signiﬁ-

323 4854 488 4918 cavit,
518 4869 636 4924 qua:
665 4854 719 4908 in
748 4853 842 4908 illo
869 4854 1174 4909 simulatore
1199 4867 1262 4908 ac
1289 4851 1527 4923 superbo.
1546 4867 1652 4907 non
1681 4851 1905 4907 habebat

323 4941 524 4998 locum.

396 5033 492 5089 Vl.
533 5033 634 5108 [lb.
665 5051 758 5090 vui
777 5076 791 5100 ,
963 5034 1171 5089 Dimitte
1195 5043 1418 5089 mortuos
1444 5035 1654 5106 sepelire
1682 5044 1903 5090 mortuos

322 5141 464 5179 suos.
495 5124 722 5179 Mortuo:
741 5125 828 5180 hic
847 5139 954 5180 non
979 5125 1259 5180 credentes
1280 5124 1413 5180 dixit
1441 5141 1453 5178 :
1487 5135 1708 5179 mortuos
1728 5133 1904 5180 autem

324 5231 466 5282 suos,
497 5218 586 5285 qui
616 5217 957 5272 nihilominus
975 5218 1093 5273 sine
1117 5217 1219 5272 ﬁde
1248 5217 1314 5272 de
1337 5231 1561 5287 corpore
1586 5219 1812 5273 exirent.

400 5305 512 5359 VII.
530 5305 630 5380 [lb.
652 5323 707 5373 Χ,
732 5306 844 5380 14.]
870 5307 1100 5363 Excutite
1119 5307 1368 5378 pulverem
1389 5305 1450 5360 de
1469 5307 1676 5377 pedibus
1692 5308 1862 5360 vestris
1886 5323 1904 5361 :

307 5403 402 5448 aut
443 5397 509 5451 ad
534 5399 972 5452 contestationem
1003 5396 1200 5453 laboris
1232 5396 1465 5461 terreni,
1493 5411 1649 5466 quem
1678 5411 1774 5466 pro
1800 5396 1904 5452 illis

2007 1467 2232 1522 inaniter-
2292 1467 2696 1538 suseepissent;
2745 1477 2836 1524 aut
2899 1479 2954 1524 ut
3014 1471 3358 1527 ostenderent
3406 1488 3573 1543 usque

2005 1559 2137 1614 adeo
2167 1576 2225 1614 se
2253 1559 2319 1614 ab
2348 1561 2474 1630 ipsis
2513 1562 2643 1616 nihil
2691 1570 2959 1618 terrenum
3008 1579 3280 1633 qumrcre,
3324 1573 3381 1621 ut
3419 1565 3578 1622 etiam

2006 1651 2275 1721 pulverem
2302 1652 2367 1708 de
2397 1660 2537 1709 terra
2581 1669 2764 1709 eorum
2804 1655 2903 1710 sibi
2934 1671 3038 1708 non
3068 1665 3372 1726 paterentur
3398 1658 3579 1713 adlue-

2005 1759 2145 1798 rere.

2079 1834 2209 1889 Vlll.
2239 1833 2337 1907 [lb.
2371 1851 2428 1900 ι,
2464 1834 2574 1909 16.]
2591 1836 2763 1892 Estote
2789 1854 2904 1909 ergo
2931 1839 3196 1907 prudentes
3224 1838 3349 1893 sicut
3374 1855 3577 1908 serpen—

2007 1931 2076 1979 tes
2108 1942 2120 1978 :
2153 1925 2219 1980 ad
2264 1926 2556 1981 cavendum
2615 1930 2846 1994 malum,
2895 1930 2946 1984 iu
2981 1931 3154 2000 capite
3197 1930 3574 1996 custodiendo,

2005 2016 2146 2087 quod
2192 2028 2272 2072 est
2308 2018 2570 2073 Christus.
2614 2019 2744 2073 Nam
2787 2034 3007 2090 serpens
3048 2029 3212 2076 totum
3248 2036 3439 2092 corpus
3486 2037 3581 2091 pro

2006 2107 2178 2177 capite
2216 2108 2395 2178 objicit
2422 2111 2755 2180 persequenti
2787 2129 2799 2164 :
2834 2113 2914 2164 vel
2944 2111 3082 2180 quod
3112 2127 3208 2182 per
3230 2111 3497 2182 angustias
3523 2127 3584 2168 se

2007 2209 2283 2255 coarctans
2311 2202 2475 2256 veteri
2516 2203 2692 2256 tunica
2726 2212 2914 2258 exutus
2945 2206 3241 2258 innovatur.
3272 2205 3422 2270 Quod
3459 2207 3580 2261 imi-

2009 2297 2186 2344 tantur
2227 2292 2416 2361 quibus
2456 2291 2651 2347 dictant
2682 2302 2763 2350 est
2780 2334 2803 2360 ,.
2837 2293 3032 2348 Intrate
3056 2312 3146 2366 per
3172 2306 3434 2367 angustam
3462 2314 3582 2368 por-

2010 2391 2111 2441 tam
2146 2381 2352 2456 (Matth.
2383 2401 2454 2440 vn
2477 2426 2490 2450 ,
2525 2384 2652 2459 15);
2685 2401 2804 2442 cum
2837 2395 3017 2442 vetere
3043 2388 3254 2444 homine
3297 2397 3583 2464 eaqpntur.

2009 2470 2138 2524 Nam
2167 2473 2207 2526 si
2235 2474 2530 2529 cavendum
2553 2477 2747 2530 malum
2771 2476 2841 2530 ita
2865 2484 3124 2543 moneret,
3149 2486 3205 2532 ut
3225 2479 3481 2535 violenter
3501 2495 3588 2536 ro-

2011 2563 2299 2618 sisteudum
2329 2574 2470 2622 esset
2494 2567 2644 2621 malis
2665 2609 2679 2633 ,
2710 2583 2814 2622 non
2845 2583 3000 2637 supra
3029 2568 3286 2636 dixisset,
3321 2569 3469 2624 Mitto
3498 2586 3583 2624 vos

2010 2653 2135 2706 sicut
2157 2670 2267 2710 oves
2289 2656 2337 2709 in
2363 2657 2523 2710 medio
2547 2657 2801 2728 luporum.
2831 2657 3110 2728 Simplices
3131 2669 3306 2714 autem
3330 2661 3468 2715 sicut
3489 2676 3584 2716 co-

2011 2745 2216 2801 lumbas
2243 2763 2360 2805 esse
2390 2749 2576 2816 voluit,
2606 2750 2672 2804 ad
2702 2751 2829 2804 nulli
2859 2750 3174 2806 nocendum.
3209 2752 3338 2805 Nam
3369 2752 3468 2808 hoc
3491 2767 3586 2824 ge-

2012 2851 2112 2890 nus
2138 2837 2250 2891 avis
2271 2839 2470 2893 nullum
2493 2841 2710 2894 omnino
2737 2841 3042 2895 animalium
3067 2851 3216 2895 necat
3241 2858 3256 2906 ;
3285 2857 3388 2896 non
3415 2843 3585 2898 solum

2012 2925 2324 2996 grandium,
2364 2935 2549 2982 contra
2577 2944 2694 3000 qua:
2732 2916 2872 2984 vires
2917 2946 3024 2984 non
3051 2929 3246 2995 habet,
3291 2930 3385 2985 sed
3426 2932 3587 2986 etiam

2013 3017 2526 3088 miuutissimorum,
2586 3021 2776 3091 quibus
2833 3022 2990 3077 etiam
3042 3023 3281 3092 pcrparvi
3343 3038 3590 3092 passeres

2014 3111 2243 3164 aluntur.
2274 3110 2369 3165 Est
2395 3121 2570 3166 autem
2611 3114 2856 3168 omnibus
2887 3114 3275 3169 irrationalibus
3302 3115 3588 3172 animantia

2013 3199 2111 3254 bus
2137 3217 2236 3255 una
2269 3203 2509 3272 quaedam
2537 3203 2674 3258 inter
2705 3219 2762 3259 se
2793 3205 3049 3271 societas,
3079 3206 3213 3260 sicut
3238 3205 3398 3260 etiam
3424 3206 3590 3262 ratio-

2015 3291 2221 3347 nalibus
2246 3308 2362 3360 sua,
2387 3293 2437 3348 id
2460 3304 2539 3350 est
2561 3294 2882 3361 hominibus,
2912 3310 3015 3350 non
3044 3297 3215 3351 solum
3245 3311 3424 3352 secum
3445 3336 3464 3363 ,
3493 3297 3591 3352 sed

2015 3381 2173 3434 etiam
2204 3397 2322 3436 cum
2355 3383 2592 3453 Angelis.
2632 3383 2850 3438 Discuut
2879 3400 3003 3454 ergo
3032 3400 3098 3439 ex
3133 3384 3476 3441 similitudine
3499 3400 3591 3442 co-

2013 3473 2310 3529 lumbarum
2339 3477 2466 3530 nulli
2507 3491 2727 3548 prorsus
2772 3491 2964 3532 nocere
3001 3475 3066 3531 ad
3093 3478 3401 3532 societatem
3439 3491 3595 3533 suam

2015 3567 2296 3635 pertinenti
2333 3568 2730 3638 participatione
2760 3569 2998 3623 rationis.

2085 3657 2174 3717 IX,
2211 3657 2307 3730 [lb.
2337 3675 2387 3713 χι
2406 3701 2421 3722 .
2449 3658 2564 3731 25.]
2588 3658 2841 3728 Conﬁteor
2867 3659 2985 3724 tibi,
3015 3658 3172 3713 Pater
3191 3702 3206 3726 ,
3235 3659 3452 3715 Domine
3479 3659 3591 3716 caeli

2014 3757 2059 3803 et
2085 3758 2248 3803 teme.
2276 3749 2572 3804 Notandum
2613 3748 2999 3805 confessionem
3041 3751 3164 3819 poni
3206 3751 3257 3805 in
3285 3749 3439 3806 laude
3469 3751 3585 3806 Dei.

2011 3839 2126 3894 Non
2165 3842 2306 3895 enim
2343 3849 2558 3910 peccata
2585 3841 2841 3895 Dominus
2869 3840 3220 3896 conﬁtebatur
3241 3881 3256 3908 ,
3299 3857 3417 3912 qua:
3445 3841 3590 3897 nulla

2012 3931 2258 4000 habebat,
2289 3932 2584 4002 prmsertim
2600 3934 2722 4004 quia
2747 3948 2868 3988 eum
2889 3919 3247 3988 exsultantem
3269 3933 3372 3990 hoc
3390 3933 3590 3992 dixisse

2010 4025 2144 4078 alius
2187 4024 2511 4093 evangelista
2552 4033 2935 4080 commemorat
2974 4023 3122 4096 (Luc.
3151 4041 3217 4088 ι,
3255 4023 3349 4107 2])
3380 4041 3392 4077 :
3422 4039 3590 4095 quam

2009 4133 2166 4187 quam
2211 4125 2266 4172 et
2307 4116 2466 4173 verba
2507 4117 2619 4186 ipsa
2665 4132 2783 4188 qum
2821 4116 2948 4172 dicit
2998 4133 3104 4172 non
3157 4116 3387 4172 habeant
3432 4116 3591 4172 dubi-

2010 4211 2261 4264 tationem
2285 4251 2301 4276 ,
2334 4211 2475 4278 quod
2505 4209 2558 4264 in
2589 4208 2743 4266 laude
2769 4210 2860 4264 Dei
2903 4200 3165 4264 dicantur.
3212 4209 3352 4279 Ergo
3382 4208 3591 4264 confes-

2009 4300 2212 4354 sionem
2259 4308 2415 4354 vocat
2450 4299 2724 4370 Scriptura
2763 4299 3084 4369 generaliter
3129 4298 3381 4370 quidquid
3418 4298 3591 4355 mani-

2008 4389 2162 4454 feste,
2201 4391 2335 4445 sicut
2377 4391 2630 4455 cernitur,
2654 4390 2977 4445 enuntiatur.
3016 4389 3147 4445 Nam
3187 4399 3240 4444 et
3279 4389 3406 4445 illud
3443 4389 3587 4460 quod

2007 4485 2113 4550 ait,
2146 4483 2206 4538 Si
2229 4482 2341 4553 quis
2372 4500 2447 4536 me
2473 4487 2729 4554 confessus
2757 4481 2906 4552 fuerit
2936 4497 3102 4535 coram
3134 4481 3434 4549 hominibus,
3474 4497 3588 4534 con-

2009 4573 2184 4643 ﬁtebor
2217 4584 2262 4628 et
2301 4591 2390 4644 ego
2418 4590 2530 4627 eum
2567 4589 2738 4627 coram
2786 4571 2943 4626 Patre
2974 4589 3082 4627 meo
3128 4571 3336 4643 (Matth.
3359 4589 3390 4628 ι
3411 4613 3426 4638 ,
3451 4571 3582 4642 5‘2);

2008 4662 2091 4717 vel
2131 4662 2269 4717 sicut
2301 4663 2425 4717 alibi
2452 4670 2534 4718 est
2558 4704 2572 4730 ,
2603 4679 2771 4716 coram
2797 4661 3000 4733 Angelis
3030 4661 3124 4716 Dei
3162 4649 3410 4735 (Luam
3436 4704 3451 4729 ,
3480 4661 3534 4734 8)
3567 4677 3585 4718 :

2008 4767 2113 4808 non
2143 4757 2320 4823 utique
2351 4762 2564 4822 peccata
2611 4752 2891 4808 conﬁtetur
2930 4752 3018 4824 qui
3055 4750 3326 4807 Christum
3365 4752 3587 4809 conﬁte-

2011 4854 2112 4900 tur.
2153 4844 2304 4912 Quod
2357 4847 2402 4900 si
2450 4853 2729 4916 propterea
2771 4853 2956 4916 putant
2998 4845 3158 4915 aliqui
3194 4845 3581 4902 confessionem

2008 4926 2207 5000 vocari,
2261 4935 2384 5005 quia
2430 4951 2527 5006 pro
2574 4936 2798 4992 crimine
2842 4935 3120 5005 objiciatur
3157 4935 3355 4991 Christi
3388 4949 3586 4990 nomen

2010 5035 2247 5096 tempore
2299 5026 2736 5096 persecutionis;
2791 5027 3046 5098 numquid
3101 5028 3170 5082 ita
3224 5028 3381 5083 etiam
3428 5023 3584 5082 Chri-

2009 5131 2121 5174 Stus
2149 5134 2326 5173 coram
2357 5119 2514 5173 Patre
2539 5118 2625 5174 vel
2652 5134 2829 5174 coram
2859 5120 3074 5191 Angelis
3103 5119 3370 5174 hominem
3411 5118 3498 5188 qui
3525 5133 3583 5173 se

2009 5210 2284 5267 confessus
2305 5210 2465 5266 fuerit
2487 5211 2802 5266 conﬁtetur?
2829 5212 2924 5267 Est
2943 5211 3102 5268 etiam
3130 5213 3180 5265 in
3209 5208 3584 5268 Ecclesiastico

2010 5302 2080 5358 ita
2106 5302 2335 5372 positum
2355 5343 2370 5368 ,
2411 5299 2473 5354 Et
2501 5302 2607 5356 hcce
2633 5302 2807 5356 dicetis
2827 5303 2880 5357 in
2900 5302 3209 5373 confessione
3231 5341 3246 5364 ,
3278 5298 3445 5370 Opera
3471 5298 3581 5355 Do-

2010 5395 2135 5449 mini
2159 5394 2408 5458 universa,
2444 5393 2682 5463 quoniam
2710 5393 2839 5464 bona
2867 5393 3010 5446 valde
3039 5389 3224 5461 (Eccli.
3257 5405 3446 5454 xxxix,
3477 5389 3547 5446 9-0
3566 5431 3583 5458 ,

1487 5545 1767 5586 Αῡυοκιτιο
1804 5546 1886 5585 PP.
1927 5545 2400 5586 Βεκιωιετικοιιυω.

384 5623 712 5680 Quaestionum
733 5620 1086 5684 septemdecim
1110 5621 1158 5670 in
1200 5620 1369 5684 Matth.
1386 5618 1512 5684 liber
1535 5619 1592 5670 ad
1640 5622 1837 5684 eosdem
1857 5622 2050 5672 codices
2085 5621 2288 5674 collatus
2318 5626 2410 5684 est
2458 5633 2513 5670 ac
2553 5618 2835 5684 praecedens
2876 5628 2996 5680 opus
3037 5623 3211 5677 Quam.
3258 5623 3453 5681 Evang,
3501 5627 3587 5666 ex-

1100 5684 1256 5746 ceptis
1275 5682 1554 5732 Michaelin
1577 5689 1629 5732 et
1645 5682 1931 5745 Arnulfensi,
1956 5685 2005 5733 in
2027 5685 2202 5746 quibus
2225 5683 2299 5732 hic
2318 5682 2442 5731 liber
2467 5695 2560 5731 non
2577 5682 2837 5742 reperitur.

405 5768 919 5848 Comparavimm
944 5777 1240 5847 prwterea
1270 5786 1368 5828 eas
1395 5783 1598 5828 omnes
1625 5766 1921 5830 editiones
1956 5766 2140 5830 initio
2172 5765 2737 5838 Retractationum,
2776 5771 2819 5824 t.
2857 5762 2915 5836 1,
2942 5771 3322 5824 memoratas.
3405 5761 3493 5822 M.
