4012 6470
485 364 623 429 πείὶῖ

482 479 599 544 Si).
626 482 743 546 Quo
771 478 823 533 in
852 476 971 533 loco
1014 476 1368 532 indubitanter
1395 475 1486 529 Dei
1518 473 1698 528 laudes
1727 488 2054 542 exaggeran-

482 579 589 626 tur.
617 568 742 625 llaec
766 569 907 625 dicta
935 576 1057 623 sunt
1085 576 1300 637 propter
1326 563 1640 634 imperitiam
1680 562 1896 625 fratrum
1918 603 1932 628 ,
1963 562 2054 632 qui

482 678 603 718 eum
635 664 837 732 legente
865 662 1062 717 lectore
1086 659 1305 713 audiunt
1330 658 1430 711 hoc
1455 655 1691 714 verbum.
1718 664 1926 724 pectora
1947 662 2056 708 sta-

482 754 577 809 tim
605 752 848 819 tundunt,
877 766 980 806 non
1010 750 1340 804 attendentes
1366 763 1470 818 quo
1507 748 1625 801 loco
1649 746 1872 813 dicatur,
1904 744 2058 815 quasi

481 858 586 899 non
611 843 777 913 possit
802 842 901 897 nisi
929 850 1263 911 peccatorum
1288 854 1404 894 esse
1424 836 1707 892 confessio.

551 933 617 989 Χ.
646 932 745 1006 [11).
770 948 865 1000 xu,
898 930 1038 1002 1-8.]
1068 929 1365 985 Notandum
1403 928 1470 984 de
1498 943 1563 983 eo
1601 925 1739 996 quod
1767 925 1947 983 illicite
1974 924 2053 978 fa-

481 1034 622 1080 ctum
649 1023 919 1079 videretur
941 1022 1136 1078 Judaeis
1159 1062 1174 1087 ,
1201 1019 1342 1090 quod
1367 1018 1609 1088 discipuli
1637 1017 1855 1071 sabbato
1882 1015 2055 1085 spicas

481 1116 822 1183 evulsissent,
847 1128 1008 1169 unum
1034 1112 1335 1181 exemplum
1374 1109 1554 1164 datum
1592 1108 1751 1179 regiae
1778 1108 2055 1177 potestatis

481 1209 548 1264 de
576 1206 736 1263 David
762 1246 778 1272 ,
808 1209 1032 1261 alterum
1065 1201 1407 1259 sacerdotalis
1449 1200 1516 1256 de
1542 1200 1607 1255 iis
1640 1199 1728 1270 qui
1760 1213 1854 1269 per
1894 1199 2055 1252 mini-

484 1301 703 1356 sterium
731 1299 912 1368 templi
943 1296 1217 1351 sabbatum
1242 1294 1441 1349 violant
1472 1312 1485 1348 :
1513 1301 1571 1347 ut
1596 1293 1759 1347 multo
1785 1290 1961 1357 minus
1988 1290 2054 1349 ad

483 1393 654 1462 ipsum
674 1389 972 1446 evulsarum
1017 1386 1235 1442 sabbato
1256 1386 1515 1455 Spiearum
1538 1384 1736 1451 crimen
1772 1382 2052 1455 pertineat,

481 1482 570 1551 qui
597 1495 753 1536 verus
781 1495 871 1535 rex
900 1487 954 1534 et
985 1491 1141 1546 verus
1168 1475 1418 1547 sacerdos
1440 1482 1538 1541 est,
1571 1481 1625 1529 et
1653 1472 1772 1538 ideo
1800 1471 2056 1535 Dominus

484 1572 709 1628 sabbati.

551 1663 641 1717 Xl.
675 1661 774 1735 [lb.
808 1677 923 1727 xm,
950 1659 1138 1725 25‘50,
1159 1657 1439 1730 36-43.]1.
1467 1656 1590 1712 Cum
1605 1665 1767 1710 autem
1784 1656 2056 1710 dormirent

481 1754 708 1808 homines
728 1795 744 1820 ,
774 1754 905 1806 venit
932 1752 1162 1806 inimicus
1191 1752 1300 1821 ejus
1340 1759 1386 1804 et
1422 1749 1832 1820 superseminavit
1861 1749 2057 1823 z‘izania

482 1846 535 1899 in
565 1844 727 1899 medio
769 1844 953 1909 tritici,
1004 1852 1049 1897 et
1092 1844 1233 1896 abiit.
1273 1842 1406 1897 Cum
1452 1840 1798 1915 negligentius
1839 1847 2058 1921 agerent

481 1936 750 2006 praepositi
782 1935 1057 2018 Ecclesiae,
1085 1943 1175 1988 aut
1200 1948 1318 1989 cum
1348 1932 1718 1987 dormitionem
1746 1933 1931 1997 mortis
1969 1948 2057 1988 ac-

482 2026 723 2097 ciperent
766 2026 1006 2097 Apostoli
1032 2067 1047 2093 ,
1076 2026 1218 2079 venit
1258 2024 1500 2079 diabolus
1536 2032 1590 2079 et
1617 2025 2058 2094 superseminavit

481 2132 575 2173 eos
594 2132 726 2187 quos
747 2114 915 2172 malos
932 2117 1071 2171 ﬁlios
1090 2116 1345 2170 Dominus
1365 2115 1761 2185 interpretatur.
1785 2116 1888 2171 Sed
1912 2125 2057 2173 recte

481 2208 735 2277 quaeritur
763 2216 937 2261 utrum
961 2206 1199 2280 haeretici.
1235 2206 1375 2271 sint,
1418 2219 1485 2259 an
1519 2206 1656 2259 male
1708 2205 1945 2261 viventes
1970 2221 2058 2262 ca-

479 2297 683 2353 tholici.
729 2298 956 2351 Possunt
984 2296 1126 2371 enim
1153 2296 1257 2350 dici
1294 2295 1383 2349 filii
1430 2296 1553 2369 mali
1578 2296 1735 2351 etiam
1782 2295 2052 2364 haeretici,

480 2390 603 2460 quia
638 2403 709 2443 ex
736 2388 923 2443 eodem
967 2387 1235 2456 Evangelii
1279 2387 1482 2441 semine
1523 2397 1576 2443 et
1619 2386 1814 2442 Christi
1844 2388 2056 2444 nomine

480 2482 742 2551 procreati
769 2522 783 2545 ,
826 2480 1001 2554 pravis
1026 2481 1361 2549 opinionibus
1388 2480 1453 2534 ad
1493 2480 1618 2534 falsa
1650 2481 1896 2553 dogmata
1929 2495 2057 2536 cou-

480 2577 775 2625 vertuutur.
803 2569 906 2624 Sed
928 2568 1069 2638 quod
1094 2569 1219 2623 dicit
1249 2584 1340 2624 eos
1359 2569 1409 2623 in
1433 2569 1608 2637 medio
1639 2571 1796 2625 tritici
1827 2571 2058 2644 semina-

481 2668 585 2727 tos,
611 2659 762 2730 quasi
784 2658 1027 2715 videntur
1046 2658 1120 2713 illi
1138 2658 1421 2733 significari
1442 2660 1529 2729 qui
1552 2661 1706 2733 unius
1728 2662 2057 2729 communio-

478 2752 565 2807 nis
606 2759 731 2806 sunt
784 2768 799 2805 :
851 2760 1213 2806 verumtamen
1264 2751 1510 2820 quoniam
1564 2751 1816 2805 Dominus
1869 2765 2055 2827 agrum

478 2843 674 2912 ipsum,
702 2857 807 2896 non
831 2841 1143 2908 Ecclesiam,
1173 2841 1265 2897 sed
1296 2841 1432 2898 hunc
1456 2842 1709 2897 mundum
1737 2844 2052 2921 interpreta-

479 2943 564 2988 tus
590 2945 691 3002 est,
733 2936 868 3010 bene
894 2938 1259 3010 intelliguntur
1285 2939 1517 2995 haeretici
1547 2982 1562 3008 ,
1593 2941 1714 3011 quia
1745 2957 1849 2995 non
1886 2942 2057 2997 socie-

480 3033 588 3080 tate
613 3028 769 3081 unius
796 3029 1050 3103 Ecclesiae
1074 3017 1161 3086 vel
1198 3032 1350 3086 unius
1378 3031 1521 3099 fidei,
1563 3032 1654 3086 sed
1683 3033 1935 3103 societate
1968 3046 2057 3087 so-

478 3115 581 3170 lius
618 3117 846 3173 nominis
888 3119 1162 3177 christiani
1190 3121 1244 3175 in
1285 3122 1387 3177 hoc
1429 3123 1627 3183 mundo
1667 3124 2056 3194 permiscentur

480 3207 637 3263 bonis
667 3227 680 3263 :
712 3219 769 3265 ut
800 3211 876 3265 illi
900 3213 990 3294 qui
1018 3214 1070 3267 in
1097 3213 1282 3269 eadem
1311 3213 1413 3283 fide
1441 3214 1566 3269 mali
1596 3225 1720 3287 sunt
1739 3257 1760 3291 ι
1782 3216 1933 3286 palea
1960 3231 2057 3294 po-

479 3299 587 3354 tius
607 3316 762 3371 quam
785 3298 982 3357 zizan'ia
1005 3302 1341 3373 deputentur;
1367 3306 1488 3375 quia
1506 3306 1655 3379 palea
1674 3306 1832 3361 etiam
1860 3305 2051 3373 funda-

477 3384 715 3447 mentum
766 3394 937 3463 ipsum
996 3395 1156 3451 habet
1201 3410 1321 3451 cum
1366 3395 1669 3464 frumento,
1716 3398 2055 3471 radicemque

477 3478 835 3539 communem.
867 3484 924 3539 In
969 3486 1055 3540 illa
1082 3486 1235 3557 plane
1265 3502 1457 3559 sagena
1481 3531 1495 3555 ,
1525 3505 1624 3559 qua
1668 3491 2056 3547 concluduntur

474 3581 534 3650 et
551 3574 674 3627 mali
702 3582 757 3629 et
783 3574 905 3630 boni
936 3576 1108 3646 pisces
1135 3577 1347 3647 (Matth.
1377 3596 1467 3633 xm
1488 3622 1503 3647 ,
1529 3581 1723 3653 47-50)
1747 3623 1763 3648 ,
1810 3598 1918 3638 non
1956 3584 2055 3638 ab-

476 3662 638 3743 surde
684 3664 810 3719 mali
851 3666 1097 3722 catholici
1144 3669 1524 3740 intelliguntur.
1583 3672 1740 3727 Aliud
1786 3681 1868 3728 est
1910 3673 2053 3729 enim

476 3772 662 3831 mare,
692 3758 835 3830 quod
866 3763 1032 3833 magis
1070 3764 1321 3837 mundum
1368 3764 1525 3819 istum
1567 3766 1863 3836 significat;
1907 3766 2053 3822 aliud

472 3839 667 3920 sagena
687 3842 848 3923 ,quae
878 3853 1035 3927 unius
1064 3853 1185 3907 fidei
1215 3855 1299 3909 vel
1340 3855 1494 3917 unius
1524 3855 1776 3910 Ecclesiae
1813 3870 2053 3911 commu-

473 3940 688 3995 nionem
717 3941 928 4013 videtur
968 3944 1268 4017 ostendere.
1304 3944 1444 3999 lnter
1486 3944 1765 4001 haereticos
1794 3956 1847 4001 et
1885 3948 2051 4001 malos

472 4030 765 4103 catholicos
823 4032 927 4103 hoc
970 4033 1231 4111 interest,
1281 4036 1422 4106 quod
1473 4036 1706 4106 haeretici
1756 4037 1884 4111 falsa
1936 4054 2055 4095 cre-

473 4120 638 4187 dunt,
686 4120 759 4175 illi
796 4131 972 4177 autem
1016 4138 1141 4181 vera
1182 4125 1461 4190 credentes
1506 4141 1611 4184 non
1657 4127 1838 4183 vivunt
1880 4130 1951 4184 ita
1993 4140 2053 4201 ut

474 4210 717 4266 credunt.

548 4300 607 4356 2.
625 4301 775 4359 Solet
795 4312 970 4359 autem
989 4306 1145 4361 etiam
1166 4307 1352 4378 quaeri,
1371 4306 1691 4380 schismatici
1710 4308 1837 4382 quid
1862 4310 1928 4367 ab
1941 4311 2055 4373 hac:

474 4393 655 4450 reticis
683 4395 913 4463 distent;
938 4406 992 4453 et
1016 4397 1118 4469 hoc
1146 4400 1368 4456 inveniri
1393 4401 1533 4472 quod
1555 4403 1922 4477 schismaticos
1942 4421 2053 4477 non

474 4484 610 4542 fldes
652 4486 866 4543 diversa
909 4487 1093 4557 faciat,
1134 4490 1228 4546 sed
1264 4494 1653 4565 communionis
1696 4494 1935 4569 disrupta
1962 4510 2051 4559 so-

475 4579 661 4635 cietas.
691 4579 796 4636 Sed
822 4590 994 4643 utrum
1022 4583 1159 4646 inter
1190 4584 1389 4653 zizania
1417 4587 1731 4658 numerandi
1774 4589 1883 4658 sint
1902 4630 1916 4656 ,
1946 4589 2047 4657 du;

473 4669 633 4725 bitari
660 4680 852 4740 potest.
895 4673 1059 4744 Magis
1087 4686 1260 4731 autem
1303 4675 1545 4749 videntur
1588 4679 1749 4748 spicis
1786 4679 2047 4749 corruptis

474 4777 596 4819 esse
628 4764 930 4833 similiores,
960 4767 1098 4823 sicut
1122 4769 1377 4837 scriptum
1402 4780 1482 4825 est
1504 4812 1520 4839 ,
1566 4770 1720 4825 Vento
1746 4781 1910 4837 autem
1935 4789 2047 4826 cor-

473 4865 737 4926 rumpetur
765 4857 899 4926 ﬁlius
922 4858 1121 4929 iniquus
1146 4858 1302 4930 (Sap.
1334 4875 1416 4927 tv,
1441 4861 1499 4932 4)
1530 4877 1543 4914 :
1572 4862 1654 4917 vel
1682 4862 1845 4931 paleis
1868 4863 2048 4927 arista-

472 4963 590 5019 rum
618 4948 833 5015 fractis,
867 4949 948 5004 vel
990 4950 1169 5005 scissis
1205 4961 1257 5007 et
1298 4950 1365 5007 de
1408 4960 1587 5023 segete
1629 4954 1888 5023 abruptis.
1929 4953 2046 5021 Quo

471 5040 614 5111 enim
644 5041 881 5109 altiores,
915 5042 966 5097 id
996 5052 1077 5097 est
1100 5083 1116 5110 ,
1147 5045 1510 5113 superbiores,
1540 5059 1605 5100 eo
1644 5045 1938 5116 fragiliores
1965 5045 2045 5101 le-

471 5134 752 5204 vioresque
785 5142 927 5202 sunt.
969 5135 1079 5190 Nec
1110 5143 1284 5191 tamen
1310 5152 1639 5208 consequens
1664 5146 1747 5193 est
1783 5148 1842 5193 ut
1869 5137 2045 5193 omnis

474 5222 755 5280 haereticus
779 5226 865 5281 vel
910 5226 1279 5293 schismaticus
1312 5229 1657 5297 corporaliter
1695 5228 1767 5299 ab,
1806 5228 2043 5284 Ecclesia

470 5322 765 5393 separetur.
793 5313 848 5370 Si
875 5318 1017 5392 enim
1043 5317 1171 5393 falsa
1200 5317 1266 5372 de
1289 5318 1398 5392 Deo
1425 5317 1624 5383 credit,
1652 5319 1735 5374 vel
1779 5318 1845 5374 de
1870 5319 2042 5391 aliqua

472 5392 622 5471 parte
651 5402 905 5459 doctrinae
930 5421 1047 5476 quae
1084 5392 1149 5461 ad
1178 5406 1297 5461 fidei
1324 5408 1556 5477 pertinet
1601 5408 2002 5465 aedificationem
2021 5450 2039 5478 ,

469 5490 543 5548 ita
572 5502 627 5547 ut
661 5509 764 5549 non
793 5496 1079 5565 quaerentis
1107 5498 1440 5552 cunctatione
1471 5505 1791 5568 temperatus
1820 5499 1917 5565 sit,
1943 5500 2039 5555 sed

470 5583 785 5641 inconcusse
820 5587 1120 5654 credentis,
1150 5602 1249 5644 nec
1285 5590 1503 5663 omnino
1532 5590 1747 5646 scientis
1792 5592 2040 5663 opinione

467 5681 625 5743 atque
648 5690 832 5731 errore
851 5675 1161 5731 discordans
1182 5718 1196 5743 ,
1233 5677 1511 5735 haereticus
1540 5690 1621 5735 est
1644 5720 1661 5755 ,_
1705 5689 1761 5737 et
1802 5681 1930 5737 foris
1957 5692 2041 5739 est

467 5766 646 5843 animo
667 5807 683 5837 ,
712 5770 951 5840 quamvis
986 5770 1329 5829 corporaliter
1374 5772 1514 5831 intus
1556 5772 1813 5831 videatur.
1844 5775 2035 5835 Multos

1080 357 1530 431 QU.£ST10NU.\1
1568 355 2047 415 SEPTEMDECIM

2188 358 2611 430 ΜΑΤΤΗΑΞΗΜ,
2650 363 2707 422 S.
2748 364 3109 425 AUGUSTlNi

3580 378 3722 440 i368

2162 476 2300 529 enim
2320 479 2449 533 tales
2471 489 2647 549 portat
2668 482 2920 553 Ecclesia,
2942 486 3063 556 quia
3088 501 3191 542 non
3217 487 3288 545 ita
3311 488 3599 549 defendunt
3625 495 3725 551 fal-

2161 566 2370 643 sitatem
2395 572 2670 645 sententiae
2695 590 2830 653 suae,
2854 587 2910 630 ut
2944 578 3200 634 intentam
3230 582 3616 641 multitudinem
3645 586 3727 642 fa-

2161 660 2301 715 ciant
2331 680 2344 717 :
2374 662 2515 732 quod
2555 666 2598 719 si
2630 665 2887 735 fecerint,
2917 678 3041 725 tunc
3076 672 3356 741 pelluntur.
3408 674 3534 731 ltem
3556 718 3569 742 ,
3613 680 3731 749 qui-

2161 765 2387 822 cumque
2432 755 2669 811 invident
2710 757 2899 826 bonis,
2941 761 3010 815 ita
3047 771 3104 816 ut
3148 774 3384 834 quaerant
3424 769 3732 824 occasiones

2160 844 2474 901 excludendi
2499 862 2626 914 eos,
2654 859 2744 905 aut
2774 849 3133 934 degradandi;
3158 856 3240 912 vel
3266 856 3487 915 crimina
3525 875 3619 915 sua
3653 860 3733 918 sic

2161 932 2445 993 defendere
2470 940 2638 1009 parati
2664 950 2805 1010 sunt,
2837 944 2881 999 si
2908 932 3132 1021 objecta
3150 948 3233 1003 vel
3266 950 3466 1023 prodita
3498 952 3730 1022 fuerint,

2160 1036 2216 1079 ut
2245 1027 2403 1081 etiam
2432 1032 2921 1089 conventiculorum
2947 1038 3339 1109 segregationes
3366 1042 3446 1097 vel
3473 1041 3733 1099 Ecclesiae

2162 1117 2586 1189 perturbationes
2640 1124 2872 1193 cogitent
2913 1126 3179 1191 excitare;
3236 1129 3346 1199 jam
3405 1132 3732 1189 schismalici

2160 1217 2303 1274 sunt,
2334 1219 2387 1264 et
2414 1211 2481 1264 ab
2510 1213 2707 1269 unitate
2735 1216 2895 1272 corde
2919 1218 3148 1287 discissi,
3172 1222 3378 1277 etiamsi
3412 1239 3516 1279 non
3547 1225 3734 1280 inven-

2161 1298 2226 1365 tis
2253 1302 2619 1359 occasionibus
2660 1314 2749 1360 aut
2774 1308 3052 1365 occultatis
3079 1308 3231 1365 factis
3254 1313 3363 1367 suis
3386 1311 3735 1372 Sacramenta

2159 1389 2410 1454 Ecclesia:
2432 1395 2692 1463 corporali
2722 1399 3118 1459 conversatione
3142 1402 3430 1468 accientur.

2229 1484 2283 1539 5.
2298 1484 2407 1552 Qua
2415 1495 2629 1557 prepter
2645 1489 2720 1554 illi
2732 1490 2827 1559 soli
2841 1490 3083 1557 catholici
3099 1495 3221 1549 mali
3236 1504 3376 1560 recte
3388 1495 3732 1567 deputantur,

2159 1576 2247 1653 qui
2272 1580 2512 1650 quamvis
2536 1595 2657 1635 vera
2678 1582 2895 1648 credant
2919 1599 3035 1654 qua:
3059 1586 3125 1639 ad
3148 1585 3267 1640 fidei
3288 1585 3583 1643 doctrinam
3605 1603 3736 1657 pere

2162 1669 2360 1736 tinent,
2390 1679 2444 1725 et
2468 1672 2511 1726 si
2550 1672 2677 1742 quid
2718 1671 2856 1728 forte
2900 1675 3143 1731 nesciunt
3170 1677 3511 1746 quaerendum
3543 1678 3736 1735 existi-

2159 1771 2339 1827 ment,
2368 1771 2422 1818 et
2447 1763 2588 1819 salva
2616 1766 2810 1834 pietate
2829 1767 3113 1822 discutiant
3140 1768 3253 1822 sine
3276 1768 3452 1838 aliquo
3477 1769 3735 1839 praeiudi-

2160 1851 2245 1923 cio
2290 1852 2453 1921 ipsius
2484 1855 2716 1911 veritatis
2736 1899 2751 1923 ,
2781 1865 2834 1912 et
2861 1857 3030 1914 bonos
3066 1858 3157 1931 vel,
3177 1874 3311 1928 quos
3336 1859 3505 1915 bonos
3543 1866 3738 1930 putant

2160 1951 2338 2011 ament
2366 1951 2522 2013 atque
2562 1943 2826 2017 honorent
2850 1956 3103 2017 quantum
3140 1957 3394 2021 possunt;
3427 1958 3600 2005 tamen
3636 1946 3738 2013 ﬂa-

2159 2031 2347 2102 gitiose
2376 2042 2532 2104 atque
2562 2034 2860 2105 facinorose
2900 2037 3114 2113 vivunt,
3139 2049 3320 2101 contra
3350 2056 3508 2111 quam
3546 2042 3738 2097 viven-

2160 2122 2284 2178 dum
2314 2140 2432 2181 esse
2452 2128 2692 2191 credunt.
2721 2129 2876 2185 Tales
2903 2131 3045 2195 enim
3075 2132 3281 2194 etiamsi
3322 2134 3614 2203 prodantur
3640 2143 3740 2191 aut

2159 2228 2492 2287 aceusentur,
2534 2234 2629 2290 pro
2668 2221 2946 2293 disciplina
2991 2223 3244 2281 Ecclesiae
3285 2225 3573 2297 salutisque
3620 2242 3740 2290 suae

2159 2323 2317 2365 causa
2361 2313 2622 2382 correpti,
2652 2314 2735 2369 vel
2781 2330 2811 2369 a
2858 2317 3231 2374 communione
3277 2323 3555 2390 suspensi,
3584 2321 3739 2376 nullo

2158 2404 2317 2458 modo
2355 2404 2454 2459 sibi
2481 2405 2833 2462 recedendum
2871 2423 2990 2464 esse
3017 2423 3047 2462 a
3072 2412 3445 2468 communione
3472 2412 3739 2468 catholica

2158 2494 2487 2562 existimant,
2529 2512 2861 2568 quocumque
2903 2500 2921 2530 ί
2951 2500 3196 2569 permissi
3266 2501 3464 2558 fuerint
3521 2503 3740 2564 satisfa-

2157 2585 2348 2641 ctionis
2372 2597 2672 2657 quaerentes
2698 2588 2872 2644 locum
2903 2606 2918 2644 :
2946 2599 2999 2646 et
3023 2590 3306 2662 aliquando
3335 2608 3429 2663 per
3461 2596 3735 2665 paenitens

2160 2678 2285 2733 tiam
2325 2679 2377 2733 in
2417 2678 2682 2739 frumenta
2715 2690 3003 2749 mutantur,
3044 2685 3157 2740 sive
3197 2686 3464 2756 correpti,
3496 2687 3610 2742 sive
3637 2702 3735 2743 re-

2157 2770 2305 2837 moti,
2326 2771 2438 2832 sive
2457 2772 2615 2827 etiam
2640 2774 2804 2829 verbo
2831 2776 2916 2832 Dei
2935 2776 3082 2830 nullo
3108 2778 3419 2833 nominatim
3448 2789 3741 2837 accusante

2157 2872 2248 2930 aut
2276 2863 2581 2934 increpante
2608 2866 2891 2935 perterriti.
2924 2867 3220 2938 Aliquando
3242 2877 3418 2925 autem
3446 2871 3606 2925 etiam
3631 2870 3741 2927 sub

2158 2954 2375 3021 nomine
2416 2956 2784 3026 poenitentium
2828 2959 2905 3017 ita
2946 2959 3129 3013 vivunt
3166 2968 3227 3015 ut
3268 2961 3474 3027 solent,
3506 2967 3596 3015 aut
3624 2975 3741 3018 non

2158 3045 2326 3100 multo
2374 3047 2581 3115 minus,
2611 3048 2821 3117 quidam
2867 3049 3029 3104 etiam
3069 3050 3333 3120 amplius;
3379 3053 3523 3107 nullo
3570 3050 3742 3112 modo

2159 3144 2337 3191 tamen
2362 3152 2393 3191 a
2435 3138 2691 3193 catholica
2742 3140 2941 3195 unitate
2969 3141 3267 3198 discedunt.
3313 3143 3515 3211 Quibus
3558 3145 3628 3199 ita
3654 3144 3743 3200 vi-

2156 3226 2401 3286 ventibus
2430 3228 2472 3282 si
2503 3245 2647 3284 mors
2672 3230 2998 3301 obrepserit,
3028 3234 3193 3302 palea:
3218 3232 3538 3304 deputantur
3559 3251 3740 3307 usque

2158 3318 2213 3386 in
2253 3318 2431 3374 finem.
2464 3320 2575 3379 Hoc
2604 3322 2761 3376 etiam
2784 3323 2883 3392 ipsi
2910 3323 3169 3391 credunt:
3198 3340 3320 3393 nam
3348 3326 3389 3381 si
3431 3326 3584 3395 aliter
3612 3342 3745 3383 cre-

2157 3409 2323 3476 dunt,
2353 3419 2407 3465 et
2434 3411 2740 3468 inconcusse
2764 3422 2943 3467 tenent
2966 3455 2980 3479 ,
3007 3414 3116 3483 jam
3159 3416 3295 3471 inter
3324 3416 3600 3473 haereticos
3627 3434 3738 3474 nu-

2157 3505 2393 3560 merandi
2437 3513 2598 3571 sunt,
2639 3515 2886 3576 putantes
2928 3508 3177 3563 omnibus
3225 3508 3424 3575 Deum,
3464 3510 3624 3564 etiam
3674 3511 3740 3567 in

2156 3609 2345 3664 magna
2368 3594 2641 3664 iniquitate
2663 3611 2830 3666 usque
2851 3597 3083 3652 in-finem
3106 3597 3227 3653 vitae
3249 3602 3735 3669 perseverantibus,

2156 3692 2358 3739 tantum
2406 3687 2523 3756 quia
2571 3686 2820 3743 Ecclesia:
2862 3690 3151 3757 unitatem,
3182 3705 3287 3745 non
3336 3691 3544 3747 sincera
3596 3692 3741 3749 dile-

2155 3779 2331 3833 ctione
2354 3777 2497 3850 (nam
2518 3779 2652 3835 bene
2678 3779 2915 3839 viverent
2940 3782 2961 3813 ³
2986 3782 3027 3847 ),
3054 3781 3147 3836 sed
3171 3783 3337 3853 magis
3362 3798 3634 3853 pinnarum
3658 3787 3735 3839 ti-

2155 3885 2303 3932 more
2335 3862 2644 3937 teuiierunt,
2674 3871 2880 3926 veniant
2919 3871 3184 3927 daturum.
3223 3872 3309 3928 Isti
3339 3890 3462 3943 ergo
3492 3891 3597 3930 non
3626 3874 3737 3931 hoc

2153 3959 2405 4027 credunt,
2437 3960 2517 4014 vei
2556 3974 2662 4014 non
2707 3960 2925 4016 firmiter
2948 3962 3247 4030 opinantur,
3279 3963 3377 4017 etsi
3422 3962 3594 4018 adhuc
3622 3964 3737 4019 for-

2152 4048 2287 4111 sitan
2315 4058 2591 4125 quaerunt:
2614 4050 2706 4116 sed
2734 4053 2897 4122 magis
2931 4067 3023 4106 eos
3051 4052 3245 4124 decipit
3264 4070 3387 4123 spes
3416 4054 3684 4109 dilationis
3709 4097 3729 4123 ,

2153 4139 2281 4211 dum
2300 4156 2359 4196 se
2382 4140 2575 4209 diutius
2601 4142 2827 4209 victuros
2849 4151 3061 4213 putant,
3090 4152 3144 4199 et
3168 4146 3398 4213 perditos
3426 4160 3601 4199 mores
3623 4144 3732 4199 aii-

2154 4234 2365 4305 quando
2386 4235 2436 4289 in
2461 4236 2649 4291 melius
2676 4244 2988 4301 mutaturos.
3011 4234 3203 4301 Contra
3234 4251 3367 4305 quos
3386 4236 3578 4291 dicitur
3604 4255 3617 4291 :
3642 4235 3697 4289 Ν
3700 4253 3735 4293 e

2154 4325 2320 4393 tardes
2344 4328 2561 4380 converti
2581 4326 2647 4379 ad
2675 4324 2859 4392 Deum,
2877 4343 3034 4396 neque
3059 4325 3265 4393 aii/feras
3293 4326 3356 4380 tle
3377 4326 3458 4380 die
3484 4327 3536 4380 in
3554 4327 3684 4380 diem
3711 4342 3735 4383 :

2151 4417 2313 4479 subito
2332 4419 2465 4471 enim
2498 4418 2652 4471 veniet
2680 4418 2757 4471 ira
2791 4419 2926 4487 ejus,
2958 4428 3003 4471 et
3024 4418 3076 4471 in
3115 4427 3334 4487 tempore
3360 4418 3592 4473 vindicta:
3619 4419 3732 4473 dis-

2152 4506 2322 4579 perdet
2366 4515 2412 4560 te
2432 4505 2614 4577 (Eccli.
2635 4522 2688 4574 v,
2717 4506 2751 4562 8
2771 4548 2786 4573 ,
2809 4508 2888 4577 9).
2918 4507 2995 4561 Illi
3019 4507 3161 4563 enim
3205 4516 3602 4574 convertuntur,
3635 4511 3731 4579 qui

2151 4604 2296 4657 recte
2321 4596 2497 4666 vivere
2518 4594 2806 4673 incipiunt;
2842 4596 2941 4651 hoc
2966 4606 3047 4652 est
3071 4597 3211 4652 enim
3234 4597 3297 4650 ad
3321 4598 3485 4652 Deum
3512 4598 3686 4653 redire
3712 4618 3754 4655 :.

2150 4686 2240 4759 qui
2292 4694 2474 4757 autem.
2513 4686 2970 4756 concupiscentias
3019 4703 3145 4742 suas
3188 4696 3593 4757 perseveranter
3634 4704 3730 4745 se-

2150 4785 2404 4846 quuntur,
2446 4776 2663 4847 dorsum
2710 4777 3100 4857 quodammodo
3155 4777 3348 4832 habent
3395 4778 3463 4833 ad
3514 4779 3726 4847 Deum,

2150 4866 2390 4937 quamvis
2416 4866 2468 4920 in
2494 4867 2696 4923 unitate
2715 4868 2983 4923 constituti
3009 4883 3151 4938 saepe
3178 4869 3326 4923 illum
3354 4878 3552 4925 retorto
3581 4871 3730 4926 collo

2150 4967 2412 5012 conentur
2437 4958 2694 5025 aspicere.
2718 4956 2865 5027 Ergo.
2883 4967 2937 5013 et
2964 4958 3084 5033 isti,
3106 4969 3164 5015 ut
3190 4960 3264 5014 ait
3292 4961 3575 5031 Propheta,
3604 4980 3730 5018 caro

2148 5057 2283 5112 sunt,
2303 5056 2348 5102 et
2367 5048 2572 5117 spiritus
2596 5048 2857 5104 ambulans
2877 5059 2923 5103 et
2943 5067 3041 5105 non
3064 5062 3310 5115 revertens
3331 5052 3503 5123 (Psal.
3520 5071 3725 5123 Lxxvn,

2148 5133 2260 5206 59).
2300 5135 2404 5191 Sed
2434 5144 2609 5191 tamen
2629 5178 2643 5205 ,
2676 5146 2732 5193 ut
2756 5137 2955 5193 dictum
2977 5150 3084 5206 est,
3116 5151 3332 5211 propter
3372 5145 3611 5199 eamdem
3659 5149 3729 5199 fi-

2148 5225 2271 5282 dem
2296 5233 2453 5296 atque
2493 5227 2745 5284 unitatem
2783 5230 3064 5297 Ecclesiae,
3096 5248 3267 5302 neque
3310 5234 3449 5290 inter
3484 5237 3682 5290 zizania
3705 5278 3722 5303 ,

2147 5317 2394 5387 quoniam
2418 5317 2503 5372 illa
2534 5328 2687 5389 extra,
2706 5320 2939 5389 radicata
2961 5331 3115 5386 sunt,
3145 5339 3319 5394 neque
3362 5326 3498 5380 inter
3523 5326 3721 5380 arista-

2146 5424 2263 5464 rum
2292 5409 2668 5482 paleam,quae
2712 5428 2772 5467 se
2812 5414 2969 5468 etiam
3011 5414 3290 5470 frumentis
3331 5415 3490 5471 audet
3531 5430 3722 5485 aspera

2209 5544 2225 5575 ί
2246 5544 2319 5613 sic
2337 5551 2443 5607 Mss.
2471 5551 2524 5613 At
2557 5545 2698 5604 editi,
2722 5558 2752 5594 a
2778 5557 3101 5603 commeate
3131 5546 3377 5600 catholicae
3404 5544 3523 5613 ﬁdei
3557 5548 3727 5599 existi-

2143 5611 2290 5669 mqnt,
2304 5606 2771 5669 quomodocumque,
2798 5614 2890 5655 etc.

2208 5667 2228 5697 ³
2252 5665 2346 5739 Rat.
2371 5665 2562 5739 omittit,
2585 5665 2697 5739 nam
2720 5668 2834 5739 bene
2856 5665 3059 5739 viverem
3079 5669 3246 5739 {quod
3269 5671 3318 5739 in
3341 5668 3589 5739 plerisque
3609 5676 3720 5739 pass.

2143 5730 2403 5795 reperitur.
2428 5736 2483 5795 At
2505 5740 2601 5778 Am.
2628 5736 2700 5776 Er.
2724 5738 2779 5795 et
2802 5736 2910 5779 Lov.
2926 5730 3115 5795 habent
3137 5730 3245 5791 ejus
3267 5730 3390 5795 loco,
3416 5730 3522 5782 nisi
3532 5738 3581 5782 ut
3603 5732 3721 5785 bene

2143 5786 2363 5840 viverent.
2385 5792 2630 5841 Vaticanus
2649 5791 2821 5854 codex,
2846 5797 2895 5841 at
2919 5789 3032 5843 bene
3055 5786 3276 5842 viverent.

3790 4661 3819 4681 I.
