4074 6458
278 377 423 437 1589

272 488 619 547 dissensione
661 494 717 541 et
759 484 928 554 fragili
968 482 1195 538 elatione
1244 482 1709 552 superimponere,
1755 480 1852 536 sed

274 583 525 653 quamvis
572 578 862 647 subjectam
902 575 1205 643 frumentis,
1258 584 1433 630 tamen
1480 576 1616 629 inter
1652 574 1860 644 paleam

275 689 401 743 quae
452 672 637 728 ultima
678 669 1016 724 ventilatione
1066 666 1357 736 separanda
1405 674 1519 732 est,
1571 680 1859 720 numeran-

278 773 386 817 tur.

350 852 407 908 4.
434 850 570 905 Boni
611 857 789 903 autem
814 846 1319 915 catholicisunt,qui
1343 854 1396 902 et
1424 845 1580 901 ﬁdem
1602 832 1860 915 integram

276 951 582 1012 sequuntur
609 950 664 995 et
704 953 882 993 mores
908 938 1076 992 bonos
1097 953 1110 990 :
1134 936 1275 1006 quod
1310 945 1486 991 autem
1512 936 1577 990 ad
1619 936 1739 990 ﬁdei
1766 935 1862 989 do-

274 1034 513 1089 ctrinam
537 1031 784 1100 pertinet,
801 1029 870 1082 ita
891 1036 1152 1097 quierunt,
1174 1027 1217 1081 si
1242 1027 1368 1097 quid
1389 1026 1731 1097 quaerendum
1760 1026 1859 1079 ha-

276 1124 445 1187 bent,
474 1132 534 1176 ut
562 1121 702 1176 absit
725 1119 1054 1174 concertatio
1090 1118 1384 1187 periculosa
1405 1157 1421 1185 ,
1451 1116 1535 1171 vel
1564 1116 1822 1187 quaerenti
1840 1156 1857 1183 ,

274 1216 363 1269 vel
388 1216 441 1268 ei
470 1229 593 1268 cum
619 1226 725 1283 quo
752 1211 1027 1281 quaeritur,
1056 1208 1138 1263 vel
1178 1209 1257 1264 eis
1292 1210 1382 1279 qui
1423 1208 1746 1264 disserentes
1768 1224 1863 1263 au-

273 1307 451 1363 diunt.
503 1307 577 1360 Ita
619 1313 794 1359 autem
823 1302 1045 1367 docent,
1073 1302 1116 1356 si
1145 1301 1269 1372 quid
1297 1301 1593 1356 docendum
1629 1302 1858 1369 habent,

277 1406 337 1451 ut
364 1398 562 1451 usitata
589 1403 644 1450 et
666 1393 975 1449 conﬁrmata
1002 1390 1340 1447 securissime
1362 1434 1377 1458 ,
1406 1399 1459 1445 ct
1484 1390 1859 1457 ﬁdentissime,

276 1498 330 1543 et
374 1488 680 1549 lenissime,
710 1494 769 1541 ut
804 1493 1056 1553 possunt,
1086 1484 1356 1539 insinuent
1381 1503 1394 1538 :
1418 1484 1663 1539 inusitata
1700 1499 1857 1549 vero,

275 1580 487 1635 etiamsi
518 1578 757 1633 veritatis
788 1577 1210 1631 manifestatione
1238 1576 1578 1646 liquidissima
1610 1590 1861 1645 percepe-

276 1680 404 1725 runt
428 1712 443 1733 ,
469 1668 742 1740 qumrcndi
788 1668 963 1738 potius
1010 1682 1167 1737 quam
1208 1667 1546 1736 praecipiendi
1585 1678 1675 1721 aut
1712 1667 1859 1721 afﬁr-

274 1759 460 1815 mandi
490 1759 682 1825 modo,
714 1769 930 1828 propter
955 1758 1217 1812 audientis
1245 1756 1621 1811 inﬁrmitatem.
1644 1758 1698 1812 Si
1718 1759 1859 1812 enim

275 1860 480 1905 tantum
512 1849 674 1905 habet
697 1849 902 1919 pondus
926 1847 1137 1917 aliquod
1164 1863 1378 1913 verum,
1409 1856 1463 1902 ut
1484 1849 1622 1901 vires
1642 1848 1859 1902 discen-

276 1944 344 1997 tis
370 1941 640 2003 excedat;
670 1939 1096 2008 suspendendum
1128 1946 1210 1993 est
1237 1947 1295 1991 ut
1338 1937 1589 1993 extendat
1612 1952 1861 1991 crescen-

276 2042 380 2087 tem
402 2072 420 2096 ,
450 2046 559 2084 non
586 2028 963 2098 imponendum
997 2037 1049 2081 ut
1075 2028 1280 2081 obterat
1308 2027 1604 2097 parvulum.
1629 2026 1756 2081 Inde
1779 2034 1863 2080 est

274 2122 405 2176 illud
439 2121 651 2176 Domini
679 2137 691 2171 :
723 2120 831 2173 Sed
848 2118 1014 2185 Filius
1040 2119 1255 2171 hominis
1286 2134 1400 2171 cum
1434 2118 1649 2184 venerit,
1675 2128 1823 2187 putas
1842 2159 1857 2186 ,

271 2214 485 2265 inveniet
500 2212 653 2279 ﬁdem
675 2212 729 2264 in
752 2221 884 2264 terra
906 2210 1054 2281 (Luc.
1078 2226 1224 2277 xvnt,
1251 2210 1351 2280 8)?
1372 2209 1666 2280 Aliquando
1683 2220 1858 2265 autem

273 2316 325 2361 et
345 2306 726 2360 occultandum
756 2313 871 2370 est,
900 2302 991 2357 sed
1019 2318 1139 2357 cum
1184 2318 1279 2372 spe
1330 2302 1614 2357 hortateria
1634 2344 1648 2370 ,
1675 2310 1729 2356 ut
1752 2319 1857 2358 non

271 2400 429 2454 faciat
475 2397 777 2468 desperatio
827 2396 1149 2465 frigidiores,
1180 2394 1273 2449 sed
1325 2394 1645 2449 desiderium
1696 2411 1860 2466 capa-

273 2491 466 2543 ciores.
502 2488 631 2541 lude
668 2496 751 2541 est
787 2486 914 2540 illud
959 2486 1197 2554 ejusdem
1242 2486 1447 2540 Domini
1472 2504 1484 2538 :
1512 2485 1677 2539 Multa
1702 2487 1859 2541 habeo

277 2579 413 2631 nobis
442 2580 648 2640 dicere;
672 2578 760 2631 sed
789 2593 888 2630 non
918 2578 1122 2646 potestis
1144 2585 1345 2647 portare
1372 2577 1519 2631 modo
1542 2577 1717 2649 (Joan.
1738 2594 1823 2632 xVI
1841 2619 1856 2644 ,

278 2668 388 2742 12).
414 2669 570 2736 Quod
599 2685 725 2722 vero
748 2668 814 2723 ad
844 2683 1021 2722 mores
1052 2670 1312 2737 pertinet,
1340 2668 1441 2723 hoc
1481 2671 1616 2725 bene
1659 2679 1713 2725 et
1738 2671 1861 2727 bre-

274 2761 407 2814 viter
430 2760 629 2813 dicitur
651 2776 663 2811 :
687 2767 779 2812 aut
816 2757 1204 2827 conmgendum
1242 2768 1324 2813 est
1349 2774 1467 2813 cum
1499 2775 1681 2815 amore
1724 2770 1858 2817 tem-

276 2850 535 2919 poralium
559 2849 840 2912 bonorum,
861 2857 916 2901 ut
941 2864 1045 2901 non
1071 2849 1276 2913 vincat;
1301 2858 1391 2903 aut
1408 2851 1568 2904 etiam
1594 2851 1858 2907 edomitus

276 2940 624 3009 subditusque
641 2955 760 2993 esse
785 2940 962 3001 debet,
984 2950 1038 2992 ut
1055 2954 1173 2993 cum
1197 2954 1413 3010 surgere
1431 2941 1651 3009 coeperit
1666 2982 1681 3007 ,
1706 2942 1858 2997 facile

273 3032 631 3099 reprimatur;
660 3038 751 3081 aut
780 3029 849 3082 ita
874 3030 1186 3095 exstinctus,
1220 3038 1277 3083 ut
1304 3044 1361 3084 se
1384 3030 1602 3084 omnino
1622 3031 1763 3085 nulla
1785 3046 1853 3086 ex

274 3130 423 3191 parte
460 3127 819 3179 commoveat,
854 3118 931 3173 Ex
952 3133 1057 3188 quo
1083 3118 1141 3173 ﬁt
1164 3120 1401 3174 utetiam
1425 3120 1593 3189 ipsam
1625 3130 1853 3176 mortem

275 3222 493 3282 propter
527 3213 806 3265 veritatem
833 3211 920 3264 alii
950 3210 1155 3265 fortiter
1178 3211 1393 3278 obeant,
1422 3212 1513 3266 alii
1546 3214 1857 3282 mquanimi.

275 3312 377 3364 ter,
398 3302 491 3356 alii
520 3302 765 3355 libenter.
782 3300 910 3366 Qua:
938 3301 1034 3355 tria
1065 3316 1256 3371 genera
1295 3301 1493 3357 fructus
1522 3315 1644 3357 sunt
1668 3305 1858 3359 fertilis

276 3404 455 3459 terrae,
487 3393 701 3460 triceni,
723 3402 778 3447 et
801 3395 1070 3463 sexageni,
1098 3405 1151 3449 et
1171 3396 1380 3449 centeni
1407 3395 1615 3467 (Matth.
1645 3413 1734 3451 xut
1754 3437 1769 3464 ,
1800 3398 1853 3464 8,

275 3485 389 3557 εδ).
414 3486 473 3540 ιιι
505 3485 694 3540 herum
722 3486 898 3554 aliquo
918 3500 1112 3554 genere
1134 3486 1480 3543 inveniendus
1508 3496 1590 3542 est
1616 3498 1857 3558 tempore

272 3576 465 3630 mortis
494 3590 624 3640 suae,
644 3576 686 3627 si
706 3575 825 3644 quis
853 3574 921 3629 de
938 3574 1036 3630 hac
1060 3576 1165 3628 vita
1195 3585 1337 3631 recte
1362 3578 1555 3646 cogitat
1573 3578 1854 3648 emigrare.

342 3668 403 3722 5.
428 3665 723 3720 Toleranda
738 3674 1045 3719 suntautem
1065 3681 1169 3720 non
1188 3668 1357 3721 solum
1376 3668 1576 3722 zizania
1599 3684 1763 3738 usque
1789 3669 1857 3724 ad

271 3771 515 3813 messem
535 3799 549 3822 ,
571 3773 683 3826 qua:
704 3772 827 3811 cum
850 3756 1089 3812 diabolus
1113 3759 1346 3827 aspersis
1377 3760 1553 3829 pravis
1579 3761 1857 3817 erroribus

276 3848 537 3916 falsisque
563 3847 900 3915 opinionibus
924 3848 1433 3917 superseminasset,
1460 3849 1561 3903 hoc
1585 3860 1667 3907 est
1684 3892 1699 3919 ,
1728 3867 1859 3922 pra:-

274 3939 503 3994 eedente
528 3940 738 3993 nomine
766 3938 961 3993 Christi
988 3939 1219 3995 haereses
1245 3941 1618 4011 superjecisset
1637 3986 1652 4011 ,
1682 3944 1854 4015 magis

278 4030 395 4100 ipse
439 4030 591 4083 latuit
632 4039 791 4098 atque
836 4030 1226 4084 oecultissimus
1271 4030 1439 4086 factus
1482 4042 1593 4100 est;
1621 4034 1724 4088 hoc
1773 4042 1858 4090 est

278 4120 459 4186 enim,
492 4119 554 4172 Et
592 4119 712 4172 obiit
742 4136 760 4173 :
785 4119 879 4173 sed
924 4122 1083 4174 etiam
1129 4121 1281 4191 palea
1324 4138 1492 4193 usque
1532 4124 1597 4179 ad
1634 4126 1858 4180 ventila-

278 4210 502 4265 tionem.
528 4209 639 4264 Nec
672 4210 924 4278 probatur
951 4210 1138 4265 fortius
1162 4213 1392 4282 gravitas
1439 4212 1853 4281 frumentorum,

278 4298 382 4351 nisi
424 4299 591 4364 palea:
634 4299 1139 4367 perturbationibus,
1187 4316 1320 4371 quas
1362 4302 1451 4373 qui
1502 4305 1857 4373 comprimere

278 4404 389 4443 non
420 4390 653 4459 potuerit
693 4392 915 4445 veritate
946 4391 1160 4446 defensa
1181 4435 1196 4460 ,
1228 4395 1452 4449 cesserit
1496 4396 1697 4450 unitate
1737 4411 1855 4451 ser-

276 4489 420 4541 vata.
451 4479 762 4549 Quanquam
810 4481 861 4548 in
900 4480 1000 4536 hac
1028 4482 1277 4551 parabola
1321 4483 1604 4551 Dominus,
1636 4486 1773 4539 sicut
1802 4486 1855 4540 in

275 4571 396 4639 ejus
425 4571 757 4639 expositione
781 4571 1071 4639 conclusit,
1101 4587 1205 4627 non
1234 4573 1473 4643 quaedam
1492 4615 1507 4641 ,
1542 4574 1635 4630 sed
1677 4576 1856 4631 omnia

275 4661 529 4717 scandala
552 4703 567 4725 ,
590 4672 642 4715 et
672 4677 762 4715 eos
789 4662 878 4731 qui
908 4662 1104 4724 faciunt
1130 4663 1458 4734 iniquitatem
1483 4706 1498 4732 ,
1532 4666 1855 4723 zizaniorum

274 4752 495 4814 nomine
516 4752 840 4821 signiﬁcasse
867 4754 1193 4823 intelligitur.
1512 4774 1515 4777 ‘

348 4842 464 4896 XII.
490 4841 590 4914 [lb.
624 4859 715 4899 xm
732 4842 969 4916 326-30.]
992 4845 1039 4899 ι.
1055 4842 1181 4898 Cum
1202 4854 1367 4898 autem
1386 4847 1612 4902 crevisset
1628 4848 1857 4916 herba,et

275 4936 499 5002 fructum
541 4936 765 5003 fecisset,
806 4944 923 4987 tunc
973 4946 1321 5005 apparuerunt
1364 4947 1412 4991 et
1456 4940 1672 4993 zizania.
1720 4939 1852 4995 Cum

275 5023 421 5075 enim
461 5023 747 5091 spiritualis
775 5023 934 5079 homo
962 5040 1079 5079 esse
1102 5027 1324 5096 coeperit
1358 5027 1651 5096 dijudicaus
1676 5030 1853 5084 omnia

275 5113 321 5184 (Ι
347 5112 468 5168 Cor.
502 5130 567 5179 ιι,
600 5113 711 5184 i5),
742 5124 866 5169 tunc
912 5115 960 5170 ei
1004 5131 1216 5171 errores
1267 5117 1527 5188 incipiunt
1570 5135 1849 5189 apparere.

276 5204 432 5258 Servi
458 5215 633 5259 autem
658 5205 906 5260 dixerunt
932 5206 980 5260 ei
1011 5223 1025 5260 :
1062 5205 1149 5259 Vis
1168 5248 1182 5272 ,
1204 5208 1354 5272 imus,
1378 5216 1424 5262 et
1448 5210 1731 5279 colligimus
1758 5211 1856 5264 ea?

276 5293 467 5349 Utrum
496 5295 593 5365 ipsi
617 5304 741 5350 sunt
767 5296 943 5362 servi,
972 5311 1107 5365 quos
1133 5297 1289 5365 paulo
1316 5307 1435 5366 post
1459 5314 1725 5355 messores
1754 5314 1853 5369 ap-

272 5387 472 5455 pellat?
491 5402 561 5440 an
584 5386 707 5456 quia
729 5386 781 5439 in
798 5387 1130 5456 expositione
1152 5388 1414 5457 parabolae
1434 5403 1699 5443 messores
1722 5389 1854 5443 dixit

273 5490 397 5530 esse
422 5476 674 5545 Angelos,
708 5491 807 5530 nec
831 5476 1107 5545 quisquam
1136 5476 1286 5531 facile
1312 5477 1489 5533 dicere
1508 5492 1666 5542 ausus
1697 5478 1855 5543 fuerit

273 5565 512 5634 Angelos
543 5566 778 5620 nescisse
804 5566 921 5635 quis
947 5566 1144 5623 zizania
1170 5568 1691 5636 superseminaverit,
1710 5578 1766 5624 et
1788 5584 1852 5625 ea

274 5666 401 5711 tunc
429 5659 739 5726 apparuisse
762 5658 977 5727 Angelis
1002 5672 1124 5713 cum
1155 5658 1319 5714 herba
1347 5660 1576 5715 fructum
1602 5661 1847 5729 fecisset;

270 5750 442 5822 magis
465 5758 677 5820 oportet
697 5750 918 5822 intelligi
942 5750 1184 5807 homines
1210 5752 1352 5822 ipsos
1370 5753 1549 5811 ﬁdeles
1570 5768 1850 5818 servorum

1632 365 1831 425 LIBER
1876 364 2074 424 UNUS.

3396 378 3531 435 1570

1967 485 2179 538 nomint
2206 484 2306 540 hoc
2345 484 2464 541 loco
2490 485 2837 558 signiﬁcatos,
2860 504 2992 560 quos
3018 490 3177 545 etiam
3208 490 3403 545 bonum
3438 506 3527 546 se-

1967 589 2087 627 men
2115 573 2278 629 dicit?
2305 576 2412 631 Nec
2433 579 2620 632 mirum
2647 580 2690 633 si
2717 589 2770 635 et
2793 580 2987 634 bonum
3013 595 3192 635 semen
3215 580 3311 649 ipsi
3340 580 3531 636 dicun-

1962 674 2071 731 tur,
2102 675 2154 719 et
2190 669 2329 722 servi
2368 672 2760 739 patrisfamilias
2784 691 2799 727 :
2820 674 2954 727 sicut
2981 682 3035 728 et
3063 674 3130 729 de
3170 690 3229 728 se
3253 676 3357 740 ait,
3389 673 3530 745 quod

1966 763 2021 808 et
2044 756 2155 824 ipse
2177 756 2244 810 sit
2262 757 2421 826 janua
2442 800 2457 826 ,
2491 760 2602 829 ipse
2627 762 2695 815 sit
2722 771 2899 831 pastor
2928 761 3102 832 (Joan.
3133 778 3168 817 x
3188 804 3201 827 ,
3227 765 3280 829 7,
3310 762 3419 834 il).
3452 764 3531 818 Ex

1964 846 2187 902 diversis
2207 850 2345 903 enim
2375 850 2846 921 signiﬁcationibus
2866 869 2968 907 una
2989 870 3074 908 res
3100 855 3259 911 etiam
3283 855 3456 927 plures
3475 862 3531 909 et

1965 937 2201 994 diversas
2227 940 2596 998 similitudines
2620 944 2824 1013 recipit.
2853 945 3153 1000 Prmsertim
3172 946 3291 1015 quia
3316 960 3435 999 cum
3460 943 3529 1002 ad

1965 1040 2147 1082 servos
2187 1030 2510 1100 loqueretur,
2543 1048 2647 1087 non
2676 1034 2782 1100 ait,
2808 1032 2873 1087 In
2900 1043 3119 1104 tempore
3146 1034 3317 1088 messis
3354 1033 3526 1088 dicam

1964 1118 2145 1185 vobis,
2174 1117 2403 1190 Colligite
2447 1124 2662 1192 primum
2707 1124 2933 1187 zizania;
2965 1122 3060 1178 sed
3089 1122 3295 1188 Dicam,
3323 1122 3527 1194 inquit,

1964 1209 2281 1263 messoribus.
2330 1209 2481 1265 Unde
2507 1212 2807 1281 intelligitur
2848 1212 3258 1283 colligendorum
3295 1210 3529 1266 zizanio-

1965 1312 2081 1351 rum
2109 1294 2173 1352 ad
2199 1300 2613 1355 comburendum
2630 1302 2731 1355 alia
2752 1317 2869 1357 esse
2892 1303 3201 1368 ministeria,
3226 1318 3323 1356 nec
3348 1317 3531 1372 quem-

1964 1404 2121 1459 quam
2150 1390 2396 1445 Ecclesiae
2427 1391 2591 1446 ﬁlium
2616 1391 2813 1449 debere
2837 1393 3079 1448 arbitrari
3105 1394 3170 1447 ad
3204 1408 3263 1448 se
3289 1391 3391 1447 hoc
3414 1390 3531 1446 oili-

1964 1479 2101 1533 ciunt
2122 1482 2404 1549 pertinere.

2033 1569 2085 1622 2.
2105 1570 2234 1623 Cum
2258 1571 2415 1640 igitur
2424 1586 2543 1627 esse
2557 1573 2774 1643 quisque
2788 1573 3323 1645 Spiritualiscmperit,
3336 1587 3532 1643 cogno-

1964 1660 2062 1714 scit
2091 1676 2299 1716 errores
2334 1662 2735 1731 haereticorum,
2763 1674 2817 1719 et
2853 1665 3069 1719 omnino
3093 1664 3344 1733 dijudicat
3372 1671 3529 1732 atque

1964 1751 2217 1807 discernit
2260 1752 2513 1823 quidquid
2558 1755 2783 1810 audierit
2825 1766 2915 1809 aut
2961 1756 3146 1825 legerit
3186 1755 3472 1810 abhorrere
3497 1768 3528 1808 a

1964 1844 2143 1914 regula
2187 1846 2421 1902 veritatis
2450 1863 2463 1900 :
2491 1846 2586 1902 sed
2630 1847 2798 1902 donee
2826 1850 2878 1903 in
2923 1848 3122 1903 eisdem
3166 1846 3526 1917 spiritualibus

1965 1936 2286 2005 perﬁciatur,
2315 1946 2368 1993 et
2410 1938 2799 2008 quodammodo
2845 1948 3164 1995 maturescat
3206 1941 3256 1993 in
3304 1940 3530 1994 fructum

1962 2042 2119 2096 quem
2163 2027 2323 2082 herba
2366 2029 2544 2094 dedit,
2577 2039 2749 2098 potest
2795 2046 2913 2084 eum
2953 2045 3193 2095 movere,
3223 2044 3387 2098 quare
3430 2027 3531 2082 sub

1963 2120 2177 2175 nomine
2196 2120 2484 2176 christiano
2506 2131 2608 2176 tam
2634 2122 2813 2177 multa:
2842 2122 3206 2176 haereticorum
3234 2120 3532 2175 exstiterint

1963 2210 2236 2267 falsitates.
2276 2214 2402 2268 Inde
2442 2222 2523 2268 est
2548 2215 2695 2284 quod
2716 2215 2852 2268 servi
2879 2214 3093 2279 dicunt,
3126 2212 3309 2266 Nonne
3348 2212 3532 2265 bonum

1962 2319 2127 2357 semen
2150 2304 2407 2357 seminasti
2445 2304 2498 2357 in
2534 2321 2657 2374 agro
2685 2305 2805 2357 tuo?
2827 2303 2959 2356 unde
2981 2318 3097 2373 ergo
3127 2303 3272 2356 habet
3298 2300 3533 2355 zizania.’

1964 2393 2163 2448 Deinde
2208 2409 2329 2448 cum
2380 2395 2689 2464 cognoverit
2733 2393 2868 2449 hanc
2911 2394 3239 2463 excogitasse
3292 2391 3530 2446 fraudem

1963 2484 2268 2549 diabolum,
2301 2500 2421 2539 cum
2470 2493 2654 2540 contra
2704 2485 2833 2538 tanti
2887 2484 3117 2538 nominis
3164 2482 3531 2537 auctoritatem

1962 2575 2095 2630 nihil
2125 2592 2184 2631 se
2219 2577 2398 2631 valere
2435 2576 2688 2642 sentiret,
2721 2586 2779 2630 ut
2807 2576 3041 2631 fallacias
3064 2591 3187 2630 suas
3213 2575 3401 2630 eodem
3430 2588 3531 2628 no-

1961 2667 2102 2721 mine
2123 2667 2428 2737 obtegeret;
2456 2675 2630 2736 potest
2662 2667 2719 2721 e'r
2740 2667 2967 2722 suboriri
3004 2665 3276 2729 voluntas,
3307 2673 3366 2721 ut
3402 2664 3534 2718 tales

1962 2760 2207 2815 homines
2245 2761 2313 2815 de
2353 2760 2512 2815 rebus
2536 2759 2781 2814 humanis
2805 2759 3041 2825 auferat,
3073 2760 3116 2813 si
3143 2759 3371 2828 aliquam
3402 2764 3534 2811 tem-

1960 2852 2107 2919 poris
2150 2851 2345 2907 habeat
2385 2848 2727 2917 facultatem;
2757 2850 2849 2905 sed
2881 2858 3054 2905 utrum
3095 2849 3269 2903 facere
3308 2847 3531 2911 debeat,

1954 2941 2210 3010 justitiam
2258 2942 2348 2995 Dei
2390 2941 2615 2995 consulit
2660 2949 2833 2995 utrum
2882 2940 2983 2995 hoc
3023 2940 3073 2995 ei
3119 2939 3414 3009 praecipiat,
3446 2936 3533 2994 vel

1962 3032 2262 3101 permittat,
2294 3038 2351 3085 et
2374 3030 2475 3085 hoc
2498 3031 2725 3085 ofﬁcium
2763 3046 2881 3085 esse
2924 3030 3194 3085 hominum
3222 3028 3349 3083 velit
3373 3048 3385 3082 :
3409 3027 3534 3082 hinc

1960 3130 2043 3175 est
2079 3121 2221 3191 quod
2264 3122 2404 3176 servi
2429 3120 2647 3187 dicunt,
2683 3119 2803 3185 Vis,
2835 3120 2996 3187 imus,
3036 3127 3081 3174 et
3125 3119 3408 3189 colligimus
3434 3117 3534 3172 ea?

1960 3212 2162 3279 Quibus
2184 3212 2305 3282 quia
2333 3212 2540 3266 Veritas
2566 3212 2676 3280 ipsa
2706 3211 3019 3279 respondet,
3042 3225 3145 3265 non
3170 3210 3241 3264 ita
3263 3208 3532 3263 hominem

1960 3306 2304 3359 constitutum
2332 3319 2450 3358 esse
2497 3305 2548 3357 in
2588 3302 2685 3357 hac
2722 3303 2827 3357 vita
2849 3345 2863 3367 ,
2891 3311 2949 3356 ut
2986 3310 3162 3357 certus
3206 3315 3325 3356 esse
3367 3299 3533 3377 possit

1960 3398 2131 3468 qualis
2158 3398 2378 3467 quisque
2409 3394 2612 3450 futurus
2635 3395 2703 3449 sit
2728 3404 2907 3465 postea
2929 3436 2945 3462 ,
2972 3394 3121 3464 cujus
3154 3393 3205 3447 in
3251 3392 3532 3463 praesentia

1960 3488 2133 3541 cernit
2178 3501 2444 3553 errorem,
2474 3486 2555 3541 vel
2586 3486 2709 3555 quid
2740 3486 2897 3540 ctiam
2948 3500 3101 3540 error
3142 3484 3257 3553 ejus
3294 3485 3533 3539 conferat

1959 3578 2024 3632 ad
2056 3588 2360 3648 preveetmn
2388 3579 2675 3642 honorum;
2701 3593 2803 3631 non
2835 3592 2953 3633 esse
2981 3578 3109 3633 tales
3129 3577 3444 3633 auferendos
3464 3576 3533 3630 de

1960 3665 2059 3722 hac
2084 3668 2221 3735 vita,
2248 3682 2316 3722 ne
2366 3683 2484 3722 cum
2525 3668 2693 3722 malos
2736 3676 2957 3722 conatur
3003 3666 3331 3732 interﬁcere,
3361 3666 3532 3719 bonos

1960 3758 2273 3823 interﬁciat,
2301 3758 2439 3827 quod
2473 3757 2606 3812 forte
2650 3757 2809 3811 futuri
2850 3764 3120 3821 sunt;aut
3163 3756 3315 3810 bonis
3357 3753 3528 3819 obsit,

1959 3848 2148 3916 quibus
2175 3856 2229 3901 et
2252 3847 2397 3900 inviti
2426 3846 2561 3901 forte
2597 3847 2751 3902 utiles
2780 3856 2901 3901 sunt
2931 3866 2943 3901 :
2969 3846 3061 3901 sed
3090 3854 3215 3900 tunc
3234 3852 3532 3913 opportune

1959 3939 2070 3994 ﬁeri
2091 3981 2106 4005 ,
2135 3954 2253 3994 cum
2278 3940 2384 4009 jam
2418 3940 2468 3994 in
2501 3940 2603 3995 ﬁne
2628 3956 2733 3994 non
2762 3946 2924 3995 restat
2952 3939 3032 3994 vel
3065 3948 3270 4009 tempus
3294 3952 3531 3992 commu-

1960 4032 2136 4088 tanda:
2164 4031 2305 4097 vitae,
2324 4031 2407 4085 vel
2439 4031 2744 4101 proﬁciendi
2766 4031 2831 4085 ad
2858 4031 3132 4085 veritatem
3158 4045 3225 4085 ex
3253 4027 3533 4084 occasione

1959 4133 2117 4194 atque
2159 4123 2555 4193 comparatione
2600 4122 2754 4177 alieni
2802 4121 3026 4186 erroris;
3061 4131 3183 4175 tunc
3207 4129 3385 4175 autem
3429 4118 3531 4173 hoc

1959 4230 2065 4268 non
2112 4213 2178 4268 ab
2216 4213 2554 4279 hominibus,
2588 4211 2679 4267 sed
2731 4213 2799 4266 ab
2845 4212 3057 4281 Angelis
3099 4212 3213 4266 ﬁeri
3243 4230 3257 4266 :
3285 4209 3408 4265 inde
3448 4217 3533 4264 est

1959 4305 2101 4376 quod
2142 4306 2429 4375 reSjtondet
2469 4305 2879 4375 paterfamilias,
2924 4304 3079 4369 Non;
3104 4322 3166 4359 ne
3211 4307 3340 4376 forte
3380 4303 3529 4357 colli-

1959 4404 2125 4468 gentes
2152 4397 2368 4462 zizania,
2398 4397 2658 4450 eradicetis
2694 4396 2843 4450 simul
2868 4406 2912 4450 et
2934 4396 3149 4449 triticum
3174 4411 3193 4449 :
3212 4394 3299 4449 sed
3322 4395 3375 4448 in
3406 4403 3530 4447 tem-

1960 4504 2081 4559 pore
2118 4488 2291 4542 messis
2335 4487 2499 4540 dicam
2528 4486 2826 4540 messoribus
2848 4527 2863 4553 ,
2894 4494 2948 4541 et
2985 4494 3195 4541 czrtera.
3228 4486 3399 4554 Atque
3431 4483 3533 4538 hoc

1958 4579 2116 4635 modo
2141 4593 2235 4634 eos
2264 4577 2678 4647 patientissimos
2710 4587 2762 4632 et
2790 4577 3253 4646 tranquillissimos
3272 4575 3464 4630 reddit.

2031 4670 2083 4724 5.
2108 4669 2284 4734 Quaeri
2308 4676 2482 4722 autem
2505 4676 2696 4737 potest,
2715 4666 2854 4739 quod
2880 4667 2987 4729 ait,
3014 4665 3233 4737 Alligate
3261 4664 3532 4735 fasciculos

1957 4760 2026 4815 ad
2064 4760 2485 4825 comburendum,
2513 4774 2607 4813 cur
2650 4741 2753 4813 non
2796 4774 2954 4811 unum
2998 4756 3191 4812 fascem
3213 4798 3227 4822 ,
3254 4766 3343 4811 aut
3370 4769 3530 4810 unum

1958 4868 2206 4907 acervum
2255 4851 2577 4905 zizaniorum
2626 4850 2742 4903 ﬁeri
2792 4849 2959 4903 dixit?
2980 4848 3090 4903 Nisi
3136 4848 3271 4903 forte
3312 4854 3529 4916 propter

1957 4944 2262 4997 varietatem
2288 4942 2676 5006 hazreticorum,
2696 4950 2869 4996 etnon
2891 4940 3058 4993 solum
3075 4956 3104 4992 a
3127 4940 3320 5001 tritico,
3340 4952 3525 4991 verum

1958 5034 2116 5088 etiam
2165 5048 2197 5087 a
2240 5032 2428 5100 seipsis
2479 5032 2926 5101 discrepantium,
2956 5031 3065 5100 ipsa
3115 5027 3527 5096 uniuscujusque

1960 5126 2227 5180 luerescos
2257 5126 2466 5194 propria
2492 5123 2855 5178 conventicula
2876 5166 2889 5187 ,
2919 5124 2968 5177 in
3012 5122 3200 5193 quibus
3225 5118 3529 5187 singillatim

1959 5233 2051 5272 sua
2081 5217 2453 5271 communione
2498 5215 2725 5270 devincti
2762 5225 2902 5279 sunt,
2930 5215 3142 5269 nomine
3157 5211 3529 5265 fasciculorum

1958 5305 2253 5376 designavit
2277 5324 2290 5358 :
2314 5314 2369 5358 ut
2401 5304 2510 5374 jam
2554 5314 2679 5359 tunc
2708 5306 2957 5374 incipiant
2983 5302 3181 5371 alligari
3220 5302 3285 5355 ad
3314 5302 3532 5357 combu-

1958 5398 2203 5463 randum,
2232 5412 2353 5451 eum
2380 5411 2409 5449 a
2439 5396 2696 5452 catholica
2728 5396 3099 5452 communione
3127 5395 3387 5465 segregati
3409 5409 3534 5449 suas

1959 5489 2199 5559 preprias
2247 5488 2396 5558 quasi
2425 5489 2678 5544 ecclesias
2721 5488 2917 5541 habere
2958 5486 3253 5556 cmperint;
3286 5495 3341 5540 ut
3380 5500 3531 5540 com-

1958 5580 2134 5636 bustio
2164 5594 2345 5634 earum
2376 5579 2445 5633 sit
2469 5582 2520 5633 in
2555 5581 2657 5633 ﬁne
2686 5578 2899 5643 saeculi,
2928 5576 3085 5630 modo
3108 5577 3341 5647 alligatio
3377 5575 3534 5629 fasci-

1960 5672 2222 5726 culorum.
2270 5667 2373 5724 Sed
2418 5667 2465 5723 si
2506 5668 2573 5722 ita
2614 5676 2784 5731 esset,
2822 5682 2926 5719 non
2969 5666 3076 5735 jam
3119 5667 3301 5721 multa:
3344 5664 3533 5733 resipi-

1961 5759 2179 5830 scendo,
2207 5768 2261 5815 et
2288 5762 2340 5815 in
2366 5758 2692 5815 Catholicam
2717 5759 3003 5815 retneando
3029 5759 3095 5815 ab
3124 5773 3306 5815 errore
3358 5756 3532 5814 desci-
