4074 6482
531 360 658 416 1571

530 479 764 528 scerent.
839 470 1173 541 Quapropter
1221 473 1278 522 et
1343 457 1991 536 alligatio‘l’ascioulorum
2046 460 2099 516 in

534 562 637 618 ﬁne
665 562 839 618 futura
864 569 946 618 est
965 601 980 626 ,
1011 568 1069 614 ut
1095 574 1202 612 non
1232 555 1452 614 confuse
1471 595 1486 618 ,
1511 553 1603 609 sed
1651 568 1747 623 pro
1783 551 1943 606 modo
1980 566 2104 622 per-

529 651 794 706 versitatis
819 665 929 705 suae
949 648 1357 719 uniuscujusque
1379 644 1579 702 erroris
1605 644 1889 716 pertinacia
1909 644 2104 714 punia—

532 750 637 796 tur.

602 831 658 886 4.
679 829 762 885 Ne
776 830 909 900 forte
922 830 1208 901 colligentes
1223 827 1440 894 zizania,
1458 826 1715 881 eradicetis
1726 824 1878 880 simul
1895 835 1941 880 et
1969 825 2103 880 triti-

531 940 667 979 cum.
693 923 878 980 Utrum
901 924 1022 994 quia
1048 923 1204 977 etiam
1227 920 1351 975 boni
1379 934 1500 975 cum
1527 919 1702 974 adhuc
1731 917 1924 973 inﬁrmi
1950 927 2094 985 sunt,

531 1026 664 1082 Opus
691 1013 888 1068 habent
933 1013 988 1068 in
1034 1010 1348 1082 quibusdam
1391 1009 1651 1065 malorum
1689 1007 2099 1075 commixtione,

531 1104 643 1165 sive
663 1112 722 1159 ut
750 1119 844 1174 per
870 1118 962 1158 eos
999 1109 1366 1168 exerceantur,
1390 1101 1502 1157 sive
1537 1110 1594 1158 ut
1618 1114 1803 1156 eorum
1828 1113 2105 1168 compara-

530 1194 676 1251 tione
703 1205 891 1266 magna
917 1194 1019 1248 illis
1060 1193 1360 1250 exhortatio
1388 1192 1511 1258 ﬁat,
1543 1201 1600 1246 ut
1625 1192 1860 1246 nitantur
1897 1190 1964 1245 ad
1987 1205 2101 1245 mc-

530 1286 661 1354 lius,
690 1286 883 1356 quibus
907 1285 1129 1341 sublatis
1167 1285 1390 1341 altitudo
1432 1284 1708 1340 charitatis
1731 1283 1882 1354 quasi
1923 1282 2105 1339 evulsa

529 1386 851 1442 marcescat,
881 1378 1021 1448 quod
1063 1386 1143 1434 est
1184 1378 1481 1434 eradicari?
1508 1377 1638 1432 Nam
1671 1377 1751 1432 sic
1774 1377 1847 1430 ait
1868 1377 2102 1445 Aposto-

529 1471 614 1526 lus
642 1488 657 1525 :
691 1470 758 1525 Ut
803 1472 855 1525 in
893 1471 1136 1527 cltaritate
1161 1473 1373 1526 radicati
1396 1479 1440 1524 et
1479 1471 1680 1539 fundati
1699 1510 1714 1536 ,
1741 1470 1942 1541 possitis
1970 1463 2123 1523 com?

530 1565 834 1636 prehendere
865 1565 1079 1636 (Ep/tes.
1108 1581 1164 1620 ιιι
1186 1607 1202 1633 ,
1233 1566 1318 1632 17,
1350 1564 1462 1634 18).
1498 1565 1580 1618 An
1628 1563 1762 1618 forte
1803 1562 1923 1618 ideo
1947 1562 2108 1617 simul

529 1655 830 1715 eradicatur
877 1655 1145 1722 triticum,
1194 1671 1316 1710 cum
1361 1654 1674 1710 auferuntur
1718 1653 1951 1718 zizania,
1984 1653 2104 1722 quia

529 1749 680 1802 multi
710 1749 880 1817 primo
927 1749 1126 1803 zizania
1151 1757 1304 1812 sunt,
1339 1757 1392 1803 et
1436 1756 1618 1817 postea
1665 1747 1897 1801 triticum
1939 1745 2106 1800 ﬁunt?

533 1839 621 1908 qui
645 1839 747 1893 nisi
774 1839 1051 1908 patienter,
1084 1854 1203 1893 cum
1225 1839 1346 1892 mali
1378 1846 1530 1904 sunt,
1561 1838 1868 1902 tolerentur,
1896 1835 1961 1890 ad
1990 1836 2104 1889 lau-

528 1927 756 1984 dabilem
783 1930 1128 1985 mutationem
1154 1945 1258 1984 non
1288 1929 1640 1998 perveniunt:
1666 1927 1841 1997 itaque
1867 1926 1911 1980 si
1938 1927 2110 1981 evulsi.

527 2016 755 2084 fuerint,
788 2019 943 2074 simul
987 2019 1288 2074 eradicatur
1333 2028 1389 2075 et
1445 2019 1712 2086 triticum,
1751 2016 1894 2087 quod
1947 2015 2106 2071 futuri

527 2120 737 2175 essent,
762 2112 805 2165 si
837 2111 914 2166 eis
940 2121 1266 2180 parceretur.

603 2199 740 2255 Xlll.
773 2199 888 2273 [1b.
916 2218 1031 2267 xm,
1061 2202 1151 2268 45,
1177 2199 1290 2273 46.]
1314 2199 1494 2255 Simile
1521 2208 1592 2254 est
1625 2215 1834 2270 regnum
1868 2199 2110 2253 caelorum

532 2291 722 2344 homini
748 2291 1044 2362 negotiatori
1081 2291 1322 2360 quarrenti
1359 2289 1516 2343 bonas
1542 2289 1859 2358 margaritas.
1892 2285 2106 2342 Inventa

529 2389 696 2435 autem
728 2398 829 2434 una
863 2383 1079 2453 pretiosa
1118 2382 1425 2452 margarita,
1456 2381 1579 2434 abiit
1607 2389 1652 2434 et
1680 2379 1900 2434 vendidit
1937 2380 2106 2435 omnia

527 2489 642 2543 qutc
677 2473 871 2541 habuit,
908 2483 956 2528 et
998 2475 1112 2528 emit
1143 2491 1274 2529 eam.
1309 2473 1542 2541 Qumstio
1584 2481 1667 2528 est
1707 2489 1801 2528 cur
1828 2488 1857 2528 a
1885 2487 2106 2529 numero

530 2565 718 2634 plurali
743 2565 810 2620 ad
841 2565 1160 2635 singularem
1191 2565 1472 2630 transierit,
1503 2572 1557 2620 ut
1579 2581 1699 2620 cum
1723 2573 1926 2634 qumrat
1946 2564 2105 2619 homo

527 2653 698 2710 bonas
729 2657 1040 2726 margaritas
1060 2696 1074 2721 ,
1106 2671 1264 2710 unam
1312 2656 1542 2710 inveniat
1582 2656 1868 2728 pretiosam
1891 2696 1905 2722 ,
1946 2671 2104 2724 quam

533 2744 761 2800 venditis
786 2745 1032 2801 omnibus
1056 2761 1174 2816 quae
1203 2745 1382 2810 habet,
1411 2753 1572 2800 emat.
1593 2746 1700 2800 Aut
1724 2760 1851 2814 ergo
1876 2745 1974 2798 iste
2007 2746 2102 2799 bo-

529 2816 628 2891 nos
657 2836 897 2892 homines
921 2853 1186 2907 quaerens,
1219 2852 1335 2891 eum
1370 2836 1558 2906 quibus
1597 2835 1796 2892 utiliter
1821 2836 1993 2901 vivat,
2024 2836 2105 2889 iu-

526 2927 674 2980 venit
714 2943 876 2981 unum
915 2943 1024 2998 pra:
1063 2928 1306 2982 onmilms
1333 2928 1450 2983 sine
1476 2937 1724 2997 peccato,
1759 2927 2104 2982 mcdiatorcm

531 3015 623 3070 Dei
645 3025 697 3070 et
717 3016 987 3072 hominum
1014 3058 1028 3082 ,
1057 3016 1325 3074 hominem
1359 3016 1627 3073 Christum
1658 3017 1838 3072 Jesum
1872 3017 1928 3084 (1
1971 3017 2101 3070 Tim.

530 3119 590 3171 ιι,
631 3103 688 3177 5)
721 3114 847 3160 :aut
878 3116 1139 3177 prmcepta
1169 3122 1414 3177 quaerens
1434 3147 1448 3173 ,
1479 3108 1671 3178 quibus
1717 3107 1942 3162 servatis
1983 3122 2104 3162 cum

529 3192 830 3250 hominibus
887 3203 1029 3251 recte
1085 3209 1467 3264 conversetur,
1516 3198 1718 3252 invenit
1767 3198 2104 3253 dilectionem

528 3283 778 3354 proximi,
808 3285 858 3338 in
884 3301 990 3355 quo
1011 3300 1116 3340 uno
1141 3287 1268 3342 dicit
1290 3287 1576 3356 Apostolus
1604 3288 1782 3342 omnia
1808 3287 2102 3354 contineri;

529 3382 606 3438 ut,
638 3371 759 3428 Non
787 3377 1010 3441 occides,
1039 3393 1138 3431 non
1163 3378 1516 3443 mire/mlieris,
1544 3396 1643 3432 non
1682 3378 1932 3449 [ui-aberis
1951 3421 1966 3447 ,
2002 3396 2104 3436 non

529 3461 717 3535 falsum
741 3465 1074 3518 testimonium
1091 3467 1243 3534 dices,
1267 3477 1312 3520 et
1328 3467 1372 3520 si
1385 3468 1519 3537 quod
1533 3476 1604 3521 est
1619 3469 1759 3521 aliud
1783 3469 2100 3537 mandatum,

529 3553 749 3622 singula:
780 3555 1079 3623 margarita:
1113 3557 1242 3619 sint,
1269 3572 1387 3626 quzc
1407 3557 1459 3610 in
1483 3557 1576 3611 hoc
1595 3574 1822 3612 sermone
1849 3560 2103 3626 recapitu-

530 3641 720 3710 lantur,
750 3641 942 3714 Diliges
964 3646 1248 3714 proximum
1274 3655 1416 3701 tuum
1440 3657 1676 3718 tanquam
1695 3651 1908 3720 teipsum
1925 3649 2100 3720 (Rom.

529 3753 641 3802 sui,
665 3738 719 3805 8,
743 3737 822 3809 9).
857 3739 959 3793 Aut
983 3739 1155 3794 bonos
1183 3740 1481 3796 intellectus
1509 3741 1668 3796 homo
1699 3744 1906 3813 quau-it,
1935 3754 1987 3799 et
2018 3745 2101 3798 iu-

528 3829 673 3884 venit
695 3845 855 3884 unum
882 3829 1008 3884 illud
1031 3846 1136 3901 quo
1161 3833 1337 3886 cuncti
1373 3833 1725 3899 continentur,
1755 3835 1806 3888 in
1841 3836 2103 3906 principio

533 3918 786 3984 Verbum,
830 3927 886 3974 et
915 3919 1142 3975 Verbum
1185 3921 1322 3991 apud
1364 3923 1548 3989 Deum,
1584 3931 1637 3979 et
1664 3924 1894 3980 Verbum
1937 3926 2102 3981 Deum

530 4007 709 4078 (Joan.
743 4025 781 4076 ι,
826 4007 900 4080 1),
930 4010 1161 4065 lucidum
1205 4013 1435 4068 candore
1473 4014 1710 4070 veritatis
1733 4055 1746 4080 ,
1779 4026 1832 4071 et
1875 4017 2102 4074 solidum

528 4103 782 4158 ﬁrmitate
801 4103 1130 4170 aeternitatis,
1161 4114 1214 4159 et
1241 4105 1471 4176 undique
1506 4108 1587 4163 sui
1613 4109 1785 4164 simile
1808 4110 2102 4180 pulchritu-

528 4189 652 4245 dine
685 4191 992 4260 divinitatis,
1023 4195 1110 4263 qui
1137 4195 1292 4259 Deus,
1316 4205 1589 4265 penetrata
1615 4199 1790 4254 carnis
1817 4202 2099 4270 testudine,

529 4279 904 4352 intelligendus
924 4291 1023 4338 est.
1047 4282 1142 4338 llle
1165 4285 1305 4338 enim
1327 4286 1392 4340 ad
1421 4288 1759 4358 margaritam
1791 4290 1958 4360 ipsam
1976 4290 2093 4360 jam

527 4383 884 4441 pervenerat,
921 4391 1038 4445 qua:
1076 4377 1132 4432 in
1179 4380 1494 4448 tegumentis
1532 4382 1904 4449 mortalitatis,
1949 4384 2102 4454 quasi

530 4463 856 4526 concharum
885 4465 1159 4523 obstaculo
1177 4509 1190 4533 ,
1223 4468 1274 4522 in
1309 4468 1570 4539 profundo
1599 4472 1754 4542 hujus
1783 4474 1958 4530 saiculi
1979 4517 1994 4542 ,
2022 4485 2101 4530 at-

531 4569 637 4623 que
662 4555 802 4612 inter
828 4557 1048 4613 duritias
1083 4573 1271 4614 saxeas
1303 4560 1604 4618 Judaeorum
1626 4565 1906 4635 aliquando
1929 4568 2101 4623 latue-

529 4652 614 4698 rat
652 4661 665 4697 :
711 4645 799 4700 ille
823 4660 948 4716 ergo
972 4647 1037 4702 ad
1067 4648 1234 4717 ipsam
1259 4652 1596 4721 margaritam
1627 4654 1738 4724 jam
1768 4666 2096 4725 pervenerat,

529 4733 620 4806 qui
655 4736 747 4800 ait,
777 4736 842 4790 Et
874 4739 918 4792 si
955 4756 1248 4795 noveramus
1287 4741 1538 4798 Christum
1578 4748 1850 4802 secundum
1875 4765 2098 4818 carnem,

527 4825 615 4880 sed
641 4843 772 4880 nunc
788 4829 902 4898 jam
937 4847 1036 4884 non
1070 4834 1294 4887 novimus
1324 4832 1406 4906 (ll
1427 4834 1543 4888 Cor.
1574 4852 1630 4903 v,
1665 4837 1778 4906 16).
1821 4838 1928 4896 Nec
1964 4841 2101 4898 ullus

528 4916 744 4970 omnino
774 4917 1071 4975 intellectus
1097 4926 1395 4993 margarita:
1416 4927 1628 4982 nomine
1651 4927 1841 4999 dignus
1865 4942 1969 4998 est,
1998 4934 2102 4990 nisi

530 5003 596 5058 ad
646 5020 804 5075 quem
843 5007 1096 5065 discussis
1141 5013 1391 5068 omnibus
1435 5018 1740 5073 carnalibus
1785 5023 2103 5091 tegminibus

531 5097 860 5162 pervenitur,
890 5099 1080 5168 quibus
1107 5101 1217 5156 sive
1251 5118 1345 5172 per
1372 5105 1530 5159 verba
1559 5106 1788 5163 humana
1810 5152 1824 5177 ,
1854 5114 1971 5168 sive
2008 5129 2104 5183 per

528 5185 898 5244 similitudines
936 5191 1336 5262 circumpositas
1361 5196 1627 5265 operitur,
1656 5208 1711 5253 ut
1739 5216 1900 5270 purus
1929 5213 1983 5258 et
2005 5219 2100 5258 so-

529 5274 668 5330 lidus
697 5287 750 5332 et
771 5294 1030 5350 nusquam
1057 5297 1084 5335 a
1116 5298 1173 5338 se
1193 5284 1492 5352 dissonans,
1521 5271 1664 5342 certa
1694 5290 1896 5346 ratione
1917 5307 2104 5351 cerna-

527 5376 634 5424 tur.
666 5369 808 5436 Quos
837 5380 1016 5428 tamen
1051 5388 1234 5429 omnes
1263 5390 1418 5431 veros
1451 5386 1506 5432 et
1541 5379 1721 5434 ﬁrmos
1759 5389 1813 5434 et
1838 5382 2101 5450 perfectos

529 5457 830 5516 intellectus
868 5479 1005 5518 unus
1048 5465 1136 5519 ille
1177 5465 1448 5533 continet,
1480 5483 1574 5536 per
1611 5486 1769 5540 quem
1806 5472 1943 5528 facta
1978 5487 2103 5532 sunt

529 5550 728 5618 omnia,
775 5553 916 5622 quod
953 5563 1036 5610 est
1063 5556 1293 5612 Verbum
1325 5557 1419 5612 Dei
1443 5557 1619 5628 (Joan.
1648 5577 1684 5627 ι,
1713 5564 1788 5632 5).
1818 5565 2103 5631 Quodlibet

527 5652 704 5697 autem
732 5642 920 5700 horum
946 5646 1102 5699 trium
1127 5648 1226 5714 sit,
1247 5649 1332 5703 vel
1357 5649 1399 5703 si
1426 5649 1620 5720 aliquid
1646 5653 1788 5708 aliud
1822 5671 2103 5716 occurram

526 5735 786 5805 potuerit,
814 5734 952 5807 quod
987 5739 1286 5810 margarita:
1324 5742 1477 5799 unius
1518 5753 1572 5800 et
1608 5745 1853 5816 pretiosa:
1891 5753 2102 5809 nomine

1339 349 1805 424 QDASSTIONUM
1841 345 2318 404 SEPTEMDECIM
2356 350 2422 406 ΙΝ
2460 349 2864 410 Μιττιιίεωι

3637 363 3778 418 1572

2205 459 2342 518 bone
2367 462 2710 534 signiﬁcetur,
2749 464 2974 534 pretium
3017 464 3134 537 ejus
3164 477 3246 524 est
3289 483 3386 526 nos
3423 467 3558 541 ipsi:
3590 474 3679 543 qui
3720 474 3792 530 ad

2207 565 2327 607 eam
2371 551 2743 623 possidendam
2785 569 2890 610 non
2933 569 3116 612 sumus
3151 557 3339 626 liberi,
3385 561 3487 617 nisi
3531 563 3783 620 omnibus

2207 657 2304 714 pro
2347 653 2526 700 nostra
2560 643 2868 700 liberatione
2904 648 3240 718 contemptis,
3263 666 3385 721 qua:
3423 654 3790 723 temporaliter

2206 734 2563 804 possidentur.
2587 736 2824 794 Vcnditis
2851 741 2991 794 enim
3019 742 3176 797 rebus
3200 745 3415 810 nostris,
3444 747 3650 802 nullum
3679 764 3785 804 ea-

2207 840 2325 880 rum
2354 826 2522 895 majus
2547 828 2834 898 accipimus
2863 830 3090 899 pretium
3109 873 3125 899 ,
3152 847 3310 903 quam
3341 851 3439 891 nos
3463 837 3637 906 ipsos;
3661 840 3786 908 quia

2210 916 2400 972 talibus
2427 917 2712 987 implicati,
2743 921 2912 976 nostri
2947 937 3054 976 non
3096 938 3307 980 eramus
3335 942 3348 980 :
3377 934 3434 981 ut
3466 943 3649 984 rursus
3683 944 3786 988 nos

2207 1005 2353 1075 ipsos
2377 1021 2472 1076 pro
2495 1007 2583 1062 illa
2611 1011 2891 1080 margarita
2919 1011 3130 1080 demus,
3151 1028 3258 1070 non
3284 1017 3405 1086 quia
3436 1019 3565 1074 tanti
3595 1019 3781 1075 valca-

2209 1112 2329 1151 mus
2351 1099 2390 1164 ί,
2422 1098 2515 1153 sed
2538 1098 2660 1169 quia
2683 1101 2800 1170 plus
2822 1101 2952 1158 dare
2977 1117 3083 1158 non
3109 1119 3410 1175 possumus.

2281 1187 2416 1244 Χιν.
2433 1187 2530 1262 [11).
2546 1206 2657 1258 xm,
2672 1191 2786 1265 15.]
2802 1194 2823 1248 1
2837 1192 2925 1248 .Et
2937 1197 3108 1250 oculos
3116 1211 3233 1250 suos
3244 1197 3546 1266 clauserunt,
3565 1205 3789 1271 nequan-

2217 1278 2283 1334 do
2307 1280 2465 1336 oculis
2493 1281 2690 1337 videant
2715 1300 2734 1340 :
2763 1284 2816 1340 id
2841 1296 2950 1350 est,
2979 1286 3078 1356 ipsi
3114 1302 3271 1344 causa
3307 1287 3523 1346 fuerunt
3557 1301 3613 1346 ut
3646 1293 3789 1350 Deus

2208 1369 2286 1425 eis
2325 1372 2508 1427 oculos
2549 1373 2840 1431 clauderet.
2881 1377 3034 1431 Alius
3079 1379 3222 1433 enim
3262 1382 3582 1451 evangelista
3619 1382 3784 1448 dicit,

2210 1461 2495 1518 Exca’cauit
2534 1466 2708 1520 oculos
2742 1483 2933 1523 eorum.
2974 1468 3080 1524 Sed
3116 1479 3295 1526 utrum
3329 1480 3387 1527 ut
3422 1489 3691 1553 nunquam
3718 1476 3788 1529 vi-

2208 1553 2404 1609 deant?
2423 1570 2490 1609 an
2519 1571 2647 1610 vero
2663 1571 2730 1611 ne
2759 1557 2841 1614 vel
2866 1558 2944 1614 sic
2969 1559 3252 1632 aliquando
3279 1563 3522 1628 videant,
3547 1565 3788 1620 cazcitate

2209 1659 2302 1698 sua
2333 1644 2434 1699 sibi
2461 1644 2832 1716 displicentes,
2859 1656 2912 1704 et
2934 1665 2994 1705 se
3018 1651 3287 1721 dolentes,
3312 1661 3366 1708 et
3387 1669 3452 1710 ex
3478 1653 3582 1710 hoc
3607 1653 3785 1709 humi-

2209 1734 2322 1790 liati
2357 1745 2514 1805 atque
2539 1739 2789 1793 commoti
2813 1739 2879 1794 ad
2902 1742 3194 1798 conﬁtenda
3224 1755 3436 1814 peccata
3460 1761 3585 1812 sua,
3615 1758 3667 1802 et
3697 1747 3784 1817 pie

2208 1827 2550 1896 quaerendum
2579 1830 2896 1886 Dominum?
2923 1831 3010 1888 Sic
3047 1835 3188 1895 enim
3231 1835 3436 1892 Marcus
3473 1836 3576 1892 hoc
3617 1837 3779 1903 dicit,

2209 1917 2496 1988 Nequando
2512 1931 2882 1988 convertantur,
2903 1933 2948 1977 et
2964 1924 3274 1980 dimittantur
3286 1927 3359 1981 eis
3375 1936 3574 1996 peccata
3591 1927 3782 2000 (Marc.

2207 2025 2282 2078 tv,
2312 2007 2437 2082 12).
2470 2011 2569 2065 Ubi
2611 2012 2973 2084 intelliguntur
3008 2017 3237 2084 peccatis
3277 2018 3390 2072 suis
3427 2019 3684 2074 meruisse
3724 2028 3784 2075 ut

2207 2115 2312 2156 non
2341 2101 2730 2171 intelligerent,
2763 2112 2817 2158 et
2839 2112 3014 2159 tamen
3037 2105 3136 2160 hoc
3167 2107 3336 2177 ipsum
3369 2109 3786 2164 misericorditer

2208 2190 2284 2244 eis
2315 2189 2530 2254 factum,
2565 2199 2622 2245 ut
2642 2201 2855 2261 peccata
2882 2208 2976 2247 sua
3003 2206 3419 2264 cognoscerent,
3452 2207 3506 2253 et
3533 2200 3779 2255 conversi

2209 2281 2419 2334 veniam
2445 2291 2795 2337 mererentur.
2829 2283 2978 2351 Quod
3001 2295 3177 2342 autem
3202 2287 3588 2346 Joanneshuuc
3608 2291 3785 2346 locum

2208 2370 2278 2424 ita
2309 2372 2455 2425 dicit.
2491 2390 2510 2425 ς
2540 2373 2827 2442 PrOpterea
2859 2391 2962 2430 non
2989 2386 3230 2444 poterant
3255 2379 3503 2448 credere,
3534 2382 3656 2451 quia
3682 2383 3786 2438 ite-

2207 2476 2327 2516 rum
2347 2461 2479 2517 dixit
2506 2463 2687 2530 Isaias,
2722 2464 3223 2523 Excmcavitoculos
3243 2484 3426 2525 eorum
3445 2512 3460 2538 ,
3491 2480 3544 2526 et
3570 2471 3785 2527 indura-

2208 2554 2282 2608 vit
2310 2569 2404 2608 cor
2429 2569 2619 2610 eorum
2639 2597 2653 2620 ,
2684 2564 2740 2610 ut
2783 2571 2888 2612 non
2934 2557 3148 2614 videant
3176 2561 3374 2628 oculis,
3403 2571 3455 2617 et
3491 2564 3788 2635 intelligant

2207 2647 2388 2714 corde,
2417 2655 2470 2701 et
2499 2656 2910 2717 convertantur,
2927 2659 2990 2705 et
3004 2666 3188 2707 sanem
3216 2669 3308 2708 eos
3333 2654 3556 2726 s.(loan.
3579 2672 3671 2722 sit,
3691 2658 3781 2722 39,

2206 2737 2332 2806 40);
2363 2737 2631 2794 adversari
2661 2739 2869 2795 videtur
2901 2741 3022 2797 huic
3048 2745 3346 2810 sententiae,
3379 2755 3432 2800 et
3455 2747 3670 2802 omnino
3694 2763 3785 2802 co-

2205 2839 2330 2894 gere
2356 2834 2411 2880 ut
2434 2827 2571 2896 quod
2594 2827 2678 2882 hic
2703 2829 2900 2884 dictum
2925 2841 3028 2897 est,
3065 2832 3347 2903 Nequando
3380 2836 3541 2890 oculis
3563 2837 3780 2904 videant,

2207 2931 2316 2971 non
2353 2919 2661 2987 accipiatur,
2693 2920 2770 2975 Ne
2805 2921 2890 2978 vel
2929 2923 3007 2981 sic
3035 2924 3319 2994 aliquando
3351 2927 3521 2983 oculis
3548 2929 3780 2999 videant,

2207 3007 2300 3062 scd
2339 3025 2571 3076 prorsus,
2601 3010 2670 3066 Ut
2705 3027 2810 3068 non
2847 3012 3060 3069 videant
3090 3033 3104 3070 :
3134 3017 3561 3088 quandoquidem
3601 3030 3782 3086 aperte

2207 3098 2278 3153 ita
2306 3098 2453 3167 dicit,
2481 3099 2548 3156 Ut
2568 3102 2727 3156 oculis
2754 3120 2852 3158 non
2882 3105 3102 3160 videant.
3129 3108 3193 3162 Et
3218 3109 3359 3177 quod
3389 3110 3483 3178 ait,
3508 3109 3784 3181 Propterea

2208 3205 2306 3244 non
2346 3200 2576 3262 poterant
2615 3194 2843 3263 credere,
2875 3197 3003 3250 satis
3030 3198 3263 3254 ostendit
3295 3214 3401 3256 non
3437 3201 3555 3257 ideo
3590 3201 3779 3258 factam

2207 3279 2347 3336 illam
2389 3283 2819 3350 exetecationcm,
2849 3295 2906 3341 ut
2943 3303 3004 3342 ea
3050 3291 3300 3345 commoti
3344 3299 3398 3346 et
3443 3292 3685 3349 dolentes
3723 3307 3782 3349 se

2207 3386 2310 3423 non
2358 3371 2680 3442 intelligere,
2709 3385 3143 3432 converterentur
3171 3379 3453 3448 aliquando
3483 3397 3578 3450 per
3610 3383 3781 3456 pruni-

2209 3461 2462 3527 tentiam;
2492 3478 2597 3518 non
2625 3465 2765 3518 enim
2795 3476 3012 3534 possent
3036 3467 3136 3524 hoc
3163 3468 3355 3537 facere,
3381 3471 3479 3524 nisi
3503 3471 3650 3541 prius
3667 3486 3783 3526 cre-

2205 3551 2395 3608 derent
2411 3594 2426 3620 ,
2455 3565 2514 3609 ut
2539 3555 2810 3616 credendo
2833 3567 3286 3627 converterentur,
3317 3564 3667 3619 conversione
3691 3579 3780 3619 sae

2205 3655 2478 3711 narentur,
2509 3645 2738 3702 sanitate
2767 3648 3159 3719 intelligerent:
3190 3651 3286 3708 sed
3328 3653 3446 3708 ideo
3484 3656 3655 3725 potius
3691 3671 3783 3710 cx-

2206 3745 2464 3801 caccatos,
2498 3744 2556 3791 ut
2587 3752 2690 3790 non
2735 3739 3034 3801 crederent.
3067 3741 3204 3797 Dicit
3237 3743 3380 3798 enim
3413 3745 3778 3814 apertissime.

2205 3822 2484 3893 Propterea
2504 3842 2603 3881 non
2624 3837 2853 3898 poterant
2881 3830 3099 3884 credere.
3668 3839 3672 3844 ’

2274 3915 2328 3970 2.
2347 3917 2498 3983 Quod
2519 3919 2563 3972 si
2592 3919 2663 3972 ita
2688 3929 2788 3985 est,
2811 3922 2930 3990 quis
2958 3938 3063 3976 non
3079 3934 3327 3995 exsurgat
3349 3929 3400 3980 ln
3419 3925 3781 3985 defensionem

2203 4006 2542 4075 Judmorum,
2572 4017 2630 4064 ut
2671 4024 2777 4064 eos.
2805 4020 2954 4066 extra
2996 4013 3206 4083 culpam
3253 4015 3417 4072 fuisse
3461 4020 3777 4088 proclamet,

2203 4097 2344 4167 quod
2383 4114 2486 4153 non
2513 4099 2884 4155 crediderunt?
2910 4103 3199 4173 Propterea
3230 4107 3372 4161 enim
3399 4124 3502 4162 non
3536 4121 3779 4180 poterant

2204 4187 2443 4254 credere,
2473 4190 2594 4258 quia
2623 4193 2912 4246 excmcavit
2941 4195 3122 4249 oculos
3157 4211 3362 4251 eorum.
3397 4198 3500 4253 Sed
3526 4202 3777 4270 quoniam

2204 4278 2379 4348 potius
2408 4279 2542 4334 Deus
2567 4287 2715 4334 extra
2741 4282 2952 4352 culpam
2975 4283 3138 4340 debet
3160 4286 3405 4358 intelligi,
3435 4291 3674 4359 cogimur
3697 4292 3776 4348 la-

2205 4369 2301 4422 teri
2325 4369 2443 4424 aliis
2469 4370 2786 4440 quibusdam
2805 4375 3035 4443 peccatis
3062 4376 3131 4430 ita
3158 4392 3250 4433 eos
3269 4369 3526 4437 eretccari
3557 4370 3781 4440 meruis-

2203 4475 2263 4514 se
2291 4479 2303 4514 :
2335 4477 2436 4531 qua
2465 4449 2641 4518 tamen
2678 4467 3033 4524 excmcatione
3066 4484 3173 4522 non
3209 4480 3499 4539 potuerunt
3537 4475 3776 4532 credere.

2207 4551 2378 4608 Verba
2399 4553 2540 4608 enim
2565 4554 2785 4612 Joannis
2811 4557 2908 4612 ista
2937 4567 3096 4614 sunt:
3129 4559 3400 4632 Pr0pterea
3429 4581 3529 4618 non
3551 4576 3780 4635 poterant

2203 4641 2420 4710 credere,
2447 4645 2567 4713 quia
2585 4645 2766 4700 iterum
2794 4647 2926 4701 dixit
2948 4647 3143 4718 Isaias,
3175 4649 3466 4708 Excwcavit
3492 4658 3664 4712 oculos
3692 4675 3782 4712 εο-

2203 4749 2337 4787 rum.
2373 4733 2589 4790 Frustra
2628 4737 2803 4808 itaque
2841 4755 3096 4796 conamur
3132 4743 3442 4814 intelligere,
3473 4746 3592 4802 ideo
3614 4749 3780 4806 fuisse

2205 4833 2449 4890 emeatos,
2482 4836 2540 4882 ut
2562 4837 2998 4885 converterentur
3019 4834 3062 4898 ³,
3083 4848 3203 4888 cum
3235 4835 3355 4892 ideo
3396 4842 3634 4896 converti
3671 4859 3778 4899 non

2205 4924 2468 4984 poterant,
2519 4919 2642 4988 quia
2681 4935 2784 4974 non
2819 4921 3141 4991 credebant,
3182 4936 3236 4980 et
3266 4927 3386 4983 ideo
3409 4931 3630 4988 credere
3671 4950 3778 4990 non

2207 5015 2472 5076 poterant,
2490 5009 2611 5077 quia
2641 5012 2887 5065 exemeati
2926 5011 3096 5068 erant.
3129 5016 3207 5069 Au
3239 5017 3375 5074 forte
3411 5036 3516 5075 non
3546 5023 3780 5082 absurde

2206 5095 2463 5162 dicimus,
2495 5097 2752 5166 quosdam
2793 5100 3096 5159 Judazorum
3139 5105 3304 5162 fuisse
3347 5111 3643 5179 sanabiles;
3686 5118 3788 5172 sed.

2207 5191 2350 5240 tanto
2377 5195 2551 5241 tamen
2581 5190 2842 5260 superbia:
2871 5201 3078 5250 tumore
3108 5199 3452 5268 periclitatos,
3485 5211 3542 5257 ut
3577 5206 3654 5260 eis
3681 5223 3777 5262 ex-

2206 5277 2429 5347 pedierit
2451 5280 2623 5348 primo
2643 5297 2750 5337 non
2780 5285 3014 5350 credere,
3041 5298 3094 5342 ct
3113 5289 3178 5342 ad
3211 5291 3309 5346 hoc
3336 5293 3497 5350 fuisse
3525 5307 3773 5366 caecatos,

2208 5378 2388 5426 utnon
2420 5372 2774 5445 intelligerent
2797 5376 3078 5433 Dominum
3101 5381 3402 5451 loquentem
3435 5402 3529 5456 per
3553 5392 3781 5458 parabo-

2271 5521 2287 5588 ξ
2313 5528 2421 5572 Mss.
2446 5522 2686 5588 plerique,
2711 5537 2802 5576 non
2824 5525 2938 5588 quia
2953 5533 3082 5578 tanto
3104 5530 3244 5582 valet.

2270 5585 2407 5660 tam.
2427 5585 2500 5634 Er.
2522 5593 2574 5635 et
2589 5585 2723 5648 Lov.,
2741 5594 2792 5660 ut
2913 5597 3310 5660 converterentur.
3335 5601 3656 5660 Expungenda
3675 5602 3782 5654 hinc

2311 5615 2407 5632 ηιμ.
2427 5615 2475 5634 ω
2488 5620 2500 5632 .
2522 5615 2574 5635 υι
2593 5615 2723 5648 υυνη
2743 5615 2792 5636 ιιι
2806 5615 2897 5637 tum
2913 5615 3071 5639 ιυιιυω
3083 5615 3310 5644 wrt’tttur.
3337 5615 3495 5660 nxpun
3535 5615 3656 5650 enaa
3676 5615 3779 5654 mne

2208 5647 2404 5721 negatio
2420 5681 2435 5705 ,
2459 5660 2570 5716 quae
2592 5661 2684 5698 nec
2709 5656 2799 5721 est!
2819 5650 2869 5721 in
2899 5660 3129 5721 stss.,nec_
3157 5657 3209 5721 in
3235 5660 3428 5721 antiqua
3453 5615 3663 5712 editione
3699 5672 3779 5711 ua.

2209 5706 2492 5778 tismlncnsi,
2519 5721 2610 5758 nec
2631 5710 2754 5772 apud
2778 5706 3032 5778 Itabautuu,
3051 5717 3131 5775 qui
3157 5717 3280 5768 hunc
3301 5706 3783 5778 ιυὲιιὶυἰὲξῐιέιίῐιιιῖιι

2209 5765 2289 5816 lib.
2318 5767 2348 5816 -l
2367 5765 2628 5821 Comment.
2652 5765 2802 5834 super
2827 5765 3105 5824 Mantuam.
