  <div class='ocr_page' id='page_1' title='image "/cluster/home/n/w/nwhite01/storage/ocr_20150623/35/hvd.32044015706302/036.png"; bbox 0 0 4074 6464; ppageno 0'>
   <div class='ocr_carea' id='block_1_1' title="bbox 226 373 369 438">
    <p class='ocr_par' dir='ltr' id='par_1_1' title="bbox 226 373 369 438">
     <span class='ocr_line' id='line_1_1' title="bbox 226 373 369 438; baseline 0.014 -10"><span class='ocrx_word' id='word_1_1' title='bbox 226 373 369 438; x_wconf 67' lang='grc' dir='ltr'><strong>13τ3</strong></span> 
     </span>
    </p>
   </div>
   <div class='ocr_carea' id='block_1_2' title="bbox 228 475 1809 559">
    <p class='ocr_par' dir='ltr' id='par_1_2' title="bbox 228 475 1809 559">
     <span class='ocr_line' id='line_1_2' title="bbox 228 475 1809 559; baseline -0.009 -12"><span class='ocrx_word' id='word_1_2' title='bbox 228 494 329 555; x_wconf 73' lang='lat' dir='ltr'><strong>las,</strong></span> <span class='ocrx_word' id='word_1_3' title='bbox 368 487 564 559; x_wconf 82' lang='lat' dir='ltr'><strong>quibus</strong></span> <span class='ocrx_word' id='word_1_4' title='bbox 603 498 708 541; x_wconf 88' lang='lat' dir='ltr'><strong>non</strong></span> <span class='ocrx_word' id='word_1_5' title='bbox 744 478 1055 544; x_wconf 86' lang='lat' dir='ltr'><strong>intellectis,</strong></span> <span class='ocrx_word' id='word_1_6' title='bbox 1096 494 1203 534; x_wconf 89' lang='lat' dir='ltr'><strong>non</strong></span> <span class='ocrx_word' id='word_1_7' title='bbox 1247 478 1301 534; x_wconf 91' lang='lat' dir='ltr'><strong>in</strong></span> <span class='ocrx_word' id='word_1_8' title='bbox 1348 492 1469 534; x_wconf 90' lang='lat' dir='ltr'><strong>eum</strong></span> <span class='ocrx_word' id='word_1_9' title='bbox 1509 475 1809 532; x_wconf 87' lang='lat' dir='ltr'><strong>crederent.</strong></span> 
     </span>
    </p>
   </div>
   <div class='ocr_carea' id='block_1_3' title="bbox 224 564 1816 637">
    <p class='ocr_par' dir='ltr' id='par_1_3' title="bbox 224 564 1816 637">
     <span class='ocr_line' id='line_1_3' title="bbox 224 564 1816 637; baseline -0.012 1"><span class='ocrx_word' id='word_1_10' title='bbox 224 597 336 637; x_wconf 87' lang='lat' dir='ltr'><strong>non</strong></span> <span class='ocrx_word' id='word_1_11' title='bbox 367 577 658 636; x_wconf 74' lang='lat' dir='ltr'><strong>credentes</strong></span> <span class='ocrx_word' id='word_1_12' title='bbox 683 582 882 637; x_wconf 87' lang='lat' dir='ltr'><strong>autem,</strong></span> <span class='ocrx_word' id='word_1_13' title='bbox 913 586 1035 626; x_wconf 91' lang='lat' dir='ltr'><strong>cum</strong></span> <span class='ocrx_word' id='word_1_14' title='bbox 1059 568 1267 626; x_wconf 68' lang='lat' dir='ltr'><strong>caneris</strong></span> <span class='ocrx_word' id='word_1_15' title='bbox 1289 568 1589 637; x_wconf 76' lang='lat' dir='ltr'><strong>desperatis</strong></span> <span class='ocrx_word' id='word_1_16' title='bbox 1614 564 1816 622; x_wconf 71' lang='lat' dir='ltr'><strong>crucilL</strong></span> 
     </span>
    </p>
   </div>
   <div class='ocr_carea' id='block_1_4' title="bbox 227 657 1817 742">
    <p class='ocr_par' dir='ltr' id='par_1_4' title="bbox 227 657 1817 742">
     <span class='ocr_line' id='line_1_4' title="bbox 227 657 1817 742; baseline -0.011 -15"><span class='ocrx_word' id='word_1_17' title='bbox 227 680 417 742; x_wconf 80' lang='lat' dir='ltr'><strong>gerent</strong></span> <span class='ocrx_word' id='word_1_18' title='bbox 442 684 567 724; x_wconf 88' lang='lat' dir='ltr'><strong>eum</strong></span> <span class='ocrx_word' id='word_1_19' title='bbox 589 685 603 732; x_wconf 90' lang='lat'><strong>;</strong></span> <span class='ocrx_word' id='word_1_20' title='bbox 626 675 785 736; x_wconf 87' lang='lat' dir='ltr'><strong>atque</strong></span> <span class='ocrx_word' id='word_1_21' title='bbox 817 664 889 724; x_wconf 85' lang='lat' dir='ltr'><strong>ita</strong></span> <span class='ocrx_word' id='word_1_22' title='bbox 916 670 1034 732; x_wconf 87' lang='lat' dir='ltr'><strong>post</strong></span> <span class='ocrx_word' id='word_1_23' title='bbox 1058 660 1177 730; x_wconf 85' lang='lat' dir='ltr'><strong>ejus</strong></span> <span class='ocrx_word' id='word_1_24' title='bbox 1207 657 1647 715; x_wconf 71' lang='lat' dir='ltr'><strong>resurrectionem</strong></span> <span class='ocrx_word' id='word_1_25' title='bbox 1685 666 1817 712; x_wconf 82' lang='lat' dir='ltr'><strong>eon-</strong></span> 
     </span>
    </p>
   </div>
   <div class='ocr_carea' id='block_1_5' title="bbox 228 748 1815 827">
    <p class='ocr_par' dir='ltr' id='par_1_5' title="bbox 228 748 1815 827">
     <span class='ocr_line' id='line_1_5' title="bbox 228 748 1815 827; baseline -0.011 -9"><span class='ocrx_word' id='word_1_26' title='bbox 228 769 594 823; x_wconf 70' lang='lat' dir='ltr'><strong>verterentur,</strong></span> <span class='ocrx_word' id='word_1_27' title='bbox 625 755 836 827; x_wconf 86' lang='lat' dir='ltr'><strong>quando</strong></span> <span class='ocrx_word' id='word_1_28' title='bbox 852 755 965 825; x_wconf 89' lang='lat' dir='ltr'><strong>jam</strong></span> <span class='ocrx_word' id='word_1_29' title='bbox 991 752 1058 807; x_wconf 90' lang='lat' dir='ltr'><strong>de</strong></span> <span class='ocrx_word' id='word_1_30' title='bbox 1079 761 1230 807; x_wconf 88' lang='lat' dir='ltr'><strong>reatu</strong></span> <span class='ocrx_word' id='word_1_31' title='bbox 1247 750 1433 805; x_wconf 90' lang='lat' dir='ltr'><strong>mortis</strong></span> <span class='ocrx_word' id='word_1_32' title='bbox 1458 748 1669 805; x_wconf 85' lang='lat' dir='ltr'><strong>Domini</strong></span> <span class='ocrx_word' id='word_1_33' title='bbox 1697 763 1815 802; x_wconf 86' lang='lat' dir='ltr'><strong>am-</strong></span> 
     </span>
    </p>
   </div>
   <div class='ocr_carea' id='block_1_6' title="bbox 229 838 1819 925">
    <p class='ocr_par' dir='ltr' id='par_1_6' title="bbox 229 838 1819 925">
     <span class='ocr_line' id='line_1_6' title="bbox 229 838 1819 925; baseline -0.01 -16"><span class='ocrx_word' id='word_1_34' title='bbox 229 856 372 925; x_wconf 87' lang='lat' dir='ltr'><strong>plius</strong></span> <span class='ocrx_word' id='word_1_35' title='bbox 412 849 713 915; x_wconf 85' lang='lat' dir='ltr'><strong>humiliati,</strong></span> <span class='ocrx_word' id='word_1_36' title='bbox 762 842 1129 901; x_wconf 77' lang='lat' dir='ltr'><strong>vehementius</strong></span> <span class='ocrx_word' id='word_1_37' title='bbox 1171 842 1451 912; x_wconf 88' lang='lat' dir='ltr'><strong>diligerent</strong></span> <span class='ocrx_word' id='word_1_38' title='bbox 1494 854 1524 893; x_wconf 87' lang='lat' dir='ltr'><strong>a</strong></span> <span class='ocrx_word' id='word_1_39' title='bbox 1565 854 1670 910; x_wconf 88' lang='lat' dir='ltr'><strong>quo</strong></span> <span class='ocrx_word' id='word_1_40' title='bbox 1718 838 1819 893; x_wconf 88' lang='lat' dir='ltr'><strong>sibi</strong></span> 
     </span>
    </p>
   </div>
   <div class='ocr_carea' id='block_1_7' title="bbox 229 928 1819 1002">
    <p class='ocr_par' dir='ltr' id='par_1_7' title="bbox 229 928 1819 1002">
     <span class='ocr_line' id='line_1_7' title="bbox 229 928 1819 1002; baseline -0.011 -3"><span class='ocrx_word' id='word_1_41' title='bbox 229 953 439 999; x_wconf 79' lang='lat' dir='ltr'><strong>tantum</strong></span> <span class='ocrx_word' id='word_1_42' title='bbox 488 940 665 996; x_wconf 89' lang='lat' dir='ltr'><strong>scelus</strong></span> <span class='ocrx_word' id='word_1_43' title='bbox 709 936 987 992; x_wconf 87' lang='lat' dir='ltr'><strong>dimissum</strong></span> <span class='ocrx_word' id='word_1_44' title='bbox 1025 947 1145 988; x_wconf 88' lang='lat' dir='ltr'><strong>esse</strong></span> <span class='ocrx_word' id='word_1_45' title='bbox 1191 931 1480 1002; x_wconf 81' lang='lat' dir='ltr'><strong>gauderent</strong></span> <span class='ocrx_word' id='word_1_46' title='bbox 1517 948 1532 991; x_wconf 84' lang='lat'><strong>:</strong></span> <span class='ocrx_word' id='word_1_47' title='bbox 1568 928 1819 1000; x_wconf 90' lang='lat' dir='ltr'><strong>quoniam</strong></span> 
     </span>
    </p>
   </div>
   <div class='ocr_carea' id='block_1_8' title="bbox 230 1020 1820 1095">
    <p class='ocr_par' dir='ltr' id='par_1_8' title="bbox 230 1020 1820 1095">
     <span class='ocr_line' id='line_1_8' title="bbox 230 1020 1820 1095; baseline -0.009 -8"><span class='ocrx_word' id='word_1_48' title='bbox 230 1041 377 1086; x_wconf 87' lang='lat' dir='ltr'><strong>tanta</strong></span> <span class='ocrx_word' id='word_1_49' title='bbox 401 1039 520 1086; x_wconf 87' lang='lat' dir='ltr'><strong>erat</strong></span> <span class='ocrx_word' id='word_1_50' title='bbox 546 1042 732 1084; x_wconf 90' lang='lat' dir='ltr'><strong>eorum</strong></span> <span class='ocrx_word' id='word_1_51' title='bbox 760 1024 1007 1095; x_wconf 88' lang='lat' dir='ltr'><strong>superbia</strong></span> <span class='ocrx_word' id='word_1_52' title='bbox 1030 1065 1044 1087; x_wconf 91' lang='lat'><strong>,</strong></span> <span class='ocrx_word' id='word_1_53' title='bbox 1073 1032 1131 1077; x_wconf 92' lang='lat' dir='ltr'><strong>ut</strong></span> <span class='ocrx_word' id='word_1_54' title='bbox 1164 1021 1252 1075; x_wconf 91' lang='lat' dir='ltr'><strong>tali</strong></span> <span class='ocrx_word' id='word_1_55' title='bbox 1282 1020 1647 1074; x_wconf 84' lang='lat' dir='ltr'><strong>humiliatione</strong></span> <span class='ocrx_word' id='word_1_56' title='bbox 1676 1027 1820 1073; x_wconf 83' lang='lat' dir='ltr'><strong>esset</strong></span> 
     </span>
    </p>
   </div>
   <div class='ocr_carea' id='block_1_9' title="bbox 228 1109 1820 1194">
    <p class='ocr_par' dir='ltr' id='par_1_9' title="bbox 228 1109 1820 1194">
     <span class='ocr_line' id='line_1_9' title="bbox 228 1109 1820 1194; baseline -0.011 -16"><span class='ocrx_word' id='word_1_57' title='bbox 228 1119 577 1194; x_wconf 75' lang='lat' dir='ltr'><strong>dejicienda?</strong></span> <span class='ocrx_word' id='word_1_58' title='bbox 602 1117 755 1186; x_wconf 88' lang='lat' dir='ltr'><strong>Quod</strong></span> <span class='ocrx_word' id='word_1_59' title='bbox 784 1117 1077 1185; x_wconf 57' lang='lat' dir='ltr'><strong>incongrue</strong></span> <span class='ocrx_word' id='word_1_60' title='bbox 1102 1113 1300 1167; x_wconf 90' lang='lat' dir='ltr'><strong>dictum</strong></span> <span class='ocrx_word' id='word_1_61' title='bbox 1331 1125 1450 1166; x_wconf 90' lang='lat' dir='ltr'><strong>esse</strong></span> <span class='ocrx_word' id='word_1_62' title='bbox 1480 1109 1700 1180; x_wconf 88' lang='lat' dir='ltr'><strong>quilibet</strong></span> <span class='ocrx_word' id='word_1_63' title='bbox 1729 1124 1820 1162; x_wconf 88' lang='lat' dir='ltr'><strong>ar-</strong></span> 
     </span>
    </p>
   </div>
   <div class='ocr_carea' id='block_1_10' title="bbox 232 1200 1820 1279">
    <p class='ocr_par' dir='ltr' id='par_1_10' title="bbox 232 1200 1820 1279">
     <span class='ocr_line' id='line_1_10' title="bbox 232 1200 1820 1279; baseline -0.01 -10"><span class='ocrx_word' id='word_1_64' title='bbox 232 1214 488 1279; x_wconf 84' lang='lat' dir='ltr'><strong>bitretur,</strong></span> <span class='ocrx_word' id='word_1_65' title='bbox 518 1211 564 1266; x_wconf 91' lang='lat' dir='ltr'><strong>si</strong></span> <span class='ocrx_word' id='word_1_66' title='bbox 592 1225 695 1264; x_wconf 92' lang='lat' dir='ltr'><strong>non</strong></span> <span class='ocrx_word' id='word_1_67' title='bbox 716 1209 787 1263; x_wconf 86' lang='lat' dir='ltr'><strong>ita</strong></span> <span class='ocrx_word' id='word_1_68' title='bbox 817 1205 1100 1275; x_wconf 85' lang='lat' dir='ltr'><strong>contigisse</strong></span> <span class='ocrx_word' id='word_1_69' title='bbox 1122 1204 1173 1257; x_wconf 90' lang='lat' dir='ltr'><strong>in</strong></span> <span class='ocrx_word' id='word_1_70' title='bbox 1200 1202 1421 1256; x_wconf 83' lang='lat' dir='ltr'><strong>Actibus</strong></span> <span class='ocrx_word' id='word_1_71' title='bbox 1444 1200 1820 1270; x_wconf 82' lang='lat' dir='ltr'><strong>Apostolorum</strong></span> 
     </span>
    </p>
   </div>
   <div class='ocr_carea' id='block_1_11' title="bbox 234 1292 1821 1373">
    <p class='ocr_par' dir='ltr' id='par_1_11' title="bbox 234 1292 1821 1373">
     <span class='ocr_line' id='line_1_11' title="bbox 234 1292 1821 1373; baseline -0.01 -12"><span class='ocrx_word' id='word_1_72' title='bbox 234 1304 675 1363; x_wconf 72' lang='lat' dir='ltr'><strong>manifestissime</strong></span> <span class='ocrx_word' id='word_1_73' title='bbox 699 1299 888 1373; x_wconf 78' lang='lat' dir='ltr'><strong>legerit</strong></span> <span class='ocrx_word' id='word_1_74' title='bbox 918 1298 1049 1368; x_wconf 84' lang='lat' dir='ltr'><strong>(Act.</strong></span> <span class='ocrx_word' id='word_1_75' title='bbox 1081 1313 1139 1359; x_wconf 95' lang='grc' dir='ltr'><strong>ιι,</strong></span> <span class='ocrx_word' id='word_1_76' title='bbox 1172 1297 1285 1365; x_wconf 80' lang='grc'><strong>57).</strong></span> <span class='ocrx_word' id='word_1_77' title='bbox 1314 1295 1430 1350; x_wconf 82' lang='grc' dir='ltr'>Νοιι</span> <span class='ocrx_word' id='word_1_78' title='bbox 1461 1309 1587 1363; x_wconf 89' lang='lat' dir='ltr'><strong>ergo</strong></span> <span class='ocrx_word' id='word_1_79' title='bbox 1623 1292 1821 1347; x_wconf 88' lang='lat' dir='ltr'><strong>abhor-</strong></span> 
     </span>
    </p>
   </div>
   <div class='ocr_carea' id='block_1_12' title="bbox 234 1382 1820 1468">
    <p class='ocr_par' dir='ltr' id='par_1_12' title="bbox 234 1382 1820 1468">
     <span class='ocr_line' id='line_1_12' title="bbox 234 1382 1820 1468; baseline -0.011 -15"><span class='ocrx_word' id='word_1_80' title='bbox 234 1408 317 1453; x_wconf 85' lang='lat' dir='ltr'><strong>ret</strong></span> <span class='ocrx_word' id='word_1_81' title='bbox 340 1395 489 1468; x_wconf 88' lang='lat' dir='ltr'><strong>quod</strong></span> <span class='ocrx_word' id='word_1_82' title='bbox 516 1396 594 1449; x_wconf 86' lang='lat' dir='ltr'><strong>ait</strong></span> <span class='ocrx_word' id='word_1_83' title='bbox 616 1392 869 1457; x_wconf 80' lang='lat' dir='ltr'><strong>Joannes,</strong></span> <span class='ocrx_word' id='word_1_84' title='bbox 900 1390 1177 1459; x_wconf 80' lang='lat' dir='ltr'><strong>Propterea</strong></span> <span class='ocrx_word' id='word_1_85' title='bbox 1205 1402 1305 1441; x_wconf 89' lang='lat' dir='ltr'><strong>non</strong></span> <span class='ocrx_word' id='word_1_86' title='bbox 1338 1394 1571 1457; x_wconf 83' lang='lat' dir='ltr'><strong>poterant</strong></span> <span class='ocrx_word' id='word_1_87' title='bbox 1599 1382 1820 1449; x_wconf 83' lang='lat' dir='ltr'><strong>credere,</strong></span> 
     </span>
    </p>
   </div>
   <div class='ocr_carea' id='block_1_13' title="bbox 234 1475 1823 1559">
    <p class='ocr_par' dir='ltr' id='par_1_13' title="bbox 234 1475 1823 1559">
     <span class='ocr_line' id='line_1_13' title="bbox 234 1475 1823 1559; baseline -0.009 -18"><span class='ocrx_word' id='word_1_88' title='bbox 234 1491 354 1559; x_wconf 70' lang='lat' dir='ltr'><strong>quia</strong></span> <span class='ocrx_word' id='word_1_89' title='bbox 393 1484 669 1540; x_wconf 66' lang='lat' dir='ltr'><strong>excaecauit</strong></span> <span class='ocrx_word' id='word_1_90' title='bbox 708 1481 881 1536; x_wconf 87' lang='lat' dir='ltr'><strong>oculos</strong></span> <span class='ocrx_word' id='word_1_91' title='bbox 920 1496 1091 1535; x_wconf 86' lang='lat' dir='ltr'><strong>eorum</strong></span> <span class='ocrx_word' id='word_1_92' title='bbox 1129 1486 1182 1532; x_wconf 87' lang='lat' dir='ltr'><strong>ut</strong></span> <span class='ocrx_word' id='word_1_93' title='bbox 1224 1493 1325 1532; x_wconf 89' lang='lat' dir='ltr'><strong>non</strong></span> <span class='ocrx_word' id='word_1_94' title='bbox 1377 1477 1612 1544; x_wconf 86' lang='lat' dir='ltr'><strong>videant,</strong></span> <span class='ocrx_word' id='word_1_95' title='bbox 1649 1475 1716 1530; x_wconf 87' lang='lat' dir='ltr'><strong>ab</strong></span> <span class='ocrx_word' id='word_1_96' title='bbox 1761 1489 1823 1529; x_wconf 87' lang='lat' dir='ltr'><strong>ea</strong></span> 
     </span>
    </p>
   </div>
   <div class='ocr_carea' id='block_1_14' title="bbox 239 1570 1823 1648">
    <p class='ocr_par' dir='ltr' id='par_1_14' title="bbox 239 1570 1823 1648">
     <span class='ocr_line' id='line_1_14' title="bbox 239 1570 1823 1648; baseline -0.01 -12"><span class='ocrx_word' id='word_1_97' title='bbox 239 1578 510 1636; x_wconf 80' lang='lat' dir='ltr'><strong>sententia</strong></span> <span class='ocrx_word' id='word_1_98' title='bbox 540 1591 645 1648; x_wconf 88' lang='lat' dir='ltr'><strong>qua</strong></span> <span class='ocrx_word' id='word_1_99' title='bbox 680 1572 1020 1643; x_wconf 81' lang='lat' dir='ltr'><strong>intelligimus</strong></span> <span class='ocrx_word' id='word_1_100' title='bbox 1044 1570 1165 1626; x_wconf 91' lang='lat' dir='ltr'><strong>ideo</strong></span> <span class='ocrx_word' id='word_1_101' title='bbox 1193 1577 1487 1625; x_wconf 65' lang='lat' dir='ltr'><strong>excmcatos</strong></span> <span class='ocrx_word' id='word_1_102' title='bbox 1514 1575 1572 1623; x_wconf 90' lang='lat' dir='ltr'><strong>ut</strong></span> <span class='ocrx_word' id='word_1_103' title='bbox 1599 1581 1823 1621; x_wconf 89' lang='lat' dir='ltr'><strong>convcr-</strong></span> 
     </span>
    </p>
   </div>
   <div class='ocr_carea' id='block_1_15' title="bbox 239 1659 1825 1735">
    <p class='ocr_par' dir='ltr' id='par_1_15' title="bbox 239 1659 1825 1735">
     <span class='ocr_line' id='line_1_15' title="bbox 239 1659 1825 1735; baseline -0.009 -8"><span class='ocrx_word' id='word_1_104' title='bbox 239 1680 524 1735; x_wconf 85' lang='lat' dir='ltr'><strong>terentur;</strong></span> <span class='ocrx_word' id='word_1_105' title='bbox 556 1670 659 1722; x_wconf 91' lang='lat' dir='ltr'><strong>hoc</strong></span> <span class='ocrx_word' id='word_1_106' title='bbox 682 1674 785 1733; x_wconf 88' lang='lat' dir='ltr'><strong>est,</strong></span> <span class='ocrx_word' id='word_1_107' title='bbox 815 1665 934 1720; x_wconf 89' lang='lat' dir='ltr'><strong>ideo</strong></span> <span class='ocrx_word' id='word_1_108' title='bbox 960 1664 1037 1719; x_wconf 90' lang='lat' dir='ltr'><strong>eis</strong></span> <span class='ocrx_word' id='word_1_109' title='bbox 1058 1678 1152 1733; x_wconf 92' lang='lat' dir='ltr'><strong>per</strong></span> <span class='ocrx_word' id='word_1_110' title='bbox 1179 1662 1529 1718; x_wconf 91' lang='lat' dir='ltr'><strong>obscuritates</strong></span> <span class='ocrx_word' id='word_1_111' title='bbox 1550 1659 1825 1730; x_wconf 86' lang='lat' dir='ltr'><strong>parabola-</strong></span> 
     </span>
    </p>
   </div>
   <div class='ocr_carea' id='block_1_16' title="bbox 238 1751 1827 1822">
    <p class='ocr_par' dir='ltr' id='par_1_16' title="bbox 238 1751 1827 1822">
     <span class='ocr_line' id='line_1_16' title="bbox 238 1751 1827 1822; baseline -0.011 -3"><span class='ocrx_word' id='word_1_112' title='bbox 238 1778 355 1818; x_wconf 85' lang='lat' dir='ltr'><strong>rutn</strong></span> <span class='ocrx_word' id='word_1_113' title='bbox 382 1759 682 1816; x_wconf 75' lang='lat' dir='ltr'><strong>occultatas</strong></span> <span class='ocrx_word' id='word_1_114' title='bbox 709 1755 1000 1812; x_wconf 86' lang='lat' dir='ltr'><strong>sententias</strong></span> <span class='ocrx_word' id='word_1_115' title='bbox 1020 1752 1249 1821; x_wconf 89' lang='lat' dir='ltr'><strong>Domini,</strong></span> <span class='ocrx_word' id='word_1_116' title='bbox 1281 1761 1339 1807; x_wconf 91' lang='lat' dir='ltr'><strong>ut</strong></span> <span class='ocrx_word' id='word_1_117' title='bbox 1368 1760 1486 1822; x_wconf 92' lang='lat' dir='ltr'><strong>post</strong></span> <span class='ocrx_word' id='word_1_118' title='bbox 1507 1751 1622 1821; x_wconf 87' lang='lat' dir='ltr'><strong>ejus</strong></span> <span class='ocrx_word' id='word_1_119' title='bbox 1645 1764 1827 1805; x_wconf 87' lang='lat' dir='ltr'><strong>resur-</strong></span> 
     </span>
    </p>
   </div>
   <div class='ocr_carea' id='block_1_17' title="bbox 238 1838 1825 1914">
    <p class='ocr_par' dir='ltr' id='par_1_17' title="bbox 238 1838 1825 1914">
     <span class='ocr_line' id='line_1_17' title="bbox 238 1838 1825 1914; baseline -0.011 -5"><span class='ocrx_word' id='word_1_120' title='bbox 238 1851 535 1910; x_wconf 82' lang='lat' dir='ltr'><strong>rectionem</strong></span> <span class='ocrx_word' id='word_1_121' title='bbox 579 1845 873 1903; x_wconf 89' lang='lat' dir='ltr'><strong>salubriore</strong></span> <span class='ocrx_word' id='word_1_122' title='bbox 901 1843 1210 1914; x_wconf 85' lang='lat' dir='ltr'><strong>poenitentia</strong></span> <span class='ocrx_word' id='word_1_123' title='bbox 1243 1842 1616 1911; x_wconf 86' lang='lat' dir='ltr'><strong>resipiscerent</strong></span> <span class='ocrx_word' id='word_1_124' title='bbox 1647 1856 1660 1894; x_wconf 89' lang='lat'><strong>:</strong></span> <span class='ocrx_word' id='word_1_125' title='bbox 1703 1838 1825 1909; x_wconf 82' lang='lat' dir='ltr'><strong>quia</strong></span> 
     </span>
    </p>
   </div>
   <div class='ocr_carea' id='block_1_18' title="bbox 238 1930 1825 2015">
    <p class='ocr_par' dir='ltr' id='par_1_18' title="bbox 238 1930 1825 2015">
     <span class='ocr_line' id='line_1_18' title="bbox 238 1930 1825 2015; baseline -0.008 -17"><span class='ocrx_word' id='word_1_126' title='bbox 238 1959 331 2015; x_wconf 88' lang='lat' dir='ltr'><strong>per</strong></span> <span class='ocrx_word' id='word_1_127' title='bbox 344 1942 734 1997; x_wconf 87' lang='lat' dir='ltr'><strong>obscuritatem</strong></span> <span class='ocrx_word' id='word_1_128' title='bbox 759 1936 1022 1993; x_wconf 88' lang='lat' dir='ltr'><strong>sermonis</strong></span> <span class='ocrx_word' id='word_1_129' title='bbox 1038 1935 1306 1999; x_wconf 67' lang='lat' dir='ltr'><strong>excaecati,</strong></span> <span class='ocrx_word' id='word_1_130' title='bbox 1329 1934 1466 1988; x_wconf 89' lang='lat' dir='ltr'><strong>dicta</strong></span> <span class='ocrx_word' id='word_1_131' title='bbox 1486 1930 1695 1987; x_wconf 90' lang='lat' dir='ltr'><strong>Domini</strong></span> <span class='ocrx_word' id='word_1_132' title='bbox 1720 1946 1825 1985; x_wconf 91' lang='lat' dir='ltr'><strong>non</strong></span> 
     </span>
    </p>
   </div>
   <div class='ocr_carea' id='block_1_19' title="bbox 241 2023 1826 2097">
    <p class='ocr_par' dir='ltr' id='par_1_19' title="bbox 241 2023 1826 2097">
     <span class='ocr_line' id='line_1_19' title="bbox 241 2023 1826 2097; baseline -0.009 -9"><span class='ocrx_word' id='word_1_133' title='bbox 241 2034 664 2097; x_wconf 80' lang='lat' dir='ltr'><strong>intellexerunt,</strong></span> <span class='ocrx_word' id='word_1_134' title='bbox 705 2038 759 2084; x_wconf 88' lang='lat' dir='ltr'><strong>et</strong></span> <span class='ocrx_word' id='word_1_135' title='bbox 787 2044 847 2083; x_wconf 92' lang='lat' dir='ltr'><strong>ea</strong></span> <span class='ocrx_word' id='word_1_136' title='bbox 893 2042 997 2081; x_wconf 90' lang='lat' dir='ltr'><strong>non</strong></span> <span class='ocrx_word' id='word_1_137' title='bbox 1042 2024 1424 2096; x_wconf 85' lang='lat' dir='ltr'><strong>intelligendo,</strong></span> <span class='ocrx_word' id='word_1_138' title='bbox 1466 2039 1570 2077; x_wconf 89' lang='lat' dir='ltr'><strong>non</strong></span> <span class='ocrx_word' id='word_1_139' title='bbox 1609 2023 1661 2076; x_wconf 93' lang='lat' dir='ltr'><strong>in</strong></span> <span class='ocrx_word' id='word_1_140' title='bbox 1704 2037 1826 2075; x_wconf 89' lang='lat' dir='ltr'><strong>eum</strong></span> 
     </span>
    </p>
   </div>
   <div class='ocr_carea' id='block_1_20' title="bbox 240 2118 1827 2191">
    <p class='ocr_par' dir='ltr' id='par_1_20' title="bbox 240 2118 1827 2191">
     <span class='ocr_line' id='line_1_20' title="bbox 240 2118 1827 2191; baseline -0.011 -7"><span class='ocrx_word' id='word_1_141' title='bbox 240 2125 618 2191; x_wconf 80' lang='lat' dir='ltr'><strong>crediderunt,</strong></span> <span class='ocrx_word' id='word_1_142' title='bbox 648 2138 751 2177; x_wconf 91' lang='lat' dir='ltr'><strong>non</strong></span> <span class='ocrx_word' id='word_1_143' title='bbox 781 2119 1048 2176; x_wconf 88' lang='lat' dir='ltr'><strong>credendo</strong></span> <span class='ocrx_word' id='word_1_144' title='bbox 1080 2118 1453 2173; x_wconf 81' lang='lat' dir='ltr'><strong>cruciﬁxerunt</strong></span> <span class='ocrx_word' id='word_1_145' title='bbox 1482 2131 1637 2179; x_wconf 89' lang='lat' dir='ltr'><strong>cum;</strong></span> <span class='ocrx_word' id='word_1_146' title='bbox 1670 2123 1827 2183; x_wconf 88' lang='lat' dir='ltr'><strong>atque</strong></span> 
     </span>
    </p>
   </div>
   <div class='ocr_carea' id='block_1_21' title="bbox 242 2205 1829 2289">
    <p class='ocr_par' dir='ltr' id='par_1_21' title="bbox 242 2205 1829 2289">
     <span class='ocr_line' id='line_1_21' title="bbox 242 2205 1829 2289; baseline -0.009 -15"><span class='ocrx_word' id='word_1_147' title='bbox 242 2222 307 2275; x_wconf 88' lang='lat' dir='ltr'><strong>ita</strong></span> <span class='ocrx_word' id='word_1_148' title='bbox 334 2227 459 2289; x_wconf 89' lang='lat' dir='ltr'><strong>post</strong></span> <span class='ocrx_word' id='word_1_149' title='bbox 494 2217 615 2286; x_wconf 86' lang='lat' dir='ltr'><strong>ejus</strong></span> <span class='ocrx_word' id='word_1_150' title='bbox 656 2214 1101 2271; x_wconf 85' lang='lat' dir='ltr'><strong>resurrectionem</strong></span> <span class='ocrx_word' id='word_1_151' title='bbox 1137 2208 1405 2264; x_wconf 82' lang='lat' dir='ltr'><strong>miraculis</strong></span> <span class='ocrx_word' id='word_1_152' title='bbox 1427 2251 1440 2273; x_wconf 96' lang='lat'><strong>,</strong></span> <span class='ocrx_word' id='word_1_153' title='bbox 1471 2224 1588 2279; x_wconf 72' lang='lat' dir='ltr'><strong>qtae</strong></span> <span class='ocrx_word' id='word_1_154' title='bbox 1626 2207 1676 2261; x_wconf 92' lang='lat' dir='ltr'><strong>in</strong></span> <span class='ocrx_word' id='word_1_155' title='bbox 1715 2205 1829 2275; x_wconf 87' lang='lat' dir='ltr'><strong>ejus</strong></span> 
     </span>
    </p>
   </div>
   <div class='ocr_carea' id='block_1_22' title="bbox 239 2300 1828 2372">
    <p class='ocr_par' dir='ltr' id='par_1_22' title="bbox 239 2300 1828 2372">
     <span class='ocr_line' id='line_1_22' title="bbox 239 2300 1828 2372; baseline -0.009 -8"><span class='ocrx_word' id='word_1_156' title='bbox 239 2311 456 2363; x_wconf 79' lang='lat' dir='ltr'><strong>nomine</strong></span> <span class='ocrx_word' id='word_1_157' title='bbox 489 2307 708 2371; x_wconf 87' lang='lat' dir='ltr'><strong>liebant,</strong></span> <span class='ocrx_word' id='word_1_158' title='bbox 736 2304 994 2368; x_wconf 77' lang='lat' dir='ltr'><strong>exterriti,</strong></span> <span class='ocrx_word' id='word_1_159' title='bbox 1026 2303 1227 2372; x_wconf 87' lang='lat' dir='ltr'><strong>majore</strong></span> <span class='ocrx_word' id='word_1_160' title='bbox 1241 2300 1477 2354; x_wconf 90' lang='lat' dir='ltr'><strong>criminis</strong></span> <span class='ocrx_word' id='word_1_161' title='bbox 1502 2308 1650 2353; x_wconf 87' lang='lat' dir='ltr'><strong>reatu</strong></span> <span class='ocrx_word' id='word_1_162' title='bbox 1677 2312 1828 2352; x_wconf 91' lang='lat' dir='ltr'><strong>com-</strong></span> 
     </span>
    </p>
   </div>
   <div class='ocr_carea' id='block_1_23' title="bbox 240 2388 1828 2479">
    <p class='ocr_par' dir='ltr' id='par_1_23' title="bbox 240 2388 1828 2479">
     <span class='ocr_line' id='line_1_23' title="bbox 240 2388 1828 2479; baseline -0.01 -21"><span class='ocrx_word' id='word_1_163' title='bbox 240 2403 424 2479; x_wconf 71' lang='grc' dir='ltr'><strong>μιηαὶ</strong></span> <span class='ocrx_word' id='word_1_164' title='bbox 447 2409 576 2456; x_wconf 90' lang='lat' dir='ltr'><strong>sunt</strong></span> <span class='ocrx_word' id='word_1_165' title='bbox 603 2408 660 2455; x_wconf 90' lang='lat' dir='ltr'><strong>et</strong></span> <span class='ocrx_word' id='word_1_166' title='bbox 701 2396 948 2468; x_wconf 82' lang='lat' dir='ltr'><strong>prostrati</strong></span> <span class='ocrx_word' id='word_1_167' title='bbox 985 2394 1053 2449; x_wconf 86' lang='lat' dir='ltr'><strong>ad</strong></span> <span class='ocrx_word' id='word_1_168' title='bbox 1096 2393 1479 2463; x_wconf 79' lang='lat' dir='ltr'><strong>paenitentiam,</strong></span> <span class='ocrx_word' id='word_1_169' title='bbox 1514 2388 1707 2449; x_wconf 80' lang='lat' dir='ltr'><strong>deinde</strong></span> <span class='ocrx_word' id='word_1_170' title='bbox 1736 2404 1828 2477; x_wconf 25' lang='lat' dir='ltr'><strong>ac-I</strong></span> 
     </span>
    </p>
   </div>
   <div class='ocr_carea' id='block_1_24' title="bbox 241 2480 1829 2565">
    <p class='ocr_par' dir='ltr' id='par_1_24' title="bbox 241 2480 1829 2565">
     <span class='ocr_line' id='line_1_24' title="bbox 241 2480 1829 2565; baseline -0.011 -15"><span class='ocrx_word' id='word_1_171' title='bbox 241 2505 389 2565; x_wconf 82' lang='lat' dir='ltr'><strong>cepta</strong></span> <span class='ocrx_word' id='word_1_172' title='bbox 421 2489 752 2561; x_wconf 88' lang='lat' dir='ltr'><strong>indulgentia</strong></span> <span class='ocrx_word' id='word_1_173' title='bbox 793 2487 859 2541; x_wconf 88' lang='lat' dir='ltr'><strong>ad</strong></span> <span class='ocrx_word' id='word_1_174' title='bbox 895 2486 1247 2541; x_wconf 84' lang='lat' dir='ltr'><strong>obedientiam</strong></span> <span class='ocrx_word' id='word_1_175' title='bbox 1268 2525 1282 2551; x_wconf 95' lang='lat'><strong>,</strong></span> <span class='ocrx_word' id='word_1_176' title='bbox 1314 2482 1718 2553; x_wconf 86' lang='lat' dir='ltr'><strong>ﬂagrantissima</strong></span> <span class='ocrx_word' id='word_1_177' title='bbox 1745 2480 1829 2535; x_wconf 87' lang='lat' dir='ltr'><strong>di-</strong></span> 
     </span>
    </p>
   </div>
   <div class='ocr_carea' id='block_1_25' title="bbox 244 2576 1201 2641">
    <p class='ocr_par' dir='ltr' id='par_1_25' title="bbox 244 2576 1201 2641">
     <span class='ocr_line' id='line_1_25' title="bbox 244 2576 1201 2641; baseline -0.017 0"><span class='ocrx_word' id='word_1_178' title='bbox 244 2586 473 2641; x_wconf 79' lang='lat' dir='ltr'><strong>lectione</strong></span> <span class='ocrx_word' id='word_1_179' title='bbox 500 2580 772 2636; x_wconf 88' lang='lat' dir='ltr'><strong>conversi.</strong></span> <span class='ocrx_word' id='word_1_180' title='bbox 1198 2576 1201 2577; x_wconf 65' lang='grc'><strong><em>⁷</em></strong></span> 
     </span>
    </p>
   </div>
   <div class='ocr_carea' id='block_1_26' title="bbox 306 2659 1831 2743">
    <p class='ocr_par' dir='ltr' id='par_1_26' title="bbox 306 2659 1831 2743">
     <span class='ocr_line' id='line_1_26' title="bbox 306 2659 1831 2743; baseline -0.01 -12"><span class='ocrx_word' id='word_1_181' title='bbox 306 2675 364 2731; x_wconf 84' lang='lat'><strong>5.</strong></span> <span class='ocrx_word' id='word_1_182' title='bbox 388 2673 533 2728; x_wconf 77' lang='lat' dir='ltr'><strong>Nam</strong></span> <span class='ocrx_word' id='word_1_183' title='bbox 550 2670 747 2741; x_wconf 78' lang='lat' dir='ltr'><strong>quibus</strong></span> <span class='ocrx_word' id='word_1_184' title='bbox 777 2683 882 2723; x_wconf 91' lang='lat' dir='ltr'><strong>non</strong></span> <span class='ocrx_word' id='word_1_185' title='bbox 902 2665 1097 2737; x_wconf 83' lang='lat' dir='ltr'><strong>profuit</strong></span> <span class='ocrx_word' id='word_1_186' title='bbox 1113 2664 1199 2723; x_wconf 89' lang='lat' dir='ltr'><strong>illa</strong></span> <span class='ocrx_word' id='word_1_187' title='bbox 1215 2664 1425 2720; x_wconf 80' lang='lat' dir='ltr'><strong>caecitas</strong></span> <span class='ocrx_word' id='word_1_188' title='bbox 1443 2661 1508 2717; x_wconf 90' lang='lat' dir='ltr'><strong>ad</strong></span> <span class='ocrx_word' id='word_1_189' title='bbox 1523 2659 1831 2743; x_wconf 75' lang='lat' dir='ltr'><strong>conversio-</strong></span> 
     </span>
    </p>
   </div>
   <div class='ocr_carea' id='block_1_27' title="bbox 244 2753 1833 2836">
    <p class='ocr_par' dir='ltr' id='par_1_27' title="bbox 244 2753 1833 2836">
     <span class='ocr_line' id='line_1_27' title="bbox 244 2753 1833 2836; baseline -0.009 -15"><span class='ocrx_word' id='word_1_190' title='bbox 244 2784 387 2830; x_wconf 84' lang='lat' dir='ltr'><strong>nem,</strong></span> <span class='ocrx_word' id='word_1_191' title='bbox 419 2782 543 2836; x_wconf 66' lang='lat' dir='ltr'><strong>quae</strong></span> <span class='ocrx_word' id='word_1_192' title='bbox 569 2780 663 2833; x_wconf 90' lang='lat' dir='ltr'><strong>per</strong></span> <span class='ocrx_word' id='word_1_193' title='bbox 688 2763 919 2830; x_wconf 82' lang='lat' dir='ltr'><strong>linguam</strong></span> <span class='ocrx_word' id='word_1_194' title='bbox 950 2758 1316 2829; x_wconf 88' lang='lat' dir='ltr'><strong>parabolarum</strong></span> <span class='ocrx_word' id='word_1_195' title='bbox 1352 2754 1539 2822; x_wconf 79' lang='lat' dir='ltr'><strong>fiebat,</strong></span> <span class='ocrx_word' id='word_1_196' title='bbox 1570 2754 1640 2809; x_wconf 90' lang='lat' dir='ltr'><strong>ita</strong></span> <span class='ocrx_word' id='word_1_197' title='bbox 1670 2754 1737 2808; x_wconf 91' lang='lat' dir='ltr'><strong>de</strong></span> <span class='ocrx_word' id='word_1_198' title='bbox 1769 2753 1833 2807; x_wconf 90' lang='lat' dir='ltr'><strong>il-</strong></span> 
     </span>
    </p>
   </div>
   <div class='ocr_carea' id='block_1_28' title="bbox 244 2842 1833 2927">
    <p class='ocr_par' dir='ltr' id='par_1_28' title="bbox 244 2842 1833 2927">
     <span class='ocr_line' id='line_1_28' title="bbox 244 2842 1833 2927; baseline -0.009 -15"><span class='ocrx_word' id='word_1_199' title='bbox 244 2859 310 2912; x_wconf 91' lang='lat' dir='ltr'><strong>lis</strong></span> <span class='ocrx_word' id='word_1_200' title='bbox 354 2855 620 2927; x_wconf 84' lang='lat' dir='ltr'><strong>prOpheta</strong></span> <span class='ocrx_word' id='word_1_201' title='bbox 661 2852 764 2907; x_wconf 91' lang='lat' dir='ltr'><strong>alio</strong></span> <span class='ocrx_word' id='word_1_202' title='bbox 803 2852 922 2906; x_wconf 88' lang='lat' dir='ltr'><strong>loco</strong></span> <span class='ocrx_word' id='word_1_203' title='bbox 957 2848 1113 2913; x_wconf 89' lang='lat' dir='ltr'><strong>dicit,</strong></span> <span class='ocrx_word' id='word_1_204' title='bbox 1155 2844 1295 2915; x_wconf 92' lang='lat' dir='ltr'><strong>quod</strong></span> <span class='ocrx_word' id='word_1_205' title='bbox 1339 2846 1499 2901; x_wconf 91' lang='lat' dir='ltr'><strong>etiam</strong></span> <span class='ocrx_word' id='word_1_206' title='bbox 1548 2842 1833 2912; x_wconf 84' lang='lat' dir='ltr'><strong>Apostolus</strong></span> 
     </span>
    </p>
   </div>
   <div class='ocr_carea' id='block_1_29' title="bbox 248 2941 1831 3011">
    <p class='ocr_par' dir='ltr' id='par_1_29' title="bbox 248 2941 1831 3011">
     <span class='ocr_line' id='line_1_29' title="bbox 248 2941 1831 3011; baseline -0.009 -7"><span class='ocrx_word' id='word_1_207' title='bbox 248 2947 695 3005; x_wconf 82' lang='lat' dir='ltr'><strong>commemoravit</strong></span> <span class='ocrx_word' id='word_1_208' title='bbox 719 2961 836 3001; x_wconf 91' lang='lat' dir='ltr'><strong>eum</strong></span> <span class='ocrx_word' id='word_1_209' title='bbox 859 2944 924 2999; x_wconf 90' lang='lat' dir='ltr'><strong>de</strong></span> <span class='ocrx_word' id='word_1_210' title='bbox 950 2942 1275 2997; x_wconf 84' lang='lat' dir='ltr'><strong>obscuritate</strong></span> <span class='ocrx_word' id='word_1_211' title='bbox 1297 2941 1588 3011; x_wconf 83' lang='lat' dir='ltr'><strong>linguarum</strong></span> <span class='ocrx_word' id='word_1_212' title='bbox 1620 2944 1831 3006; x_wconf 85' lang='lat' dir='ltr'><strong>ageret:</strong></span> 
     </span>
    </p>
   </div>
   <div class='ocr_carea' id='block_1_30' title="bbox 248 3032 1835 3112">
    <p class='ocr_par' dir='ltr' id='par_1_30' title="bbox 248 3032 1835 3112">
     <span class='ocr_line' id='line_1_30' title="bbox 248 3032 1835 3112; baseline -0.008 -16"><span class='ocrx_word' id='word_1_213' title='bbox 248 3043 315 3096; x_wconf 87' lang='lat' dir='ltr'><strong>In</strong></span> <span class='ocrx_word' id='word_1_214' title='bbox 337 3043 453 3095; x_wconf 81' lang='lat' dir='ltr'><strong>aliis</strong></span> <span class='ocrx_word' id='word_1_215' title='bbox 482 3041 694 3112; x_wconf 77' lang='lat' dir='ltr'><strong>linguis,</strong></span> <span class='ocrx_word' id='word_1_216' title='bbox 727 3049 773 3093; x_wconf 87' lang='lat' dir='ltr'><strong>et</strong></span> <span class='ocrx_word' id='word_1_217' title='bbox 803 3040 853 3091; x_wconf 89' lang='lat' dir='ltr'><strong>in</strong></span> <span class='ocrx_word' id='word_1_218' title='bbox 881 3038 995 3092; x_wconf 89' lang='lat' dir='ltr'><strong>aliis</strong></span> <span class='ocrx_word' id='word_1_219' title='bbox 1016 3036 1161 3091; x_wconf 77' lang='lat' dir='ltr'><strong>labiis</strong></span> <span class='ocrx_word' id='word_1_220' title='bbox 1194 3036 1373 3106; x_wconf 89' lang='lat' dir='ltr'><strong>loquar</strong></span> <span class='ocrx_word' id='word_1_221' title='bbox 1409 3032 1598 3103; x_wconf 84' lang='lat' dir='ltr'><strong>papula</strong></span> <span class='ocrx_word' id='word_1_222' title='bbox 1627 3032 1765 3095; x_wconf 88' lang='lat' dir='ltr'><strong>huic,</strong></span> <span class='ocrx_word' id='word_1_223' title='bbox 1788 3038 1835 3084; x_wconf 86' lang='lat' dir='ltr'><strong>et</strong></span> 
     </span>
    </p>
   </div>
   <div class='ocr_carea' id='block_1_31' title="bbox 248 3124 1830 3197">
    <p class='ocr_par' dir='ltr' id='par_1_31' title="bbox 248 3124 1830 3197">
     <span class='ocr_line' id='line_1_31' title="bbox 248 3124 1830 3197; baseline -0.008 -8"><span class='ocrx_word' id='word_1_224' title='bbox 248 3154 335 3197; x_wconf 81' lang='lat' dir='ltr'><strong>nec</strong></span> <span class='ocrx_word' id='word_1_225' title='bbox 363 3138 435 3190; x_wconf 83' lang='lat' dir='ltr'><strong>sic</strong></span> <span class='ocrx_word' id='word_1_226' title='bbox 465 3151 548 3187; x_wconf 84' lang='lat' dir='ltr'><strong>me</strong></span> <span class='ocrx_word' id='word_1_227' title='bbox 589 3132 889 3197; x_wconf 77' lang='lat' dir='ltr'><strong>exattdient,</strong></span> <span class='ocrx_word' id='word_1_228' title='bbox 929 3130 1048 3183; x_wconf 82' lang='lat' dir='ltr'><strong>dicit</strong></span> <span class='ocrx_word' id='word_1_229' title='bbox 1078 3128 1324 3182; x_wconf 79' lang='lat' dir='ltr'><strong>Dominus</strong></span> <span class='ocrx_word' id='word_1_230' title='bbox 1358 3126 1549 3197; x_wconf 87' lang='lat' dir='ltr'><strong>(lCor.</strong></span> <span class='ocrx_word' id='word_1_231' title='bbox 1579 3129 1693 3191; x_wconf 87' lang='lat' dir='ltr'><strong>xiv,</strong></span> <span class='ocrx_word' id='word_1_232' title='bbox 1723 3124 1785 3177; x_wconf 75' lang='grc'><strong>21</strong></span> <span class='ocrx_word' id='word_1_233' title='bbox 1816 3139 1830 3187; x_wconf 88' lang='grc'><strong>;</strong></span> 
     </span>
    </p>
   </div>
   <div class='ocr_carea' id='block_1_32' title="bbox 252 3219 1835 3295">
    <p class='ocr_par' dir='ltr' id='par_1_32' title="bbox 252 3219 1835 3295">
     <span class='ocr_line' id='line_1_32' title="bbox 252 3219 1835 3295; baseline -0.006 -14"><span class='ocrx_word' id='word_1_234' title='bbox 252 3227 385 3291; x_wconf 73' lang='lat' dir='ltr'><strong>Isai.</strong></span> <span class='ocrx_word' id='word_1_235' title='bbox 410 3242 597 3291; x_wconf 72' lang='lat' dir='ltr'><strong>xxvnt,</strong></span> <span class='ocrx_word' id='word_1_236' title='bbox 630 3223 752 3295; x_wconf 78' lang='grc'><strong>11).</strong></span> <span class='ocrx_word' id='word_1_237' title='bbox 783 3222 895 3278; x_wconf 86' lang='lat' dir='ltr'><strong>Non</strong></span> <span class='ocrx_word' id='word_1_238' title='bbox 919 3222 1059 3277; x_wconf 89' lang='lat' dir='ltr'><strong>enim</strong></span> <span class='ocrx_word' id='word_1_239' title='bbox 1091 3222 1377 3287; x_wconf 86' lang='lat' dir='ltr'><strong>diceretur,</strong></span> <span class='ocrx_word' id='word_1_240' title='bbox 1406 3219 1513 3274; x_wconf 92' lang='lat' dir='ltr'><strong>Nec</strong></span> <span class='ocrx_word' id='word_1_241' title='bbox 1542 3221 1613 3274; x_wconf 86' lang='lat' dir='ltr'><strong>sic</strong></span> <span class='ocrx_word' id='word_1_242' title='bbox 1642 3234 1719 3273; x_wconf 84' lang='lat' dir='ltr'><strong>me</strong></span> <span class='ocrx_word' id='word_1_243' title='bbox 1745 3234 1835 3272; x_wconf 75' lang='lat' dir='ltr'><strong>ea:-</strong></span> 
     </span>
    </p>
   </div>
   <div class='ocr_carea' id='block_1_33' title="bbox 250 3308 1836 3384">
    <p class='ocr_par' dir='ltr' id='par_1_33' title="bbox 250 3308 1836 3384">
     <span class='ocr_line' id='line_1_33' title="bbox 250 3308 1836 3384; baseline -0.006 -10"><span class='ocrx_word' id='word_1_244' title='bbox 250 3320 487 3384; x_wconf 78' lang='lat' dir='ltr'><strong>audient,</strong></span> <span class='ocrx_word' id='word_1_245' title='bbox 521 3317 623 3371; x_wconf 89' lang='lat' dir='ltr'><strong>nisi</strong></span> <span class='ocrx_word' id='word_1_246' title='bbox 650 3315 715 3370; x_wconf 90' lang='lat' dir='ltr'><strong>ad</strong></span> <span class='ocrx_word' id='word_1_247' title='bbox 747 3315 847 3369; x_wconf 92' lang='lat' dir='ltr'><strong>hoc</strong></span> <span class='ocrx_word' id='word_1_248' title='bbox 886 3314 1063 3376; x_wconf 85' lang='lat' dir='ltr'><strong>ﬁeret,</strong></span> <span class='ocrx_word' id='word_1_249' title='bbox 1095 3323 1153 3367; x_wconf 90' lang='lat' dir='ltr'><strong>ut</strong></span> <span class='ocrx_word' id='word_1_250' title='bbox 1175 3312 1262 3367; x_wconf 90' lang='lat' dir='ltr'><strong>vel</strong></span> <span class='ocrx_word' id='word_1_251' title='bbox 1299 3312 1375 3367; x_wconf 93' lang='lat' dir='ltr'><strong>sic</strong></span> <span class='ocrx_word' id='word_1_252' title='bbox 1405 3310 1714 3367; x_wconf 80' lang='lat' dir='ltr'><strong>exaudirent</strong></span> <span class='ocrx_word' id='word_1_253' title='bbox 1741 3327 1753 3362; x_wconf 90' lang='lat'><strong>:</strong></span> <span class='ocrx_word' id='word_1_254' title='bbox 1784 3308 1836 3364; x_wconf 91' lang='lat' dir='ltr'><strong>id</strong></span> 
     </span>
    </p>
   </div>
   <div class='ocr_carea' id='block_1_34' title="bbox 252 3400 1837 3476">
    <p class='ocr_par' dir='ltr' id='par_1_34' title="bbox 252 3400 1837 3476">
     <span class='ocr_line' id='line_1_34' title="bbox 252 3400 1837 3476; baseline -0.009 -9"><span class='ocrx_word' id='word_1_255' title='bbox 252 3419 352 3476; x_wconf 83' lang='lat' dir='ltr'><strong>cst,</strong></span> <span class='ocrx_word' id='word_1_256' title='bbox 402 3418 459 3462; x_wconf 92' lang='lat' dir='ltr'><strong>ut</strong></span> <span class='ocrx_word' id='word_1_257' title='bbox 507 3408 588 3462; x_wconf 90' lang='lat' dir='ltr'><strong>eis</strong></span> <span class='ocrx_word' id='word_1_258' title='bbox 616 3405 681 3460; x_wconf 90' lang='lat' dir='ltr'><strong>ad</strong></span> <span class='ocrx_word' id='word_1_259' title='bbox 721 3404 972 3459; x_wconf 88' lang='lat' dir='ltr'><strong>humilem</strong></span> <span class='ocrx_word' id='word_1_260' title='bbox 1013 3402 1400 3458; x_wconf 80' lang='lat' dir='ltr'><strong>confessionem</strong></span> <span class='ocrx_word' id='word_1_261' title='bbox 1423 3444 1436 3467; x_wconf 95' lang='lat'><strong>,</strong></span> <span class='ocrx_word' id='word_1_262' title='bbox 1465 3409 1520 3456; x_wconf 90' lang='lat' dir='ltr'><strong>ct</strong></span> <span class='ocrx_word' id='word_1_263' title='bbox 1555 3400 1837 3456; x_wconf 85' lang='lat' dir='ltr'><strong>sollicitam</strong></span> 
     </span>
    </p>
   </div>
   <div class='ocr_carea' id='block_1_35' title="bbox 253 3490 1836 3570">
    <p class='ocr_par' dir='ltr' id='par_1_35' title="bbox 253 3490 1836 3570">
     <span class='ocr_line' id='line_1_35' title="bbox 253 3490 1836 3570; baseline -0.008 -14"><span class='ocrx_word' id='word_1_264' title='bbox 253 3500 651 3570; x_wconf 86' lang='lat' dir='ltr'><strong>inquisitionem</strong></span> <span class='ocrx_word' id='word_1_265' title='bbox 672 3539 684 3560; x_wconf 95' lang='lat'><strong>,</strong></span> <span class='ocrx_word' id='word_1_266' title='bbox 721 3504 775 3551; x_wconf 91' lang='lat' dir='ltr'><strong>et</strong></span> <span class='ocrx_word' id='word_1_267' title='bbox 810 3495 1142 3551; x_wconf 88' lang='lat' dir='ltr'><strong>obedientem</strong></span> <span class='ocrx_word' id='word_1_268' title='bbox 1177 3493 1600 3554; x_wconf 82' lang='lat' dir='ltr'><strong>conversionem,</strong></span> <span class='ocrx_word' id='word_1_269' title='bbox 1629 3499 1683 3546; x_wconf 89' lang='lat' dir='ltr'><strong>et</strong></span> <span class='ocrx_word' id='word_1_270' title='bbox 1726 3490 1836 3545; x_wconf 86' lang='lat' dir='ltr'><strong>fer-</strong></span> 
     </span>
    </p>
   </div>
   <div class='ocr_carea' id='block_1_36' title="bbox 250 3581 1838 3645">
    <p class='ocr_par' dir='ltr' id='par_1_36' title="bbox 250 3581 1838 3645">
     <span class='ocr_line' id='line_1_36' title="bbox 250 3581 1838 3645; baseline -0.006 -1"><span class='ocrx_word' id='word_1_271' title='bbox 250 3600 468 3645; x_wconf 80' lang='lat' dir='ltr'><strong>ventem</strong></span> <span class='ocrx_word' id='word_1_272' title='bbox 497 3588 836 3643; x_wconf 88' lang='lat' dir='ltr'><strong>dilectionem</strong></span> <span class='ocrx_word' id='word_1_273' title='bbox 868 3586 1089 3640; x_wconf 78' lang='lat' dir='ltr'><strong>valeret.</strong></span> <span class='ocrx_word' id='word_1_274' title='bbox 1122 3585 1216 3639; x_wconf 85' lang='lat' dir='ltr'><strong>Est</strong></span> <span class='ocrx_word' id='word_1_275' title='bbox 1246 3598 1376 3638; x_wconf 89' lang='lat' dir='ltr'><strong>vero</strong></span> <span class='ocrx_word' id='word_1_276' title='bbox 1398 3584 1555 3638; x_wconf 90' lang='lat' dir='ltr'><strong>etiam</strong></span> <span class='ocrx_word' id='word_1_277' title='bbox 1580 3581 1675 3636; x_wconf 90' lang='lat' dir='ltr'><strong>ista</strong></span> <span class='ocrx_word' id='word_1_278' title='bbox 1702 3582 1838 3635; x_wconf 92' lang='lat' dir='ltr'><strong>ratio</strong></span> 
     </span>
    </p>
   </div>
   <div class='ocr_carea' id='block_1_37' title="bbox 251 3671 1838 3748">
    <p class='ocr_par' dir='ltr' id='par_1_37' title="bbox 251 3671 1838 3748">
     <span class='ocr_line' id='line_1_37' title="bbox 251 3671 1838 3748; baseline -0.007 -13"><span class='ocrx_word' id='word_1_279' title='bbox 251 3680 543 3735; x_wconf 67' lang='lat' dir='ltr'><strong>medicina:</strong></span> <span class='ocrx_word' id='word_1_280' title='bbox 574 3677 886 3748; x_wconf 87' lang='lat' dir='ltr'><strong>corporalis.</strong></span> <span class='ocrx_word' id='word_1_281' title='bbox 921 3676 1054 3729; x_wconf 85' lang='lat' dir='ltr'><strong>Nam</strong></span> <span class='ocrx_word' id='word_1_282' title='bbox 1090 3682 1143 3729; x_wconf 89' lang='lat' dir='ltr'><strong>et</strong></span> <span class='ocrx_word' id='word_1_283' title='bbox 1168 3675 1416 3744; x_wconf 84' lang='lat' dir='ltr'><strong>pleraque</strong></span> <span class='ocrx_word' id='word_1_284' title='bbox 1454 3671 1838 3727; x_wconf 88' lang='lat' dir='ltr'><strong>medicamenta</strong></span> 
     </span>
    </p>
   </div>
   <div class='ocr_carea' id='block_1_38' title="bbox 252 3761 1841 3842">
    <p class='ocr_par' dir='ltr' id='par_1_38' title="bbox 252 3761 1841 3842">
     <span class='ocr_line' id='line_1_38' title="bbox 252 3761 1841 3842; baseline -0.007 -16"><span class='ocrx_word' id='word_1_285' title='bbox 252 3772 405 3842; x_wconf 71' lang='lat' dir='ltr'><strong>prius</strong></span> <span class='ocrx_word' id='word_1_286' title='bbox 440 3769 682 3840; x_wconf 83' lang='lat' dir='ltr'><strong>afﬂigunt</strong></span> <span class='ocrx_word' id='word_1_287' title='bbox 712 3776 767 3823; x_wconf 93' lang='lat' dir='ltr'><strong>ut</strong></span> <span class='ocrx_word' id='word_1_288' title='bbox 792 3774 1002 3833; x_wconf 85' lang='lat' dir='ltr'><strong>sanent,</strong></span> <span class='ocrx_word' id='word_1_289' title='bbox 1021 3774 1074 3821; x_wconf 90' lang='lat' dir='ltr'><strong>et</strong></span> <span class='ocrx_word' id='word_1_290' title='bbox 1100 3766 1212 3835; x_wconf 90' lang='lat' dir='ltr'><strong>ipsa</strong></span> <span class='ocrx_word' id='word_1_291' title='bbox 1242 3764 1459 3836; x_wconf 83' lang='lat' dir='ltr'><strong>collyria</strong></span> <span class='ocrx_word' id='word_1_292' title='bbox 1483 3778 1601 3833; x_wconf 70' lang='lat' dir='ltr'><strong>qum</strong></span> <span class='ocrx_word' id='word_1_293' title='bbox 1621 3761 1687 3817; x_wconf 89' lang='lat' dir='ltr'><strong>ad</strong></span> <span class='ocrx_word' id='word_1_294' title='bbox 1714 3777 1841 3816; x_wconf 86' lang='lat' dir='ltr'><strong>ocu-</strong></span> 
     </span>
    </p>
   </div>
   <div class='ocr_carea' id='block_1_39' title="bbox 253 3853 1839 3935">
    <p class='ocr_par' dir='ltr' id='par_1_39' title="bbox 253 3853 1839 3935">
     <span class='ocr_line' id='line_1_39' title="bbox 253 3853 1839 3935; baseline -0.009 -14"><span class='ocrx_word' id='word_1_295' title='bbox 253 3866 337 3921; x_wconf 74' lang='lat' dir='ltr'><strong>los</strong></span> <span class='ocrx_word' id='word_1_296' title='bbox 369 3864 672 3935; x_wconf 87' lang='lat' dir='ltr'><strong>pertinent,</strong></span> <span class='ocrx_word' id='word_1_297' title='bbox 698 3862 740 3915; x_wconf 90' lang='lat' dir='ltr'><strong>si</strong></span> <span class='ocrx_word' id='word_1_298' title='bbox 768 3876 830 3916; x_wconf 89' lang='lat' dir='ltr'><strong>ea</strong></span> <span class='ocrx_word' id='word_1_299' title='bbox 858 3876 991 3930; x_wconf 91' lang='lat' dir='ltr'><strong>opus</strong></span> <span class='ocrx_word' id='word_1_300' title='bbox 1017 3868 1097 3914; x_wconf 88' lang='lat' dir='ltr'><strong>est</strong></span> <span class='ocrx_word' id='word_1_301' title='bbox 1124 3858 1442 3913; x_wconf 88' lang='lat' dir='ltr'><strong>intrinsecus</strong></span> <span class='ocrx_word' id='word_1_302' title='bbox 1468 3854 1699 3920; x_wconf 87' lang='lat' dir='ltr'><strong>infundi,</strong></span> <span class='ocrx_word' id='word_1_303' title='bbox 1738 3853 1839 3909; x_wconf 90' lang='lat' dir='ltr'><strong>nisi</strong></span> 
     </span>
    </p>
   </div>
   <div class='ocr_carea' id='block_1_40' title="bbox 252 3945 1843 4023">
    <p class='ocr_par' dir='ltr' id='par_1_40' title="bbox 252 3945 1843 4023">
     <span class='ocr_line' id='line_1_40' title="bbox 252 3945 1843 4023; baseline -0.008 -11"><span class='ocrx_word' id='word_1_304' title='bbox 252 3970 476 4012; x_wconf 84' lang='lat' dir='ltr'><strong>sensum</strong></span> <span class='ocrx_word' id='word_1_305' title='bbox 503 3953 715 4008; x_wconf 80' lang='lat' dir='ltr'><strong>videndi</strong></span> <span class='ocrx_word' id='word_1_306' title='bbox 734 3952 882 4023; x_wconf 87' lang='lat' dir='ltr'><strong>prius</strong></span> <span class='ocrx_word' id='word_1_307' title='bbox 901 3951 1151 4007; x_wconf 88' lang='lat' dir='ltr'><strong>claudant</strong></span> <span class='ocrx_word' id='word_1_308' title='bbox 1168 3960 1221 4005; x_wconf 92' lang='lat' dir='ltr'><strong>et</strong></span> <span class='ocrx_word' id='word_1_309' title='bbox 1241 3948 1568 4020; x_wconf 87' lang='lat' dir='ltr'><strong>perturbent,</strong></span> <span class='ocrx_word' id='word_1_310' title='bbox 1588 3945 1843 4017; x_wconf 84' lang='lat' dir='ltr'><strong>prodesse</strong></span> 
     </span>
    </p>
   </div>
   <div class='ocr_carea' id='block_1_41' title="bbox 254 4048 635 4111">
    <p class='ocr_par' dir='ltr' id='par_1_41' title="bbox 254 4048 635 4111">
     <span class='ocr_line' id='line_1_41' title="bbox 254 4048 635 4111; baseline -0.013 -14"><span class='ocrx_word' id='word_1_311' title='bbox 254 4059 362 4097; x_wconf 88' lang='lat' dir='ltr'><strong>non</strong></span> <span class='ocrx_word' id='word_1_312' title='bbox 388 4048 635 4111; x_wconf 83' lang='lat' dir='ltr'><strong>possunt.</strong></span> 
     </span>
    </p>
   </div>
   <div class='ocr_carea' id='block_1_42' title="bbox 324 4122 1842 4200">
    <p class='ocr_par' dir='ltr' id='par_1_42' title="bbox 324 4122 1842 4200">
     <span class='ocr_line' id='line_1_42' title="bbox 324 4122 1842 4200; baseline -0.01 -9"><span class='ocrx_word' id='word_1_313' title='bbox 324 4136 382 4191; x_wconf 70' lang='grc' dir='ltr'>ι.</span> <span class='ocrx_word' id='word_1_314' title='bbox 408 4132 521 4188; x_wconf 84' lang='lat' dir='ltr'><strong>Nec</strong></span> <span class='ocrx_word' id='word_1_315' title='bbox 546 4138 754 4185; x_wconf 84' lang='lat' dir='ltr'><strong>moveat</strong></span> <span class='ocrx_word' id='word_1_316' title='bbox 775 4129 912 4200; x_wconf 90' lang='lat' dir='ltr'><strong>quod</strong></span> <span class='ocrx_word' id='word_1_317' title='bbox 935 4128 1074 4183; x_wconf 88' lang='lat' dir='ltr'><strong>idem</strong></span> <span class='ocrx_word' id='word_1_318' title='bbox 1091 4124 1346 4197; x_wconf 82' lang='lat' dir='ltr'><strong>propheta</strong></span> <span class='ocrx_word' id='word_1_319' title='bbox 1362 4124 1508 4190; x_wconf 91' lang='lat' dir='ltr'><strong>dicit,</strong></span> <span class='ocrx_word' id='word_1_320' title='bbox 1539 4122 1656 4177; x_wconf 86' lang='lat' dir='ltr'><strong>Nisi</strong></span> <span class='ocrx_word' id='word_1_321' title='bbox 1675 4122 1842 4177; x_wconf 83' lang='lat' dir='ltr'><strong>credi-</strong></span> 
     </span>
    </p>
   </div>
   <div class='ocr_carea' id='block_1_43' title="bbox 257 4215 1843 4293">
    <p class='ocr_par' dir='ltr' id='par_1_43' title="bbox 257 4215 1843 4293">
     <span class='ocr_line' id='line_1_43' title="bbox 257 4215 1843 4293; baseline -0.006 -13"><span class='ocrx_word' id='word_1_322' title='bbox 257 4226 460 4290; x_wconf 74' lang='lat' dir='ltr'><strong>deritis,</strong></span> <span class='ocrx_word' id='word_1_323' title='bbox 480 4242 582 4279; x_wconf 82' lang='lat' dir='ltr'><strong>non</strong></span> <span class='ocrx_word' id='word_1_324' title='bbox 612 4223 894 4293; x_wconf 81' lang='lat' dir='ltr'><strong>intelligetis</strong></span> <span class='ocrx_word' id='word_1_325' title='bbox 921 4220 1196 4291; x_wconf 87' lang='lat' dir='ltr'><strong>(lsai.vu,</strong></span> <span class='ocrx_word' id='word_1_326' title='bbox 1224 4219 1278 4287; x_wconf 88' lang='lat'><strong>9,</strong></span> <span class='ocrx_word' id='word_1_327' title='bbox 1321 4236 1420 4273; x_wconf 82' lang='lat' dir='ltr'><strong>sec.</strong></span> <span class='ocrx_word' id='word_1_328' title='bbox 1454 4215 1663 4289; x_wconf 78' lang='lat' dir='ltr'><strong>LXX);</strong></span> <span class='ocrx_word' id='word_1_329' title='bbox 1694 4217 1843 4287; x_wconf 89' lang='lat' dir='ltr'><strong>quasi</strong></span> 
     </span>
    </p>
   </div>
   <div class='ocr_carea' id='block_1_44' title="bbox 256 4309 1845 4383">
    <p class='ocr_par' dir='ltr' id='par_1_44' title="bbox 256 4309 1845 4383">
     <span class='ocr_line' id='line_1_44' title="bbox 256 4309 1845 4383; baseline -0.009 -10"><span class='ocrx_word' id='word_1_330' title='bbox 256 4316 593 4374; x_wconf 84' lang='lat' dir='ltr'><strong>contrarium</strong></span> <span class='ocrx_word' id='word_1_331' title='bbox 621 4315 690 4368; x_wconf 90' lang='lat' dir='ltr'><strong>sit</strong></span> <span class='ocrx_word' id='word_1_332' title='bbox 709 4313 847 4383; x_wconf 91' lang='lat' dir='ltr'><strong>quod</strong></span> <span class='ocrx_word' id='word_1_333' title='bbox 874 4313 1105 4367; x_wconf 84' lang='lat' dir='ltr'><strong>Joannes</strong></span> <span class='ocrx_word' id='word_1_334' title='bbox 1131 4312 1233 4377; x_wconf 90' lang='lat' dir='ltr'><strong>ait,</strong></span> <span class='ocrx_word' id='word_1_335' title='bbox 1267 4309 1539 4379; x_wconf 84' lang='lat' dir='ltr'><strong>Propterea</strong></span> <span class='ocrx_word' id='word_1_336' title='bbox 1564 4325 1664 4361; x_wconf 86' lang='lat' dir='ltr'><strong>non</strong></span> <span class='ocrx_word' id='word_1_337' title='bbox 1705 4318 1845 4376; x_wconf 88' lang='lat' dir='ltr'><strong>pote-</strong></span> 
     </span>
    </p>
   </div>
   <div class='ocr_carea' id='block_1_45' title="bbox 257 4398 1844 4475">
    <p class='ocr_par' dir='ltr' id='par_1_45' title="bbox 257 4398 1844 4475">
     <span class='ocr_line' id='line_1_45' title="bbox 257 4398 1844 4475; baseline -0.006 -14"><span class='ocrx_word' id='word_1_338' title='bbox 257 4416 380 4461; x_wconf 82' lang='lat' dir='ltr'><strong>rant</strong></span> <span class='ocrx_word' id='word_1_339' title='bbox 404 4406 628 4471; x_wconf 76' lang='lat' dir='ltr'><strong>credere,</strong></span> <span class='ocrx_word' id='word_1_340' title='bbox 650 4405 767 4475; x_wconf 80' lang='lat' dir='ltr'><strong>quia</strong></span> <span class='ocrx_word' id='word_1_341' title='bbox 792 4404 1053 4463; x_wconf 77' lang='lat' dir='ltr'><strong>cxcwcavit</strong></span> <span class='ocrx_word' id='word_1_342' title='bbox 1079 4402 1249 4457; x_wconf 87' lang='lat' dir='ltr'><strong>oculos</strong></span> <span class='ocrx_word' id='word_1_343' title='bbox 1274 4416 1481 4463; x_wconf 87' lang='lat' dir='ltr'><strong>eorum;</strong></span> <span class='ocrx_word' id='word_1_344' title='bbox 1504 4400 1552 4453; x_wconf 90' lang='lat' dir='ltr'><strong>id</strong></span> <span class='ocrx_word' id='word_1_345' title='bbox 1592 4407 1691 4462; x_wconf 90' lang='lat' dir='ltr'><strong>est,</strong></span> <span class='ocrx_word' id='word_1_346' title='bbox 1721 4398 1844 4469; x_wconf 90' lang='lat' dir='ltr'><strong>quia</strong></span> 
     </span>
    </p>
   </div>
   <div class='ocr_carea' id='block_1_46' title="bbox 261 4493 1847 4569">
    <p class='ocr_par' dir='ltr' id='par_1_46' title="bbox 261 4493 1847 4569">
     <span class='ocr_line' id='line_1_46' title="bbox 261 4493 1847 4569; baseline -0.005 -15"><span class='ocrx_word' id='word_1_347' title='bbox 261 4500 375 4555; x_wconf 61' lang='lat' dir='ltr'><strong>illa:</strong></span> <span class='ocrx_word' id='word_1_348' title='bbox 393 4498 658 4569; x_wconf 70' lang='lat' dir='ltr'><strong>parabola:</strong></span> <span class='ocrx_word' id='word_1_349' title='bbox 679 4498 751 4551; x_wconf 90' lang='lat' dir='ltr'><strong>ita</strong></span> <span class='ocrx_word' id='word_1_350' title='bbox 776 4496 1104 4558; x_wconf 86' lang='lat' dir='ltr'><strong>dicebantur,</strong></span> <span class='ocrx_word' id='word_1_351' title='bbox 1134 4504 1191 4548; x_wconf 92' lang='lat' dir='ltr'><strong>ut</strong></span> <span class='ocrx_word' id='word_1_352' title='bbox 1210 4494 1276 4548; x_wconf 90' lang='lat' dir='ltr'><strong>ab</strong></span> <span class='ocrx_word' id='word_1_353' title='bbox 1297 4494 1372 4547; x_wconf 87' lang='lat' dir='ltr'><strong>eis</strong></span> <span class='ocrx_word' id='word_1_354' title='bbox 1401 4509 1505 4547; x_wconf 91' lang='lat' dir='ltr'><strong>non</strong></span> <span class='ocrx_word' id='word_1_355' title='bbox 1538 4503 1753 4562; x_wconf 87' lang='lat' dir='ltr'><strong>possent</strong></span> <span class='ocrx_word' id='word_1_356' title='bbox 1773 4493 1847 4546; x_wconf 84' lang='lat' dir='ltr'><strong>in-</strong></span> 
     </span>
    </p>
   </div>
   <div class='ocr_carea' id='block_1_47' title="bbox 262 4583 1847 4661">
    <p class='ocr_par' dir='ltr' id='par_1_47' title="bbox 262 4583 1847 4661">
     <span class='ocr_line' id='line_1_47' title="bbox 262 4583 1847 4661; baseline -0.005 -14"><span class='ocrx_word' id='word_1_357' title='bbox 262 4591 450 4661; x_wconf 82' lang='lat' dir='ltr'><strong>telligi.</strong></span> <span class='ocrx_word' id='word_1_358' title='bbox 482 4590 621 4644; x_wconf 91' lang='lat' dir='ltr'><strong>Dicit</strong></span> <span class='ocrx_word' id='word_1_359' title='bbox 647 4589 788 4643; x_wconf 91' lang='lat' dir='ltr'><strong>enim</strong></span> <span class='ocrx_word' id='word_1_360' title='bbox 822 4587 1013 4657; x_wconf 86' lang='lat' dir='ltr'><strong>aliquis</strong></span> <span class='ocrx_word' id='word_1_361' title='bbox 1043 4604 1055 4639; x_wconf 90' lang='lat'><strong>:</strong></span> <span class='ocrx_word' id='word_1_362' title='bbox 1084 4586 1140 4642; x_wconf 89' lang='lat' dir='ltr'><strong>Si</strong></span> <span class='ocrx_word' id='word_1_363' title='bbox 1171 4594 1227 4640; x_wconf 88' lang='lat' dir='ltr'><strong>ut</strong></span> <span class='ocrx_word' id='word_1_364' title='bbox 1250 4584 1602 4654; x_wconf 85' lang='lat' dir='ltr'><strong>intelligerent</strong></span> <span class='ocrx_word' id='word_1_365' title='bbox 1627 4583 1847 4641; x_wconf 89' lang='lat' dir='ltr'><strong>credere</strong></span> 
     </span>
    </p>
   </div>
   <div class='ocr_carea' id='block_1_48' title="bbox 262 4678 1844 4755">
    <p class='ocr_par' dir='ltr' id='par_1_48' title="bbox 262 4678 1844 4755">
     <span class='ocr_line' id='line_1_48' title="bbox 262 4678 1844 4755; baseline -0.005 -15"><span class='ocrx_word' id='word_1_366' title='bbox 262 4685 559 4747; x_wconf 86' lang='lat' dir='ltr'><strong>debebant,</strong></span> <span class='ocrx_word' id='word_1_367' title='bbox 591 4684 856 4755; x_wconf 90' lang='lat' dir='ltr'><strong>quomodo</strong></span> <span class='ocrx_word' id='word_1_368' title='bbox 886 4690 1166 4752; x_wconf 87' lang='lat' dir='ltr'><strong>propterea</strong></span> <span class='ocrx_word' id='word_1_369' title='bbox 1197 4696 1301 4735; x_wconf 91' lang='lat' dir='ltr'><strong>non</strong></span> <span class='ocrx_word' id='word_1_370' title='bbox 1334 4688 1578 4750; x_wconf 87' lang='lat' dir='ltr'><strong>poterant</strong></span> <span class='ocrx_word' id='word_1_371' title='bbox 1603 4678 1844 4746; x_wconf 89' lang='lat' dir='ltr'><strong>credere,</strong></span> 
     </span>
    </p>
   </div>
   <div class='ocr_carea' id='block_1_49' title="bbox 262 4769 1849 4847">
    <p class='ocr_par' dir='ltr' id='par_1_49' title="bbox 262 4769 1849 4847">
     <span class='ocr_line' id='line_1_49' title="bbox 262 4769 1849 4847; baseline -0.006 -15"><span class='ocrx_word' id='word_1_372' title='bbox 262 4778 394 4847; x_wconf 85' lang='lat' dir='ltr'><strong>quia</strong></span> <span class='ocrx_word' id='word_1_373' title='bbox 430 4792 537 4831; x_wconf 89' lang='lat' dir='ltr'><strong>non</strong></span> <span class='ocrx_word' id='word_1_374' title='bbox 578 4774 958 4844; x_wconf 86' lang='lat' dir='ltr'><strong>intelligebant,</strong></span> <span class='ocrx_word' id='word_1_375' title='bbox 989 4773 1089 4827; x_wconf 88' lang='lat' dir='ltr'><strong>hoc</strong></span> <span class='ocrx_word' id='word_1_376' title='bbox 1111 4780 1191 4827; x_wconf 89' lang='lat' dir='ltr'><strong>est</strong></span> <span class='ocrx_word' id='word_1_377' title='bbox 1209 4813 1223 4837; x_wconf 93' lang='lat'><strong>,</strong></span> <span class='ocrx_word' id='word_1_378' title='bbox 1250 4771 1367 4841; x_wconf 83' lang='lat' dir='ltr'><strong>quia</strong></span> <span class='ocrx_word' id='word_1_379' title='bbox 1394 4770 1653 4824; x_wconf 75' lang='lat' dir='ltr'><strong>exctecavit</strong></span> <span class='ocrx_word' id='word_1_380' title='bbox 1677 4769 1849 4823; x_wconf 85' lang='lat' dir='ltr'><strong>oculos</strong></span> 
     </span>
    </p>
   </div>
   <div class='ocr_carea' id='block_1_50' title="bbox 265 4861 1851 4937">
    <p class='ocr_par' dir='ltr' id='par_1_50' title="bbox 265 4861 1851 4937">
     <span class='ocr_line' id='line_1_50' title="bbox 265 4861 1851 4937; baseline -0.006 -13"><span class='ocrx_word' id='word_1_381' title='bbox 265 4869 484 4924; x_wconf 78' lang='lat' dir='ltr'><strong>eorum?</strong></span> <span class='ocrx_word' id='word_1_382' title='bbox 510 4868 616 4923; x_wconf 88' lang='lat' dir='ltr'><strong>Sed</strong></span> <span class='ocrx_word' id='word_1_383' title='bbox 641 4867 780 4937; x_wconf 90' lang='lat' dir='ltr'><strong>quod</strong></span> <span class='ocrx_word' id='word_1_384' title='bbox 807 4866 881 4920; x_wconf 88' lang='lat' dir='ltr'><strong>ait</strong></span> <span class='ocrx_word' id='word_1_385' title='bbox 910 4866 1090 4931; x_wconf 90' lang='lat' dir='ltr'><strong>Isaias,</strong></span> <span class='ocrx_word' id='word_1_386' title='bbox 1124 4863 1241 4919; x_wconf 88' lang='lat' dir='ltr'><strong>Nisi</strong></span> <span class='ocrx_word' id='word_1_387' title='bbox 1270 4862 1577 4917; x_wconf 82' lang='lat' dir='ltr'><strong>credideritis</strong></span> <span class='ocrx_word' id='word_1_388' title='bbox 1605 4903 1618 4927; x_wconf 94' lang='lat'><strong>,</strong></span> <span class='ocrx_word' id='word_1_389' title='bbox 1646 4878 1745 4915; x_wconf 86' lang='lat' dir='ltr'><strong>non</strong></span> <span class='ocrx_word' id='word_1_390' title='bbox 1770 4861 1851 4914; x_wconf 87' lang='lat' dir='ltr'><strong>in-</strong></span> 
     </span>
    </p>
   </div>
   <div class='ocr_carea' id='block_1_51' title="bbox 268 4955 1849 5031">
    <p class='ocr_par' dir='ltr' id='par_1_51' title="bbox 268 4955 1849 5031">
     <span class='ocr_line' id='line_1_51' title="bbox 268 4955 1849 5031; baseline -0.005 -16"><span class='ocrx_word' id='word_1_391' title='bbox 268 4961 540 5031; x_wconf 76' lang='lat' dir='ltr'><strong>telligetis,</strong></span> <span class='ocrx_word' id='word_1_392' title='bbox 565 4958 633 5015; x_wconf 90' lang='lat' dir='ltr'><strong>de</strong></span> <span class='ocrx_word' id='word_1_393' title='bbox 666 4959 751 5013; x_wconf 89' lang='lat' dir='ltr'><strong>illa</strong></span> <span class='ocrx_word' id='word_1_394' title='bbox 775 4957 1121 5028; x_wconf 81' lang='lat' dir='ltr'><strong>intelligentia</strong></span> <span class='ocrx_word' id='word_1_395' title='bbox 1149 4957 1344 5011; x_wconf 87' lang='lat' dir='ltr'><strong>dictum</strong></span> <span class='ocrx_word' id='word_1_396' title='bbox 1374 4963 1474 5022; x_wconf 86' lang='lat' dir='ltr'><strong>est,</strong></span> <span class='ocrx_word' id='word_1_397' title='bbox 1507 4955 1558 5009; x_wconf 91' lang='lat' dir='ltr'><strong>in</strong></span> <span class='ocrx_word' id='word_1_398' title='bbox 1586 4969 1689 5025; x_wconf 89' lang='lat' dir='ltr'><strong>qua</strong></span> <span class='ocrx_word' id='word_1_399' title='bbox 1710 4969 1849 5009; x_wconf 91' lang='lat' dir='ltr'><strong>sem-</strong></span> 
     </span>
    </p>
   </div>
   <div class='ocr_carea' id='block_1_52' title="bbox 271 5046 1852 5121">
    <p class='ocr_par' dir='ltr' id='par_1_52' title="bbox 271 5046 1852 5121">
     <span class='ocr_line' id='line_1_52' title="bbox 271 5046 1852 5121; baseline -0.003 -17"><span class='ocrx_word' id='word_1_400' title='bbox 271 5068 373 5121; x_wconf 86' lang='lat' dir='ltr'><strong>per</strong></span> <span class='ocrx_word' id='word_1_401' title='bbox 396 5051 717 5117; x_wconf 79' lang='lat' dir='ltr'><strong>manebitur,</strong></span> <span class='ocrx_word' id='word_1_402' title='bbox 740 5065 919 5104; x_wconf 90' lang='lat' dir='ltr'><strong>rerum</strong></span> <span class='ocrx_word' id='word_1_403' title='bbox 957 5048 1297 5104; x_wconf 81' lang='lat' dir='ltr'><strong>ineffabilium</strong></span> <span class='ocrx_word' id='word_1_404' title='bbox 1323 5064 1336 5101; x_wconf 90' lang='lat'><strong>:</strong></span> <span class='ocrx_word' id='word_1_405' title='bbox 1367 5063 1487 5102; x_wconf 87' lang='lat' dir='ltr'><strong>cum</strong></span> <span class='ocrx_word' id='word_1_406' title='bbox 1518 5056 1695 5101; x_wconf 90' lang='lat' dir='ltr'><strong>autem</strong></span> <span class='ocrx_word' id='word_1_407' title='bbox 1720 5046 1852 5101; x_wconf 88' lang='lat' dir='ltr'><strong>dici-</strong></span> 
     </span>
    </p>
   </div>
   <div class='ocr_carea' id='block_1_53' title="bbox 270 5139 1849 5214">
    <p class='ocr_par' dir='ltr' id='par_1_53' title="bbox 270 5139 1849 5214">
     <span class='ocr_line' id='line_1_53' title="bbox 270 5139 1849 5214; baseline -0.004 -15"><span class='ocrx_word' id='word_1_408' title='bbox 270 5154 365 5199; x_wconf 83' lang='lat' dir='ltr'><strong>tur</strong></span> <span class='ocrx_word' id='word_1_409' title='bbox 387 5143 531 5214; x_wconf 85' lang='lat' dir='ltr'><strong>quod</strong></span> <span class='ocrx_word' id='word_1_410' title='bbox 556 5144 823 5207; x_wconf 83' lang='lat' dir='ltr'><strong>credatur,</strong></span> <span class='ocrx_word' id='word_1_411' title='bbox 856 5142 952 5197; x_wconf 88' lang='lat' dir='ltr'><strong>nisi</strong></span> <span class='ocrx_word' id='word_1_412' title='bbox 973 5142 1111 5212; x_wconf 89' lang='lat' dir='ltr'><strong>quod</strong></span> <span class='ocrx_word' id='word_1_413' title='bbox 1139 5142 1327 5195; x_wconf 90' lang='lat' dir='ltr'><strong>dicitur</strong></span> <span class='ocrx_word' id='word_1_414' title='bbox 1343 5140 1682 5210; x_wconf 79' lang='lat' dir='ltr'><strong>intelligatur,</strong></span> <span class='ocrx_word' id='word_1_415' title='bbox 1703 5139 1849 5196; x_wconf 89' lang='lat' dir='ltr'><strong>credi</strong></span> 
     </span>
    </p>
   </div>
   <div class='ocr_carea' id='block_1_54' title="bbox 271 5231 1850 5305">
    <p class='ocr_par' dir='ltr' id='par_1_54' title="bbox 271 5231 1850 5305">
     <span class='ocr_line' id='line_1_54' title="bbox 271 5231 1850 5305; baseline -0.004 -14"><span class='ocrx_word' id='word_1_416' title='bbox 271 5250 384 5292; x_wconf 76' lang='lat' dir='ltr'><strong>non</strong></span> <span class='ocrx_word' id='word_1_417' title='bbox 412 5242 607 5305; x_wconf 89' lang='lat' dir='ltr'><strong>potest.</strong></span> <span class='ocrx_word' id='word_1_418' title='bbox 636 5234 979 5304; x_wconf 89' lang='lat' dir='ltr'><strong>Intelligenda</strong></span> <span class='ocrx_word' id='word_1_419' title='bbox 1001 5240 1123 5287; x_wconf 90' lang='lat' dir='ltr'><strong>sunt</strong></span> <span class='ocrx_word' id='word_1_420' title='bbox 1146 5247 1273 5302; x_wconf 87' lang='lat' dir='ltr'><strong>ergo</strong></span> <span class='ocrx_word' id='word_1_421' title='bbox 1297 5232 1456 5297; x_wconf 89' lang='lat' dir='ltr'><strong>dicta,</strong></span> <span class='ocrx_word' id='word_1_422' title='bbox 1481 5240 1539 5286; x_wconf 89' lang='lat' dir='ltr'><strong>ut</strong></span> <span class='ocrx_word' id='word_1_423' title='bbox 1567 5231 1850 5285; x_wconf 88' lang='lat' dir='ltr'><strong>credantur</strong></span> 
     </span>
    </p>
   </div>
   <div class='ocr_carea' id='block_1_55' title="bbox 269 5323 1853 5397">
    <p class='ocr_par' dir='ltr' id='par_1_55' title="bbox 269 5323 1853 5397">
     <span class='ocr_line' id='line_1_55' title="bbox 269 5323 1853 5397; baseline -0.004 -14"><span class='ocrx_word' id='word_1_424' title='bbox 269 5342 395 5397; x_wconf 64' lang='lat' dir='ltr'><strong>quae</strong></span> <span class='ocrx_word' id='word_1_425' title='bbox 420 5325 525 5381; x_wconf 86' lang='lat' dir='ltr'><strong>dici</strong></span> <span class='ocrx_word' id='word_1_426' title='bbox 550 5333 869 5396; x_wconf 87' lang='lat' dir='ltr'><strong>potuerunt:</strong></span> <span class='ocrx_word' id='word_1_427' title='bbox 898 5323 1162 5393; x_wconf 86' lang='lat' dir='ltr'><strong>credenda</strong></span> <span class='ocrx_word' id='word_1_428' title='bbox 1190 5332 1365 5377; x_wconf 87' lang='lat' dir='ltr'><strong>autem</strong></span> <span class='ocrx_word' id='word_1_429' title='bbox 1395 5338 1509 5392; x_wconf 68' lang='lat' dir='ltr'><strong>qua:</strong></span> <span class='ocrx_word' id='word_1_430' title='bbox 1538 5324 1637 5377; x_wconf 80' lang='lat' dir='ltr'><strong>diei</strong></span> <span class='ocrx_word' id='word_1_431' title='bbox 1670 5330 1853 5393; x_wconf 87' lang='lat' dir='ltr'><strong>potue-</strong></span> 
     </span>
    </p>
   </div>
   <div class='ocr_carea' id='block_1_56' title="bbox 268 5416 1564 5488">
    <p class='ocr_par' dir='ltr' id='par_1_56' title="bbox 268 5416 1564 5488">
     <span class='ocr_line' id='line_1_56' title="bbox 268 5416 1564 5488; baseline -0.007 -12"><span class='ocrx_word' id='word_1_432' title='bbox 268 5431 419 5483; x_wconf 83' lang='lat' dir='ltr'><strong>runt,</strong></span> <span class='ocrx_word' id='word_1_433' title='bbox 448 5429 508 5473; x_wconf 87' lang='lat' dir='ltr'><strong>ut</strong></span> <span class='ocrx_word' id='word_1_434' title='bbox 533 5418 892 5488; x_wconf 81' lang='lat' dir='ltr'><strong>intelligantur</strong></span> <span class='ocrx_word' id='word_1_435' title='bbox 913 5432 1033 5487; x_wconf 76' lang='lat' dir='ltr'><strong>qua:</strong></span> <span class='ocrx_word' id='word_1_436' title='bbox 1058 5416 1160 5470; x_wconf 92' lang='lat' dir='ltr'><strong>dici</strong></span> <span class='ocrx_word' id='word_1_437' title='bbox 1189 5432 1293 5469; x_wconf 91' lang='lat' dir='ltr'><strong>non</strong></span> <span class='ocrx_word' id='word_1_438' title='bbox 1324 5422 1564 5483; x_wconf 89' lang='lat' dir='ltr'><strong>possunt.</strong></span> 
     </span>
    </p>
   </div>
   <div class='ocr_carea' id='block_1_57' title="bbox 344 5505 1855 5581">
    <p class='ocr_par' dir='ltr' id='par_1_57' title="bbox 344 5505 1855 5581">
     <span class='ocr_line' id='line_1_57' title="bbox 344 5505 1855 5581; baseline -0.004 -16"><span class='ocrx_word' id='word_1_439' title='bbox 344 5510 466 5566; x_wconf 76' lang='lat' dir='ltr'><strong>XV.</strong></span> <span class='ocrx_word' id='word_1_440' title='bbox 497 5509 608 5581; x_wconf 87' lang='lat' dir='ltr'><strong>[lb.</strong></span> <span class='ocrx_word' id='word_1_441' title='bbox 638 5524 752 5574; x_wconf 85' lang='lat' dir='ltr'><strong>xm,</strong></span> <span class='ocrx_word' id='word_1_442' title='bbox 785 5507 897 5580; x_wconf 46' lang='grc' dir='ltr'><strong>ὄλ]</strong></span> <span class='ocrx_word' id='word_1_443' title='bbox 926 5507 993 5560; x_wconf 87' lang='lat' dir='ltr'><strong>Et</strong></span> <span class='ocrx_word' id='word_1_444' title='bbox 1031 5508 1139 5561; x_wconf 84' lang='lat' dir='ltr'><strong>sine</strong></span> <span class='ocrx_word' id='word_1_445' title='bbox 1165 5506 1418 5577; x_wconf 80' lang='lat' dir='ltr'><strong>parabolis</strong></span> <span class='ocrx_word' id='word_1_446' title='bbox 1446 5523 1547 5559; x_wconf 89' lang='lat' dir='ltr'><strong>non</strong></span> <span class='ocrx_word' id='word_1_447' title='bbox 1564 5505 1855 5577; x_wconf 77' lang='lat' dir='ltr'><strong>loquebatur</strong></span> 
     </span>
    </p>
   </div>
   <div class='ocr_carea' id='block_1_58' title="bbox 270 5596 1858 5669">
    <p class='ocr_par' dir='ltr' id='par_1_58' title="bbox 270 5596 1858 5669">
     <span class='ocr_line' id='line_1_58' title="bbox 270 5596 1858 5669; baseline -0.002 -15"><span class='ocrx_word' id='word_1_448' title='bbox 270 5600 367 5654; x_wconf 78' lang='lat' dir='ltr'><strong>eis.</strong></span> <span class='ocrx_word' id='word_1_449' title='bbox 403 5599 522 5654; x_wconf 82' lang='lat' dir='ltr'><strong>Non</strong></span> <span class='ocrx_word' id='word_1_450' title='bbox 547 5599 669 5669; x_wconf 88' lang='lat' dir='ltr'><strong>quia</strong></span> <span class='ocrx_word' id='word_1_451' title='bbox 695 5597 827 5653; x_wconf 87' lang='lat' dir='ltr'><strong>nihil</strong></span> <span class='ocrx_word' id='word_1_452' title='bbox 856 5598 1072 5668; x_wconf 89' lang='lat' dir='ltr'><strong>proprie</strong></span> <span class='ocrx_word' id='word_1_453' title='bbox 1098 5598 1305 5652; x_wconf 90' lang='lat' dir='ltr'><strong>locutus</strong></span> <span class='ocrx_word' id='word_1_454' title='bbox 1330 5604 1440 5662; x_wconf 85' lang='lat' dir='ltr'><strong>est,</strong></span> <span class='ocrx_word' id='word_1_455' title='bbox 1468 5596 1560 5649; x_wconf 88' lang='lat' dir='ltr'><strong>sed</strong></span> <span class='ocrx_word' id='word_1_456' title='bbox 1587 5597 1707 5666; x_wconf 90' lang='lat' dir='ltr'><strong>quia</strong></span> <span class='ocrx_word' id='word_1_457' title='bbox 1737 5598 1858 5651; x_wconf 87' lang='lat' dir='ltr'><strong>nul—</strong></span> 
     </span>
    </p>
   </div>
   <div class='ocr_carea' id='block_1_59' title="bbox 274 5688 1859 5760">
    <p class='ocr_par' dir='ltr' id='par_1_59' title="bbox 274 5688 1859 5760">
     <span class='ocr_line' id='line_1_59' title="bbox 274 5688 1859 5760; baseline -0.001 -15"><span class='ocrx_word' id='word_1_458' title='bbox 274 5691 385 5745; x_wconf 88' lang='lat' dir='ltr'><strong>lutn</strong></span> <span class='ocrx_word' id='word_1_459' title='bbox 432 5690 547 5745; x_wconf 88' lang='lat' dir='ltr'><strong>fere</strong></span> <span class='ocrx_word' id='word_1_460' title='bbox 587 5704 892 5745; x_wconf 88' lang='lat' dir='ltr'><strong>sermonem</strong></span> <span class='ocrx_word' id='word_1_461' title='bbox 939 5689 1243 5759; x_wconf 80' lang='lat' dir='ltr'><strong>explicavit,</strong></span> <span class='ocrx_word' id='word_1_462' title='bbox 1275 5688 1361 5743; x_wconf 91' lang='lat' dir='ltr'><strong>ubi</strong></span> <span class='ocrx_word' id='word_1_463' title='bbox 1395 5704 1497 5741; x_wconf 92' lang='lat' dir='ltr'><strong>non</strong></span> <span class='ocrx_word' id='word_1_464' title='bbox 1529 5689 1723 5757; x_wconf 86' lang='lat' dir='ltr'><strong>aliquid</strong></span> <span class='ocrx_word' id='word_1_465' title='bbox 1762 5705 1859 5760; x_wconf 88' lang='lat' dir='ltr'><strong>per</strong></span> 
     </span>
    </p>
   </div>
   <div class='ocr_carea' id='block_1_60' title="bbox 273 5778 1855 5852">
    <p class='ocr_par' dir='ltr' id='par_1_60' title="bbox 273 5778 1855 5852">
     <span class='ocr_line' id='line_1_60' title="bbox 273 5778 1855 5852; baseline -0.001 -15"><span class='ocrx_word' id='word_1_466' title='bbox 273 5782 584 5852; x_wconf 74' lang='lat' dir='ltr'><strong>parabolam</strong></span> <span class='ocrx_word' id='word_1_467' title='bbox 620 5779 932 5852; x_wconf 79' lang='lat' dir='ltr'><strong>signiﬁcavit</strong></span> <span class='ocrx_word' id='word_1_468' title='bbox 952 5821 965 5847; x_wconf 91' lang='lat'><strong>,</strong></span> <span class='ocrx_word' id='word_1_469' title='bbox 999 5778 1237 5849; x_wconf 81' lang='lat' dir='ltr'><strong>quamvis</strong></span> <span class='ocrx_word' id='word_1_470' title='bbox 1270 5779 1321 5833; x_wconf 91' lang='lat' dir='ltr'><strong>in</strong></span> <span class='ocrx_word' id='word_1_471' title='bbox 1353 5793 1417 5834; x_wconf 90' lang='lat' dir='ltr'><strong>co</strong></span> <span class='ocrx_word' id='word_1_472' title='bbox 1442 5778 1615 5851; x_wconf 86' lang='lat' dir='ltr'><strong>aliqua</strong></span> <span class='ocrx_word' id='word_1_473' title='bbox 1641 5788 1694 5834; x_wconf 90' lang='lat' dir='ltr'><strong>et</strong></span> <span class='ocrx_word' id='word_1_474' title='bbox 1730 5794 1855 5852; x_wconf 87' lang='lat' dir='ltr'><strong>pro-</strong></span> 
     </span>
    </p>
   </div>
   <div class='ocr_carea' id='block_1_61' title="bbox 1630 356 2067 423">
    <p class='ocr_par' dir='ltr' id='par_1_61' title="bbox 1630 356 2067 423">
     <span class='ocr_line' id='line_1_61' title="bbox 1630 356 2067 423; baseline -0.027 1"><span class='ocrx_word' id='word_1_475' title='bbox 1630 359 1828 423; x_wconf 80' lang='lat' dir='ltr'><strong>LIBER</strong></span> <span class='ocrx_word' id='word_1_476' title='bbox 1869 356 2067 413; x_wconf 80' lang='lat' dir='ltr'><strong>UNUS.</strong></span> 
     </span>
    </p>
   </div>
   <div class='ocr_carea' id='block_1_62' title="bbox 3356 370 3497 425">
    <p class='ocr_par' dir='ltr' id='par_1_62' title="bbox 3356 370 3497 425">
     <span class='ocr_line' id='line_1_62' title="bbox 3356 370 3497 425; baseline -0.007 -1"><span class='ocrx_word' id='word_1_477' title='bbox 3356 370 3497 425; x_wconf 62' lang='grc'><strong>1571</strong></span> 
     </span>
    </p>
   </div>
   <div class='ocr_carea' id='block_1_63' title="bbox 1924 474 3498 552">
    <p class='ocr_par' dir='ltr' id='par_1_63' title="bbox 1924 474 3498 552">
     <span class='ocr_line' id='line_1_63' title="bbox 1924 474 3498 552; baseline 0.008 -25"><span class='ocrx_word' id='word_1_478' title='bbox 1924 474 2037 544; x_wconf 87' lang='lat' dir='ltr'><strong>prie</strong></span> <span class='ocrx_word' id='word_1_479' title='bbox 2058 474 2255 531; x_wconf 80' lang='lat' dir='ltr'><strong>dixerit</strong></span> <span class='ocrx_word' id='word_1_480' title='bbox 2283 477 2390 532; x_wconf 89' lang='lat' dir='ltr'><strong>:ita</strong></span> <span class='ocrx_word' id='word_1_481' title='bbox 2423 487 2481 535; x_wconf 91' lang='lat' dir='ltr'><strong>ut</strong></span> <span class='ocrx_word' id='word_1_482' title='bbox 2512 495 2654 551; x_wconf 69' lang='lat' dir='ltr'><strong>smpe</strong></span> <span class='ocrx_word' id='word_1_483' title='bbox 2680 480 2980 537; x_wconf 79' lang='lat' dir='ltr'><strong>inveniatur</strong></span> <span class='ocrx_word' id='word_1_484' title='bbox 3008 490 3151 538; x_wconf 81' lang='lat' dir='ltr'><strong>totus</strong></span> <span class='ocrx_word' id='word_1_485' title='bbox 3174 497 3351 538; x_wconf 90' lang='lat' dir='ltr'><strong>sermo</strong></span> <span class='ocrx_word' id='word_1_486' title='bbox 3382 481 3498 552; x_wconf 81' lang='lat' dir='ltr'><strong>ejus</strong></span> 
     </span>
    </p>
   </div>
   <div class='ocr_carea' id='block_1_64' title="bbox 1925 571 3497 647">
    <p class='ocr_par' dir='ltr' id='par_1_64' title="bbox 1925 571 3497 647">
     <span class='ocr_line' id='line_1_64' title="bbox 1925 571 3497 647; baseline 0.005 -24"><span class='ocrx_word' id='word_1_487' title='bbox 1925 571 2192 641; x_wconf 89' lang='lat' dir='ltr'><strong>parabolis</strong></span> <span class='ocrx_word' id='word_1_488' title='bbox 2219 572 2535 643; x_wconf 87' lang='lat' dir='ltr'><strong>explicatus,</strong></span> <span class='ocrx_word' id='word_1_489' title='bbox 2569 586 2707 631; x_wconf 88' lang='lat' dir='ltr'><strong>totus</strong></span> <span class='ocrx_word' id='word_1_490' title='bbox 2743 584 2918 631; x_wconf 85' lang='lat' dir='ltr'><strong>autem</strong></span> <span class='ocrx_word' id='word_1_491' title='bbox 2949 576 3163 647; x_wconf 89' lang='lat' dir='ltr'><strong>proprie</strong></span> <span class='ocrx_word' id='word_1_492' title='bbox 3184 574 3356 632; x_wconf 90' lang='lat' dir='ltr'><strong>dictus</strong></span> <span class='ocrx_word' id='word_1_493' title='bbox 3379 576 3497 631; x_wconf 85' lang='lat' dir='ltr'><strong>nul-</strong></span> 
     </span>
    </p>
   </div>
   <div class='ocr_carea' id='block_1_65' title="bbox 1922 660 3499 735">
    <p class='ocr_par' dir='ltr' id='par_1_65' title="bbox 1922 660 3499 735">
     <span class='ocr_line' id='line_1_65' title="bbox 1922 660 3499 735; baseline 0.003 -19"><span class='ocrx_word' id='word_1_494' title='bbox 1922 660 2007 716; x_wconf 90' lang='lat' dir='ltr'><strong>lus</strong></span> <span class='ocrx_word' id='word_1_495' title='bbox 2052 661 2369 718; x_wconf 83' lang='lat' dir='ltr'><strong>inveniatur.</strong></span> <span class='ocrx_word' id='word_1_496' title='bbox 2421 665 2726 734; x_wconf 84' lang='lat' dir='ltr'><strong>Explicatos</strong></span> <span class='ocrx_word' id='word_1_497' title='bbox 2771 676 2949 722; x_wconf 90' lang='lat' dir='ltr'><strong>autem</strong></span> <span class='ocrx_word' id='word_1_498' title='bbox 3006 682 3281 723; x_wconf 88' lang='lat' dir='ltr'><strong>sermones</strong></span> <span class='ocrx_word' id='word_1_499' title='bbox 3342 667 3499 735; x_wconf 91' lang='lat' dir='ltr'><strong>dico,</strong></span> 
     </span>
    </p>
   </div>
   <div class='ocr_carea' id='block_1_66' title="bbox 1924 752 3503 829">
    <p class='ocr_par' dir='ltr' id='par_1_66' title="bbox 1924 752 3503 829">
     <span class='ocr_line' id='line_1_66' title="bbox 1924 752 3503 829; baseline 0.003 -20"><span class='ocrx_word' id='word_1_500' title='bbox 1924 752 2136 823; x_wconf 88' lang='lat' dir='ltr'><strong>quando</strong></span> <span class='ocrx_word' id='word_1_501' title='bbox 2157 769 2220 807; x_wconf 87' lang='lat' dir='ltr'><strong>ex</strong></span> <span class='ocrx_word' id='word_1_502' title='bbox 2251 754 2425 825; x_wconf 91' lang='lat' dir='ltr'><strong>aliqua</strong></span> <span class='ocrx_word' id='word_1_503' title='bbox 2454 758 2733 813; x_wconf 87' lang='lat' dir='ltr'><strong>occasione</strong></span> <span class='ocrx_word' id='word_1_504' title='bbox 2770 773 2948 813; x_wconf 90' lang='lat' dir='ltr'><strong>rerum</strong></span> <span class='ocrx_word' id='word_1_505' title='bbox 2978 758 3163 829; x_wconf 89' lang='lat' dir='ltr'><strong>incipit</strong></span> <span class='ocrx_word' id='word_1_506' title='bbox 3190 758 3333 828; x_wconf 88' lang='lat' dir='ltr'><strong>loqui</strong></span> <span class='ocrx_word' id='word_1_507' title='bbox 3362 773 3503 829; x_wconf 89' lang='lat' dir='ltr'><strong>quo-</strong></span> 
     </span>
    </p>
   </div>
   <div class='ocr_carea' id='block_1_67' title="bbox 1924 847 3508 922">
    <p class='ocr_par' dir='ltr' id='par_1_67' title="bbox 1924 847 3508 922">
     <span class='ocr_line' id='line_1_67' title="bbox 1924 847 3508 922; baseline 0.006 -25"><span class='ocrx_word' id='word_1_508' title='bbox 1924 859 2093 914; x_wconf 89' lang='lat' dir='ltr'><strong>usque</strong></span> <span class='ocrx_word' id='word_1_509' title='bbox 2135 847 2383 902; x_wconf 88' lang='lat' dir='ltr'><strong>terminet</strong></span> <span class='ocrx_word' id='word_1_510' title='bbox 2423 849 2676 919; x_wconf 89' lang='lat' dir='ltr'><strong>quidquid</strong></span> <span class='ocrx_word' id='word_1_511' title='bbox 2709 849 2776 906; x_wconf 88' lang='lat' dir='ltr'><strong>ad</strong></span> <span class='ocrx_word' id='word_1_512' title='bbox 2806 851 2973 920; x_wconf 89' lang='lat' dir='ltr'><strong>ipsam</strong></span> <span class='ocrx_word' id='word_1_513' title='bbox 3008 867 3122 906; x_wconf 89' lang='lat' dir='ltr'><strong>rem</strong></span> <span class='ocrx_word' id='word_1_514' title='bbox 3158 852 3412 922; x_wconf 87' lang='lat' dir='ltr'><strong>pertinet,</strong></span> <span class='ocrx_word' id='word_1_515' title='bbox 3453 861 3508 907; x_wconf 91' lang='lat' dir='ltr'><strong>et</strong></span> 
     </span>
    </p>
   </div>
   <div class='ocr_carea' id='block_1_68' title="bbox 1924 936 3504 1011">
    <p class='ocr_par' dir='ltr' id='par_1_68' title="bbox 1924 936 3504 1011">
     <span class='ocr_line' id='line_1_68' title="bbox 1924 936 3504 1011; baseline 0.004 -22"><span class='ocrx_word' id='word_1_516' title='bbox 1924 942 2158 990; x_wconf 74' lang='lat' dir='ltr'><strong>transeat</strong></span> <span class='ocrx_word' id='word_1_517' title='bbox 2179 937 2241 990; x_wconf 91' lang='lat' dir='ltr'><strong>ad</strong></span> <span class='ocrx_word' id='word_1_518' title='bbox 2261 936 2423 995; x_wconf 88' lang='lat' dir='ltr'><strong>aliud.</strong></span> <span class='ocrx_word' id='word_1_519' title='bbox 2457 936 2838 1009; x_wconf 87' lang='lat' dir='ltr'><strong>Nonnunquam</strong></span> <span class='ocrx_word' id='word_1_520' title='bbox 2860 957 2987 996; x_wconf 89' lang='lat' dir='ltr'><strong>sane</strong></span> <span class='ocrx_word' id='word_1_521' title='bbox 3011 942 3144 996; x_wconf 87' lang='lat' dir='ltr'><strong>alius</strong></span> <span class='ocrx_word' id='word_1_522' title='bbox 3176 941 3504 1011; x_wconf 84' lang='lat' dir='ltr'><strong>evangelista</strong></span> 
     </span>
    </p>
   </div>
   <div class='ocr_carea' id='block_1_69' title="bbox 1925 1016 3502 1102">
    <p class='ocr_par' dir='ltr' id='par_1_69' title="bbox 1925 1016 3502 1102">
     <span class='ocr_line' id='line_1_69' title="bbox 1925 1016 3502 1102; baseline 0.004 -22"><span class='ocrx_word' id='word_1_523' title='bbox 1925 1027 2178 1093; x_wconf 83' lang='lat' dir='ltr'><strong>contexit,</strong></span> <span class='ocrx_word' id='word_1_524' title='bbox 2207 1028 2346 1097; x_wconf 89' lang='lat' dir='ltr'><strong>quod</strong></span> <span class='ocrx_word' id='word_1_525' title='bbox 2368 1028 2503 1084; x_wconf 89' lang='lat' dir='ltr'><strong>alius</strong></span> <span class='ocrx_word' id='word_1_526' title='bbox 2527 1029 2751 1087; x_wconf 86' lang='lat' dir='ltr'><strong>diversis</strong></span> <span class='ocrx_word' id='word_1_527' title='bbox 2775 1016 3101 1102; x_wconf 88' lang='lat' dir='ltr'><strong>temporibus</strong></span> <span class='ocrx_word' id='word_1_528' title='bbox 3130 1033 3330 1087; x_wconf 89' lang='lat' dir='ltr'><strong>dictum</strong></span> <span class='ocrx_word' id='word_1_529' title='bbox 3361 1032 3502 1087; x_wconf 88' lang='lat' dir='ltr'><strong>indi-</strong></span> 
     </span>
    </p>
   </div>
   <div class='ocr_carea' id='block_1_70' title="bbox 1925 1116 3500 1193">
    <p class='ocr_par' dir='ltr' id='par_1_70' title="bbox 1925 1116 3500 1193">
     <span class='ocr_line' id='line_1_70' title="bbox 1925 1116 3500 1193; baseline 0.004 -22"><span class='ocrx_word' id='word_1_530' title='bbox 1925 1125 2029 1171; x_wconf 86' lang='lat' dir='ltr'><strong>cat.</strong></span> <span class='ocrx_word' id='word_1_531' title='bbox 2069 1116 2183 1172; x_wconf 87' lang='lat' dir='ltr'><strong>Non</strong></span> <span class='ocrx_word' id='word_1_532' title='bbox 2206 1119 2347 1173; x_wconf 92' lang='lat' dir='ltr'><strong>enim</strong></span> <span class='ocrx_word' id='word_1_533' title='bbox 2376 1120 2682 1175; x_wconf 89' lang='lat' dir='ltr'><strong>omnimodo</strong></span> <span class='ocrx_word' id='word_1_534' title='bbox 2710 1123 3000 1179; x_wconf 90' lang='lat' dir='ltr'><strong>secundum</strong></span> <span class='ocrx_word' id='word_1_535' title='bbox 3030 1138 3206 1178; x_wconf 89' lang='lat' dir='ltr'><strong>rerum</strong></span> <span class='ocrx_word' id='word_1_536' title='bbox 3228 1131 3500 1193; x_wconf 89' lang='lat' dir='ltr'><strong>gestarum</strong></span> 
     </span>
    </p>
   </div>
   <div class='ocr_carea' id='block_1_71' title="bbox 1926 1208 3502 1286">
    <p class='ocr_par' dir='ltr' id='par_1_71' title="bbox 1926 1208 3502 1286">
     <span class='ocr_line' id='line_1_71' title="bbox 1926 1208 3502 1286; baseline 0.004 -25"><span class='ocrx_word' id='word_1_537' title='bbox 1926 1208 2204 1277; x_wconf 88' lang='lat' dir='ltr'><strong>ordinem,</strong></span> <span class='ocrx_word' id='word_1_538' title='bbox 2252 1210 2347 1267; x_wconf 91' lang='lat' dir='ltr'><strong>sed</strong></span> <span class='ocrx_word' id='word_1_539' title='bbox 2387 1213 2676 1267; x_wconf 90' lang='lat' dir='ltr'><strong>secundum</strong></span> <span class='ocrx_word' id='word_1_540' title='bbox 2719 1229 2830 1268; x_wconf 76' lang='lat' dir='ltr'><strong>sua:</strong></span> <span class='ocrx_word' id='word_1_541' title='bbox 2857 1215 3079 1286; x_wconf 89' lang='lat' dir='ltr'><strong>quisque</strong></span> <span class='ocrx_word' id='word_1_542' title='bbox 3119 1214 3502 1270; x_wconf 83' lang='lat' dir='ltr'><strong>recordationis</strong></span> 
     </span>
    </p>
   </div>
   <div class='ocr_carea' id='block_1_72' title="bbox 1926 1297 3501 1373">
    <p class='ocr_par' dir='ltr' id='par_1_72' title="bbox 1926 1297 3501 1373">
     <span class='ocr_line' id='line_1_72' title="bbox 1926 1297 3501 1373; baseline 0.004 -21"><span class='ocrx_word' id='word_1_543' title='bbox 1926 1297 2251 1364; x_wconf 85' lang='lat' dir='ltr'><strong>facultatem,</strong></span> <span class='ocrx_word' id='word_1_544' title='bbox 2281 1303 2634 1357; x_wconf 87' lang='lat' dir='ltr'><strong>narrationem</strong></span> <span class='ocrx_word' id='word_1_545' title='bbox 2660 1319 2818 1373; x_wconf 90' lang='lat' dir='ltr'><strong>quam</strong></span> <span class='ocrx_word' id='word_1_546' title='bbox 2857 1320 3081 1359; x_wconf 85' lang='lat' dir='ltr'><strong>exorsus</strong></span> <span class='ocrx_word' id='word_1_547' title='bbox 3110 1314 3191 1361; x_wconf 89' lang='lat' dir='ltr'><strong>est</strong></span> <span class='ocrx_word' id='word_1_548' title='bbox 3218 1304 3501 1359; x_wconf 79' lang='lat' dir='ltr'><strong>ordinavit.</strong></span> 
     </span>
    </p>
   </div>
   <div class='ocr_carea' id='block_1_73' title="bbox 2000 1389 3504 1467">
    <p class='ocr_par' dir='ltr' id='par_1_73' title="bbox 2000 1389 3504 1467">
     <span class='ocr_line' id='line_1_73' title="bbox 2000 1389 3504 1467; baseline 0.003 -22"><span class='ocrx_word' id='word_1_549' title='bbox 2000 1389 2138 1445; x_wconf 80' lang='lat' dir='ltr'><strong>XVI.</strong></span> <span class='ocrx_word' id='word_1_550' title='bbox 2170 1389 2283 1463; x_wconf 83' lang='lat' dir='ltr'><strong>[1b.</strong></span> <span class='ocrx_word' id='word_1_551' title='bbox 2312 1396 2424 1461; x_wconf 66' lang='grc' dir='ltr'>χιιι,</span> <span class='ocrx_word' id='word_1_552' title='bbox 2451 1395 2540 1459; x_wconf 83' lang='grc'><strong>51,</strong></span> <span class='ocrx_word' id='word_1_553' title='bbox 2569 1394 2657 1457; x_wconf 73' lang='grc'><strong>52,</strong></span> <span class='ocrx_word' id='word_1_554' title='bbox 2676 1393 2791 1467; x_wconf 70' lang='lat'><strong>44.]</strong></span> <span class='ocrx_word' id='word_1_555' title='bbox 2808 1394 3133 1451; x_wconf 75' lang='lat' dir='ltr'><strong>Intellexistis</strong></span> <span class='ocrx_word' id='word_1_556' title='bbox 3159 1397 3265 1450; x_wconf 67' lang='lat' dir='ltr'><strong>ha’c</strong></span> <span class='ocrx_word' id='word_1_557' title='bbox 3294 1397 3504 1450; x_wconf 84' lang='lat' dir='ltr'><strong>omnia?</strong></span> 
     </span>
    </p>
   </div>
   <div class='ocr_carea' id='block_1_74' title="bbox 1927 1481 3505 1545">
    <p class='ocr_par' dir='ltr' id='par_1_74' title="bbox 1927 1481 3505 1545">
     <span class='ocr_line' id='line_1_74' title="bbox 1927 1481 3505 1545; baseline 0.004 -10"><span class='ocrx_word' id='word_1_558' title='bbox 1927 1481 2113 1537; x_wconf 86' lang='lat' dir='ltr'><strong>Dicunt</strong></span> <span class='ocrx_word' id='word_1_559' title='bbox 2138 1486 2184 1538; x_wconf 89' lang='lat' dir='ltr'><strong>ei</strong></span> <span class='ocrx_word' id='word_1_560' title='bbox 2214 1500 2231 1539; x_wconf 88' lang='lat'><strong><em>:</em></strong></span> <span class='ocrx_word' id='word_1_561' title='bbox 2260 1485 2448 1540; x_wconf 87' lang='lat' dir='ltr'><strong>Etiam.</strong></span> <span class='ocrx_word' id='word_1_562' title='bbox 2482 1487 2563 1540; x_wconf 82' lang='lat' dir='ltr'><strong>Ait</strong></span> <span class='ocrx_word' id='word_1_563' title='bbox 2590 1488 2693 1542; x_wconf 81' lang='lat' dir='ltr'><strong>illis</strong></span> <span class='ocrx_word' id='word_1_564' title='bbox 2717 1504 2737 1542; x_wconf 90' lang='lat'><strong><em>:</em></strong></span> <span class='ocrx_word' id='word_1_565' title='bbox 2768 1487 2894 1542; x_wconf 78' lang='lat' dir='ltr'><strong>Ideo</strong></span> <span class='ocrx_word' id='word_1_566' title='bbox 2932 1490 3094 1543; x_wconf 86' lang='lat' dir='ltr'><strong>omnis</strong></span> <span class='ocrx_word' id='word_1_567' title='bbox 3130 1490 3292 1545; x_wconf 87' lang='lat' dir='ltr'><strong>scriba</strong></span> <span class='ocrx_word' id='word_1_568' title='bbox 3329 1489 3505 1543; x_wconf 84' lang='lat' dir='ltr'><strong>doctus</strong></span> 
     </span>
    </p>
   </div>
   <div class='ocr_carea' id='block_1_75' title="bbox 1929 1573 3506 1650">
    <p class='ocr_par' dir='ltr' id='par_1_75' title="bbox 1929 1573 3506 1650">
     <span class='ocr_line' id='line_1_75' title="bbox 1929 1573 3506 1650; baseline 0.003 -23"><span class='ocrx_word' id='word_1_569' title='bbox 1929 1573 1981 1627; x_wconf 87' lang='lat' dir='ltr'><strong>in</strong></span> <span class='ocrx_word' id='word_1_570' title='bbox 2008 1592 2158 1644; x_wconf 81' lang='lat' dir='ltr'><strong>regno</strong></span> <span class='ocrx_word' id='word_1_571' title='bbox 2190 1577 2447 1645; x_wconf 70' lang='lat' dir='ltr'><strong>caelorum,</strong></span> <span class='ocrx_word' id='word_1_572' title='bbox 2480 1578 2658 1632; x_wconf 80' lang='lat' dir='ltr'><strong>similis</strong></span> <span class='ocrx_word' id='word_1_573' title='bbox 2687 1587 2758 1635; x_wconf 85' lang='lat' dir='ltr'><strong>cst</strong></span> <span class='ocrx_word' id='word_1_574' title='bbox 2788 1579 2979 1633; x_wconf 85' lang='lat' dir='ltr'><strong>homini</strong></span> <span class='ocrx_word' id='word_1_575' title='bbox 3006 1580 3358 1650; x_wconf 78' lang='lat' dir='ltr'><strong>patrifamilias</strong></span> <span class='ocrx_word' id='word_1_576' title='bbox 3377 1619 3393 1646; x_wconf 94' lang='lat'><strong>,</strong></span> <span class='ocrx_word' id='word_1_577' title='bbox 3419 1580 3506 1649; x_wconf 82' lang='lat' dir='ltr'><strong>qui</strong></span> 
     </span>
    </p>
   </div>
   <div class='ocr_carea' id='block_1_76' title="bbox 1930 1658 3505 1733">
    <p class='ocr_par' dir='ltr' id='par_1_76' title="bbox 1930 1658 3505 1733">
     <span class='ocr_line' id='line_1_76' title="bbox 1930 1658 3505 1733; baseline 0.004 -17"><span class='ocrx_word' id='word_1_578' title='bbox 1930 1664 2119 1733; x_wconf 77' lang='lat' dir='ltr'><strong>profert</strong></span> <span class='ocrx_word' id='word_1_579' title='bbox 2144 1665 2206 1718; x_wconf 90' lang='lat' dir='ltr'><strong>de</strong></span> <span class='ocrx_word' id='word_1_580' title='bbox 2226 1666 2459 1719; x_wconf 81' lang='lat' dir='ltr'><strong>thesauro</strong></span> <span class='ocrx_word' id='word_1_581' title='bbox 2479 1683 2572 1721; x_wconf 80' lang='lat' dir='ltr'><strong>suo</strong></span> <span class='ocrx_word' id='word_1_582' title='bbox 2599 1684 2725 1721; x_wconf 84' lang='lat' dir='ltr'><strong>nova</strong></span> <span class='ocrx_word' id='word_1_583' title='bbox 2751 1678 2798 1722; x_wconf 91' lang='lat' dir='ltr'><strong>et</strong></span> <span class='ocrx_word' id='word_1_584' title='bbox 2822 1678 3001 1723; x_wconf 80' lang='lat' dir='ltr'><strong>vetera.</strong></span> <span class='ocrx_word' id='word_1_585' title='bbox 3034 1658 3218 1725; x_wconf 85' lang='lat' dir='ltr'><strong>Utrum</strong></span> <span class='ocrx_word' id='word_1_586' title='bbox 3248 1670 3345 1723; x_wconf 90' lang='lat' dir='ltr'><strong>ista</strong></span> <span class='ocrx_word' id='word_1_587' title='bbox 3372 1684 3505 1724; x_wconf 88' lang='lat' dir='ltr'><strong>con-</strong></span> 
     </span>
    </p>
   </div>
   <div class='ocr_carea' id='block_1_77' title="bbox 1930 1754 3503 1828">
    <p class='ocr_par' dir='ltr' id='par_1_77' title="bbox 1930 1754 3503 1828">
     <span class='ocr_line' id='line_1_77' title="bbox 1930 1754 3503 1828; baseline 0.004 -21"><span class='ocrx_word' id='word_1_588' title='bbox 1930 1754 2167 1809; x_wconf 85' lang='lat' dir='ltr'><strong>clusione</strong></span> <span class='ocrx_word' id='word_1_589' title='bbox 2193 1771 2462 1824; x_wconf 76' lang='lat' dir='ltr'><strong>exponere</strong></span> <span class='ocrx_word' id='word_1_590' title='bbox 2495 1758 2659 1812; x_wconf 93' lang='lat' dir='ltr'><strong>voluit</strong></span> <span class='ocrx_word' id='word_1_591' title='bbox 2693 1775 2852 1828; x_wconf 91' lang='lat' dir='ltr'><strong>quem</strong></span> <span class='ocrx_word' id='word_1_592' title='bbox 2887 1760 3080 1814; x_wconf 82' lang='lat' dir='ltr'><strong>dixerit</strong></span> <span class='ocrx_word' id='word_1_593' title='bbox 3110 1760 3417 1816; x_wconf 89' lang='lat' dir='ltr'><strong>thesaurum</strong></span> <span class='ocrx_word' id='word_1_594' title='bbox 3450 1760 3503 1814; x_wconf 92' lang='lat' dir='ltr'><strong>in</strong></span> 
     </span>
    </p>
   </div>
   <div class='ocr_carea' id='block_1_78' title="bbox 1930 1847 3507 1922">
    <p class='ocr_par' dir='ltr' id='par_1_78' title="bbox 1930 1847 3507 1922">
     <span class='ocr_line' id='line_1_78' title="bbox 1930 1847 3507 1922; baseline 0.003 -23"><span class='ocrx_word' id='word_1_595' title='bbox 1930 1847 2448 1916; x_wconf 24' lang='lat' dir='ltr'><strong>agrogabsconditum</strong></span> <span class='ocrx_word' id='word_1_596' title='bbox 2474 1866 2487 1903; x_wconf 91' lang='lat'>:</span> <span class='ocrx_word' id='word_1_597' title='bbox 2518 1850 2762 1919; x_wconf 91' lang='lat' dir='ltr'><strong>quoniam</strong></span> <span class='ocrx_word' id='word_1_598' title='bbox 2784 1860 2979 1906; x_wconf 74' lang='lat' dir='ltr'><strong>sancta:</strong></span> <span class='ocrx_word' id='word_1_599' title='bbox 2996 1851 3285 1922; x_wconf 70' lang='lat' dir='ltr'><strong>Scriptura:</strong></span> <span class='ocrx_word' id='word_1_600' title='bbox 3312 1850 3507 1905; x_wconf 84' lang='lat' dir='ltr'><strong>intelli-</strong></span> 
     </span>
    </p>
   </div>
   <div class='ocr_carea' id='block_1_79' title="bbox 1931 1938 3505 2006">
    <p class='ocr_par' dir='ltr' id='par_1_79' title="bbox 1931 1938 3505 2006">
     <span class='ocr_line' id='line_1_79' title="bbox 1931 1938 3505 2006; baseline 0.004 -19"><span class='ocrx_word' id='word_1_601' title='bbox 1931 1943 2143 2005; x_wconf 75' lang='lat' dir='ltr'><strong>gnntur,</strong></span> <span class='ocrx_word' id='word_1_602' title='bbox 2186 1951 2304 2006; x_wconf 73' lang='lat' dir='ltr'><strong>qua:</strong></span> <span class='ocrx_word' id='word_1_603' title='bbox 2348 1939 2561 1993; x_wconf 90' lang='lat' dir='ltr'><strong>nomine</strong></span> <span class='ocrx_word' id='word_1_604' title='bbox 2587 1938 2812 1994; x_wconf 89' lang='lat' dir='ltr'><strong>duorum</strong></span> <span class='ocrx_word' id='word_1_605' title='bbox 2849 1940 3308 1995; x_wconf 86' lang='lat' dir='ltr'><strong>Testamentorum</strong></span> <span class='ocrx_word' id='word_1_606' title='bbox 3330 1982 3344 2002; x_wconf 85' lang='lat'><strong>,</strong></span> <span class='ocrx_word' id='word_1_607' title='bbox 3372 1938 3505 1994; x_wconf 86' lang='lat' dir='ltr'><strong>Novi</strong></span> 
     </span>
    </p>
   </div>
   <div class='ocr_carea' id='block_1_80' title="bbox 1932 2023 3507 2100">
    <p class='ocr_par' dir='ltr' id='par_1_80' title="bbox 1932 2023 3507 2100">
     <span class='ocr_line' id='line_1_80' title="bbox 1932 2023 3507 2100; baseline 0.004 -23"><span class='ocrx_word' id='word_1_608' title='bbox 1932 2033 1985 2077; x_wconf 92' lang='lat' dir='ltr'><strong>et</strong></span> <span class='ocrx_word' id='word_1_609' title='bbox 2006 2023 2230 2091; x_wconf 85' lang='lat' dir='ltr'><strong>Veteris,</strong></span> <span class='ocrx_word' id='word_1_610' title='bbox 2273 2027 2684 2093; x_wconf 91' lang='lat' dir='ltr'><strong>concluduntur;</strong></span> <span class='ocrx_word' id='word_1_611' title='bbox 2717 2028 3161 2099; x_wconf 88' lang='lat' dir='ltr'><strong>quemadmodum</strong></span> <span class='ocrx_word' id='word_1_612' title='bbox 3178 2029 3317 2100; x_wconf 89' lang='lat' dir='ltr'><strong>apud</strong></span> <span class='ocrx_word' id='word_1_613' title='bbox 3343 2028 3507 2083; x_wconf 87' lang='lat' dir='ltr'><strong>alium</strong></span> 
     </span>
    </p>
   </div>
   <div class='ocr_carea' id='block_1_81' title="bbox 1933 2115 3509 2188">
    <p class='ocr_par' dir='ltr' id='par_1_81' title="bbox 1933 2115 3509 2188">
     <span class='ocr_line' id='line_1_81' title="bbox 1933 2115 3509 2188; baseline 0.003 -19"><span class='ocrx_word' id='word_1_614' title='bbox 1933 2115 2313 2185; x_wconf 82' lang='lat' dir='ltr'><strong>evangelistam</strong></span> <span class='ocrx_word' id='word_1_615' title='bbox 2336 2159 2351 2184; x_wconf 96' lang='lat'><strong>,</strong></span> <span class='ocrx_word' id='word_1_616' title='bbox 2391 2118 2623 2188; x_wconf 88' lang='lat' dir='ltr'><strong>gladium</strong></span> <span class='ocrx_word' id='word_1_617' title='bbox 2666 2119 2748 2173; x_wconf 87' lang='lat' dir='ltr'><strong>bis</strong></span> <span class='ocrx_word' id='word_1_618' title='bbox 2779 2130 2990 2174; x_wconf 86' lang='lat' dir='ltr'><strong>acutum</strong></span> <span class='ocrx_word' id='word_1_619' title='bbox 3022 2121 3127 2174; x_wconf 19' lang='lat' dir='ltr'><strong>itali</strong></span> <span class='ocrx_word' id='word_1_620' title='bbox 3165 2120 3509 2175; x_wconf 87' lang='lat' dir='ltr'><strong>conclusione</strong></span> 
     </span>
    </p>
   </div>
   <div class='ocr_carea' id='block_1_82' title="bbox 1934 2207 3507 2283">
    <p class='ocr_par' dir='ltr' id='par_1_82' title="bbox 1934 2207 3507 2283">
     <span class='ocr_line' id='line_1_82' title="bbox 1934 2207 3507 2283; baseline 0.003 -22"><span class='ocrx_word' id='word_1_621' title='bbox 1934 2207 2140 2263; x_wconf 89' lang='lat' dir='ltr'><strong>videtur</strong></span> <span class='ocrx_word' id='word_1_622' title='bbox 2176 2224 2442 2278; x_wconf 86' lang='lat' dir='ltr'><strong>exponere</strong></span> <span class='ocrx_word' id='word_1_623' title='bbox 2475 2209 2656 2282; x_wconf 82' lang='lat' dir='ltr'><strong>(Apoc.</strong></span> <span class='ocrx_word' id='word_1_624' title='bbox 2687 2227 2725 2279; x_wconf 86' lang='grc' dir='ltr'><strong>ι,</strong></span> <span class='ocrx_word' id='word_1_625' title='bbox 2750 2212 2976 2283; x_wconf 86' lang='lat' dir='ltr'><strong>l6)?An</strong></span> <span class='ocrx_word' id='word_1_626' title='bbox 3008 2214 3128 2282; x_wconf 90' lang='lat' dir='ltr'><strong>quia</strong></span> <span class='ocrx_word' id='word_1_627' title='bbox 3159 2213 3213 2267; x_wconf 92' lang='lat' dir='ltr'><strong>in</strong></span> <span class='ocrx_word' id='word_1_628' title='bbox 3242 2212 3507 2282; x_wconf 89' lang='lat' dir='ltr'><strong>parabolis</strong></span> 
     </span>
    </p>
   </div>
   <div class='ocr_carea' id='block_1_83' title="bbox 1935 2296 3511 2371">
    <p class='ocr_par' dir='ltr' id='par_1_83' title="bbox 1935 2296 3511 2371">
     <span class='ocr_line' id='line_1_83' title="bbox 1935 2296 3511 2371; baseline 0.003 -19"><span class='ocrx_word' id='word_1_629' title='bbox 1935 2296 2037 2352; x_wconf 87' lang='lat' dir='ltr'><strong>ista</strong></span> <span class='ocrx_word' id='word_1_630' title='bbox 2067 2299 2270 2354; x_wconf 90' lang='lat' dir='ltr'><strong>locutus</strong></span> <span class='ocrx_word' id='word_1_631' title='bbox 2292 2308 2400 2367; x_wconf 91' lang='lat' dir='ltr'><strong>est;</strong></span> <span class='ocrx_word' id='word_1_632' title='bbox 2428 2309 2621 2355; x_wconf 89' lang='lat' dir='ltr'><strong>etcum</strong></span> <span class='ocrx_word' id='word_1_633' title='bbox 2644 2303 2921 2371; x_wconf 70' lang='lat' dir='ltr'><strong>quazsissct</strong></span> <span class='ocrx_word' id='word_1_634' title='bbox 2953 2303 3019 2356; x_wconf 88' lang='lat' dir='ltr'><strong>ab</strong></span> <span class='ocrx_word' id='word_1_635' title='bbox 3043 2303 3119 2358; x_wconf 90' lang='lat' dir='ltr'><strong>eis</strong></span> <span class='ocrx_word' id='word_1_636' title='bbox 3145 2310 3322 2357; x_wconf 91' lang='lat' dir='ltr'><strong>utrum</strong></span> <span class='ocrx_word' id='word_1_637' title='bbox 3353 2302 3511 2356; x_wconf 82' lang='lat' dir='ltr'><strong>intel-</strong></span> 
     </span>
    </p>
   </div>
   <div class='ocr_carea' id='block_1_84' title="bbox 1934 2389 3511 2461">
    <p class='ocr_par' dir='ltr' id='par_1_84' title="bbox 1934 2389 3511 2461">
     <span class='ocr_line' id='line_1_84' title="bbox 1934 2389 3511 2461; baseline 0.004 -18"><span class='ocrx_word' id='word_1_638' title='bbox 1934 2389 2227 2459; x_wconf 83' lang='lat' dir='ltr'><strong>lexissent,</strong></span> <span class='ocrx_word' id='word_1_639' title='bbox 2260 2393 2649 2461; x_wconf 90' lang='lat' dir='ltr'><strong>responderunt</strong></span> <span class='ocrx_word' id='word_1_640' title='bbox 2687 2410 2746 2449; x_wconf 91' lang='lat' dir='ltr'><strong>se</strong></span> <span class='ocrx_word' id='word_1_641' title='bbox 2777 2395 3131 2458; x_wconf 84' lang='lat' dir='ltr'><strong>intellexisse;</strong></span> <span class='ocrx_word' id='word_1_642' title='bbox 3164 2394 3388 2450; x_wconf 85' lang='lat' dir='ltr'><strong>fortasse</strong></span> <span class='ocrx_word' id='word_1_643' title='bbox 3412 2395 3511 2449; x_wconf 87' lang='lat' dir='ltr'><strong>ista</strong></span> 
     </span>
    </p>
   </div>
   <div class='ocr_carea' id='block_1_85' title="bbox 1935 2481 3508 2556">
    <p class='ocr_par' dir='ltr' id='par_1_85' title="bbox 1935 2481 3508 2556">
     <span class='ocr_line' id='line_1_85' title="bbox 1935 2481 3508 2556; baseline 0.004 -23"><span class='ocrx_word' id='word_1_644' title='bbox 1935 2481 2278 2539; x_wconf 90' lang='lat' dir='ltr'><strong>similitudine</strong></span> <span class='ocrx_word' id='word_1_645' title='bbox 2302 2484 2485 2540; x_wconf 86' lang='lat' dir='ltr'><strong>ultima</strong></span> <span class='ocrx_word' id='word_1_646' title='bbox 2516 2485 2908 2555; x_wconf 84' lang='lat' dir='ltr'><strong>patrisfamilias</strong></span> <span class='ocrx_word' id='word_1_647' title='bbox 2936 2485 3255 2556; x_wconf 88' lang='lat' dir='ltr'><strong>profcrentis</strong></span> <span class='ocrx_word' id='word_1_648' title='bbox 3290 2487 3358 2541; x_wconf 93' lang='lat' dir='ltr'><strong>de</strong></span> <span class='ocrx_word' id='word_1_649' title='bbox 3387 2486 3508 2540; x_wconf 83' lang='lat' dir='ltr'><strong>the-</strong></span> 
     </span>
    </p>
   </div>
   <div class='ocr_carea' id='block_1_86' title="bbox 1936 2577 3513 2644">
    <p class='ocr_par' dir='ltr' id='par_1_86' title="bbox 1936 2577 3513 2644">
     <span class='ocr_line' id='line_1_86' title="bbox 1936 2577 3513 2644; baseline 0.003 -19"><span class='ocrx_word' id='word_1_650' title='bbox 1936 2587 2095 2626; x_wconf 89' lang='lat' dir='ltr'><strong>sauro</strong></span> <span class='ocrx_word' id='word_1_651' title='bbox 2121 2589 2217 2627; x_wconf 91' lang='lat' dir='ltr'><strong>suo</strong></span> <span class='ocrx_word' id='word_1_652' title='bbox 2248 2590 2383 2629; x_wconf 89' lang='lat' dir='ltr'><strong>nova</strong></span> <span class='ocrx_word' id='word_1_653' title='bbox 2409 2586 2462 2630; x_wconf 93' lang='lat' dir='ltr'><strong>et</strong></span> <span class='ocrx_word' id='word_1_654' title='bbox 2502 2586 2700 2644; x_wconf 89' lang='lat' dir='ltr'><strong>vetera,</strong></span> <span class='ocrx_word' id='word_1_655' title='bbox 2739 2578 3022 2633; x_wconf 88' lang='lat' dir='ltr'><strong>ostendere</strong></span> <span class='ocrx_word' id='word_1_656' title='bbox 3055 2578 3221 2632; x_wconf 88' lang='lat' dir='ltr'><strong>voluit</strong></span> <span class='ocrx_word' id='word_1_657' title='bbox 3254 2593 3376 2633; x_wconf 90' lang='lat' dir='ltr'><strong>eum</strong></span> <span class='ocrx_word' id='word_1_658' title='bbox 3415 2577 3513 2631; x_wconf 82' lang='lat' dir='ltr'><strong>do-</strong></span> 
     </span>
    </p>
   </div>
   <div class='ocr_carea' id='block_1_87' title="bbox 1937 2665 3515 2740">
    <p class='ocr_par' dir='ltr' id='par_1_87' title="bbox 1937 2665 3515 2740">
     <span class='ocr_line' id='line_1_87' title="bbox 1937 2665 3515 2740; baseline 0.003 -21"><span class='ocrx_word' id='word_1_659' title='bbox 1937 2673 2085 2719; x_wconf 92' lang='lat' dir='ltr'><strong>ctum</strong></span> <span class='ocrx_word' id='word_1_660' title='bbox 2116 2665 2416 2723; x_wconf 89' lang='lat' dir='ltr'><strong>habendum</strong></span> <span class='ocrx_word' id='word_1_661' title='bbox 2437 2683 2555 2723; x_wconf 89' lang='lat' dir='ltr'><strong>esse</strong></span> <span class='ocrx_word' id='word_1_662' title='bbox 2581 2670 2633 2723; x_wconf 93' lang='lat' dir='ltr'><strong>in</strong></span> <span class='ocrx_word' id='word_1_663' title='bbox 2660 2670 2895 2725; x_wconf 88' lang='lat' dir='ltr'><strong>Ecclesia</strong></span> <span class='ocrx_word' id='word_1_664' title='bbox 2915 2714 2929 2736; x_wconf 84' lang='lat'><strong>,</strong></span> <span class='ocrx_word' id='word_1_665' title='bbox 2955 2671 3044 2740; x_wconf 88' lang='lat' dir='ltr'><strong>qui</strong></span> <span class='ocrx_word' id='word_1_666' title='bbox 3084 2672 3242 2725; x_wconf 87' lang='lat' dir='ltr'><strong>etiam</strong></span> <span class='ocrx_word' id='word_1_667' title='bbox 3276 2670 3515 2739; x_wconf 78' lang='lat' dir='ltr'><strong>Scriptu-</strong></span> 
     </span>
    </p>
   </div>
   <div class='ocr_carea' id='block_1_88' title="bbox 1938 2758 3513 2828">
    <p class='ocr_par' dir='ltr' id='par_1_88' title="bbox 1938 2758 3513 2828">
     <span class='ocr_line' id='line_1_88' title="bbox 1938 2758 3513 2828; baseline 0.002 -19"><span class='ocrx_word' id='word_1_668' title='bbox 1938 2770 2026 2809; x_wconf 84' lang='lat' dir='ltr'><strong>ras</strong></span> <span class='ocrx_word' id='word_1_669' title='bbox 2055 2764 2260 2811; x_wconf 89' lang='lat' dir='ltr'><strong>veteres</strong></span> <span class='ocrx_word' id='word_1_670' title='bbox 2301 2758 2565 2827; x_wconf 88' lang='lat' dir='ltr'><strong>parabolis</strong></span> <span class='ocrx_word' id='word_1_671' title='bbox 2601 2760 2889 2828; x_wconf 82' lang='lat' dir='ltr'><strong>explicatas</strong></span> <span class='ocrx_word' id='word_1_672' title='bbox 2927 2760 3282 2827; x_wconf 88' lang='lat' dir='ltr'><strong>intellexerit,</strong></span> <span class='ocrx_word' id='word_1_673' title='bbox 3311 2760 3378 2813; x_wconf 91' lang='lat' dir='ltr'><strong>ab</strong></span> <span class='ocrx_word' id='word_1_674' title='bbox 3401 2760 3513 2813; x_wconf 91' lang='lat' dir='ltr'><strong>istis</strong></span> 
     </span>
    </p>
   </div>
   <div class='ocr_carea' id='block_1_89' title="bbox 1940 2846 3514 2919">
    <p class='ocr_par' dir='ltr' id='par_1_89' title="bbox 1940 2846 3514 2919">
     <span class='ocr_line' id='line_1_89' title="bbox 1940 2846 3514 2919; baseline 0.003 -22"><span class='ocrx_word' id='word_1_675' title='bbox 1940 2846 2091 2899; x_wconf 90' lang='lat' dir='ltr'><strong>novis</strong></span> <span class='ocrx_word' id='word_1_676' title='bbox 2120 2847 2383 2916; x_wconf 87' lang='lat' dir='ltr'><strong>accipiens</strong></span> <span class='ocrx_word' id='word_1_677' title='bbox 2412 2849 2802 2919; x_wconf 84' lang='lat' dir='ltr'><strong>regulas?Quia</strong></span> <span class='ocrx_word' id='word_1_678' title='bbox 2828 2861 2879 2904; x_wconf 90' lang='lat' dir='ltr'><strong>ct</strong></span> <span class='ocrx_word' id='word_1_679' title='bbox 2908 2850 3003 2903; x_wconf 89' lang='lat' dir='ltr'><strong>ista</strong></span> <span class='ocrx_word' id='word_1_680' title='bbox 3034 2851 3288 2903; x_wconf 88' lang='lat' dir='ltr'><strong>Dominus</strong></span> <span class='ocrx_word' id='word_1_681' title='bbox 3311 2866 3403 2919; x_wconf 89' lang='lat' dir='ltr'><strong>per</strong></span> <span class='ocrx_word' id='word_1_682' title='bbox 3424 2865 3514 2918; x_wconf 87' lang='lat' dir='ltr'><strong>pa-</strong></span> 
     </span>
    </p>
   </div>
   <div class='ocr_carea' id='block_1_90' title="bbox 1940 2936 3515 3008">
    <p class='ocr_par' dir='ltr' id='par_1_90' title="bbox 1940 2936 3515 3008">
     <span class='ocr_line' id='line_1_90' title="bbox 1940 2936 3515 3008; baseline 0.001 -19"><span class='ocrx_word' id='word_1_683' title='bbox 1940 2936 2153 2990; x_wconf 88' lang='lat' dir='ltr'><strong>rabolas</strong></span> <span class='ocrx_word' id='word_1_684' title='bbox 2192 2938 2505 3004; x_wconf 85' lang='lat' dir='ltr'><strong>enuntiavit,</strong></span> <span class='ocrx_word' id='word_1_685' title='bbox 2543 2941 2781 3008; x_wconf 86' lang='lat' dir='ltr'><strong>quamvis</strong></span> <span class='ocrx_word' id='word_1_686' title='bbox 2818 2940 2929 3008; x_wconf 92' lang='lat' dir='ltr'><strong>ipsc</strong></span> <span class='ocrx_word' id='word_1_687' title='bbox 2964 2938 3208 2994; x_wconf 87' lang='lat' dir='ltr'><strong>Christus</strong></span> <span class='ocrx_word' id='word_1_688' title='bbox 3233 2946 3372 2994; x_wconf 89' lang='lat' dir='ltr'><strong>esset</strong></span> <span class='ocrx_word' id='word_1_689' title='bbox 3399 2938 3515 2992; x_wconf 84' lang='lat' dir='ltr'><strong>linis</strong></span> 
     </span>
    </p>
   </div>
   <div class='ocr_carea' id='block_1_91' title="bbox 1940 3028 3515 3100">
    <p class='ocr_par' dir='ltr' id='par_1_91' title="bbox 1940 3028 3515 3100">
     <span class='ocr_line' id='line_1_91' title="bbox 1940 3028 3515 3100; baseline 0 -18"><span class='ocrx_word' id='word_1_690' title='bbox 1940 3028 2182 3093; x_wconf 90' lang='lat' dir='ltr'><strong>illorum;</strong></span> <span class='ocrx_word' id='word_1_691' title='bbox 2223 3030 2272 3083; x_wconf 88' lang='lat' dir='ltr'><strong>id</strong></span> <span class='ocrx_word' id='word_1_692' title='bbox 2315 3040 2424 3097; x_wconf 90' lang='lat' dir='ltr'><strong>est,</strong></span> <span class='ocrx_word' id='word_1_693' title='bbox 2463 3042 2517 3084; x_wconf 90' lang='lat' dir='ltr'><strong>ut</strong></span> <span class='ocrx_word' id='word_1_694' title='bbox 2557 3032 2607 3085; x_wconf 89' lang='lat' dir='ltr'><strong>iu</strong></span> <span class='ocrx_word' id='word_1_695' title='bbox 2637 3047 2702 3086; x_wconf 89' lang='lat' dir='ltr'><strong>eo</strong></span> <span class='ocrx_word' id='word_1_696' title='bbox 2732 3032 2819 3085; x_wconf 92' lang='lat' dir='ltr'><strong>illa</strong></span> <span class='ocrx_word' id='word_1_697' title='bbox 2859 3041 3038 3086; x_wconf 89' lang='lat' dir='ltr'><strong>vetera</strong></span> <span class='ocrx_word' id='word_1_698' title='bbox 3076 3032 3515 3100; x_wconf 90' lang='lat' dir='ltr'><strong>complerentur:</strong></span> 
     </span>
    </p>
   </div>
   <div class='ocr_carea' id='block_1_92' title="bbox 1940 3120 3516 3192">
    <p class='ocr_par' dir='ltr' id='par_1_92' title="bbox 1940 3120 3516 3192">
     <span class='ocr_line' id='line_1_92' title="bbox 1940 3120 3516 3192; baseline -0.001 -18"><span class='ocrx_word' id='word_1_699' title='bbox 1940 3129 1998 3174; x_wconf 91' lang='lat' dir='ltr'><strong>ut</strong></span> <span class='ocrx_word' id='word_1_700' title='bbox 2036 3122 2080 3175; x_wconf 92' lang='lat' dir='ltr'><strong>si</strong></span> <span class='ocrx_word' id='word_1_701' title='bbox 2121 3123 2233 3190; x_wconf 90' lang='lat' dir='ltr'><strong>ipse</strong></span> <span class='ocrx_word' id='word_1_702' title='bbox 2264 3121 2315 3174; x_wconf 91' lang='lat' dir='ltr'><strong>in</strong></span> <span class='ocrx_word' id='word_1_703' title='bbox 2352 3137 2457 3191; x_wconf 90' lang='lat' dir='ltr'><strong>quo</strong></span> <span class='ocrx_word' id='word_1_704' title='bbox 2498 3123 2582 3175; x_wconf 87' lang='lat' dir='ltr'><strong>illa</strong></span> <span class='ocrx_word' id='word_1_705' title='bbox 2630 3123 2963 3192; x_wconf 91' lang='lat' dir='ltr'><strong>complentur</strong></span> <span class='ocrx_word' id='word_1_706' title='bbox 2996 3131 3048 3177; x_wconf 91' lang='lat' dir='ltr'><strong>ct</strong></span> <span class='ocrx_word' id='word_1_707' title='bbox 3089 3120 3516 3185; x_wconf 84' lang='lat' dir='ltr'><strong>manifestantnr,</strong></span> 
     </span>
    </p>
   </div>
   <div class='ocr_carea' id='block_1_93' title="bbox 1940 3212 3519 3283">
    <p class='ocr_par' dir='ltr' id='par_1_93' title="bbox 1940 3212 3519 3283">
     <span class='ocr_line' id='line_1_93' title="bbox 1940 3212 3519 3283; baseline -0.002 -17"><span class='ocrx_word' id='word_1_708' title='bbox 1940 3228 2041 3281; x_wconf 91' lang='lat' dir='ltr'><strong>per</strong></span> <span class='ocrx_word' id='word_1_709' title='bbox 2068 3213 2344 3281; x_wconf 88' lang='lat' dir='ltr'><strong>parabolas</strong></span> <span class='ocrx_word' id='word_1_710' title='bbox 2371 3212 2541 3267; x_wconf 87' lang='lat' dir='ltr'><strong>adhuc</strong></span> <span class='ocrx_word' id='word_1_711' title='bbox 2581 3214 2836 3283; x_wconf 89' lang='lat' dir='ltr'><strong>loquitur,</strong></span> <span class='ocrx_word' id='word_1_712' title='bbox 2877 3214 3045 3269; x_wconf 90' lang='lat' dir='ltr'><strong>donec</strong></span> <span class='ocrx_word' id='word_1_713' title='bbox 3082 3214 3195 3282; x_wconf 81' lang='lat' dir='ltr'><strong>ejus</strong></span> <span class='ocrx_word' id='word_1_714' title='bbox 3224 3213 3399 3282; x_wconf 86' lang='lat' dir='ltr'><strong>passio</strong></span> <span class='ocrx_word' id='word_1_715' title='bbox 3423 3226 3519 3264; x_wconf 83' lang='lat' dir='ltr'><strong>ve—</strong></span> 
     </span>
    </p>
   </div>
   <div class='ocr_carea' id='block_1_94' title="bbox 1946 3303 3520 3374">
    <p class='ocr_par' dir='ltr' id='par_1_94' title="bbox 1946 3303 3520 3374">
     <span class='ocr_line' id='line_1_94' title="bbox 1946 3303 3520 3374; baseline 0.001 -17"><span class='ocrx_word' id='word_1_716' title='bbox 1946 3303 2055 3357; x_wconf 91' lang='lat' dir='ltr'><strong>lum</strong></span> <span class='ocrx_word' id='word_1_717' title='bbox 2084 3303 2368 3371; x_wconf 83' lang='lat' dir='ltr'><strong>discindat,</strong></span> <span class='ocrx_word' id='word_1_718' title='bbox 2398 3312 2453 3359; x_wconf 89' lang='lat' dir='ltr'><strong>ut</strong></span> <span class='ocrx_word' id='word_1_719' title='bbox 2481 3305 2612 3359; x_wconf 88' lang='lat' dir='ltr'><strong>nihil</strong></span> <span class='ocrx_word' id='word_1_720' title='bbox 2633 3306 2699 3359; x_wconf 89' lang='lat' dir='ltr'><strong>sit</strong></span> <span class='ocrx_word' id='word_1_721' title='bbox 2728 3305 2995 3360; x_wconf 90' lang='lat' dir='ltr'><strong>occultum</strong></span> <span class='ocrx_word' id='word_1_722' title='bbox 3017 3304 3154 3374; x_wconf 90' lang='lat' dir='ltr'><strong>quod</strong></span> <span class='ocrx_word' id='word_1_723' title='bbox 3184 3320 3287 3359; x_wconf 91' lang='lat' dir='ltr'><strong>non</strong></span> <span class='ocrx_word' id='word_1_724' title='bbox 3316 3307 3520 3359; x_wconf 86' lang='lat' dir='ltr'><strong>revele-</strong></span> 
     </span>
    </p>
   </div>
   <div class='ocr_carea' id='block_1_95' title="bbox 1944 3395 3519 3465">
    <p class='ocr_par' dir='ltr' id='par_1_95' title="bbox 1944 3395 3519 3465">
     <span class='ocr_line' id='line_1_95' title="bbox 1944 3395 3519 3465; baseline 0 -17"><span class='ocrx_word' id='word_1_725' title='bbox 1944 3402 2056 3459; x_wconf 89' lang='lat' dir='ltr'><strong>tur;</strong></span> <span class='ocrx_word' id='word_1_726' title='bbox 2090 3395 2254 3449; x_wconf 91' lang='lat' dir='ltr'><strong>multo</strong></span> <span class='ocrx_word' id='word_1_727' title='bbox 2281 3397 2446 3465; x_wconf 85' lang='lat' dir='ltr'><strong>magis</strong></span> <span class='ocrx_word' id='word_1_728' title='bbox 2477 3396 2560 3449; x_wconf 88' lang='lat' dir='ltr'><strong>illa</strong></span> <span class='ocrx_word' id='word_1_729' title='bbox 2587 3412 2703 3465; x_wconf 71' lang='lat' dir='ltr'><strong>quae</strong></span> <span class='ocrx_word' id='word_1_730' title='bbox 2733 3395 2797 3449; x_wconf 90' lang='lat' dir='ltr'><strong>ad</strong></span> <span class='ocrx_word' id='word_1_731' title='bbox 2819 3395 3289 3449; x_wconf 84' lang='lat' dir='ltr'><strong>commendandam</strong></span> <span class='ocrx_word' id='word_1_732' title='bbox 3322 3403 3519 3448; x_wconf 89' lang='lat' dir='ltr'><strong>tantam</strong></span> 
     </span>
    </p>
   </div>
   <div class='ocr_carea' id='block_1_96' title="bbox 1944 3484 3522 3555">
    <p class='ocr_par' dir='ltr' id='par_1_96' title="bbox 1944 3484 3522 3555">
     <span class='ocr_line' id='line_1_96' title="bbox 1944 3484 3522 3555; baseline 0.001 -17"><span class='ocrx_word' id='word_1_733' title='bbox 1944 3485 2167 3539; x_wconf 90' lang='lat' dir='ltr'><strong>salutem</strong></span> <span class='ocrx_word' id='word_1_734' title='bbox 2216 3494 2321 3539; x_wconf 91' lang='lat' dir='ltr'><strong>tam</strong></span> <span class='ocrx_word' id='word_1_735' title='bbox 2370 3486 2528 3555; x_wconf 84' lang='lat' dir='ltr'><strong>longe</strong></span> <span class='ocrx_word' id='word_1_736' title='bbox 2572 3485 2638 3540; x_wconf 87' lang='lat' dir='ltr'><strong>de</strong></span> <span class='ocrx_word' id='word_1_737' title='bbox 2682 3485 2773 3540; x_wconf 89' lang='lat' dir='ltr'><strong>illo</strong></span> <span class='ocrx_word' id='word_1_738' title='bbox 2821 3486 3013 3555; x_wconf 86' lang='lat' dir='ltr'><strong>scripta</strong></span> <span class='ocrx_word' id='word_1_739' title='bbox 3060 3493 3210 3551; x_wconf 91' lang='lat' dir='ltr'><strong>sunt,</strong></span> <span class='ocrx_word' id='word_1_740' title='bbox 3256 3484 3522 3554; x_wconf 87' lang='lat' dir='ltr'><strong>parabolis</strong></span> 
     </span>
    </p>
   </div>
   <div class='ocr_carea' id='block_1_97' title="bbox 1945 3575 3520 3644">
    <p class='ocr_par' dir='ltr' id='par_1_97' title="bbox 1945 3575 3520 3644">
     <span class='ocr_line' id='line_1_97' title="bbox 1945 3575 3520 3644; baseline 0.002 -19"><span class='ocrx_word' id='word_1_741' title='bbox 1945 3583 2125 3642; x_wconf 79' lang='lat' dir='ltr'><strong>operta</strong></span> <span class='ocrx_word' id='word_1_742' title='bbox 2167 3590 2285 3629; x_wconf 89' lang='lat' dir='ltr'><strong>esse</strong></span> <span class='ocrx_word' id='word_1_743' title='bbox 2321 3575 2655 3629; x_wconf 88' lang='lat' dir='ltr'><strong>noverimus:</strong></span> <span class='ocrx_word' id='word_1_744' title='bbox 2689 3592 2805 3644; x_wconf 75' lang='lat' dir='ltr'><strong>quae</strong></span> <span class='ocrx_word' id='word_1_745' title='bbox 2841 3591 2960 3628; x_wconf 86' lang='lat' dir='ltr'><strong>cum</strong></span> <span class='ocrx_word' id='word_1_746' title='bbox 2996 3575 3164 3631; x_wconf 64' lang='grc' dir='ltr'>ιιι(ιωί</span> <span class='ocrx_word' id='word_1_747' title='bbox 3199 3575 3263 3629; x_wconf 89' lang='lat' dir='ltr'><strong>ad</strong></span> <span class='ocrx_word' id='word_1_748' title='bbox 3295 3575 3520 3630; x_wconf 87' lang='lat' dir='ltr'><strong>litteram</strong></span> 
     </span>
    </p>
   </div>
   <div class='ocr_carea' id='block_1_98' title="bbox 1946 3665 3519 3735">
    <p class='ocr_par' dir='ltr' id='par_1_98' title="bbox 1946 3665 3519 3735">
     <span class='ocr_line' id='line_1_98' title="bbox 1946 3665 3519 3735; baseline 0 -18"><span class='ocrx_word' id='word_1_749' title='bbox 1946 3665 2281 3733; x_wconf 89' lang='lat' dir='ltr'><strong>acciperent,</strong></span> <span class='ocrx_word' id='word_1_750' title='bbox 2313 3665 2595 3720; x_wconf 79' lang='lat' dir='ltr'><strong>noluerunt</strong></span> <span class='ocrx_word' id='word_1_751' title='bbox 2624 3680 2741 3720; x_wconf 90' lang='lat' dir='ltr'><strong>esse</strong></span> <span class='ocrx_word' id='word_1_752' title='bbox 2782 3666 2922 3720; x_wconf 91' lang='lat' dir='ltr'><strong>docti</strong></span> <span class='ocrx_word' id='word_1_753' title='bbox 2952 3666 3002 3718; x_wconf 93' lang='lat' dir='ltr'><strong>in</strong></span> <span class='ocrx_word' id='word_1_754' title='bbox 3042 3681 3207 3735; x_wconf 82' lang='lat' dir='ltr'><strong>regno</strong></span> <span class='ocrx_word' id='word_1_755' title='bbox 3242 3666 3519 3729; x_wconf 79' lang='lat' dir='ltr'><strong>coriorum,</strong></span> 
     </span>
    </p>
   </div>
   <div class='ocr_carea' id='block_1_99' title="bbox 1946 3753 3519 3823">
    <p class='ocr_par' dir='ltr' id='par_1_99' title="bbox 1946 3753 3519 3823">
     <span class='ocr_line' id='line_1_99' title="bbox 1946 3753 3519 3823; baseline -0.001 -16"><span class='ocrx_word' id='word_1_756' title='bbox 1946 3769 2119 3823; x_wconf 85' lang='lat' dir='ltr'><strong>neque</strong></span> <span class='ocrx_word' id='word_1_757' title='bbox 2169 3754 2393 3809; x_wconf 88' lang='lat' dir='ltr'><strong>transire</strong></span> <span class='ocrx_word' id='word_1_758' title='bbox 2434 3755 2498 3807; x_wconf 91' lang='lat' dir='ltr'><strong>ad</strong></span> <span class='ocrx_word' id='word_1_759' title='bbox 2538 3753 2828 3816; x_wconf 88' lang='lat' dir='ltr'><strong>Christum,</strong></span> <span class='ocrx_word' id='word_1_760' title='bbox 2861 3764 2915 3808; x_wconf 92' lang='lat' dir='ltr'><strong>ut</strong></span> <span class='ocrx_word' id='word_1_761' title='bbox 2945 3754 3243 3809; x_wconf 85' lang='lat' dir='ltr'><strong>auferretur</strong></span> <span class='ocrx_word' id='word_1_762' title='bbox 3276 3755 3519 3809; x_wconf 87' lang='lat' dir='ltr'><strong>velamen</strong></span> 
     </span>
    </p>
   </div>
   <div class='ocr_carea' id='block_1_100' title="bbox 1946 3845 3025 3915">
    <p class='ocr_par' dir='ltr' id='par_1_100' title="bbox 1946 3845 3025 3915">
     <span class='ocr_line' id='line_1_100' title="bbox 1946 3845 3025 3915; baseline 0 -18"><span class='ocrx_word' id='word_1_763' title='bbox 1946 3845 2086 3915; x_wconf 91' lang='lat' dir='ltr'><strong>quod</strong></span> <span class='ocrx_word' id='word_1_764' title='bbox 2111 3859 2272 3912; x_wconf 88' lang='lat' dir='ltr'><strong>supra</strong></span> <span class='ocrx_word' id='word_1_765' title='bbox 2301 3860 2394 3898; x_wconf 91' lang='lat' dir='ltr'><strong>cor</strong></span> <span class='ocrx_word' id='word_1_766' title='bbox 2419 3860 2601 3899; x_wconf 91' lang='lat' dir='ltr'><strong>eorum</strong></span> <span class='ocrx_word' id='word_1_767' title='bbox 2633 3846 2858 3913; x_wconf 89' lang='lat' dir='ltr'><strong>positum</strong></span> <span class='ocrx_word' id='word_1_768' title='bbox 2888 3854 2968 3899; x_wconf 90' lang='lat' dir='ltr'><strong>est</strong></span> <span class='ocrx_word' id='word_1_769' title='bbox 2988 3846 3025 3897; x_wconf 89' lang='grc'><strong>¹.</strong></span> 
     </span>
    </p>
   </div>
   <div class='ocr_carea' id='block_1_101' title="bbox 2017 3932 3520 4009">
    <p class='ocr_par' dir='ltr' id='par_1_101' title="bbox 2017 3932 3520 4009">
     <span class='ocr_line' id='line_1_101' title="bbox 2017 3932 3520 4009; baseline -0.002 -19"><span class='ocrx_word' id='word_1_770' title='bbox 2017 3935 2180 3990; x_wconf 82' lang='lat' dir='ltr'><strong>XVII.</strong></span> <span class='ocrx_word' id='word_1_771' title='bbox 2206 3935 2306 4007; x_wconf 86' lang='lat' dir='ltr'><strong>[lb.</strong></span> <span class='ocrx_word' id='word_1_772' title='bbox 2326 3952 2436 4000; x_wconf 86' lang='lat' dir='ltr'><strong>xm,</strong></span> <span class='ocrx_word' id='word_1_773' title='bbox 2461 3936 2528 3991; x_wconf 78' lang='lat'><strong>55</strong></span> <span class='ocrx_word' id='word_1_774' title='bbox 2550 3946 2594 3989; x_wconf 87' lang='lat' dir='ltr'><strong>et</strong></span> <span class='ocrx_word' id='word_1_775' title='bbox 2615 3932 2727 4009; x_wconf 80' lang='lat'><strong>56.]</strong></span> <span class='ocrx_word' id='word_1_776' title='bbox 2753 3938 2801 3990; x_wconf 88' lang='lat' dir='ltr'><strong>l.</strong></span> <span class='ocrx_word' id='word_1_777' title='bbox 2832 3936 3037 3989; x_wconf 84' lang='lat' dir='ltr'><strong>Fratres</strong></span> <span class='ocrx_word' id='word_1_778' title='bbox 3054 3938 3183 4005; x_wconf 81' lang='lat' dir='ltr'><strong>ejus,</strong></span> <span class='ocrx_word' id='word_1_779' title='bbox 3203 3934 3441 4000; x_wconf 68' lang='lat' dir='ltr'><strong>Iacobus,</strong></span> <span class='ocrx_word' id='word_1_780' title='bbox 3472 3943 3520 3987; x_wconf 89' lang='lat' dir='ltr'><strong>et</strong></span> 
     </span>
    </p>
   </div>
   <div class='ocr_carea' id='block_1_102' title="bbox 1948 4026 3524 4099">
    <p class='ocr_par' dir='ltr' id='par_1_102' title="bbox 1948 4026 3524 4099">
     <span class='ocr_line' id='line_1_102' title="bbox 1948 4026 3524 4099; baseline -0.001 -18"><span class='ocrx_word' id='word_1_781' title='bbox 1948 4026 2220 4096; x_wconf 81' lang='lat' dir='ltr'><strong>Joseph,ct</strong></span> <span class='ocrx_word' id='word_1_782' title='bbox 2238 4027 2432 4092; x_wconf 86' lang='lat' dir='ltr'><strong>Simon,</strong></span> <span class='ocrx_word' id='word_1_783' title='bbox 2460 4038 2504 4080; x_wconf 91' lang='lat' dir='ltr'><strong>et</strong></span> <span class='ocrx_word' id='word_1_784' title='bbox 2530 4027 2560 4080; x_wconf 85' lang='grc'><strong>¹1</strong></span> <span class='ocrx_word' id='word_1_785' title='bbox 2570 4029 2713 4092; x_wconf 86' lang='lat' dir='ltr'><strong>udas,</strong></span> <span class='ocrx_word' id='word_1_786' title='bbox 2740 4038 2784 4081; x_wconf 90' lang='lat' dir='ltr'><strong>et</strong></span> <span class='ocrx_word' id='word_1_787' title='bbox 2813 4045 3007 4082; x_wconf 83' lang='lat' dir='ltr'><strong>sorores</strong></span> <span class='ocrx_word' id='word_1_788' title='bbox 3034 4032 3159 4099; x_wconf 82' lang='lat' dir='ltr'><strong>ejus,</strong></span> <span class='ocrx_word' id='word_1_789' title='bbox 3176 4044 3338 4081; x_wconf 87' lang='lat' dir='ltr'><strong>nonne</strong></span> <span class='ocrx_word' id='word_1_790' title='bbox 3354 4043 3524 4080; x_wconf 74' lang='lat' dir='ltr'><strong>omnes</strong></span> 
     </span>
    </p>
   </div>
   <div class='ocr_carea' id='block_1_103' title="bbox 1950 4116 3526 4188">
    <p class='ocr_par' dir='ltr' id='par_1_103' title="bbox 1950 4116 3526 4188">
     <span class='ocr_line' id='line_1_103' title="bbox 1950 4116 3526 4188; baseline 0 -18"><span class='ocrx_word' id='word_1_791' title='bbox 1950 4118 2088 4188; x_wconf 84' lang='lat' dir='ltr'><strong>apud</strong></span> <span class='ocrx_word' id='word_1_792' title='bbox 2116 4135 2205 4172; x_wconf 89' lang='lat' dir='ltr'><strong>nos</strong></span> <span class='ocrx_word' id='word_1_793' title='bbox 2229 4119 2380 4173; x_wconf 84' lang='lat' dir='ltr'><strong>sunt?</strong></span> <span class='ocrx_word' id='word_1_794' title='bbox 2399 4119 2530 4172; x_wconf 85' lang='lat' dir='ltr'><strong>unde</strong></span> <span class='ocrx_word' id='word_1_795' title='bbox 2555 4135 2671 4188; x_wconf 81' lang='lat' dir='ltr'><strong>ergo</strong></span> <span class='ocrx_word' id='word_1_796' title='bbox 2694 4120 2808 4171; x_wconf 86' lang='lat' dir='ltr'><strong>huic</strong></span> <span class='ocrx_word' id='word_1_797' title='bbox 2830 4120 2995 4171; x_wconf 86' lang='lat' dir='ltr'><strong>omnia</strong></span> <span class='ocrx_word' id='word_1_798' title='bbox 3022 4118 3156 4172; x_wconf 84' lang='lat' dir='ltr'><strong>ista?</strong></span> <span class='ocrx_word' id='word_1_799' title='bbox 3179 4117 3246 4171; x_wconf 89' lang='lat' dir='ltr'><strong>Et</strong></span> <span class='ocrx_word' id='word_1_800' title='bbox 3275 4116 3526 4171; x_wconf 82' lang='lat' dir='ltr'><strong>scandali-</strong></span> 
     </span>
    </p>
   </div>
   <div class='ocr_carea' id='block_1_104' title="bbox 1950 4208 3525 4277">
    <p class='ocr_par' dir='ltr' id='par_1_104' title="bbox 1950 4208 3525 4277">
     <span class='ocr_line' id='line_1_104' title="bbox 1950 4208 3525 4277; baseline -0.003 -14"><span class='ocrx_word' id='word_1_801' title='bbox 1950 4210 2195 4263; x_wconf 72' lang='lat' dir='ltr'><strong>sabantur</strong></span> <span class='ocrx_word' id='word_1_802' title='bbox 2214 4211 2264 4262; x_wconf 85' lang='lat' dir='ltr'><strong>in</strong></span> <span class='ocrx_word' id='word_1_803' title='bbox 2288 4226 2361 4262; x_wconf 83' lang='lat' dir='ltr'><strong>eo.</strong></span> <span class='ocrx_word' id='word_1_804' title='bbox 2383 4208 2597 4264; x_wconf 85' lang='lat' dir='ltr'><strong>Fratres</strong></span> <span class='ocrx_word' id='word_1_805' title='bbox 2617 4209 2751 4277; x_wconf 84' lang='lat' dir='ltr'><strong>apud</strong></span> <span class='ocrx_word' id='word_1_806' title='bbox 2776 4209 2984 4263; x_wconf 72' lang='lat' dir='ltr'><strong>Judzeos</strong></span> <span class='ocrx_word' id='word_1_807' title='bbox 3004 4209 3104 4262; x_wconf 86' lang='lat' dir='ltr'><strong>dici</strong></span> <span class='ocrx_word' id='word_1_808' title='bbox 3131 4208 3302 4263; x_wconf 89' lang='lat' dir='ltr'><strong>solere</strong></span> <span class='ocrx_word' id='word_1_809' title='bbox 3328 4222 3525 4276; x_wconf 88' lang='lat' dir='ltr'><strong>cogna-</strong></span> 
     </span>
    </p>
   </div>
   <div class='ocr_carea' id='block_1_105' title="bbox 1952 4296 3525 4367">
    <p class='ocr_par' dir='ltr' id='par_1_105' title="bbox 1952 4296 3525 4367">
     <span class='ocr_line' id='line_1_105' title="bbox 1952 4296 3525 4367; baseline -0.003 -14"><span class='ocrx_word' id='word_1_810' title='bbox 1952 4307 2035 4355; x_wconf 90' lang='lat' dir='ltr'><strong>tos</strong></span> <span class='ocrx_word' id='word_1_811' title='bbox 2062 4314 2226 4367; x_wconf 88' lang='lat' dir='ltr'><strong>usque</strong></span> <span class='ocrx_word' id='word_1_812' title='bbox 2255 4298 2387 4351; x_wconf 89' lang='lat' dir='ltr'><strong>adeo</strong></span> <span class='ocrx_word' id='word_1_813' title='bbox 2415 4298 2685 4367; x_wconf 90' lang='lat' dir='ltr'><strong>probatur,</strong></span> <span class='ocrx_word' id='word_1_814' title='bbox 2716 4306 2771 4351; x_wconf 91' lang='lat' dir='ltr'><strong>ut</strong></span> <span class='ocrx_word' id='word_1_815' title='bbox 2798 4312 2901 4351; x_wconf 92' lang='lat' dir='ltr'><strong>non</strong></span> <span class='ocrx_word' id='word_1_816' title='bbox 2937 4297 3109 4351; x_wconf 91' lang='lat' dir='ltr'><strong>solum</strong></span> <span class='ocrx_word' id='word_1_817' title='bbox 3138 4311 3203 4351; x_wconf 89' lang='lat' dir='ltr'><strong>ex</strong></span> <span class='ocrx_word' id='word_1_818' title='bbox 3232 4296 3525 4365; x_wconf 89' lang='lat' dir='ltr'><strong>pr0pinquo</strong></span> 
     </span>
    </p>
   </div>
   <div class='ocr_carea' id='block_1_106' title="bbox 1951 4387 3523 4460">
    <p class='ocr_par' dir='ltr' id='par_1_106' title="bbox 1951 4387 3523 4460">
     <span class='ocr_line' id='line_1_106' title="bbox 1951 4387 3523 4460; baseline -0.005 -15"><span class='ocrx_word' id='word_1_819' title='bbox 1951 4389 2307 4460; x_wconf 86' lang='lat' dir='ltr'><strong>generationis</strong></span> <span class='ocrx_word' id='word_1_820' title='bbox 2322 4388 2505 4459; x_wconf 85' lang='lat' dir='ltr'><strong>gradu,</strong></span> <span class='ocrx_word' id='word_1_821' title='bbox 2526 4388 2662 4443; x_wconf 91' lang='lat' dir='ltr'><strong>sicut</strong></span> <span class='ocrx_word' id='word_1_822' title='bbox 2688 4397 2809 4442; x_wconf 90' lang='lat' dir='ltr'><strong>sunt</strong></span> <span class='ocrx_word' id='word_1_823' title='bbox 2826 4388 2916 4441; x_wconf 82' lang='lat' dir='ltr'><strong>ﬁlii</strong></span> <span class='ocrx_word' id='word_1_824' title='bbox 2940 4387 3159 4441; x_wconf 88' lang='lat' dir='ltr'><strong>fratrum</strong></span> <span class='ocrx_word' id='word_1_825' title='bbox 3187 4396 3239 4442; x_wconf 90' lang='lat' dir='ltr'><strong>et</strong></span> <span class='ocrx_word' id='word_1_826' title='bbox 3258 4400 3523 4448; x_wconf 90' lang='lat' dir='ltr'><strong>sororum,</strong></span> 
     </span>
    </p>
   </div>
   <div class='ocr_carea' id='block_1_107' title="bbox 1952 4475 3526 4550">
    <p class='ocr_par' dir='ltr' id='par_1_107' title="bbox 1952 4475 3526 4550">
     <span class='ocr_line' id='line_1_107' title="bbox 1952 4475 3526 4550; baseline -0.003 -17"><span class='ocrx_word' id='word_1_827' title='bbox 1952 4480 2040 4550; x_wconf 92' lang='lat' dir='ltr'><strong>qui</strong></span> <span class='ocrx_word' id='word_1_828' title='bbox 2067 4480 2225 4535; x_wconf 90' lang='lat' dir='ltr'><strong>etiam</strong></span> <span class='ocrx_word' id='word_1_829' title='bbox 2256 4479 2393 4549; x_wconf 90' lang='lat' dir='ltr'><strong>apud</strong></span> <span class='ocrx_word' id='word_1_830' title='bbox 2426 4494 2521 4533; x_wconf 91' lang='lat' dir='ltr'><strong>nos</strong></span> <span class='ocrx_word' id='word_1_831' title='bbox 2550 4479 2890 4533; x_wconf 88' lang='lat' dir='ltr'><strong>usitatissime</strong></span> <span class='ocrx_word' id='word_1_832' title='bbox 2914 4478 3104 4533; x_wconf 88' lang='lat' dir='ltr'><strong>fratres</strong></span> <span class='ocrx_word' id='word_1_833' title='bbox 3130 4477 3405 4541; x_wconf 91' lang='lat' dir='ltr'><strong>dicuntur;</strong></span> <span class='ocrx_word' id='word_1_834' title='bbox 3429 4475 3526 4531; x_wconf 89' lang='lat' dir='ltr'><strong>sed</strong></span> 
     </span>
    </p>
   </div>
   <div class='ocr_carea' id='block_1_108' title="bbox 1952 4569 3525 4629">
    <p class='ocr_par' dir='ltr' id='par_1_108' title="bbox 1952 4569 3525 4629">
     <span class='ocr_line' id='line_1_108' title="bbox 1952 4569 3525 4629; baseline -0.003 -3"><span class='ocrx_word' id='word_1_835' title='bbox 1952 4572 2111 4626; x_wconf 89' lang='lat' dir='ltr'><strong>etiam</strong></span> <span class='ocrx_word' id='word_1_836' title='bbox 2151 4572 2438 4625; x_wconf 71' lang='lat' dir='ltr'><strong>avunculus</strong></span> <span class='ocrx_word' id='word_1_837' title='bbox 2467 4579 2520 4625; x_wconf 92' lang='lat' dir='ltr'><strong>et</strong></span> <span class='ocrx_word' id='word_1_838' title='bbox 2548 4571 2746 4625; x_wconf 89' lang='lat' dir='ltr'><strong>sororis</strong></span> <span class='ocrx_word' id='word_1_839' title='bbox 2778 4571 2935 4629; x_wconf 82' lang='lat' dir='ltr'><strong>filius.</strong></span> <span class='ocrx_word' id='word_1_840' title='bbox 2964 4571 3097 4624; x_wconf 92' lang='lat' dir='ltr'><strong>sicut</strong></span> <span class='ocrx_word' id='word_1_841' title='bbox 3128 4570 3226 4624; x_wconf 90' lang='lat' dir='ltr'><strong>sibi</strong></span> <span class='ocrx_word' id='word_1_842' title='bbox 3256 4579 3407 4624; x_wconf 91' lang='lat' dir='ltr'><strong>erant</strong></span> <span class='ocrx_word' id='word_1_843' title='bbox 3434 4569 3525 4623; x_wconf 74' lang='lat' dir='ltr'><strong>5a—</strong></span> 
     </span>
    </p>
   </div>
   <div class='ocr_carea' id='block_1_109' title="bbox 1954 4659 3527 4732">
    <p class='ocr_par' dir='ltr' id='par_1_109' title="bbox 1954 4659 3527 4732">
     <span class='ocr_line' id='line_1_109' title="bbox 1954 4659 3527 4732; baseline -0.003 -14"><span class='ocrx_word' id='word_1_844' title='bbox 1954 4664 2055 4718; x_wconf 93' lang='lat' dir='ltr'><strong>cob</strong></span> <span class='ocrx_word' id='word_1_845' title='bbox 2080 4673 2134 4718; x_wconf 89' lang='lat' dir='ltr'><strong>et</strong></span> <span class='ocrx_word' id='word_1_846' title='bbox 2151 4663 2347 4725; x_wconf 88' lang='lat' dir='ltr'><strong>Laban,</strong></span> <span class='ocrx_word' id='word_1_847' title='bbox 2370 4661 2558 4716; x_wconf 90' lang='lat' dir='ltr'><strong>fratres</strong></span> <span class='ocrx_word' id='word_1_848' title='bbox 2583 4662 2827 4731; x_wconf 88' lang='lat' dir='ltr'><strong>appellati</strong></span> <span class='ocrx_word' id='word_1_849' title='bbox 2857 4662 3191 4716; x_wconf 90' lang='lat' dir='ltr'><strong>inveniantur</strong></span> <span class='ocrx_word' id='word_1_850' title='bbox 3212 4659 3364 4732; x_wconf 87' lang='lat' dir='ltr'><strong>(Gen.</strong></span> <span class='ocrx_word' id='word_1_851' title='bbox 3382 4677 3527 4721; x_wconf 71' lang='lat' dir='ltr'><strong>XXIX,</strong></span> 
     </span>
    </p>
   </div>
   <div class='ocr_carea' id='block_1_110' title="bbox 1957 4752 3530 4823">
    <p class='ocr_par' dir='ltr' id='par_1_110' title="bbox 1957 4752 3530 4823">
     <span class='ocr_line' id='line_1_110' title="bbox 1957 4752 3530 4823; baseline 0 -14"><span class='ocrx_word' id='word_1_852' title='bbox 1957 4753 2087 4823; x_wconf 83' lang='grc'><strong>15).</strong></span> <span class='ocrx_word' id='word_1_853' title='bbox 2110 4753 2223 4808; x_wconf 88' lang='lat' dir='ltr'><strong>Non</strong></span> <span class='ocrx_word' id='word_1_854' title='bbox 2255 4769 2381 4823; x_wconf 83' lang='lat' dir='ltr'><strong>ergo</strong></span> <span class='ocrx_word' id='word_1_855' title='bbox 2409 4753 2603 4808; x_wconf 86' lang='lat' dir='ltr'><strong>mirum</strong></span> <span class='ocrx_word' id='word_1_856' title='bbox 2643 4762 2723 4807; x_wconf 90' lang='lat' dir='ltr'><strong>est</strong></span> <span class='ocrx_word' id='word_1_857' title='bbox 2750 4753 2920 4809; x_wconf 90' lang='lat' dir='ltr'><strong>dictos</strong></span> <span class='ocrx_word' id='word_1_858' title='bbox 2959 4768 3075 4807; x_wconf 91' lang='lat' dir='ltr'><strong>esse</strong></span> <span class='ocrx_word' id='word_1_859' title='bbox 3110 4754 3297 4808; x_wconf 83' lang='lat' dir='ltr'><strong>fratres</strong></span> <span class='ocrx_word' id='word_1_860' title='bbox 3323 4752 3530 4809; x_wconf 88' lang='lat' dir='ltr'><strong>Domini</strong></span> 
     </span>
    </p>
   </div>
   <div class='ocr_carea' id='block_1_111' title="bbox 1959 4844 3532 4916">
    <p class='ocr_par' dir='ltr' id='par_1_111' title="bbox 1959 4844 3532 4916">
     <span class='ocr_line' id='line_1_111' title="bbox 1959 4844 3532 4916; baseline -0.005 -14"><span class='ocrx_word' id='word_1_861' title='bbox 1959 4863 2024 4902; x_wconf 88' lang='lat' dir='ltr'><strong>ex</strong></span> <span class='ocrx_word' id='word_1_862' title='bbox 2054 4855 2293 4900; x_wconf 86' lang='lat' dir='ltr'><strong>materno</strong></span> <span class='ocrx_word' id='word_1_863' title='bbox 2313 4861 2509 4916; x_wconf 84' lang='lat' dir='ltr'><strong>genere</strong></span> <span class='ocrx_word' id='word_1_864' title='bbox 2534 4860 2894 4915; x_wconf 88' lang='lat' dir='ltr'><strong>quoscumque</strong></span> <span class='ocrx_word' id='word_1_865' title='bbox 2919 4852 3199 4914; x_wconf 83' lang='lat' dir='ltr'><strong>cognatos;</strong></span> <span class='ocrx_word' id='word_1_866' title='bbox 3227 4860 3345 4898; x_wconf 91' lang='lat' dir='ltr'><strong>cum</strong></span> <span class='ocrx_word' id='word_1_867' title='bbox 3375 4844 3532 4896; x_wconf 89' lang='lat' dir='ltr'><strong>etiam</strong></span> 
     </span>
    </p>
   </div>
   <div class='ocr_carea' id='block_1_112' title="bbox 1957 4933 3532 5006">
    <p class='ocr_par' dir='ltr' id='par_1_112' title="bbox 1957 4933 3532 5006">
     <span class='ocr_line' id='line_1_112' title="bbox 1957 4933 3532 5006; baseline -0.003 -15"><span class='ocrx_word' id='word_1_868' title='bbox 1957 4952 2020 4991; x_wconf 86' lang='lat' dir='ltr'><strong>ex</strong></span> <span class='ocrx_word' id='word_1_869' title='bbox 2052 4937 2367 5005; x_wconf 85' lang='lat' dir='ltr'><strong>cognatione</strong></span> <span class='ocrx_word' id='word_1_870' title='bbox 2405 4936 2600 5006; x_wconf 85' lang='lat' dir='ltr'><strong>Joseph</strong></span> <span class='ocrx_word' id='word_1_871' title='bbox 2643 4937 2744 4990; x_wconf 88' lang='lat' dir='ltr'><strong>dici</strong></span> <span class='ocrx_word' id='word_1_872' title='bbox 2787 4936 3051 5006; x_wconf 88' lang='lat' dir='ltr'><strong>potuerint</strong></span> <span class='ocrx_word' id='word_1_873' title='bbox 3089 4936 3275 4990; x_wconf 87' lang='lat' dir='ltr'><strong>fratres</strong></span> <span class='ocrx_word' id='word_1_874' title='bbox 3313 4935 3428 5003; x_wconf 89' lang='lat' dir='ltr'><strong>ejus</strong></span> <span class='ocrx_word' id='word_1_875' title='bbox 3464 4933 3532 4987; x_wconf 91' lang='lat' dir='ltr'><strong>ab</strong></span> 
     </span>
    </p>
   </div>
   <div class='ocr_carea' id='block_1_113' title="bbox 1958 5026 3528 5098">
    <p class='ocr_par' dir='ltr' id='par_1_113' title="bbox 1958 5026 3528 5098">
     <span class='ocr_line' id='line_1_113' title="bbox 1958 5026 3528 5098; baseline -0.001 -16"><span class='ocrx_word' id='word_1_876' title='bbox 1958 5029 2066 5093; x_wconf 89' lang='lat' dir='ltr'><strong>eis,</strong></span> <span class='ocrx_word' id='word_1_877' title='bbox 2095 5030 2183 5098; x_wconf 89' lang='lat' dir='ltr'><strong>qui</strong></span> <span class='ocrx_word' id='word_1_878' title='bbox 2222 5029 2370 5082; x_wconf 91' lang='lat' dir='ltr'><strong>illum</strong></span> <span class='ocrx_word' id='word_1_879' title='bbox 2404 5038 2603 5098; x_wconf 87' lang='lat' dir='ltr'><strong>patrem</strong></span> <span class='ocrx_word' id='word_1_880' title='bbox 2638 5029 2841 5084; x_wconf 90' lang='lat' dir='ltr'><strong>Domini</strong></span> <span class='ocrx_word' id='word_1_881' title='bbox 2873 5042 2989 5083; x_wconf 85' lang='lat' dir='ltr'><strong>esse</strong></span> <span class='ocrx_word' id='word_1_882' title='bbox 3017 5029 3404 5082; x_wconf 87' lang='lat' dir='ltr'><strong>arbitrabantur</strong></span> <span class='ocrx_word' id='word_1_883' title='bbox 3433 5026 3528 5095; x_wconf 89' lang='lat' dir='ltr'><strong>(a).</strong></span> 
     </span>
    </p>
   </div>
   <div class='ocr_carea' id='block_1_114' title="bbox 2028 5116 3527 5189">
    <p class='ocr_par' dir='ltr' id='par_1_114' title="bbox 2028 5116 3527 5189">
     <span class='ocr_line' id='line_1_114' title="bbox 2028 5116 3527 5189; baseline -0.001 -18"><span class='ocrx_word' id='word_1_884' title='bbox 2028 5118 2081 5171; x_wconf 75' lang='lat'><strong>2.</strong></span> <span class='ocrx_word' id='word_1_885' title='bbox 2103 5118 2687 5188; x_wconf 85' lang='lat' dir='ltr'><strong>Generalemjnstitiam</strong></span> <span class='ocrx_word' id='word_1_886' title='bbox 2704 5136 2807 5174; x_wconf 91' lang='lat' dir='ltr'><strong>non</strong></span> <span class='ocrx_word' id='word_1_887' title='bbox 2829 5120 2986 5174; x_wconf 91' lang='lat' dir='ltr'><strong>violat</strong></span> <span class='ocrx_word' id='word_1_888' title='bbox 3010 5120 3147 5189; x_wconf 91' lang='lat' dir='ltr'><strong>quis,</strong></span> <span class='ocrx_word' id='word_1_889' title='bbox 3180 5118 3279 5170; x_wconf 91' lang='lat' dir='ltr'><strong>nisi</strong></span> <span class='ocrx_word' id='word_1_890' title='bbox 3312 5116 3527 5170; x_wconf 88' lang='lat' dir='ltr'><strong>libidine</strong></span> 
     </span>
    </p>
   </div>
   <div class='ocr_carea' id='block_1_115' title="bbox 1961 5207 3525 5285">
    <p class='ocr_par' dir='ltr' id='par_1_115' title="bbox 1961 5207 3525 5285">
     <span class='ocr_line' id='line_1_115' title="bbox 1961 5207 3525 5285; baseline -0.001 -23"><span class='ocrx_word' id='word_1_891' title='bbox 1961 5217 2323 5278; x_wconf 86' lang='lat' dir='ltr'><strong>transgressus</strong></span> <span class='ocrx_word' id='word_1_892' title='bbox 2362 5209 2519 5264; x_wconf 88' lang='lat' dir='ltr'><strong>fuerit</strong></span> <span class='ocrx_word' id='word_1_893' title='bbox 2548 5218 2639 5264; x_wconf 87' lang='lat' dir='ltr'><strong>aut</strong></span> <span class='ocrx_word' id='word_1_894' title='bbox 2679 5210 2926 5280; x_wconf 89' lang='lat' dir='ltr'><strong>placitum</strong></span> <span class='ocrx_word' id='word_1_895' title='bbox 2963 5209 3232 5285; x_wconf 78' lang='lat' dir='ltr'><strong>societatis</strong></span> <span class='ocrx_word' id='word_1_896' title='bbox 3262 5207 3525 5273; x_wconf 81' lang='lat' dir='ltr'><strong>humanae,</strong></span> 
     </span>
    </p>
   </div>
   <div class='ocr_carea' id='block_1_116' title="bbox 2025 5335 3535 5402">
    <p class='ocr_par' dir='ltr' id='par_1_116' title="bbox 2025 5335 3535 5402">
     <span class='ocr_line' id='line_1_116' title="bbox 2025 5335 3535 5402; baseline 0.001 -15"><span class='ocrx_word' id='word_1_897' title='bbox 2025 5341 2041 5371; x_wconf 78' lang='grc' dir='ltr'><strong>ι</strong></span> <span class='ocrx_word' id='word_1_898' title='bbox 2069 5345 2118 5387; x_wconf 81' lang='grc' dir='ltr'><strong>ιιι</strong></span> <span class='ocrx_word' id='word_1_899' title='bbox 2155 5340 2365 5389; x_wconf 88' lang='lat' dir='ltr'><strong>editione</strong></span> <span class='ocrx_word' id='word_1_900' title='bbox 2398 5342 2724 5402; x_wconf 78' lang='lat' dir='ltr'><strong>natisponcnsi</strong></span> <span class='ocrx_word' id='word_1_901' title='bbox 2765 5341 2989 5402; x_wconf 85' lang='lat' dir='ltr'><strong>inseritur</strong></span> <span class='ocrx_word' id='word_1_902' title='bbox 3020 5338 3330 5402; x_wconf 19' lang='lat' dir='ltr'><strong>liicgquarstio</strong></span> <span class='ocrx_word' id='word_1_903' title='bbox 3369 5338 3415 5386; x_wconf 88' lang='lat' dir='ltr'><strong>in</strong></span> <span class='ocrx_word' id='word_1_904' title='bbox 3456 5335 3535 5389; x_wconf 83' lang='lat' dir='ltr'><strong>illa</strong></span> 
     </span>
    </p>
   </div>
   <div class='ocr_carea' id='block_1_117' title="bbox 1975 5398 3537 5463">
    <p class='ocr_par' dir='ltr' id='par_1_117' title="bbox 1975 5398 3537 5463">
     <span class='ocr_line' id='line_1_117' title="bbox 1975 5398 3537 5463; baseline -0.001 -12"><span class='ocrx_word' id='word_1_905' title='bbox 1975 5402 2119 5463; x_wconf 61' lang='lat' dir='ltr'><strong>verba</strong></span> <span class='ocrx_word' id='word_1_906' title='bbox 2140 5403 2296 5450; x_wconf 73' lang='lat' dir='ltr'><strong>Matth.</strong></span> <span class='ocrx_word' id='word_1_907' title='bbox 2316 5415 2421 5463; x_wconf 84' lang='lat' dir='ltr'><strong>cap.</strong></span> <span class='ocrx_word' id='word_1_908' title='bbox 2443 5398 2593 5459; x_wconf 61' lang='lat' dir='ltr'><strong>2L&#39;v.</strong></span> <span class='ocrx_word' id='word_1_909' title='bbox 2616 5403 2708 5450; x_wconf 78' lang='lat'><strong>&#39;56:</strong></span> <span class='ocrx_word' id='word_1_910' title='bbox 2736 5411 2802 5451; x_wconf 84' lang='lat' dir='ltr'><strong>De</strong></span> <span class='ocrx_word' id='word_1_911' title='bbox 2824 5400 2902 5451; x_wconf 85' lang='lat' dir='ltr'><strong>dte</strong></span> <span class='ocrx_word' id='word_1_912' title='bbox 2921 5407 3075 5450; x_wconf 87' lang='lat' dir='ltr'><strong>autem</strong></span> <span class='ocrx_word' id='word_1_913' title='bbox 3099 5398 3181 5448; x_wconf 78' lang='lat' dir='ltr'><strong>illo</strong></span> <span class='ocrx_word' id='word_1_914' title='bbox 3201 5406 3245 5449; x_wconf 85' lang='lat' dir='ltr'><strong>et</strong></span> <span class='ocrx_word' id='word_1_915' title='bbox 3262 5398 3380 5448; x_wconf 83' lang='lat' dir='ltr'><strong>hora</strong></span> <span class='ocrx_word' id='word_1_916' title='bbox 3399 5412 3537 5450; x_wconf 82' lang='lat' dir='ltr'><strong>nemo</strong></span> 
     </span>
    </p>
   </div>
   <div class='ocr_carea' id='block_1_118' title="bbox 1959 5461 3536 5526">
    <p class='ocr_par' dir='ltr' id='par_1_118' title="bbox 1959 5461 3536 5526">
     <span class='ocr_line' id='line_1_118' title="bbox 1959 5461 3536 5526; baseline -0.001 -14"><span class='ocrx_word' id='word_1_917' title='bbox 1959 5461 2067 5522; x_wconf 74' lang='lat' dir='ltr'><strong>scit,</strong></span> <span class='ocrx_word' id='word_1_918' title='bbox 2093 5471 2208 5522; x_wconf 88' lang='lat' dir='ltr'><strong>etc.,</strong></span> <span class='ocrx_word' id='word_1_919' title='bbox 2240 5464 2327 5526; x_wconf 89' lang='lat' dir='ltr'><strong>sed</strong></span> <span class='ocrx_word' id='word_1_920' title='bbox 2350 5461 2460 5526; x_wconf 67' lang='lat' dir='ltr'><strong>qua:</strong></span> <span class='ocrx_word' id='word_1_921' title='bbox 2493 5463 2610 5512; x_wconf 89' lang='lat' dir='ltr'><strong>nihil</strong></span> <span class='ocrx_word' id='word_1_922' title='bbox 2646 5463 2808 5514; x_wconf 83' lang='lat' dir='ltr'><strong>dill‘ert</strong></span> <span class='ocrx_word' id='word_1_923' title='bbox 2828 5466 2888 5512; x_wconf 83' lang='lat' dir='ltr'><strong>ab</strong></span> <span class='ocrx_word' id='word_1_924' title='bbox 2911 5475 2970 5526; x_wconf 84' lang='lat' dir='ltr'><strong>ea</strong></span> <span class='ocrx_word' id='word_1_925' title='bbox 2992 5475 3102 5524; x_wconf 79' lang='lat' dir='ltr'><strong>qua:</strong></span> <span class='ocrx_word' id='word_1_926' title='bbox 3141 5463 3266 5512; x_wconf 86' lang='lat' dir='ltr'><strong>inter</strong></span> <span class='ocrx_word' id='word_1_927' title='bbox 3296 5463 3536 5525; x_wconf 84' lang='lat' dir='ltr'><strong>octoginta</strong></span> 
     </span>
    </p>
   </div>
   <div class='ocr_carea' id='block_1_119' title="bbox 1962 5525 3016 5586">
    <p class='ocr_par' dir='ltr' id='par_1_119' title="bbox 1962 5525 3016 5586">
     <span class='ocr_line' id='line_1_119' title="bbox 1962 5525 3016 5586; baseline -0.002 -13"><span class='ocrx_word' id='word_1_928' title='bbox 1962 5530 2065 5573; x_wconf 83' lang='lat' dir='ltr'><strong>tres</strong></span> <span class='ocrx_word' id='word_1_929' title='bbox 2086 5525 2381 5582; x_wconf 65' lang='lat' dir='ltr'><strong>Quiestiones</strong></span> <span class='ocrx_word' id='word_1_930' title='bbox 2403 5526 2572 5574; x_wconf 87' lang='lat' dir='ltr'><strong>ordine</strong></span> <span class='ocrx_word' id='word_1_931' title='bbox 2599 5533 2673 5574; x_wconf 87' lang='lat' dir='ltr'><strong>est</strong></span> <span class='ocrx_word' id='word_1_932' title='bbox 2694 5525 3016 5586; x_wconf 84' lang='lat' dir='ltr'><strong>sexagesima.</strong></span> 
     </span>
    </p>
   </div>
   <div class='ocr_carea' id='block_1_120' title="bbox 2026 5606 3536 5669">
    <p class='ocr_par' dir='ltr' id='par_1_120' title="bbox 2026 5606 3536 5669">
     <span class='ocr_line' id='line_1_120' title="bbox 2026 5606 3536 5669; baseline -0.002 -13"><span class='ocrx_word' id='word_1_933' title='bbox 2026 5608 2097 5669; x_wconf 82' lang='grc' dir='ltr'><strong>(α)</strong></span> <span class='ocrx_word' id='word_1_934' title='bbox 2128 5609 2209 5657; x_wconf 86' lang='lat' dir='ltr'><strong>Hic</strong></span> <span class='ocrx_word' id='word_1_935' title='bbox 2232 5608 2515 5657; x_wconf 87' lang='lat' dir='ltr'><strong>terminatur</strong></span> <span class='ocrx_word' id='word_1_936' title='bbox 2537 5606 2814 5668; x_wconf 84' lang='lat' dir='ltr'><strong>opusculum</strong></span> <span class='ocrx_word' id='word_1_937' title='bbox 2840 5606 2886 5655; x_wconf 93' lang='lat' dir='ltr'><strong>in</strong></span> <span class='ocrx_word' id='word_1_938' title='bbox 2906 5606 3049 5656; x_wconf 84' lang='lat' dir='ltr'><strong>editis</strong></span> <span class='ocrx_word' id='word_1_939' title='bbox 3070 5613 3289 5669; x_wconf 54' lang='lat' dir='ltr'><strong>uanam.</strong></span> <span class='ocrx_word' id='word_1_940' title='bbox 3315 5611 3465 5669; x_wconf 24' lang='lat' dir='ltr'><strong>Friet</strong></span> <span class='ocrx_word' id='word_1_941' title='bbox 3490 5606 3536 5653; x_wconf 88' lang='lat' dir='ltr'><strong>in</strong></span> 
     </span>
    </p>
   </div>
   <div class='ocr_carea' id='block_1_121' title="bbox 1961 5668 3535 5730">
    <p class='ocr_par' dir='ltr' id='par_1_121' title="bbox 1961 5668 3535 5730">
     <span class='ocr_line' id='line_1_121' title="bbox 1961 5668 3535 5730; baseline -0.003 -14"><span class='ocrx_word' id='word_1_942' title='bbox 1961 5668 2321 5727; x_wconf 49' lang='lat' dir='ltr'><strong>Mss.&#39;vaticano,</strong></span> <span class='ocrx_word' id='word_1_943' title='bbox 2348 5671 2618 5728; x_wconf 81' lang='lat' dir='ltr'><strong>Sorbonico,</strong></span> <span class='ocrx_word' id='word_1_944' title='bbox 2641 5669 2938 5717; x_wconf 87' lang='lat' dir='ltr'><strong>Cisterciensi</strong></span> <span class='ocrx_word' id='word_1_945' title='bbox 2961 5682 2973 5716; x_wconf 89' lang='lat'>:</span> <span class='ocrx_word' id='word_1_946' title='bbox 3003 5681 3095 5718; x_wconf 89' lang='lat' dir='ltr'><strong>nec</strong></span> <span class='ocrx_word' id='word_1_947' title='bbox 3110 5668 3295 5730; x_wconf 88' lang='lat' dir='ltr'><strong>reliqua</strong></span> <span class='ocrx_word' id='word_1_948' title='bbox 3318 5668 3535 5730; x_wconf 79' lang='lat' dir='ltr'><strong>vidimus,</strong></span> 
     </span>
    </p>
   </div>
   <div class='ocr_carea' id='block_1_122' title="bbox 1963 5727 3536 5840">
    <p class='ocr_par' dir='ltr' id='par_1_122' title="bbox 1963 5727 3536 5840">
     <span class='ocr_line' id='line_1_122' title="bbox 1963 5727 3536 5838; baseline -0.001 -61"><span class='ocrx_word' id='word_1_949' title='bbox 1963 5731 2052 5838; x_wconf 47' lang='lat' dir='ltr'><strong>nisti</strong></span> <span class='ocrx_word' id='word_1_950' title='bbox 2076 5730 2201 5801; x_wconf 74' lang='lat' dir='ltr'><strong>apud</strong></span> <span class='ocrx_word' id='word_1_951' title='bbox 2215 5737 2320 5776; x_wconf 82' lang='lat' dir='ltr'><strong>I.ov.</strong></span> <span class='ocrx_word' id='word_1_952' title='bbox 2341 5738 2391 5780; x_wconf 86' lang='lat' dir='ltr'><strong>et</strong></span> <span class='ocrx_word' id='word_1_953' title='bbox 2416 5732 2465 5780; x_wconf 82' lang='lat' dir='ltr'><strong>in</strong></span> <span class='ocrx_word' id='word_1_954' title='bbox 2486 5737 2591 5780; x_wconf 74' lang='lat' dir='ltr'><strong>Mss.</strong></span> <span class='ocrx_word' id='word_1_955' title='bbox 2613 5730 2858 5781; x_wconf 76' lang='lat' dir='ltr'><strong>Victorinis</strong></span> <span class='ocrx_word' id='word_1_956' title='bbox 2870 5730 3058 5782; x_wconf 80' lang='lat' dir='ltr'><strong>duobus</strong></span> <span class='ocrx_word' id='word_1_957' title='bbox 3076 5743 3132 5781; x_wconf 81' lang='lat' dir='ltr'><strong>ac</strong></span> <span class='ocrx_word' id='word_1_958' title='bbox 3146 5727 3241 5780; x_wconf 77' lang='lat' dir='ltr'><strong>uno</strong></span> <span class='ocrx_word' id='word_1_959' title='bbox 3263 5727 3536 5781; x_wconf 79' lang='lat' dir='ltr'><strong>t‘orbcicusi</strong></span> 
     </span>
     <span class='ocr_line' id='line_1_123' title="bbox 1965 5798 2300 5840; baseline 0.006 -2"><span class='ocrx_word' id='word_1_960' title='bbox 1965 5803 2024 5838; x_wconf 76' lang='lat' dir='ltr'><strong>ve</strong></span> <span class='ocrx_word' id='word_1_961' title='bbox 2049 5798 2300 5840; x_wconf 79' lang='lat' dir='ltr'><strong>usttssmto.</strong></span> 
     </span>
    </p>
   </div>
  </div>
