4074 6494
565 394 704 456 1575

564 515 704 571 sicut
731 523 811 570 est
841 513 1058 581 furtum,
1081 517 1285 584 rapina,
1315 514 1648 577 adulterium,
1681 510 1933 572 incestus,
1965 517 2019 563 et
2047 505 2149 562 hu-

563 607 830 677 iusmodi;
857 615 948 661 aut
992 616 1254 674 naturam,
1292 607 1430 661 sicut
1467 614 1546 661 est
1579 601 1918 667 contumelia,
1949 599 2146 664 caedes,

567 695 935 764 homicidium,
973 696 1284 752 concubitus
1325 693 1680 748 masculorum
1727 691 1812 747 vel
1859 704 2146 760 pecorum;

567 796 659 842 aut
687 787 901 842 modum
933 788 982 840 in
1010 787 1309 852 concessis,
1339 786 1475 839 sicut
1498 794 1580 839 est
1607 783 1893 855 superbum
1919 781 2148 852 amplius

566 877 853 933 verberare
877 892 1036 948 quam
1064 885 1291 946 Oportet,
1315 875 1398 930 vel
1425 874 1753 946 superfluum
1773 873 1932 929 edere
1960 871 2043 926 vel
2066 871 2148 926 bi-

567 968 697 1024 bere
739 967 967 1038 amplius
1013 981 1169 1036 quam
1195 973 1424 1035 oportet,
1451 981 1570 1020 cum
1607 965 1717 1036 ipsa
1755 966 1978 1034 conjuge
2017 976 2149 1016 con-

570 1058 821 1115 cumbere
848 1059 1075 1128 amplius
1095 1061 1252 1128 quam
1273 1065 1502 1129 oportet,
1527 1067 1581 1113 et
1605 1057 1817 1113 similia.

646 1151 700 1206 3.
740 1149 882 1205 Bene
920 1148 1229 1218 intelligitur
1263 1148 1490 1218 Spiritus
1523 1155 1736 1203 sanctus
1773 1145 1893 1202 ideo
1923 1145 2152 1216 primum

568 1240 868 1310 linguarum
906 1239 1104 1294 donum
1138 1238 1350 1295 dedisse
1389 1238 1718 1304 hominibus,
1747 1253 1867 1308 quae
1905 1245 2062 1307 pacto
2099 1243 2155 1290 et

569 1333 764 1402 placito
807 1331 1076 1386 hominum
1127 1331 1381 1388 instituta:
1422 1340 1566 1398 sunt,
1611 1339 1668 1387 et
1719 1329 2018 1384 forinsecus
2057 1343 2154 1398 per

568 1438 758 1478 sensus
797 1424 1036 1492 corporis
1078 1422 1458 1479 consuetudine
1493 1421 1740 1477 audiendi
1775 1420 2069 1484 discuntur,
2095 1427 2153 1475 ut

567 1514 644 1568 eis
669 1514 974 1569 ostenderet
999 1531 1154 1584 quam
1181 1515 1332 1568 facile
1360 1521 1540 1583 posset
1565 1512 1834 1584 sapientes
1862 1511 2036 1568 facere
2058 1526 2155 1584 per

570 1606 880 1674 sapientiam
917 1605 1036 1669 Dei,
1065 1622 1181 1675 quae
1209 1607 1258 1660 in
1291 1609 1371 1660 eis
1401 1606 1604 1660 interna
1637 1613 1737 1659 est.

643 1698 698 1752 4.
730 1698 856 1752 ltem
888 1697 1130 1752 voluntas
1162 1698 1314 1752 Verbi
1343 1697 1652 1768 sempiterni
1678 1696 1881 1752 stabilis
1907 1705 1988 1752 est
2013 1710 2154 1752 sem-

579 1804 691 1858 per,
716 1789 836 1859 quia
867 1790 1022 1844 simul
1055 1789 1213 1844 habet
1251 1790 1427 1844 omnia
1453 1808 1466 1842 :
1494 1801 1673 1845 nostra
1707 1799 1883 1846 autem
1911 1789 2152 1846 voluntas

577 1877 697 1933 ideo
719 1895 821 1934 non
842 1888 966 1944 stat,
987 1879 1106 1948 quia
1135 1895 1238 1932 non
1263 1879 1422 1934 habet
1441 1879 1598 1934 simul
1619 1881 1794 1934 omnia
1817 1897 1831 1946 ;
1856 1879 1974 1935 ideo
1995 1880 2152 1934 modo

571 1969 693 2031 hoc,
739 1969 896 2023 modo
933 1970 1056 2024 illud
1100 1971 1362 2024 volumus.
1407 1971 1535 2026 item
1581 1972 1658 2027 sic
1703 1971 1913 2027 fuerunt
1959 1972 2010 2026 in
2061 1972 2151 2027 illo

573 2060 752 2116 Verbo
781 2063 956 2115 omnia
983 2079 1101 2132 quze
1132 2061 1266 2116 facta
1293 2074 1434 2129 sunt,
1465 2074 1518 2118 et
1548 2063 1658 2133 ipsa
1687 2065 1951 2134 susceptio
1977 2064 2152 2119 homi-

573 2149 661 2202 nis
687 2149 764 2204 sic
791 2149 858 2203 ab
882 2165 950 2204 eu
977 2151 1292 2220 praecognita
1319 2161 1421 2216 est,
1458 2153 1724 2222 quomodo
1754 2153 1798 2207 si
1831 2154 2000 2222 pictor
2027 2154 2154 2209 velit

573 2241 791 2311 pingere
821 2249 983 2296 totam
1015 2241 1258 2308 donmm,
1297 2251 1352 2298 et
1389 2245 1589 2314 cogitet
1615 2245 1702 2298 vel
1735 2245 1942 2299 noverit
1978 2245 2150 2300 locum

570 2332 660 2385 ubi
690 2333 847 2387 etiam
876 2347 933 2387 se
963 2333 1179 2403 pingere
1206 2333 1434 2389 debeat:
1467 2343 1634 2389 totum
1667 2335 1720 2389 in
1750 2344 1862 2389 arte
1892 2334 2070 2400 habet,
2100 2345 2154 2390 ct

568 2422 622 2475 in
652 2423 1055 2491 prmparatione,
1089 2431 1140 2476 et
1182 2423 1231 2476 in
1273 2423 1576 2491 voluntate,
1620 2425 1862 2494 quamvis
1899 2425 2062 2480 certis
2101 2434 2154 2480 et

570 2513 680 2566 suis
709 2527 934 2583 qumque
965 2513 1289 2584 temporibus
1316 2514 1566 2583 explicet.
1591 2514 1680 2570 Sic
1704 2515 1878 2570 omnis
1907 2524 2153 2572 creatura

1097 399 1465 457 ADMONlTlO
1503 399 1588 455 DE
1625 388 2226 460 SUBSEQUENTIBUS
2263 389 2328 446 IN
2365 389 2678 449 JOANNEM
2717 392 3212 450 TRACTATIBUS.

3687 393 3825 452 1376

2255 515 2310 562 et
2337 507 2449 577 ipse
2477 507 2640 563 homo
2681 509 2770 580 qui
2816 509 3052 579 ejusdem
3084 507 3368 580 Sapientia:
3399 520 3679 577 personam
3713 525 3837 580 my-

2255 597 2388 652 stice
2425 607 2480 653 et
2522 598 2858 654 inenarrabili
2895 600 3230 670 susceptione
3258 605 3558 670 gestaturus
3597 609 3742 666 erat,
3779 603 3837 657 in

2255 688 2369 760 ipsa
2402 690 2659 760 sapientia
2692 701 2940 760 tanquam
2975 691 3070 746 Dei
3112 699 3228 746 arte
3270 690 3591 760 sempiterna
3625 706 3842 762 semper

2257 789 2402 846 erat,
2440 781 2680 851 quamvis
2717 781 2826 836 suis
2855 796 3079 852 qumque
3119 779 3440 850 temporibus
3465 780 3684 843 efficiat,
3716 798 3843 854 qua

2257 871 2524 941 pertendit
2556 886 2586 925 a
2625 872 2728 927 ﬁne
2769 887 2935 943 usque
2964 872 3029 926 ad
3060 872 3218 926 tinem
3253 869 3482 939 fortiter,
3519 881 3573 928 et
3605 871 3842 943 disparuit

2257 963 2433 1017 omnia
2481 963 2712 1019 suaviter
2749 971 2908 1034 atque
2952 963 3006 1018 in
3046 977 3105 1019 se
3143 977 3366 1019 manens
3408 962 3629 1019 innovat
3660 978 3840 1020 omnia

2259 1054 2415 1128 (Sap.
2437 1072 2550 1123 vnt,
2582 1057 2631 1122 l,
2659 1067 2704 1110 et
2729 1073 2820 1122 vn,
2842 1055 2956 1128 ΞΥ).

2332 1148 2387 1202 5.
2428 1147 2564 1202 item
2580 1147 2846 1218 quomodo
2866 1148 2986 1218 quis
3005 1145 3132 1202 velit
3156 1145 3291 1202 velle
3317 1147 3450 1202 mori
3469 1189 3484 1212 ,
3514 1147 3558 1202 si
3588 1148 3665 1203 sic
3700 1147 3844 1204 velle

2258 1238 2392 1293 mori
2446 1247 2788 1307 pervenerat,
2820 1237 2909 1319 qui
2942 1239 3048 1308 jam
3079 1238 3240 1301 habet
3275 1253 3458 1292 sanam
3494 1237 3652 1294 ﬁdem
3682 1245 3734 1293 et
3760 1239 3843 1293 vi-

2257 1329 2348 1384 det
2382 1346 2487 1400 quo
2523 1331 2620 1385 sibi
2653 1323 3067 1400 perveniendum
3098 1329 3186 1395 sit,
3217 1328 3416 1384 adhoc
3453 1327 3562 1400 jam
3603 1328 3838 1400 proﬁcit,

2258 1431 2316 1477 ut
2341 1423 2569 1479 libenter
2587 1423 2654 1478 de
2683 1427 2780 1478 hac
2805 1425 2909 1478 vita
2939 1422 3193 1478 discedat.
3218 1420 3334 1477 Non
3365 1422 3506 1476 enim
3537 1421 3638 1477 hoc
3659 1431 3740 1477 est
3757 1421 3842 1477 vi-

2257 1513 2386 1571 dere
2406 1531 2511 1588 quo
2536 1515 2636 1570 sibi
2663 1515 3074 1586 perveniendum
3101 1513 3189 1580 sit,
3213 1512 3352 1584 quod
3375 1521 3456 1568 est
3475 1516 3632 1568 etiam
3658 1528 3842 1569 amare

2258 1608 2406 1676 illud,
2433 1618 2487 1664 et
2507 1608 2578 1664 ibi
2605 1609 2713 1678 jam
2737 1622 2855 1663 esse
2875 1606 3179 1662 desiderare
3205 1624 3217 1659 :
3242 1604 3379 1677 quod
3409 1605 3459 1658 in
3484 1604 3636 1675 cujus
3657 1604 3842 1660 animo

2257 1699 2500 1754 effectum
2549 1698 2726 1764 fuerit,
2777 1711 3000 1753 necesse
3047 1706 3127 1752 est
3179 1705 3235 1750 ut
3285 1696 3509 1751 libenter
3562 1695 3838 1750 moriatur.

2257 1789 2474 1857 Frustra
2519 1791 2696 1858 itaque
2738 1788 2922 1844 dicunt
2953 1787 3189 1857 quidam,
3221 1785 3307 1856 qui
3330 1785 3439 1856 jam
3471 1801 3650 1840 sanam
3679 1785 3843 1840 fidem

2260 1891 2462 1946 tenent,
2507 1880 2626 1936 ideo
2671 1895 2729 1935 se
2776 1880 2916 1935 nolle
2958 1879 3092 1933 mori
3139 1887 3197 1932 ut
3242 1877 3538 1948 proficiant,
3577 1893 3694 1942 eum
3725 1878 3848 1947 ipse

2255 1971 2525 2042 profectus
2567 1987 2749 2026 eorum
2793 1971 2844 2025 in
2890 1987 2956 2026 eo
2999 1968 3240 2040 profectu
3280 1970 3378 2035 sit,
3411 1977 3468 2023 ut
3494 1970 3625 2024 mori
3653 1970 3845 2024 velint.

2257 2062 2313 2117 Si
2345 2078 2472 2132 ergo
2507 2077 2689 2117 verum
2736 2061 2878 2132 loqui
2919 2061 3133 2124 volunt,
3165 2075 3269 2114 non
3296 2059 3504 2124 dicant,
3541 2059 3662 2113 Ideo
3703 2059 3850 2114 mori

2258 2153 2404 2217 nolo,
2437 2161 2496 2207 ut
2526 2151 2829 2221 proficiam;
2860 2149 2977 2217 sed,
3008 2149 3131 2205 Ideo
3160 2149 3298 2204 mori
3327 2149 3470 2214 nolo,
3502 2149 3621 2219 quia
3651 2165 3850 2221 parum

2257 2242 2477 2312 profeci.
2507 2243 2689 2312 itaque
2717 2241 2852 2294 mori
2879 2241 3020 2294 nolle
3050 2238 3293 2294 fidelibus
3322 2254 3426 2292 nou
3452 2239 3728 2292 consilium
3756 2246 3853 2292 est

2258 2341 2316 2385 ut
2358 2330 2670 2400 proficiant,
2698 2330 2790 2385 sed
2825 2330 3072 2384 indicium
3104 2329 3259 2398 qund-
3278 2343 3463 2398 parum
3495 2328 3846 2397 profecerim.

2259 2420 2488 2475 Proinde
2517 2420 2658 2491 quod
2688 2420 2892 2485 nolunt,
2922 2427 2978 2473 ut
3009 2417 3227 2490 perfecti
3253 2418 3393 2485 sint;
3422 2418 3605 2483 velint,
3631 2427 3685 2472 et
3716 2434 3849 2487 pen-

2259 2513 2395 2568 fecti
2409 2521 2550 2568 sunt.
3635 2525 3639 2529 τ

602 2696 661 2702 -ῃ
1618 2702 2091 2711 —_—-———————“
2142 2704 2543 2711 -—_v—-——.-———-—-
2586 2700 3225 2711 —_—————.—.——-—-‘—..—‘

894 2728 1088 2734 μ
2125 2733 2275 2739 __.—
2436 2734 2779 2739 ﬂ
2956 2729 3786 2745 μμ

1813 2733 2951 2962 HM???

1191 3036 1297 3096 DE
1341 3036 2022 3113 SUBSEQUENTIBUS
2063 3041 2147 3102 ΙΝ
2197 3041 2574 3103 JOANNEM
2613 3039 3189 3138 TRACTATIBL'S.

2003 3187 2374 3244 MM

634 3275 782 3331 llaud
811 3285 1006 3333 temere
1033 3277 1218 3336 fecisse
1246 3281 1559 3348 videbimur,
1590 3283 1636 3338 si
1661 3284 1940 3355 Augustini
1971 3287 2022 3341 in
2047 3286 2306 3342 Joannem
2336 3289 2614 3346 Tractatus
2650 3289 3087 3361 adscripserimus
3119 3309 3258 3349 anno
3287 3294 3478 3351 Christi
3527 3311 3683 3366 supra
3709 3311 3852 3368 qua.-

561 3367 1034 3460 dringentesimnm
1063 3383 1212 3427 sexto
1237 3373 1464 3442 decimo,
1493 3384 1584 3430 aut
1609 3378 1848 3446 proximo
1874 3389 1992 3448 post
2014 3380 2257 3450 tempori.
2285 3379 2443 3437 Certe
2482 3382 2695 3453 quidem
2719 3382 2860 3438 hunc
2883 3385 3258 3456 evangelistam
3275 3403 3394 3443 cum
3411 3367 3854 3460 exponeretglla-

561 3459 745 3556 grabati.
767 3461 1067 3556 etiamtum
1095 3464 1486 3556 catholicorum
1516 3483 1635 3523 eum
1663 3469 1952 3526 Donatistis
1979 3488 2179 3543 pugna;
2209 3475 2422 3544 quando
2450 3476 2503 3532 in
2535 3475 2770 3533 factiosis
2801 3479 2906 3534 illis
2932 3480 3261 3536 revincendis
3288 3492 3391 3537 tam
3411 3459 3607 3540 multus
3626 3494 3852 3556 tamque

561 3549 998 3648 vehemens-inibi
1017 3551 1192 3648 est,S.
1227 3554 1422 3610 Doctor
1450 3573 1463 3610 :
1492 3566 1844 3630 praeterquam
1869 3562 2009 3632 quod
2039 3563 2105 3618 ad
2133 3564 2185 3618 id
2219 3581 2386 3634 usque
2410 3569 2664 3638 temporis
2685 3568 3078 3625 schismaticum
3105 3586 3289 3627 eorum
3317 3575 3486 3630 altare
3515 3576 3686 3631 stabat
3710 3549 3854 3648 Ilip-

561 3653 700 3736 pune
726 3658 739 3695 :
770 3641 909 3696 unde
936 3643 986 3696 in
1017 3643 1263 3698 Tractatu
1294 3661 1454 3716 super
1472 3648 1707 3718 ejusdem
1734 3651 1953 3709 Joannis
1979 3654 2271 3724 Epistulam
2301 3657 2405 3730 (cui
2435 3659 2684 3715 nimirum
2712 3663 3040 3732 exponenda:
3075 3664 3343 3736 Epistolze,
3373 3667 3615 3723 inchoata
3635 3641 3848 3725 (ludunt

559 3747 620 3830 ac
648 3734 943 3830 intermissa
974 3737 1244 3830 paulisper
1271 3739 1540 3812 Evangelii
1571 3746 1900 3811 tractatione,
1923 3746 2071 3802 dedit
2092 3748 2354 3821 Operam),
2388 3751 2438 3806 in
2472 3751 2586 3808 inec
2614 3755 2775 3812 verba
2799 3734 3163 3827 conqueritur,
3193 3757 3328 3826 Quid
3346 3759 3538 3830 facium
3571 3763 3624 3817 in
3641 3763 3736 3822 hac
3759 3764 3849 3823 ci-

556 3826 708 3919 uitate
733 3827 832 3919 duo
853 3827 1076 3881 altaria?
1100 3828 1250 3897 Quod
1276 3832 1398 3887 licet
1419 3833 1470 3887 in
1500 3842 1735 3905 tempora
1756 3837 1916 3892 etiam
1943 3841 2208 3894 anteriora
2235 3841 2636 3914 Carthaginensi
2677 3826 2990 3907 Collatione.
3031 3865 3149 3919 qua:
3191 3865 3312 3907 eum
3346 3826 3651 3914 Donatistis
3691 3869 3842 3912 anno

556 3916 652 4012 dt-t
693 3917 866 4012 habita
887 3919 1002 4012 fuit,
1032 3922 1221 4012 referri
1247 3935 1438 3994 queat;
1469 3935 1702 3982 attamen
1723 3926 1848 4000 'quia
1879 3945 1976 3999 per
2013 3933 2111 3988 hos
2151 3932 2317 4003 ipsos,
2348 3934 2414 3990 de
2436 3935 2622 4005 quibus
2657 3937 2860 4007 agimus
2885 3945 2937 3993 in
2963 3916 3312 4010 Evangelium
3339 3942 3688 4012 Tractatibus,
3729 3963 3841 4006 non

556 4005 726 4058 solum
757 4005 1235 4107 Prmdesﬁnationis
1264 4012 1414 4080 fides,
1459 4016 1531 4069 uti
1559 4032 1644 4072 res
1674 4019 1902 4075 maxime
1930 4022 2225 4090 explorata,
2255 4025 2566 4093 proponitur
2592 4027 2642 4080 in
2674 4005 2875 4083 'fractt.
2917 4045 3042 4095 xt.v,
3071 4005 3251 4099 xdvut,
3281 4048 3462 4100 va'm,
3499 4005 3716 4106 um},
3745 4055 3836 4107 cu,

555 4108 664 4200 est,
695 4099 945 4200 etc.,‘sed
973 4101 1131 4155 etiam
1163 4103 1585 4174 perstringuntur
1613 4109 1771 4162 tacito
1801 4111 2015 4166 nomine
2042 4113 2309 4184 Pelagiani
2336 4114 2389 4168 in
2417 4114 2619 4169 Traett.
2648 4132 2756 4180 ιιιι,
2781 4132 2944 4184 van,
2971 4136 3148 4187 Lxxxt,
3174 4137 3386 4188 Lxxxvt,
3415 4099 3541 4193 etc.,
3573 4099 3838 4200 hinc'pro;

556 4185 696 4241 fecto
722 4187 1012 4292 intelligere
1028 4193 1228 4292 licebat
1255 4195 1469 4250 eosdem
1497 4198 1772 4256 Tractatus
1801 4217 1904 4256 non
1929 4212 2054 4258 ante
2076 4205 2650 4275 quadringentesimum
2675 4215 2730 4264 et
2750 4209 3095 4273 undecimum.
3109 4185 3301 4268 Christi
3331 4185 3550 4284 annum,
3583 4234 3688 4290 quo
3710 4185 3830 4292 pri.

560 4293 707 4385 nium
737 4281 1001 4383 invehitur
1027 4284 1083 4385 in.
1105 4285 1338 4385 Africam
1381 4289 1662 4360 Pelagiana
1691 4293 1929 4361 haeresis,
1977 4295 2146 4352 editos
2177 4295 2357 4353 fuisse.
2402 4297 2506 4354 Sed
2533 4300 2672 4355 aliud
2694 4313 3080 4372 argumentum,
3113 4321 3218 4376 quo
3240 4308 3298 4362 tit
3319 4319 3377 4364 ut
3401 4311 3455 4367 in
3480 4281 3674 4368 annum
3699 4281 3835 4385 qua.

555 4367 1028 4464 dringentesimum
1051 4374 1314 4432 decimum
1341 4388 1544 4441 sextum
1562 4396 1590 4435 a
1609 4383 1762 4438 nobis
1782 4385 2136 4454 remittantur,
2151 4388 2382 4458 suppetit
2408 4389 2562 4459 longe
2581 4367 2886 4460 expressius
2921 4409 2984 4449 ex
3007 4367 3183 4451 Tract.
3211 4412 3332 4464 cxx,
3378 4400 3464 4455 ubi
3485 4367 3833 4461 Nicodemunt

553 4461 749 4566 amplius
769 4463 974 4566 venisse
990 4465 1064 4566 ad
1090 4466 1385 4566 Christum,
1405 4481 1464 4526 ut
1486 4472 1607 4566 ejus
1624 4473 1916 4547 discipulus
1944 4477 2208 4533 audiendo
2238 4478 2405 4544 fieret,
2437 4481 2625 4550 probat
2649 4483 2974 4554 Augustinus
2995 4488 3092 4544 hac
3107 4461 3348 4547 ratione:
3380 4493 3529 4558 Quod
3564 4505 3713 4563 certe,
3733 4499 3832 4566 ait,

554 4552 714 4660 ntodq
725 4554 776 4607 in
796 4555 1096 4660 reuelatione
1118 4562 1342 4660 corporis
1366 4561 1636 4623 beatissimi
1665 4566 1914 4636 Stephani
1939 4568 2080 4639 (quin
2105 4569 2349 4631 videlicet
2371 4586 2513 4630 anno
2538 4552 3058 4647 quadringentesimo
3099 4579 3307 4642 decimo
3355 4552 3540 4655 quinto
3581 4552 3744 4660 prope

553 4643 667 4698 nito
690 4644 822 4701 facta
851 4647 952 4721 est)
981 4653 1085 4720 fere
1109 4652 1335 4706 omnibus
1357 4657 1585 4724 gentibus
1607 4657 1917 4713 declaratur.

636 4735 832 4838 Diebus
865 4755 1024 4838 porro
1065 4742 1388 4838 quibuslibet
1413 4745 1690 4802 Tractatus
1716 4764 2060 4808 sermonesve
2099 4749 2236 4807 hanc
2256 4751 2307 4807 in
2335 4768 2447 4813 rem
2476 4769 2602 4810 suos
2629 4756 2870 4812 habebat.
2903 4757 3158 4828 Primum,
3186 4766 3410 4836 exempli
3431 4769 3619 4838 gratia,
3637 4770 3723 4830 die
3742 4772 3832 4829 do-

554 4827 768 4896 minico,
796 4832 1049 4900 postridie
1075 4835 1364 4891 secundum
1391 4851 1448 4893 se
1476 4841 1843 4908 pronuntiasse
1873 4843 1925 4894 in
1953 4841 2056 4897 hoc
2080 4843 2194 4912 ipso
2221 4843 2397 4900 Tract.
2425 4860 2462 4898 ιι
2490 4844 2707 4902 indicat.
2745 4847 2966 4906 Habitus
2989 4851 3115 4908 item
3143 4827 3240 4908 fuit
3270 4827 3536 4914 dominico
3563 4827 3652 4916 die
3684 4827 3830 4932 quav-

557 4930 886 5002 dragesimus
919 4945 1117 5002 sextus,
1150 4952 1216 4992 ex
1246 4937 1422 4993 Tract.
1452 4955 1591 4994 xt.vn
1621 4957 1635 4993 :
1666 4940 1833 5010 pridie
1876 4955 2002 4996 vero
2037 4941 2470 5012 quadragesimus
2499 4944 2712 5014 quintus
2738 4985 2754 5011 ,
2781 4961 2847 5000 ex
2885 4946 3060 5003 Tract.
3092 4965 3214 5005 vat
3237 4991 3252 5016 ,
3283 4951 3456 5011 dictus
3485 4952 3674 5011 fuerat.
3704 4930 3831 5011 'l‘ri-

554 5022 788 5116 gcsimus
811 5033 1027 5095 quartus
1054 5036 1265 5096 tresque
1289 5036 1591 5098 sequentes,
1635 5039 1861 5099 quatuor
1897 5030 2084 5087 diebus
2130 5032 2416 5096 continuis,
2456 5041 2514 5086 ut
2540 5048 2606 5087 ex
2645 5033 2900 5104 cujusque
2943 5037 3166 5092 exordio
3193 5055 3255 5095 ac
3284 5044 3619 5109 peroratione
3662 5056 3828 5116 patet,

560 5115 724 5170 habiti
755 5125 900 5185 sunt,
929 5125 982 5172 et
1005 5116 1220 5188 quidem
1272 5119 1570 5187 trigesimus
1615 5122 1870 5188 septimus
1894 5120 1980 5175 die
2009 5121 2295 5186 dominico,
2325 5137 2389 5176 ex
2416 5122 2592 5176 Tract.
2623 5138 2836 5177 xxxvm.
2865 5125 2952 5181 Sic
2971 5136 3207 5194 octavus,
3239 5146 3429 5198 nonus,
3461 5142 3516 5189 et
3541 5115 3782 5193 decimus

554 5210 634 5266 sic
665 5210 876 5266 tandem
919 5210 1004 5265 isti
1031 5209 1261 5280 quinque
1282 5226 1391 5272 nx,
1417 5227 1506 5277 xx,
1539 5227 1646 5278 xxi,
1674 5229 1780 5267 xxu
1803 5223 2036 5289 et—jxxm,
2063 5212 2255 5282 singuli
2275 5212 2494 5282 singulis
2521 5215 3069 5283 continenterdiebus
3096 5223 3418 5290 pronuntiati
3444 5225 3827 5296 signiﬁcantur.

554 5303 667 5359 lioc
682 5304 854 5375 egisse
877 5305 1247 5392 Augustinum,
1281 5311 1386 5357 ute
1417 5303 1605 5358 diebus
1630 5305 1883 5360 habendm
1909 5307 2150 5362 concioni
2181 5306 2458 5362 destinatis
2484 5309 2684 5364 nullum
2711 5313 3027 5382 praeteriret,
3056 5315 3140 5370 vel
3163 5316 3285 5375 hinc
3318 5318 3645 5390 intelligitur,
3686 5323 3831 5392 quod

553 5411 717 5451 unum
747 5396 1107 5466 hujuscemodi
1137 5395 1366 5466 quadam
1386 5397 1664 5451 occasione
1684 5397 1938 5453 omissum
1971 5397 2110 5453 diem
2145 5398 2200 5453 in
2229 5399 2407 5455 Tract.
2437 5415 2550 5466 Vill,
2581 5413 2818 5470 excusat,
2841 5413 2895 5460 et
2923 5406 2974 5458 in
2999 5421 3142 5473 xui,
3174 5410 3409 5485 prailecti
3440 5412 3509 5468 de
3541 5413 3833 5488 Evangelia

556 5489 656 5544 loci
675 5489 1038 5543 tractationem
1064 5488 1450 5558 diligentiorem
1474 5489 1524 5542 in
1543 5488 1799 5543 reddendi
1827 5491 2088 5545 sermonis
2105 5492 2217 5547 dies
2233 5494 2470 5550 remittit.
2493 5495 2550 5550 In
2579 5513 2741 5565 xun,
2756 5514 2911 5568 quem
2935 5499 3202 5559 dominico
3223 5505 3309 5562 die
3337 5506 3537 5574 habuit,
3568 5510 3694 5566 dicit
3707 5528 3830 5570 sese

557 5595 652 5650 per
678 5581 950 5649 temporis,
981 5590 1036 5634 ut
1059 5581 1214 5645 solet,
1241 5581 1530 5650 angustias,
1558 5597 1662 5650 quo
1689 5580 1861 5634 minus
1887 5581 2179 5636 orationem
2205 5582 2371 5639 fusius
2399 5595 2766 5656 prosequatur,
2792 5588 3012 5646 minime
3047 5593 3335 5661 prohiberi.
3377 5597 3623 5654 Testatur
3642 5611 3827 5659 contra

555 5683 959 5740 nonnunquam,
985 5686 1050 5726 co
1072 5671 1210 5726 nolle
1243 5687 1300 5727 se
1329 5670 1516 5725 diebus
1540 5671 1948 5726 solemuioribus
1978 5685 2281 5728 sermonem
2324 5673 2635 5744 producere,
2665 5677 2804 5747 quod
2832 5677 2967 5735 forte
2992 5692 3171 5738 essent
3213 5687 3382 5754 multi,
3411 5689 3500 5759 qui
3519 5693 3692 5760 potius
3731 5707 3825 5748 so-

556 5760 845 5821 lemnitatis
861 5777 1020 5818 causa
1049 5778 1210 5834 quam
1233 5763 1496 5822 sermonis
1522 5762 1766 5820 audiendi
1807 5761 2070 5822 desiderio
2094 5763 2470 5824 convenissent
2496 5782 2509 5822 ε
2541 5767 2620 5825 sic
2643 5767 2709 5826 ad
2733 5768 3010 5831 Tractatus
3046 5788 3135 5830 Vlll
3176 5776 3355 5834 tinem.
3390 5779 3465 5837 Ex
3502 5796 3620 5837 xm
3648 5793 3824 5847 autem
