4074 6478
216 330 359 387 ςδη
1330 335 1691 395 ΡΒᾹΞἘᾹἸἸΟ
1731 340 1778 395 ID

1883 339 2002 396 .RTI
2042 339 2401 397 AUCTORIS.
3356 344 3492 402 1378

210 446 441 514 aliisque
465 460 591 501 eum
638 445 997 517 intelligimus,
1032 462 1188 518 quam
1217 449 1485 519 Evangelii
1531 459 1734 519 partem
1763 450 1957 521 populo
1983 459 2099 507 erat
2126 452 2464 521 expositurus
2489 452 2677 523 jubere
2701 451 2914 507 solitum
2942 452 3077 508 inter
3113 453 3289 507 divina
3316 453 3491 508 ofﬁcia

213 537 433 591 recitari
460 554 473 590 :
506 554 666 607 quam
700 540 995 607 pnelectam
1019 549 1199 609 postea
1221 540 1487 595 nitebatur
1510 542 1793 610 explicare.
1830 543 2019 597 Verum
2037 541 2080 596 si
2109 542 2322 612 quando
2346 543 2447 599 hoc
2468 544 2697 598 futurum
2723 545 2907 598 fuisset
2928 561 3080 615 aequo
3102 546 3329 616 longius,
3359 547 3493 600 resi-

208 627 375 682 duum
404 628 460 683 in
488 629 634 684 aliud
666 640 873 699 tempus
896 630 1200 694 differebat;
1228 645 1291 685 ac
1314 640 1421 685 tum
1446 646 1653 701 quoque
1679 633 1840 703 relegi
1864 632 2203 702 Cvangelium
2223 616 2587 704 pnecipicbat.

279 720 556 775 Caeterum
594 733 777 777 exacta
813 722 1046 778 nondum
1072 723 1247 779 hieme
1272 738 1420 778 suam
1450 724 1499 777 in
1529 722 1747 779 Joannis
1774 724 2116 795 Evangelium
2143 724 2566 794 explanationem
2597 740 2874 795 aggressus
2898 734 2981 781 est
3008 726 3352 796 Augustinus.
3380 726 3483 782 Te~

208 822 381 867 statur
407 815 612 884 quippe
646 816 697 868 in
724 815 903 869 Traet.
936 831 1009 881 vr,
1050 831 1170 870 sese
1208 816 1534 871 subveritum
1563 831 1629 871 ne
1655 817 1877 886 pepulus
1906 830 1935 869 a
1962 814 2341 886 frequentanda
2372 816 2594 871 ecclesia
2629 817 2841 888 frigoris
2868 821 2921 876 vi
2945 819 3321 874 deterrcrctur.
3353 818 3407 873 In
3433 834 3487 884 x,

209 904 516 974 proximum
563 904 825 975 signiﬁcat
852 914 1058 975 tempus
1086 904 1364 961 imminere
1385 947 1398 973 ,
1430 912 1486 959 ut
1514 906 1773 975 passionis
1802 920 1864 961 ac
1892 906 2296 961 resurrectionis
2334 906 2617 961 Dominica:
2659 909 2966 963 solemnitas
2993 910 3313 964 celebretur.
3347 909 3403 963 In
3435 925 3488 963 χι

206 1002 409 1061 intem,
438 1006 495 1051 ut
520 997 835 1052 adhorletur
860 996 1286 1065 catechumenos,
1314 1000 1421 1069 jam
1454 1008 1657 1069 tempus
1685 999 1914 1069 exigere.
1946 998 2121 1054 Pridie
2146 1000 2264 1069 ejus
2289 999 2389 1055 diei
2416 1014 2519 1069 quo
2552 998 2733 1054 habuit
2760 1016 2851 1066 xu,
2882 1002 3142 1056 dicturum
3171 1016 3230 1057 se
3268 1000 3335 1056 de
3362 1016 3491 1070 pace

208 1086 493 1154 Ecclesizr,
524 1090 611 1144 vel
658 1089 782 1160 quid
826 1090 1040 1161 egisset,
1068 1089 1154 1143 vel
1180 1089 1305 1160 quid
1333 1089 1505 1144 adhuc
1531 1090 1791 1160 agendum
1839 1098 2095 1161 speraret,
2121 1090 2315 1159 populo
2342 1090 2655 1159 promiserat
2680 1106 2694 1143 :
2724 1090 2818 1147 sed
2842 1093 3161 1160 praemittere
3192 1092 3398 1146 solitam
3421 1092 3488 1148 de

208 1181 438 1237 lectione
464 1182 771 1253 evangelica
799 1182 1162 1236 tractationem
1190 1181 1372 1248 voluit,
1403 1196 1464 1236 ac
1490 1190 1599 1236 tum
1630 1182 1787 1237 ﬁdem
1809 1196 1958 1236 suam
1988 1181 2232 1237 liberare.
2259 1180 2395 1247 Quid
2425 1179 2551 1235 illud
2574 1196 2732 1251 porro
2763 1181 2938 1248 fuerit,
2967 1166 3203 1252 quodde
3240 1182 3489 1238 Ecclesia:

204 1288 331 1343 pace
368 1272 665 1328 dicendum
691 1273 936 1339 habebat,
971 1273 1355 1343 incompertum
1401 1280 1512 1340 est;
1547 1288 1714 1343 neque
1743 1274 1793 1327 in
1828 1273 2064 1343 ejusdem
2094 1273 2421 1328 tractationis
2470 1273 2573 1327 ﬁne
2620 1273 2978 1343 conscriptum
3030 1274 3143 1329 fuit.
3177 1275 3395 1329 Videtur
3419 1289 3487 1330 cx

203 1381 289 1420 xm
319 1366 611 1421 Tractatus
634 1366 853 1422 exordio
881 1381 1037 1437 posse
1061 1365 1257 1436 colligi,
1288 1382 1317 1420 a
1344 1352 1533 1421 diebus
1559 1382 1663 1421 non
1688 1354 1763 1421 ita
1794 1365 1971 1436 paucis
1997 1368 2357 1423 intermissum
2387 1367 2454 1421 ab
2480 1378 2544 1422 eo
2570 1366 2732 1422 fuisse
2759 1366 2975 1423 Joannis
3016 1368 3355 1437 Evangelium
3389 1386 3403 1422 :
3432 1376 3487 1422 et

203 1458 372 1527 rcipsa
406 1458 542 1513 illud
584 1474 680 1528 per
722 1458 995 1514 Paschalia
1036 1457 1187 1523 festa,
1234 1473 1351 1527 quae
1380 1458 1430 1511 in
1455 1457 1490 1510 2
1515 1458 1654 1514 diem
1686 1458 1865 1526 aprilis
1890 1472 2029 1511 anno
2055 1458 2160 1512 illi
2190 1457 2519 1522 incidebant,
2565 1458 2865 1527 interrupit,
2908 1473 2973 1513 eo
3019 1458 3158 1529 quod
3185 1458 3268 1512 his
3294 1458 3481 1513 diebus

201 1548 415 1602 ﬁxaset
441 1558 624 1604 certas
644 1565 707 1604 cx
736 1550 1025 1620 Evangelio
1044 1550 1301 1605 lectiones
1322 1552 1593 1619 oporteret
1618 1549 1669 1602 in
1702 1545 1938 1603 Ecclesia
1965 1548 2198 1615 recitari,
2220 1549 2411 1619 quibus
2431 1538 2750 1605 substituere
2771 1546 2900 1605 alias
2929 1566 3033 1604 non
3062 1550 3251 1605 licebat
3275 1568 3287 1604 :
3324 1551 3478 1605 sicuti

200 1657 286 1697 sua
316 1642 371 1695 in
404 1642 811 1712 Expositionem
842 1643 1085 1712 Epistolze
1111 1628 1330 1696 Joannis
1369 1639 1672 1710 prxfatione
1699 1639 1873 1695 decet.
1904 1639 2034 1694 Nam
2064 1639 2264 1696 interea
2297 1641 2549 1709 temporis
2574 1640 2923 1696 enarrandam
2972 1640 3108 1695 hanc
3148 1633 3315 1711 ipsam
3354 1641 3481 1712 Epi-

199 1734 386 1790 stolam
427 1736 665 1805 suscepit
693 1753 707 1789 :
739 1751 966 1805 moxque
994 1749 1054 1789 ea
1094 1742 1411 1804 pertractata
1434 1731 1667 1786 rediitad
1696 1732 2059 1803 Evangelium.
2090 1731 2143 1785 In
2171 1731 2320 1801 cujus
2341 1732 2691 1801 explicatione
2718 1732 3019 1787 Tractatum
3052 1749 3190 1787 xxvn
3210 1773 3226 1799 ,
3254 1735 3481 1788 necdum

198 1827 244 1879 in
271 1825 558 1879 Laurentii
596 1826 868 1897 martyris,
900 1839 1057 1895 quem
1086 1822 1279 1878 ibidem
1312 1821 1508 1888 laudat,
1536 1821 1845 1879 celebritate
1887 1831 2225 1900 excesserat:
2251 1822 2462 1880 tametsi
2487 1825 2720 1895 quinque
2747 1824 3021 1879 Tractatus
3049 1840 3079 1879 a
3108 1840 3216 1891 xix,
3268 1824 3342 1879 uti
3367 1824 3479 1896 jam

192 1917 543 1971 observatum
572 1925 673 1982 est,
706 1916 773 1969 ad
804 1932 954 1981 χχιιι,
983 1914 1169 1969 diebus
1195 1914 1428 1984 quinque
1453 1914 1717 1968 continuis
1745 1914 2073 1984 perfecisset.

253 2006 334 2061 Ex
359 2006 469 2060 hoc
497 2022 667 2076 opere
694 2007 943 2077 decerpta
974 2021 1132 2075 quam
1163 2006 1322 2058 multa
1352 2006 1586 2075 reperies
1609 2004 1747 2075 apud
1775 2006 1970 2062 Bedam
1987 2016 2041 2062 et
2067 2006 2345 2062 Alcuinum
2364 2021 2523 2077 super
2540 2007 2819 2076 Joannem,
2839 2008 2975 2079 apud
3003 2009 3213 2064 Florum
3243 2010 3294 2065 in
3322 2009 3475 2066 Com-

194 2098 465 2153 mentariis
497 2112 664 2166 super
692 2097 835 2151 Pauli
865 2095 1147 2165 Epistulas,
1175 2096 1331 2150 Beda:
1362 2096 1576 2155 nomine
1607 2095 1849 2167 vulgatis,
1873 2106 1999 2164 etc.,
2040 2112 2248 2153 necnon
2288 2099 2579 2153 sententias
2629 2099 2881 2169 quasdam
2905 2117 2934 2154 a
2962 2101 3230 2155 veteribus
3275 2103 3473 2157 confir-

193 2190 396 2245 manda:
425 2190 715 2245 catholicae
744 2190 865 2245 ﬁdei
898 2204 1055 2245 causa
1076 2189 1311 2257 prolatas
1347 2204 1417 2244 ex
1452 2190 1612 2244 variis
1640 2188 1975 2246 Tractatibus
2006 2208 2021 2247 :
2052 2191 2255 2246 scilicet
2278 2206 2342 2246 ex
2376 2208 2431 2257 ιι,
2464 2206 2494 2246 a
2521 2191 2791 2257 Cassiano,
2823 2193 2912 2249 lib.
2944 2195 2975 2248 7
2996 2194 3061 2248 de
3089 2192 3474 2263 lncarnatione,

191 2300 297 2355 cap.
319 2284 430 2348 '27;
462 2300 537 2340 ex
558 2300 785 2350 Lxxvtn,
814 2300 845 2339 a
873 2284 1049 2338 Leone
1077 2298 1211 2353 papa
1237 2283 1288 2336 in
1320 2282 1557 2351 Epistula
1580 2282 1647 2337 ad
1675 2282 1908 2339 Leonem
1928 2284 2223 2355 Augustum
2250 2284 2374 2338 olim
2403 2275 2491 2349 97,
2518 2300 2656 2339 nunc
2686 2286 2807 2351 154,
2835 2294 2936 2341 etc.
2966 2286 3294 2346 Rccordatur
3337 2288 3479 2358 ejus-

187 2378 300 2432 dem
326 2379 520 2447 Operis
541 2376 893 2433 Cassiodorus
913 2376 1137 2432 Senator
1157 2375 1209 2430 in
1238 2375 1331 2429 lib.
1361 2375 1556 2439 lnstit.,
1588 2384 1706 2446 cap.
1737 2376 1792 2443 7,
1818 2375 2078 2431 Joannem
2107 2376 2321 2445 c0piosa
2352 2383 2405 2430 et
2425 2376 2613 2446 insigni
2643 2379 2973 2447 expositione
2999 2380 3067 2436 ab
3095 2381 3390 2453 Augustino
3410 2382 3475 2437 il-

190 2470 469 2524 lustratum
500 2468 909 2525 commendans.
938 2468 1210 2523 Possidius
1232 2467 1283 2522 in
1311 2466 1568 2531 lndiculo,
1599 2481 1718 2537 cap.
1750 2466 1805 2534 6,
1837 2467 1936 2522 sub
1958 2465 2042 2521 his
2068 2467 2247 2522 verbis
2276 2485 2289 2521 :
2317 2466 2584 2523 Tractatus
2612 2470 2675 2523 de
2705 2468 2977 2541 Evangelia
3006 2471 3224 2529 Joannis
3255 2492 3286 2527 a
3312 2478 3480 2544 capite

190 2579 334 2633 usque
360 2563 432 2615 ad
469 2565 654 2631 ﬁnem,
685 2564 739 2617 in
766 2563 1015 2617 codicibus
1041 2578 1150 2617 sex.
1182 2562 1503 2632 Augustinus
1534 2562 1647 2631 ipse
1674 2562 1725 2616 in
1758 2562 2067 2631 praefatione
2094 2561 2160 2617 ad
2187 2562 2464 2617 Tractatus
2491 2577 2652 2633 super
2680 2563 2974 2633 Epistolam
2991 2565 3210 2623 Joannis
3240 2586 3255 2623 :
3287 2568 3476 2622 Memi-

190 2658 270 2720 nit,
298 2657 497 2726 inquit,
532 2656 792 2712 Sanctitas
818 2666 981 2711 vestra
1006 2655 1331 2727 Evangelium
1374 2654 1647 2708 secundum
1674 2654 1929 2709 Joannem
1962 2670 2026 2709 ea:
2048 2653 2223 2708 ordine
2247 2654 2515 2709 lectionum
2547 2672 2640 2709 nos
2680 2656 2841 2732 scier;
2865 2666 3098 2711 tractare.
3132 2659 3471 2731 Rursumque

189 2747 233 2801 iu
261 2748 352 2802 lib.
379 2749 451 2803 15
472 2748 544 2803 de
570 2749 851 2813 Trinitale,
873 2764 990 2818 cap.
1017 2747 1108 2815 ‘27,
1137 2748 1309 2817 signat
1340 2746 1643 2801 Tractatum
1675 2748 1725 2800 in
1754 2746 1908 2801 Joan.
1940 2760 2078 2812 xstx,
2108 2761 2227 2800 cum
2258 2746 2332 2800 ait
2361 2763 2373 2798 :
2410 2744 2485 2798 De
2508 2746 2603 2799 hac
2621 2760 2676 2799 re
2702 2746 2754 2800 in
2798 2763 3023 2802 sermone
3050 2749 3269 2817 quodam
3300 2759 3475 2819 prote-

188 2840 331 2893 rendo
356 2841 428 2893 ad
458 2857 621 2895 aures
645 2840 823 2911 papuli
849 2840 1110 2895 christiani
1138 2839 1378 2903 diximus,
1402 2838 1689 2907 dictumque
1707 2838 2113 2907 conscripsimus.
2136 2837 2293 2891 Plura
2324 2850 2470 2899 sane,
2492 2836 2539 2891 si
2566 2848 2649 2891 sat
2676 2837 2912 2904 vixisset,
2936 2839 3172 2893 dicturus
3198 2840 3250 2894 in
3279 2840 3473 2895 Retra-

192 2932 485 2987 ctationum
518 2933 673 2987 libris
700 2932 1075 3003 peculiaribus,
1102 2946 1256 3001 quos,
1285 2930 1361 2984 uti
1401 2929 1467 2984 ad
1492 2927 1940 2997 Quodvultdeum,
1968 2927 2122 2998 epist.
2144 2927 2283 2993 22L.
2300 2926 2503 2993 scribit,
2523 2930 2576 2982 in
2602 2927 2877 2984 Tractatus
2902 2930 3182 3000 populares
3198 2930 3473 2987 homilias-

188 3039 281 3094 que
302 3039 335 3077 a
358 3038 421 3079 se
451 3023 671 3077 habitas
688 3023 1062 3078 meditabatur.

246 3119 395 3185 Opus
424 3114 483 3169 in
506 3114 734 3169 vetustis
761 3114 1033 3169 codicibus
1059 3113 1389 3179 inscribitur,
1408 3111 1723 3183 quibusdam
1745 3112 2047 3177 Tractatus,
2071 3109 2188 3164 aliis
2208 3110 2513 3175 Sermones,
2538 3110 2807 3164 nonnullis
2834 3110 3075 3167 llomilia:
3105 3112 3157 3167 in
3186 3112 3471 3170 Joannem.

186 3207 281 3263 Sed
302 3209 466 3277 paulo
488 3207 724 3277 amplior
748 3206 930 3263 titulus
953 3216 1035 3263 est
1061 3207 1112 3262 in
1141 3207 1266 3262 Mss.
1295 3206 1653 3272 Andoenensi,
1682 3203 2114 3267 Gemmeticensi,
2142 3211 2197 3258 et
2232 3203 2566 3270 Pratellensi,
2599 3203 2739 3257 hunc
2766 3203 2817 3257 in
2849 3204 3064 3259 modum
3097 3222 3110 3258 :
3142 3205 3334 3261 Aurelii
3360 3207 3474 3260 Au-

187 3304 369 3371 gustini
398 3300 647 3356 Doctoris
675 3299 905 3372 Hippon.
933 3300 1085 3371 episc.
1126 3298 1366 3353 Humilia:
1392 3299 1444 3351 in
1472 3296 1805 3368 Evangelium
1833 3297 1986 3351 Dant.
2014 3294 2138 3350 Iesu
2166 3294 2438 3349 secundum
2464 3294 2715 3349 Joannem
2737 3296 3003 3367 incipiunt,
3032 3314 3156 3366 quas
3176 3298 3283 3369 ipse
3310 3299 3472 3353 collo-

186 3392 375 3458 quendo
418 3392 569 3461 prius
614 3390 681 3443 ad
728 3390 968 3461 populum
1011 3389 1203 3455 habuit,
1244 3398 1291 3443 et
1319 3390 1449 3442 inter
1478 3386 1781 3457 loquendum
1809 3405 1841 3442 a
1868 3388 2077 3442 notariis
2106 3394 2355 3455 exceptas,
2386 3402 2443 3441 eo
2471 3403 2567 3454 quo
2591 3388 2774 3442 habiti:
2800 3398 2916 3441 sunt
2957 3390 3150 3455 ordine,
3185 3390 3384 3444 uerbum
3409 3407 3473 3446 es:

188 3487 328 3539 verba
356 3494 534 3554 postea
554 3485 782 3537 dictavit.
823 3484 1062 3553 Denique
1092 3482 1233 3552 quod
1266 3481 1330 3534 ad
1364 3479 1724 3549 praefationem
1760 3479 1846 3535 hic
1870 3480 2163 3549 subjectam
2185 3480 2396 3545 attinet,
2447 3479 2639 3535 frustra
2661 3496 2777 3535 eam
2805 3496 3010 3549 quiens
3040 3482 3120 3535 vel
3152 3483 3203 3537 in
3226 3483 3349 3537 Mss.
3380 3482 3468 3538 vel

187 3579 237 3631 in
257 3578 419 3631 editis
448 3578 571 3630 Am.
602 3585 656 3631 et
685 3575 811 3629 Bad.
853 3575 1000 3629 llanc
1027 3584 1145 3643 post
1167 3576 1443 3628 Emsmum
1468 3572 1731 3627 dederunt
1756 3572 2135 3638 Lovanienscs,
2168 3573 2256 3642 qui
2277 3582 2449 3627 tamen
2473 3573 2756 3629 observant
2778 3589 2877 3630 ncc
2904 3576 3184 3646 Augustini
3210 3591 3349 3644 esse,
3371 3590 3464 3633 ιω(

187 3668 238 3722 in
263 3668 376 3723 ullo
405 3667 510 3722 Ms.
540 3676 769 3722 exstare.
794 3666 1027 3720 [labetur
1049 3666 1227 3735 paucis
1259 3666 1474 3719 ntntatis
1496 3665 1673 3719 verbis
1700 3662 1839 3734 apud
1867 3664 2060 3718 Bedam
2089 3674 2142 3719 et
2163 3665 2441 3719 Alcuinum
2470 3666 2519 3719 in
2540 3667 2797 3722 Joannem

1378 3808 1694 3817 >—.._——“
1720 3808 2165 3814 —_—.___.____-_
2184 3810 2197 3813 _
2224 3809 2497 3814 _-_.“_._..r_

2598 3809 2771 3816 .—_

200 3816 3457 3862 ,ΞΜ

409 3960 1387 4081 PREPATIO
1461 3959 1778 4073 ΙΝῦί

1883 3958 2210 4071 RTI
2296 3958 3249 4148 Δυατοῃιε.

257 4176 525 4234 Omnibus
549 4176 741 4231 divina:
766 4174 1050 4245 Scriptura:
1082 4171 1285 4242 paginis
1321 4170 1663 4242 Evangelium
1687 4186 1780 4225 ex—

189 4270 367 4335 cellit;
392 4268 516 4340 quia
546 4267 687 4339 quod
716 4263 827 4323 Lex
857 4276 910 4321 ct
938 4266 1217 4335 Prophetm
1246 4263 1477 4318 futurum
1520 4263 1780 4332 praedixe-

188 4370 339 4425 runt,
370 4360 476 4415 hoc
510 4358 828 4428 completum
867 4355 993 4411 dicit
1044 4355 1404 4425 Evangelium.
1459 4346 1601 4409 Inter
1635 4354 1779 4424 ipsos

1886 4179 2177 4241 exponunt,
2221 4182 2273 4227 et
2311 4170 2377 4228 de
2400 4172 2673 4230 divinitate
2690 4190 2851 4245 pauca
2879 4177 3142 4244 dixerunt,
3170 4180 3317 4250 quasi
3347 4180 3468 4236 ani-

1885 4265 2043 4318 malia
2076 4264 2368 4334 grcssibilia
2394 4281 2515 4320 cum
2547 4266 2770 4322 Domino
2795 4262 3067 4323 ambulant
3095 4271 3145 4324 in
3167 4280 3303 4325 terra
3333 4290 3346 4324 :
3380 4272 3467 4326 hic

1884 4365 2064 4411 autem
2093 4372 2257 4427 pauca
2298 4356 2365 4412 de
2397 4358 2774 4428 temporalibus
2800 4359 2914 4429 ejus
2946 4362 3109 4430 gestis
3136 4361 3461 4430 edisserens,

188 4461 367 4506 autem
396 4450 803 4520 Evangeliorum
829 4448 1112 4517 scriptores
1140 4446 1372 4502 Joannes
1402 4445 1599 4501 eminet
1626 4444 1678 4499 in
1701 4444 1780 4499 di-

187 4544 436 4597 vinorum
487 4541 860 4610 mysteriorum
906 4532 1294 4610 profunditate,
1345 4538 1434 4608 qui
1471 4552 1501 4591 a
1539 4546 1778 4606 tempore

188 4635 484 4689 Dominica:
534 4632 860 4687 ascensionis
902 4647 997 4701 per
1037 4644 1206 4685 annos
1243 4630 1511 4699 sexaginta
1546 4629 1777 4699 quinque

186 4725 411 4779 verbum
447 4724 537 4778 Dei
555 4718 755 4792 absque
778 4715 1098 4776 adminiculo
1112 4713 1397 4785 scribendi,
1417 4734 1583 4789 usque
1607 4718 1672 4772 ad
1696 4719 1779 4772 ul-

185 4817 317 4869 tima
350 4814 635 4868 Domitiani
655 4812 959 4883 prtedicavit
989 4822 1245 4880 tempera.
1271 4807 1373 4865 Sed
1395 4810 1572 4865 occiso
1600 4810 1778 4863 Domi-

186 4908 356 4970 tiano,
410 4920 534 4960 cum
587 4904 926 4974 permittente
975 4902 1145 4957 Nerva
1188 4897 1255 4956 de
1294 4901 1482 4956 exsilio
1532 4900 1778 4955 rediisset

188 5000 501 5068 Ephesum;
528 4998 835 5067 compulsus
859 4996 925 5050 ab
945 4995 1208 5065 episcopis
1229 4996 1388 5057 Asiae,
1420 4993 1486 5048 de
1512 5002 1775 5048 coasterna

191 5094 334 5149 Patri
359 5093 641 5148 divinitate
663 5090 856 5147 Christi
880 5090 1089 5159 scripsit
1104 5089 1355 5142 adversus
1371 5086 1670 5151 hmreticos,
1689 5085 1776 5154 qui

188 5185 508 5241 eoabsente
556 5184 855 5253 irruperant
889 5183 940 5236 in
984 5180 1099 5251 ejus
1140 5176 1444 5242 Ecclesias,
1487 5176 1575 5247 qui
1627 5176 1779 5231 Chri—

189 5289 333 5333 stum
361 5287 490 5333 ante
520 5278 736 5332 Mariam
766 5276 930 5331 fuisse
967 5273 1251 5345 negabant.
1306 5270 1458 5326 Unde
1499 5268 1689 5324 merito
1722 5266 1775 5322 in

189 5371 354 5441 ﬁgura
388 5379 618 5442 quatuor
654 5368 994 5433 animalium,
1026 5364 1216 5436 aquila:
1267 5362 1463 5417 volanti
1501 5372 1777 5429 compara-

190 5472 276 5518 tur
304 5481 319 5517 :
347 5477 470 5533 quas
506 5462 652 5517 volat
691 5460 848 5515 altius
875 5456 1083 5513 caeteris
1122 5455 1340 5519 avibus,
1370 5461 1425 5509 et
1447 5452 1575 5507 solis
1604 5450 1779 5505 radios

188 5554 599 5609 irreverberatis
623 5548 812 5622 aspicit
830 5546 1136 5605 luminibus.
1180 5545 1371 5602 Czcteri
1396 5544 1589 5615 quippe
1614 5557 1778 5598 evan-

185 5648 419 5717 gelistze,
462 5646 555 5716 qui
599 5643 945 5716 temporalem
971 5641 1166 5697 Christi
1195 5639 1541 5699 nativitatem,
1570 5645 1624 5691 et
1647 5644 1780 5691 tem-

187 5739 389 5809 poralia
426 5739 545 5809 ejus
583 5738 720 5793 facta
764 5752 882 5808 qua:
923 5734 1087 5808 gessit
1115 5734 1168 5790 in
1194 5733 1425 5800 homine,
1459 5729 1782 5788 sufﬁcienter

1884 4446 1976 4501 sed
2004 4447 2292 4502 divinitatis
2319 4448 2903 4515 potentiam-sublimius
2923 4451 3308 4521 contemplans,
3341 4468 3463 4509 cum

1886 4539 2109 4593 Domino
2138 4539 2202 4593 ad
2226 4540 2419 4595 cmlum
2466 4541 2627 4595 volat.
2651 4541 2747 4607 Qui
2775 4541 2915 4595 enim
2952 4556 3108 4611 supra
3142 4552 3323 4612 pectus
3357 4543 3466 4599 Do-

1883 4631 2017 4684 mini.
2050 4630 2101 4683 in
2138 4645 2286 4686 cmna
2318 4631 2593 4698 recubuit,
2637 4632 2869 4687 cmlestis
2916 4631 3159 4687 haustum
3194 4634 3466 4704 sapientizn

1882 4724 2089 4777 czctcris
2126 4724 2471 4778 excellentius
2506 4723 2574 4778 de
2612 4722 2728 4793 ipso
2770 4725 3020 4778 Dominici
3054 4726 3281 4793 pectoris
3320 4722 3466 4781 fonte

1882 4815 2100 4886 potavit.
2131 4814 2352 4885 Legerat
2376 4816 2633 4885 siquidem
2681 4814 2961 4885 Evangelia
3000 4815 3157 4868 trium
3201 4817 3466 4885 evangeli-

1881 4917 2104 4973 starum,
2129 4916 2184 4962 ct
2209 4907 2592 4977 approbaverat
2615 4906 2768 4962 ﬁdem
2797 4921 2979 4961 eorum
3002 4918 3056 4962 et
3071 4908 3345 4962 veritatem
3374 4925 3386 4961 :
3410 4909 3462 4961 in

1882 4998 2069 5068 quibus
2085 4997 2273 5052 deesse
2298 4997 2425 5051 vidit
2451 4997 2622 5066 aliqua
2650 5006 2918 5065 gestarum
2941 5012 3117 5051 rerum
3141 4997 3388 5057 historian
3410 5006 3465 5051 et

1881 5105 1943 5145 ea
1972 5090 2200 5143 maxime
2227 5105 2344 5159 qua:
2388 5089 2643 5143 Dominus
2675 5088 2840 5159 gessit
2868 5090 3038 5158 primo
3079 5087 3464 5158 prrcdicationis

1882 5195 1992 5235 sum
2019 5185 2276 5249 tempore,
2306 5176 2509 5234 scilicet
2523 5188 2803 5248 antequam
2820 5171 3053 5234 Joannes
3073 5173 3302 5248 Baptista
3319 5178 3466 5232 clau-

1881 5270 2095 5326 deretur
2125 5272 2176 5325 in
2203 5286 2435 5326 carcere.
2481 5270 2606 5325 Haec
2647 5285 2775 5340 ergo
2813 5271 2962 5341 quasi
3011 5270 3225 5323 dimissa
3266 5268 3334 5322 ab
3360 5269 3464 5324 illis

1882 5365 2066 5418 scribit
2100 5363 2354 5428 Joannes,
2381 5378 2498 5432 qua:
2539 5362 2661 5416 fecit
2710 5362 2866 5417 Jesus
2910 5370 3191 5430 antequam
3232 5358 3464 5416 Joannes

1882 5456 2218 5509 clauderetur
2244 5474 2256 5509 :
2281 5454 2375 5509 scd
2407 5455 2634 5509 maxime
2650 5453 2978 5509 divinitatem
3000 5451 3196 5506 Christi
3216 5452 3464 5507 etTrini-

1885 5547 2006 5602 tatis
2032 5548 2339 5620 mysterium
2365 5546 2739 5601 commendare
2767 5545 2992 5599 curavit.
3033 5543 3165 5599 Tres
3203 5546 3463 5615 siquidem

1884 5638 1969 5692 alii
2002 5639 2338 5709 evangelista:
2367 5638 2505 5692 dicta
2537 5647 2590 5693 et
2612 5637 2743 5692 facta
2761 5635 2969 5690 Domini
2995 5638 3323 5707 temporalia,
3346 5653 3465 5706 qua:

1885 5728 1948 5784 ad
1980 5728 2342 5785 informandus
2370 5743 2547 5785 mores
2576 5736 2693 5782 vitm
2712 5728 2991 5797 przcsentis
3011 5729 3237 5784 maxime
3268 5730 3463 5795 valent,
