4074 6464
563 311 702 382 I579
803 341 807 344 ⁴

565 437 834 510 copiosius
857 432 1145 507 prosecuti,
1170 432 1313 489 circa
1341 431 1564 512 activam
1590 430 1748 482 vitam
1775 434 1899 480 sunt
1919 427 2146 482 versati:

567 529 623 584 in
651 544 756 600 qua
770 529 1059 592 laboratur,
1081 534 1140 580 ut
1153 537 1246 579 cor
1271 521 1551 576 mundetur
1565 519 1630 573 ad
1649 516 1930 572 videndum
1947 517 2112 571 Deum
2130 533 2144 570 :

565 620 799 676 Joannes
837 633 963 674 vero
1003 631 1169 688 pauca
1213 613 1422 670 Domini
1467 613 1600 666 facta
1637 609 1802 664 dicit:
1834 608 1994 664 verba
2019 621 2148 663 vero
2189 659 2194 664 .

571 709 778 766 Domini
805 723 922 779 qua:
947 706 1218 764 Trinitatis
1244 706 1517 766 unitatem,
1547 712 1600 756 et
1635 701 1756 755 vitm
1785 707 2000 754 internae
2029 697 2146 753 feli-

566 806 780 860 citatem
793 803 1079 869 insinuant,
1098 797 1400 870 diligentius
1419 793 1741 860 conscribit;
1770 799 1825 848 et
1849 790 1998 848 sicin
2021 803 2149 846 con-

1099 1073 1262 1220 S.

592 952 651 956 μι
684 954 689 955 γ
752 938 1965 956 ,ΨνΜΜ-σὼσ-ι--ῌῌι--α--ῄοκο-
2020 940 2033 941 κ
2054 936 2353 943 -υ-ι--τ--ιμ-ι-
2418 935 2529 943 -σ-μ
2552 936 2643 943 -οη.
2706 938 2711 941 .
2740 940 2769 943 ._
2792 936 2837 943 .-
2866 937 3291 947 _,_______.__’
3608 942 3657 948 _
3722 944 3739 947 μ

582 978 709 987 ν--,
780 974 1059 984 _—-——-—t-
1599 971 1648 983 ὀ

1541 309 1609 374 IN
1648 303 1918 372 lOANNlS
1953 309 2418 377 EVANGELIUM,
2458 310 2516 367 S.
2555 305 2922 369 AUGUSTINI

3703 303 3850 376 issu

2257 423 2556 494 templativa
2585 423 2780 480 virtute
2807 423 3260 492 commendanda,
3306 399 3650 482 intentionem
3692 441 3851 483 suam

2255 525 2310 572 et
2327 515 2756 586 prardicationem
2799 517 2970 570 tenuit
2998 535 3010 570 :
3041 517 3092 571 in
3115 533 3215 588 qua
3245 519 3655 588 contemplativa
3687 535 3856 574 vaca-

2257 615 2342 662 tur
2369 613 2430 662 ut
2459 608 2596 662 Deus
2609 607 2868 663 videatur.
2897 608 3000 662 Iste
3025 609 3285 679 siquidem
3313 619 3396 665 est
3410 609 3660 678 Joannes,
3681 625 3853 683 quem

2257 698 2514 753 Dominus
2542 697 2608 753 de
2627 696 2904 769 fluctivaga
2932 701 3230 768 nuptiarum
3260 709 3570 770 tempestate
3613 705 3845 770 vocavit,

2255 797 2314 844 et
2337 789 2423 845 cui
2451 789 2670 845 Matrem
2693 789 2952 861 virginem
2966 789 3156 860 virgini
3180 791 3587 846 commendavit.

1327 971 2142 1216 ΧῦἰιΕιΠ
2227 1062 3321 1214 AUGUSTINI

1538 1304 2296 1393 HIPPONENSIS
2344 1284 2873 1394 EPISCOPI

703 1497 939 1660 ΙΝ
1068 1481 2040 1659 JOANNIS
2153 1480 3710 1656 EVANGELIUM

1333 1775 2277 1896 TRACTATUS
2373 1778 2884 1891 CXXIV
2941 1793 3086 1894 (α).

2003 2035 2405 2078 Μουνυ-

1117 2162 1527 2232 TRACTATUS
1563 2160 1608 2226 ἰ.

575 2279 642 2333 In
663 2275 790 2332 illud
810 2269 1046 2336 Joannis,
1071 2267 1128 2322 ln
1154 2263 1410 2337 principio
1434 2268 1551 2318 erat
1577 2255 1831 2322 Verbum,
1861 2247 2160 2311 etVerbum

645 2377 759 2425 erat
787 2364 924 2435 apud
955 2363 1141 2426 Deum,
1169 2367 1224 2414 et
1261 2357 1400 2410 Deus
1427 2359 1542 2410 erat
1575 2350 1828 2417 Verbum,
1857 2359 1978 2414 etc.,
2005 2362 2167 2418 usque

646 2459 801 2522 adid,
817 2457 886 2511 Et
907 2454 1140 2510 tenebra:
1151 2463 1268 2506 eam
1287 2461 1394 2502 non
1405 2441 1942 2514 comprehenderunt.
1963 2437 2092 2509 Cap.
2113 2455 2160 2504 ι,

723 2549 882 2604 .1-5.

647 2551 738 2696 ἶ.
766 2551 988 2693 iniens
1017 2633 1036 2666 ⁸
1077 2629 1218 2702 quod
1272 2627 1434 2683 modo
1485 2624 1784 2684 audivimus
1828 2632 1894 2678 ex
1937 2619 2166 2677 lectione

580 2730 892 2804 apostolica,
924 2723 1066 2796 quod
1095 2719 1336 2776 animalis
1371 2719 1532 2774 homo
1559 2729 1666 2771 non
1706 2713 1932 2785 percipit
1959 2727 2020 2804 ea
2045 2725 2166 2804 qua:

577 2801 702 2878 sunt
735 2818 966 2889 Spiritus
995 2813 1088 2868 Dei
1120 2811 1162 2882 (Ι
1187 2809 1304 2866 Cor.
1335 2825 1390 2875 ιι,
1434 2805 1520 2878 14)
1539 2843 1558 2873 ,
1597 2816 1653 2862 et
1675 2805 1942 2876 ‘cogitans,
1971 2803 2024 2856 in
2069 2801 2169 2856 hac

577 2912 830 2987 praesenti
857 2908 1008 2964 turba
1035 2903 1322 2980 Cbaritatis
1351 2909 1541 2955 vestrae
1561 2911 1782 2954 necesse
1793 2909 1914 2951 esse
1935 2903 1992 2950 ιιι
2011 2894 2166 2948 multi

578 2985 686 3062 sint
710 2999 966 3058 animales
989 3037 1004 3064 ,
1033 2995 1122 3066 qui
1161 2992 1332 3048 adhuc
1357 2988 1648 3046 secundum
1679 3001 1892 3042 carnem
1921 2985 2162 3054 sapiant,

579 3097 920 3166 nondumque
943 3107 1002 3148 se
1030 3089 1235 3162 possint
1260 3087 1328 3143 ad
1353 3085 1680 3157 spiritualem
1712 3081 2036 3136 intellectum
2063 3079 2170 3134 eri-

579 3207 705 3263 gere
727 3229 742 3256 ,
792 3187 978 3243 haesito
1019 3182 1396 3245 vehementer,
1449 3175 1750 3248 quomodo,
1811 3183 1870 3228 ut
1913 3171 2170 3227 Dominus

581 3284 806 3348 dederit,
837 3279 1032 3352 possim
1055 3277 1256 3342 dicere,
1279 3272 1364 3328 vel
1395 3286 1494 3342 pro
1521 3268 1736 3324 modulo
1765 3279 1886 3322 meo
1905 3265 2172 3333 explicare

581 3377 720 3448 quod
747 3376 941 3430 lectum
969 3379 1052 3426 est
1077 3385 1143 3424 ex
1177 3364 1462 3435 Evangelio
1481 3405 1495 3430 ,
1523 3359 1588 3416 In
1617 3359 1866 3432 principio
1899 3366 2004 3448 erat
2028 3353 2173 3448 ‘Ver-

583 3445 720 3530 dum,
745 3475 788 3519 et
819 3463 1036 3517 Verbum
1057 3469 1162 3514 erat
1185 3456 1324 3527 apud
1349 3454 1528 3518 Deum,
1559 3461 1606 3506 et
1629 3450 1768 3504 Deus
1785 3457 1891 3502 erat
1921 3445 2135 3502 Verbum
2153 3460 2172 3499 :

583 3557 688 3613 hoc
711 3556 854 3613 enim
874 3551 1124 3608 animalis
1140 3549 1301 3603 homo
1327 3561 1432 3600 non
1461 3540 1705 3613 percipit.
1727 3539 1864 3606 Quid
1889 3551 2036 3606 ergo,
2061 3535 2171 3590 fra-

588 3649 734 3706 tres?
755 3645 1028 3701 silebimus
1057 3639 1213 3696 hinc?
1235 3640 1408 3706 Quare
1438 3649 1566 3706 ergo
1593 3635 1802 3703 legitur,
1827 3631 1872 3684 si
1899 3627 2174 3683 silebitur?

586 3747 680 3794 aut
720 3751 886 3808 quare
931 3733 1163 3798 auditur,
1212 3729 1258 3784 si
1308 3743 1412 3782 non
1455 3719 1909 3806 exponiturised
1952 3727 2006 3774 et
2047 3715 2172 3787 quid

587 3829 886 3900 exponitur,
913 3826 956 3880 si
979 3840 1085 3879 non
1107 3817 1450 3890 intelligitur?
1478 3818 1661 3885 Itaque
1683 3811 1929 3883 quoniam
1960 3823 2172 3863 rursum

588 3936 710 3976 esse
738 3935 842 3974 non
869 3917 1052 3972 dubito
1081 3915 1132 3970 in
1161 3925 1384 3968 numero
1415 3919 1592 3964 vestro
1619 3905 1895 3975 quosdam,
1926 3917 1958 3956 a
1979 3900 2174 3972 quibus

591 4011 756 4082 possit
797 4023 902 4063 non
949 4007 1119 4061 solum
1155 4003 1453 4073 expositum
1486 3999 1634 4068 capi,
1671 3996 1763 4052 sed
1802 4003 1858 4051 et
1891 4001 2172 4064 antequam

591 4109 905 4172 exponatur,
937 4096 1192 4166 intelligi;
1237 4109 1343 4150 non
1393 4091 1650 4146 fraudabo
1687 4104 1781 4144 eos
1819 4088 1910 4160 qui
1954 4093 2174 4157 possunt

590 4205 798 4260 capere,
827 4187 951 4243 dum
973 4185 1137 4240 timeo
1161 4181 1461 4252 superfluus
1486 4195 1604 4236 esse
1631 4180 1844 4233 auribus
1871 4193 2053 4232 eorum
2083 4177 2172 4246 qui

592 4297 698 4336 non
719 4289 940 4352 possunt
957 4291 1167 4347 capere.
1194 4277 1468 4331 Postremo
1488 4271 1653 4328 aderit
1673 4269 2031 4326 misericordia
2055 4269 2169 4337 Dei,

591 4374 814 4428 fortasse
843 4381 901 4426 ut
927 4369 1173 4426 omnibus
1199 4367 1327 4422 satis
1359 4365 1477 4430 fiat,
1506 4373 1554 4420 et
1583 4364 1754 4434 capiat
1783 4363 2004 4432 quisque
2033 4360 2172 4429 quod

591 4471 768 4535 potest
794 4481 806 4516 :
837 4461 960 4532 quia
987 4469 1042 4515 et
1079 4459 1168 4528 qui
1197 4457 1459 4528 loquitur,
1489 4455 1616 4510 dicit
1647 4453 1785 4524 quod
1817 4460 2007 4523 potest.
2039 4451 2172 4506 Nam

591 4555 770 4610 dicere
790 4561 847 4608 ut
869 4558 970 4616 est,
1001 4549 1122 4620 quis
1151 4546 1362 4619 potest?
1390 4545 1572 4602 Audeo
1605 4545 1800 4611 dicere,
1831 4543 2019 4598 fratres
2044 4541 2170 4609 mei,

593 4647 813 4702 forsitan
839 4659 940 4700 nec
977 4643 1092 4714 ipse
1129 4641 1362 4698 Joannes
1390 4639 1522 4694 dixit
1551 4647 1608 4693 ut
1631 4647 1744 4704 est,
1773 4637 1869 4693 sed
1897 4647 1952 4692 et
1979 4637 2092 4706 ipse
2117 4647 2174 4693 ut

591 4737 794 4808 potuit;
824 4735 944 4806 quia
975 4733 1041 4789 de
1071 4733 1180 4790 Deo
1203 4731 1365 4787 homo
1383 4729 1549 4785 dixit:
1571 4739 1626 4786 et
1649 4727 1862 4800 quidem
1889 4729 2173 4798 inspiratus

593 4841 624 4881 a
646 4825 776 4894 Deo,
799 4825 894 4881 sed
915 4833 1090 4879 tamen
1110 4823 1290 4878 homo.
1309 4821 1440 4888 Quia
1461 4820 1767 4890 inspiratus,
1790 4817 1923 4873 dixit
1941 4817 2171 4888 aliquid;

595 4920 640 4976 si
663 4933 770 4975 non
799 4917 1083 4990 inSpiratus
1103 4923 1266 4984 esset,
1296 4913 1518 4970 dixisset
1537 4913 1668 4967 nihil
1691 4929 1704 4966 :
1727 4911 1847 4984 quia
1868 4927 2000 4967 vero
2013 4911 2174 4969 homo

2264 2158 2573 2231 inspiratus,
2603 2173 2710 2221 non
2741 2173 2904 2223 totum
2933 2167 3074 2241 quod
3100 2179 3182 2227 est
3205 2165 3366 2239 dixit;
3397 2172 3490 2229 sed
3513 2173 3652 2244 quod
3673 2177 3856 2246 potuit

2265 2251 2446 2320 homo,
2473 2256 2626 2312 dixit.

2337 2349 2392 2404 2.
2434 2350 2564 2407 Erat
2589 2354 2732 2409 enim
2764 2355 2864 2412 iste
2889 2355 3124 2414 Joannes
3145 2399 3159 2424 ,
3209 2357 3398 2414 fratres
3425 2360 3719 2416 charissimi
3741 2403 3754 2426 ,
3785 2359 3858 2417 de

2267 2440 2374 2498 illis
2401 2445 2669 2501 montibus
2693 2488 2706 2511 ,
2750 2447 2818 2504 de
2859 2450 3054 2520 quibus
3097 2452 3352 2522 scriptum
3387 2460 3472 2508 est
3511 2471 3526 2507 :
3560 2453 3859 2524 Suscipiunt

2267 2543 2458 2622 vitantes
2484 2551 2656 2604 pacem
2675 2540 2864 2610 papula
2879 2545 2984 2606 tuo,
3007 2549 3056 2595 et
3071 2543 3224 2596 colles
3235 2543 3482 2614 justitiam
3505 2543 3672 2615 (Paul.
3697 2559 3854 2611 uxr,

2269 2622 2349 2695 5).
2399 2625 2634 2692 Montes,
2683 2631 2909 2686 excelsa:
2950 2632 3144 2688 animae
3183 2643 3308 2688 sunt
3337 2651 3352 2688 :
3379 2635 3574 2700 colles,
3617 2635 3856 2704 parvulas

2269 2717 2460 2772 anima:
2485 2726 2624 2772 sunt.
2673 2717 2778 2776 Sed
2825 2722 2946 2777 ideo
2989 2732 3195 2779 montes
3239 2723 3510 2793 excipiunt
3547 2741 3750 2793 pacem,
3795 2727 3856 2780 ut

2271 2807 2436 2863 colles
2480 2807 2684 2878 possint
2725 2813 2970 2882 excipere
3002 2813 3280 2884 justitiam.
3321 2815 3452 2883 Quae
3499 2825 3582 2872 est
3613 2817 3852 2886 justitia,

2269 2913 2428 2966 quam
2471 2899 2638 2955 colles
2683 2903 2988 2972 excipiunt?
3029 2905 3220 2973 Fides,
3269 2908 3391 2977 quia
3427 2907 3602 2977 justus
3641 2923 3707 2962 ex
3748 2907 3856 2963 fide

2269 2988 2402 3041 vivit
2433 2987 2665 3062 (IIabac.
2693 3007 2764 3059 ιι,
2796 2993 2863 3060 6;
2907 2994 3058 3050 Rom.
3089 3011 3108 3050 ι
3129 3036 3142 3060 ,
3177 2997 3239 3050 l7
3263 2997 3304 3067 ).
3345 2997 3463 3052 Non
3491 3007 3664 3052 autem
3702 2997 3856 3055 exci-

2271 3087 2461 3147 perent
2505 3080 2742 3136 minores
2791 3083 2984 3139 animae
3023 3084 3178 3140 fidem
3201 3125 3220 3153 ,
3250 3086 3352 3141 nisi
3377 3086 3608 3156 majores
3635 3087 3850 3152 animm,

2271 3187 2390 3243 quia
2415 3185 2626 3231 montes
2652 3175 2809 3231 dictae
2839 3186 2980 3245 sunt,
3009 3179 3076 3234 ab
3097 3179 3208 3248 ipsa
3229 3178 3496 3250 Sapientia
3527 3180 3860 3234 illustrarcn-s

2273 3278 2378 3333 tur,
2401 3277 2458 3322 ut
2487 3268 2692 3336 possint
2719 3270 2952 3338 parvulis
2981 3270 3226 3340 trajicere
3249 3271 3391 3341 quod
3421 3271 3624 3340 possint
3649 3269 3856 3339 parvuli

2271 3373 2482 3429 capere,
2514 3367 2570 3414 et
2595 3359 2776 3415 vivere
2815 3376 2882 3416 ex
2913 3361 3018 3416 fide
3053 3363 3234 3428 colles,
3261 3365 3383 3433 quia
3421 3373 3632 3418 montes
3667 3373 3860 3432 pacem-

2271 3451 2587 3522 suscipiunt.
2633 3453 2716 3508 Ab
2759 3453 2886 3524 ipsis
2923 3455 3190 3509 montibus
3215 3455 3412 3510 dictum
3453 3465 3534 3510 est
3563 3455 3854 3521 Ecclesiae,

2273 3543 2382 3597 Pax
2411 3545 2729 3599 vobiscum:
2765 3555 2818 3600 et
2861 3546 2960 3616 ipsi
3007 3556 3215 3601 montes
3259 3553 3444 3616 pacem
3491 3546 3858 3602 annuntiando

2275 3631 2550 3702 Ecclesim,
2569 3652 2674 3690 non
2703 3637 2996 3692 diviserunt
3013 3653 3082 3692 .se
3109 3638 3363 3692 adversus
3391 3653 3512 3693 eum
3539 3651 3568 3691 a
3594 3651 3700 3707 quo
3727 3651 3858 3694 sue-

2273 3734 2530 3794 ceperunt
2573 3742 2756 3796 pacem
2799 3725 2975 3800 (Joan.
3027 3743 3129 3796 xx,
3163 3727 3289 3800 l9),
3329 3737 3388 3783 ut
3423 3727 3712 3794 veraciter,
3743 3741 3858 3784 non

2275 3815 2397 3870 ﬁcte
2425 3817 2728 3870 nuntiarent
2751 3833 2956 3886 pacem.
3635 3825 3648 3838 '

2345 3906 2398 3960 ὃ.
2437 3905 2574 3962 Sunt
2595 3907 2736 3960 enim
2765 3907 2854 3960 alii
2895 3915 3104 3962 montes
3145 3906 3440 3977 naufragosi
3459 3947 3474 3972 ,
3501 3920 3608 3976 quo
3629 3907 3857 3978 quisque

2275 3995 2450 4050 navim
2489 4011 2610 4050 cum
2645 3997 2948 4066 impulerit,
2983 3997 3223 4050 solvitur.
3253 3995 3428 4052 Facile
3454 4006 3537 4052 est
3559 3998 3700 4052 enim
3731 4013 3858 4053 cum

2273 4087 2481 4142 videtur
2499 4096 2635 4141 terra
2656 4101 2686 4140 a
2707 4086 3142 4157 periclitantibus,
3165 4088 3314 4158 quasi
3335 4089 3513 4144 conari
3535 4088 3602 4143 ad
3625 4097 3854 4145 terram:

2274 4178 2366 4234 sed
2394 4177 2674 4248 aliquando
2701 4177 2906 4233 videtur
2935 4187 3076 4234 terra
3111 4178 3164 4233 in
3205 4188 3416 4246 monte,
3447 4189 3502 4235 et
3527 4195 3655 4235 saxa
3687 4181 3858 4238 latent

2273 4269 2372 4324 sub
2401 4277 2612 4334 monte;
2641 4275 2694 4323 et
2721 4283 2840 4323 cum
2867 4269 3090 4340 quisque
3126 4281 3349 4324 conatur
3375 4270 3439 4325 ad
3469 4279 3724 4338 montem,
3765 4272 3857 4326 in-

2274 4361 2401 4417 cidit
2419 4362 2470 4416 in
2493 4377 2617 4417 saxa
2640 4378 2655 4428 ;
2677 4367 2730 4416 et
2751 4375 2854 4416 non
2882 4361 2953 4417 ibi
2977 4362 3176 4417 invenit
3197 4373 3424 4433 portum,
3449 4363 3539 4417 sed
3561 4363 3854 4433 planctuum.

2275 4455 2362 4510 Sic
2391 4453 2602 4509 fuerunt
2645 4453 2862 4524 quidam
2903 4463 3130 4520 montes,
3174 4462 3229 4509 et
3275 4455 3450 4524 magni
3491 4461 3858 4524 apparuerunt

2275 4545 2413 4600 inter
2437 4545 2716 4610 homines;
2745 4554 2798 4600 el
2823 4543 3064 4600 fecerunt
3091 4547 3320 4600 luercscs
3358 4553 3411 4600 et
3449 4545 3755 4610 schismata,
3801 4553 3861 4601 et
3937 4527 3940 4529 ’

2273 4638 2568 4694 diviserunt
2613 4639 2900 4694 Ecclesiam
2944 4637 3037 4692 Dei
3083 4655 3098 4692 :
3145 4637 3238 4692 sed
3286 4635 3374 4692 isti
3423 4639 3512 4708 qui
3557 4637 3859 4693 diviserunt

2276 4731 2563 4788 Ecclesiam
2590 4729 2705 4798 Dei,
2729 4746 2832 4784 non
2851 4737 3002 4786 erant
3025 4727 3100 4784 illi
3124 4735 3330 4783 montes
3352 4727 3418 4782 de
3442 4727 3630 4798 quibus
3655 4727 3858 4782 dictum

2274 4831 2391 4890 est,
2436 4821 2728 4892 Suscipiunt
2763 4827 2952 4873 montes
2994 4833 3168 4888 pacem
3210 4816 3398 4888 populo
3441 4826 3548 4870 tuo.
3577 4815 3858 4884 Quomodo

2276 4917 2418 4972 enim
2446 4929 2629 4985 pacem
2657 4921 3022 4980 susceperunt,
3052 4909 3139 4978 qui
3169 4907 3423 4962 unitatem
3456 4907 3784 4963 diviserunt?

1792 5041 2050 5080 annonmo
2080 5045 2148 5080 PP.
2185 5043 2610 5082 MEDIC'I’INOBUH.

657 5137 751 5180 uos
773 5131 1004 5178 tractatus
1025 5121 1390 5186 recognovimus
1406 5117 1462 5186 ad
1487 5123 1596 5168 Mss.
1616 5122 1950 5186 rossatensem
1974 5117 2328 5186 Optimzenotae,
2353 5114 2646 5186 descriptum
2661 5111 2811 5186 jussu
2826 5105 3311 5186 Auigilbcrgti-abbati‘s
3339 5103 3728 5186 ciuiliter-annum
3747 5101 3776 5149 8
3771 5099 3860 5186 “tu,

597 5165 1396 5240 ad'iﬁéiﬁiiixﬁ'ééiﬁiihéaéés
1409 5165 1634 5240 duosrad
1657 5165 2022 5240 Corbeiensem;
2051 5165 2402 5240 Hemigiens'em
2416 5165 2433 5234 ,
2449 5165 2926 5240 _Gémmet'icenset_n_,'
2945 5169 3292 5240 Floriacensem
3311 5201 3324 5224 ,
3351 5165 3746 5240 Audoeuensern,
3769 5169 3860 5240 bis:

597 5226 1762 5307 δίέῶἶῖέῖίςῖἶίι-ξᾙῖιξῌῖιῖεἷιῆξ*ι’ἰιῖςίὀρὶιιθηέθε
1779 5239 1901 5307 duos
1918 5271 1932 5294 ,
1955 5226 2342 5307 careasson'ensis
2364 5226 2586 5307 Ecclesiae
2608 5245 2757 5307 unum
2776 5270 2789 5292 ,
2825 5226 3037 5307 abbatiae
3053 5230 3127 5307 de
3147 5226 3862 5307 (Billglll‘a_lflll_llilzgﬁqll-i§)~llil‘llll‘l

599 5285 1932 5376 i.¥£:‘é¥5£"i§iiaiiés”'iééiiéiiés'ééigiaoiﬁis'sepiéni
1951 5285 2294 5363 codicumiper
2306 5285 2647 5349 iiLovanienses
2667 5285 2925 5346 collectas:
2945 5303 3135 5342 necnon
3156 5289 3453 5360 antiquiores
3475 5288 3715 5337 editiones
3747 5285 3859 5336 Ball.

597 5379 669 5422 EX'.
693 5379 743 5422 et
759 5379 868 5422 μοι’.

679 5471 1191 5555 Comparaot'mus
1213 5475 1511 5550 prccterca
1541 5485 1636 5526 eas
1657 5483 1858 5526 omnes
1885 5465 2185 5527 editiones
2209 5465 2404 5530 initio
2433 5467 2607 5528 Rclr.
2629 5473 2690 5529 et
2705 5461 2990 5526 Confess.
3037 5467 3082 5520 t.
3131 5459 3188 5534 1,
3221 5466 3604 5520 memoratas.
3689 5457 3775 5520 M.

665 5600 682 5631 ι
703 5605 810 5647 ωδ.
835 5595 989 5656 nostri
1008 5605 1182 5656 magno
1203 5603 1472 5656 corisensu,
1495 5587 1760 5656 intuentes;
1787 5588 2002 5656 et_infra,
2025 5595 2070 5640 et
2097 5600 2176 5638 co-

599 5653 1020 5727 ςιιςινξιεξνιὶιξιιῖξιιί,
1035 5649 1254 5727 "timeto
1279 5649 1721 5727 Pr.9:_in'?‘€ﬂ'3:;:.€‘
1741 5649 1967 5718 τοθίιαηδ·

661 5720 737 5784 (α)
758 5713 912 5768 Habiti
935 5718 1060 5767 forte
1083 5717 1174 5766 sub
1195 5713 1364 5764 Christi
1385 5725 1561 5764 annum
1583 5713 1689 5764 M6.
