4074 6492
259 366 391 424 BS!

331 483 384 535 4.
425 477 529 548 Qui
557 481 734 532 autem
763 475 1112 543 susceperunt
1139 481 1320 544 pacem
1365 475 1706 530 nuntiandum
1753 492 1851 546 po.-

255 572 408 643 pulo,
447 567 789 636 contemplati
835 575 958 620 sum
1002 566 1170 635 ipsam
1215 565 1559 636 Sapientiam,
1598 575 1852 636 quantum

259 661 510 717 humanis
531 657 780 714 cordibus
808 656 979 726 potuit
1000 656 1235 727 contingi
1265 655 1403 726 quod
1431 670 1528 710 nec
1553 657 1741 712 oculus
1767 656 1852 711 vi-

255 756 372 819 dit,
399 767 504 807 nec
539 750 684 804 auris
724 748 956 812 audivit,
993 762 1092 802 nec
1126 747 1180 802 in
1223 762 1318 802 θοι·
1357 747 1586 802 hominis
1613 748 1854 804 ascendit

247 847 306 920 '(l
333 844 453 902 Cor.
476 859 535 910 ιι,
551 843 629 913 9).
645 841 698 896 Si
721 841 776 895 in
794 855 890 896 eor
910 840 1138 894 hominis
1163 855 1266 894 non
1296 840 1554 909 ascendit,
1580 841 1852 911 quomodo

253 933 502 992 ascendit
529 933 581 986 in
609 945 704 987 eor
731 929 990 986 Joannis?
1016 929 1094 984 An
1123 941 1230 985 non
1257 937 1372 985 erat
1397 929 1557 986 homo
1583 931 1853 988 Joannes?

254 1027 343 1083 Διι
375 1027 515 1081 forte
537 1039 636 1079 nec
667 1023 720 1078 in
744 1038 839 1078 θοι·
862 1022 1081 1078 Joannis
1103 1023 1360 1086 ascendit,
1394 1023 1485 1079 sed
1512 1039 1604 1080 eor
1633 1025 1852 1082 Joannis

255 1119 312 1174 in
339 1118 484 1173 illam
506 1116 790 1172 ascendit?
809 1114 962 1184 Quod
986 1113 1128 1172 enim
1155 1116 1392 1172 ascendit
1414 1117 1464 1172 in
1483 1133 1576 1173 cor
1596 1117 1848 1188 hominis,

253 1210 326 1265 de
357 1211 466 1264 imo
491 1218 575 1264 est
599 1209 666 1264 ad
693 1209 963 1266 hominem
992 1230 1008 1268 :
1035 1227 1141 1282 quo
1166 1222 1340 1268 autem
1367 1213 1605 1269 ascendit
1631 1230 1721 1269 θοι·
1751 1214 1851 1271 ho-

249 1300 679 1365 minis,,sursum
709 1309 790 1356 est
813 1303 881 1356 ab
909 1301 1140 1358 homine.
1173 1304 1343 1359 Etiam
1375 1307 1471 1372 sic,
1504 1306 1714 1372 fratres,
1746 1307 1852 1362 dicl

251 1399 434 1460 potest
466 1392 587 1462 quia
609 1393 654 1447 si
681 1391 922 1450 ascendit
950 1396 1001 1450 in
1029 1411 1124 1450 cor
1151 1395 1392 1464 Joannis,
1416 1398 1458 1451 si
1489 1399 1663 1470 aliquo
1692 1399 1851 1455 modo

251 1491 434 1550 potest
455 1482 582 1547 dici,
598 1485 650 1538 in
673 1493 875 1540 tantum
897 1486 1138 1542 ascendit
1159 1487 1214 1541 in
1232 1501 1326 1542 cor
1340 1487 1578 1557 Joannis,
1611 1491 1660 1544 in
1683 1506 1852 1560 quan-

253 1582 366 1628 tum
398 1575 517 1644 ipse
538 1575 774 1633 Joannes
803 1593 909 1633 non
939 1587 1052 1634 erat
1080 1579 1258 1634 homo.
1283 1579 1418 1647 Quid
1453 1591 1563 1647 est,
1592 1581 1704 1636 Non
1737 1590 1850 1637 erat

251 1665 456 1721 homo?
473 1666 531 1723 In
555 1679 810 1738 quantum
839 1680 1074 1742 coeperat
1105 1688 1224 1728 esse
1251 1674 1499 1744 angelus:
1523 1675 1641 1745 quia
1667 1691 1852 1733 omnes

251 1757 462 1820 sancti,
491 1759 697 1829 angeli;
729 1760 854 1831 quia
879 1763 1278 1818 annuntiatores
1306 1763 1420 1819 Dei.
1468 1764 1593 1820 ideo
1628 1768 1855 1822 carnali-

253 1847 354 1902 bus
379 1858 439 1903 et
459 1849 775 1906 animalibus
810 1866 916 1906 non
944 1851 1237 1908 valentibus
1276 1857 1551 1926 percipere
1577 1872 1693 1926 qua:
1729 1866 1855 1912 sunt

255 1935 388 2004 Dei,
429 1940 562 2010 quid
599 1942 676 1996 ait
705 1944 1029 2012 Apostolus?
1056 1942 1185 1999 Cum
1219 1945 1353 2000 enim
1377 1946 1560 2012 dicitis,
1594 1947 1704 2018 Ego
1741 1965 1854 2002 sum

254 2027 439 2097 Pauli,
463 2047 555 2101 ego
575 2032 778 2100 Apollo,
793 2050 960 2088 nonne
978 2034 1201 2089 homines
1221 2037 1336 2090 estis
1360 2035 1703 2110 (ICor.m,4)?
1717 2037 1854 2107 Quid

251 2133 342 2174 em
367 2120 590 2174 volebat
630 2120 836 2189 facere,
870 2123 1058 2192 quibus
1085 2125 1432 2193 exprobrabat
1461 2125 1580 2196 quia
1614 2127 1856 2184 homines

252 2209 450 2264 erant?
481 2210 654 2266 Vultis
697 2227 854 2265 nosse
893 2214 1016 2283 quid
1047 2229 1141 2270 eos
1180 2213 1356 2271 facere
1398 2216 1648 2272 volebat?
1674 2217 1856 2274 audite

252 2301 304 2354 in
330 2301 606 2356 Psalmis:
641 2301 752 2373 Ego
781 2303 909 2369 dixi,
949 2303 1037 2357 Dii
1064 2305 1200 2372 estis,
1246 2315 1292 2358 et
1329 2307 1424 2375 ﬁlii
1457 2305 1662 2361 Επεείδὶ
1686 2323 1856 2362 omnes

252 2390 430 2459 (Psal.
461 2407 648 2457 Lx-xxt,
680 2393 758 2456 6).
787 2393 868 2447 Ad
895 2393 994 2448 hoc
1023 2409 1153 2465 ergo
1179 2405 1334 2451 vocat
1363 2411 1462 2452 nos
1491 2398 1654 2462 Dous,
1686 2414 1752 2453 ne
1779 2398 1856 2452 si-

256 2497 378 2537 mus
400 2481 672 2538 homines.
695 2482 800 2538 Sed
826 2493 948 2538 tunc
964 2483 1017 2538 in
1035 2485 1225 2539 melius
1246 2501 1349 2539 non
1371 2487 1570 2542 erimus
1593 2487 1853 2553 homines,

257 2573 303 2626 si
331 2573 485 2642 prius
513 2587 614 2627 nos
645 2573 886 2628 homines
913 2589 1031 2629 esse
1073 2589 1421 2645 agnoscamus
1441 2617 1455 2642 ,
1487 2577 1539 2632 id
1578 2586 1678 2642 est,
1711 2587 1764 2631 ut
1791 2577 1858 2632 ad

257 2663 404 2718 illam
437 2665 815 2721 celsitudinem
860 2667 930 2722 ab
969 2666 1264 2722 humilitate
1291 2683 1566 2740 surgamus
1594 2687 1608 2724 :
1639 2685 1707 2725 ne
1735 2685 1856 2724 cum

257 2764 513 2821 putamus
539 2771 638 2810 nos
657 2756 852 2826 aliquid
878 2771 1017 2825 esse,
1040 2771 1162 2812 cum
1182 2756 1312 2812 nihil
1335 2759 1521 2826 simus,
1551 2775 1656 2814 non
1683 2761 1856 2814 solum

265 2857 372 2899 non
400 2846 731 2917 accipiamus
759 2846 900 2918 quod
940 2863 1045 2902 non
1089 2862 1306 2917 sumus,
1338 2849 1432 2905 scd
1461 2859 1514 2905 et
1557 2852 1861 2907 amittamus

263 2935 404 3006 quod
436 2952 649 2992 sumus.

336 3028 392 3080 5.
434 3026 604 3096 Ergo,
642 3026 851 3094 fratres,
881 3027 948 3083 de
976 3027 1058 3082 his
1087 3029 1354 3085 montibus
1383 3037 1436 3086 et
1463 3029 1693 3087 Joannes
1722 3039 1857 3099 erat,

266 3118 355 3188 qui
385 3118 544 3182 dixit,
583 3116 656 3172 In
699 3119 945 3188 principio
981 3130 1085 3176 erat
1126 3119 1356 3186 Verbum,
1402 3132 1448 3176 et
1493 3121 1709 3178 Verbum
1757 3133 1864 3178 erat

269 3211 411 3281 apud
442 3209 631 3275 Deum,
670 3219 719 3264 et
746 3209 885 3266 Deus
923 3221 1028 3266 erat
1062 3211 1298 3267 Verbum.
1337 3213 1653 3284 Susceperat
1681 3230 1864 3284 pacem

269 3317 428 3357 mons
455 3301 598 3367 iste,
641 3303 1097 3370 contemplabatur
1141 3303 1466 3358 divinitatem
1498 3304 1676 3358 Verbi.
1726 3303 1867 3370 Qua—

271 3393 338 3447 lis
375 3393 478 3448 iste
531 3408 687 3447 mons
727 3394 874 3448 erat?
917 3408 1074 3464 quam
1119 3394 1400 3449 excelsus?
1447 3394 1869 3450 Transcenderat

273 3483 454 3538 omnia
510 3497 790 3538 cacumina
849 3492 1150 3549 terrarum,
1216 3483 1618 3540 transcenderat
1675 3499 1864 3540 omnes

273 3590 497 3646 mmpos
548 3576 708 3640 aeris,
769 3576 1170 3631 transcenderat
1218 3590 1404 3631 omnes
1452 3575 1756 3650 altitudines
1788 3576 1864 3631 si-

273 3668 462 3723 derum
485 3709 502 3734 ,
530 3667 932 3722 transcenderat
973 3683 1160 3722 omnes
1187 3666 1378 3722 choros
1405 3675 1457 3722 et
1483 3667 1719 3738 legiones
1760 3669 1870 3722 An-

272 3761 546 3831 gelorum.
594 3759 699 3813 Nisi
742 3759 885 3814 enim
936 3759 1336 3814 transcenderet
1377 3759 1476 3812 ista
1528 3760 1705 3813 omnia
1752 3775 1870 3828 qua:

273 3861 463 3907 creata
497 3860 650 3915 sunt,
681 3865 786 3904 non
837 3850 1140 3920 perveniret
1167 3848 1235 3903 ad
1264 3864 1384 3904 eum
1428 3865 1522 3918 per
1548 3864 1702 3918 quem
1736 3847 1871 3904 facta

273 3951 403 3998 sunt
431 3945 635 3997 omnia.
665 3942 778 3997 Non
808 3941 1027 4012 potestis
1050 3943 1281 4012 cogitare
1309 3941 1433 4011 quid
1467 3941 1869 4010 transcenderit,

274 4033 380 4087 nisi
409 4031 639 4087 videatis
663 4048 772 4102 quo
801 4033 1120 4102 pervenerit.
1151 4031 1357 4099 Quaeris
1378 4032 1442 4085 de
1463 4032 1600 4086 cudo
1620 4041 1673 4088 et
1693 4032 1872 4088 terra?

278 4125 419 4180 facta
446 4134 590 4180 sunt.
618 4124 824 4192 Qumris
851 4123 917 4179 de
945 4125 1027 4178 his
1053 4139 1170 4194 qua:
1213 4134 1337 4178 sunt
1367 4124 1420 4178 in
1450 4124 1587 4179 caelo
1615 4136 1668 4180 ct
1699 4125 1872 4180 terra?

277 4214 478 4284 Utique
506 4214 676 4268 multo
706 4214 872 4284 magis
897 4200 949 4268 et
979 4214 1090 4284 ipsa
1119 4212 1253 4268 facta
1278 4222 1419 4267 sunt.
1447 4213 1650 4280 Qumris
1675 4213 1741 4270 de
1766 4216 1871 4284 spi-

276 4305 564 4360 ritualibus
591 4306 867 4370 creaturis,
892 4303 958 4359 de
980 4304 1210 4374 Angelis,
1236 4303 1601 4374 Archangelis,
1626 4304 1869 4372 Sedibus,

276 4396 784 4462 nominationibus,
834 4395 1165 4463 Virtutibus,
1209 4394 1633 4463 Principatibus?
1661 4403 1716 4449 et
1762 4395 1874 4465 ipsa

279 4489 420 4545 facta
441 4498 586 4544 sunt.
614 4487 748 4544 Nam
767 4504 885 4544 cum
909 4497 1246 4544 enumeraret
1265 4489 1380 4544 hsce
1404 4491 1580 4544 omnia
1609 4490 1871 4558 Psalmus,

277 4581 549 4636 conclusit
568 4581 646 4635 sic
667 4599 681 4635 :
701 4579 820 4650 Ipse
839 4581 985 4646 dixit,
1009 4590 1054 4634 et
1075 4581 1210 4649 facta
1224 4589 1339 4634 sunt
1356 4597 1373 4645 ;
1395 4581 1502 4650 ipse
1526 4581 1799 4646 mandavit,
1830 4591 1876 4636 et

277 4682 454 4727 creata
468 4681 588 4728 sunt
609 4671 781 4742 (Psal.
803 4683 1019 4738 CXLVIII,
1051 4671 1129 4744 5).
1153 4671 1209 4727 Si
1226 4673 1372 4737 dixit,
1391 4683 1436 4726 et
1462 4675 1598 4743 facta
1617 4684 1754 4742 sunt,
1779 4689 1878 4744 per

280 4761 525 4817 Verbum
557 4763 690 4817 facta
717 4771 840 4817 sunt
867 4780 881 4816 :
915 4762 958 4817 si
984 4772 1160 4818 autem
1190 4779 1286 4832 per
1313 4759 1538 4818 Verbum
1567 4765 1700 4821 facta
1730 4775 1874 4835 sunt,

281 4869 394 4908 non
433 4855 604 4925 potuit
643 4853 864 4909 Joannis
903 4869 996 4909 cor
1036 4853 1314 4926 pervenire
1341 4855 1406 4910 ad
1442 4856 1494 4911 id
1521 4857 1658 4926 quod
1689 4859 1781 4924 ait,
1810 4858 1878 4914 In

283 4948 543 5019 principio
571 4957 676 5002 erat
723 4946 976 5014 Verbum,
1000 4957 1044 5001 et
1078 4945 1295 5002 Verbum
1328 4957 1434 5003 erat
1460 4949 1596 5020 apud
1622 4951 1801 5017 Deum,
1830 4961 1879 5006 et

282 5037 429 5093 Deus
451 5051 560 5093 erat
591 5037 837 5106 Verbum;
858 5039 958 5092 nisi
982 5037 1391 5094 transcendisset
1416 5041 1593 5096 omnia
1619 5058 1736 5112 qua:
1756 5052 1880 5098 sunt

283 5131 425 5186 facta
455 5146 552 5200 per
578 5129 836 5185 Verbum.
862 5130 1044 5196 Qualis
1073 5145 1200 5201 ergo
1224 5131 1324 5186 iste
1350 5146 1524 5198 mons,
1566 5148 1720 5204 quam
1751 5148 1880 5186 san-

283 5233 406 5278 ctus
430 5266 447 5288 ,
482 5238 641 5292 quam
685 5223 822 5278 altus
859 5223 996 5278 inter
1023 5223 1144 5278 illos
1172 5233 1380 5279 montes
1417 5225 1508 5294 qui
1534 5233 1880 5295 susceperunt

283 5329 476 5384 pacem
517 5313 714 5384 populo
740 5314 868 5381 Dei,
900 5322 959 5369 ut
982 5313 1148 5370 colles
1186 5323 1402 5384 possent
1431 5315 1700 5385 suscipere
1724 5316 1880 5386 justi-

286 5407 415 5460 tiam
428 5406 453 5460 2

363 5496 415 5550 6.
458 5495 648 5552 Videte
669 5511 796 5566 ergo
815 5538 829 5562 ,
863 5494 1092 5566 fratres,
1109 5509 1176 5550 ne
1205 5493 1340 5550 forte
1366 5495 1430 5550 de
1456 5496 1583 5566 ipsis
1613 5496 1879 5553 montibus

284 5597 371 5641 est
389 5587 644 5655 Joannes,
676 5587 743 5643 de
768 5587 960 5658 quibus
987 5587 1144 5656 paulo
1169 5596 1293 5642 ante
1317 5587 1665 5654 cantavimus,
1699 5587 1880 5643 Levavi

281 5679 457 5732 oculos
478 5695 613 5732 meos
633 5680 684 5732 in
705 5687 918 5744 montes,
941 5677 1074 5731 unde
1098 5677 1258 5732 veniet
1277 5678 1525 5732 auxilium
1546 5679 1687 5733 mihi.
1714 5678 1874 5750 Ergo,

284 5767 481 5824 fratres
508 5769 635 5836 mei,
664 5769 710 5824 si
737 5769 897 5825 vultis
925 5767 1238 5838 intelligere,
1263 5767 1434 5824 levate
1459 5767 1643 5824 oculos
1667 5779 1875 5826 vestros

1481 354 1888 418 TRACTATUS
1926 361 1965 417 Ι.
2003 356 2230 422 CAPUT
2264 357 2303 422 is

3407 367 3542 432 l382
3610 442 3620 446 _

1957 477 2009 531 in
2037 485 2264 532 montem
2296 480 2452 533 istum
2473 497 2486 542 ;
2511 479 2674 547 idest,
2701 472 2883 550 erigite
2905 477 2996 540 vos
3021 485 3086 541 ad
3116 482 3532 560 Evangelistam,

1956 570 2140 639 erigite
2168 586 2261 642 vos
2303 571 2369 625 ad
2408 571 2520 642 ejus
2545 589 2779 628 sensum.
2813 575 2916 630 Sed
2945 579 3062 647 quia
3095 591 3304 636 montes
3333 582 3417 637 isti
3449 599 3544 654 pa-

1955 672 2071 714 cem
2101 660 2415 730 suscipiunt,
2461 677 2564 717 non
2602 673 2776 733 potest
2801 676 2976 722 autem
3008 683 3127 724 esse
3159 671 3208 724 in
3253 687 3383 741 pace
3405 716 3419 739 ,
3451 677 3542 746 qui

1955 763 2103 820 Spem
2149 753 2296 820 ponit
2335 753 2384 805 in
2432 753 2681 821 homine;
2715 755 2876 812 nolite
2906 759 2982 813 sic
3017 760 3221 830 erigere
3259 763 3442 820 oculos
3487 766 3541 821 in

1955 849 2208 906 montem,
2237 850 2294 896 ut
2323 846 2515 913 putetis
2544 846 2596 900 in
2624 845 2838 903 homine
2865 865 3012 919 spem
3039 861 3265 908 vestram
3293 869 3411 910 esse
3440 859 3543 911 col-

1955 931 2259 999 lu‘candam;
2292 943 2345 989 et
2367 935 2444 990 sic
2472 936 2647 1001 dicite,
2673 937 2855 994 Levavi
2874 941 3046 996 oculos
3080 960 3213 998 meos
3239 946 3291 999 in
3321 957 3535 1015 montes,

1954 1023 2088 1076 unde
2104 1025 2263 1078 veniet
2289 1025 2533 1080 auxilium
2553 1029 2695 1095 mihi,
2725 1039 2777 1084 ut
2801 1033 2975 1086 statim
2998 1034 3346 1105 subjungatis,
3373 1038 3538 1092 Anxi-

1955 1114 2079 1167 lium
2108 1132 2270 1168 meum
2297 1133 2328 1169 a
2368 1115 2606 1184 Domino,
2633 1121 2721 1190 qui
2745 1122 2860 1192 fecit
2879 1124 3058 1178 calum
3083 1136 3128 1179 et
3156 1136 3340 1182 terram
3365 1129 3535 1198 (Psal.

1947 1219 2080 1270 cxx,
2111 1207 2162 1270 l,
2193 1205 2270 1276 2).
2303 1207 2441 1277 Ergo
2468 1207 2702 1264 levemus
2726 1212 2907 1266 oculos
2935 1213 2988 1269 in
3018 1225 3245 1282 montes,
3277 1219 3417 1276 unde
3446 1215 3537 1277 ve-

1954 1293 2060 1348 niet
2080 1295 2333 1349 auxilium
2359 1297 2510 1351 nobis
2535 1313 2548 1351 :
2573 1307 2625 1352 et
2643 1308 2815 1354 tamen
2835 1316 2940 1354 non
2962 1302 3058 1372 ipsi
3090 1315 3296 1363 montes
3311 1319 3454 1376 sunt,
3478 1310 3533 1366 in

1955 1385 2146 1455 quibus
2163 1401 2283 1456 spes
2305 1397 2487 1443 nostra
2513 1390 2750 1459 ponenda
2767 1403 2868 1458 est;
2889 1396 3149 1464 accipiunt
3163 1401 3306 1455 enim
3323 1413 3535 1460 montes

1954 1475 2096 1546 quod
2118 1478 2270 1532 nobis
2285 1479 2616 1535 ministrent:
2637 1497 2761 1552 ergo
2780 1483 2919 1539 unde
2942 1493 2995 1539 et
3023 1497 3230 1544 montes
3245 1493 3529 1564 accipiunt,

1956 1565 2025 1620 ibi
2053 1580 2175 1637 spes
2196 1577 2372 1622 nostra
2403 1569 2642 1637 ponenda
2667 1582 2767 1626 est.
2798 1572 2993 1629 Oculos
3021 1585 3230 1633 nostros
3250 1595 3367 1636 cum
3397 1583 3535 1638 leva-

1955 1669 2073 1712 mus
2099 1657 2163 1711 ad
2195 1658 2514 1729 Scripturas,
2544 1662 2664 1731 quia
2687 1677 2785 1732 per
2808 1664 3051 1720 homines
3073 1669 3382 1727 ministrata:
3411 1684 3534 1730 sunt

1956 1747 2260 1817 Scriptura),
2285 1750 2526 1806 levamus
2564 1753 2746 1807 oculos
2776 1764 2988 1811 nostros
3029 1758 3093 1812 ad
3125 1770 3333 1816 montes
3353 1804 3368 1832 ,
3399 1765 3538 1821 unde

1955 1838 2208 1893 auxilium
2231 1844 2410 1896 veniet
2439 1843 2591 1897 nobis
2621 1845 2750 1900 :sed
2780 1856 2954 1902 tamen
2982 1850 3103 1920 quia
3149 1852 3246 1922 ipsi
3293 1853 3536 1914 homines

1956 1940 2106 1985 erant
2131 1933 2218 2002 qui
2246 1934 2573 2003 scripserunt
2601 1936 2917 2006 Scripturas,
2949 1957 3052 1996 non
3085 1943 3150 1999 de
3175 1961 3234 1999 se
3257 1946 3535 2018 lucebaut;

1956 2020 2050 2074 sed
2077 2021 2167 2076 ille
2205 2031 2318 2076 erat
2347 2023 2525 2079 lumen
2551 2041 2734 2080 verum
2776 2028 2952 2099 (Joan.
2982 2047 3016 2096 ι,
3047 2033 3134 2105 9),
3164 2037 3252 2105 qui
3282 2037 3541 2096 illuminat

1956 2126 2167 2169 omnem
2194 2114 2470 2171 hominem
2499 2119 2800 2174 venientem
2836 2121 2886 2175 in
2912 2122 3051 2178 hunc
3084 2128 3361 2184 nmndum.
3388 2129 3540 2188 Mons

1957 2211 2146 2258 eratet
2185 2205 2271 2258 ille
2309 2205 2542 2262 Joannes
2577 2207 2831 2277 Baptista,
2865 2212 2954 2280 qui
2982 2213 3131 2278 dixit,
3164 2215 3283 2271 Non
3309 2235 3422 2272 sum
3449 2233 3540 2293 ego

1959 2291 2185 2347 Christus
2223 2292 2382 2368 (Ibid.
2410 2337 2425 2363 ,
2464 2295 2572 2369 20)
2599 2314 2611 2350 :
2642 2313 2708 2353 ne
2734 2300 3009 2370 quisquam
3048 2319 3196 2372 spem
3225 2308 3275 2360 in
3305 2291 3541 2367 montem

1961 2397 2194 2452 ponens,
2222 2384 2436 2441 caderet
2475 2387 2541 2441 ab
2575 2388 2664 2442 illo
2703 2391 2788 2458 qui
2821 2400 3027 2447 montes
3057 2394 3315 2464 illustrat,
3344 2409 3398 2454 et
3428 2400 3543 2471 ipse

1960 2475 2235 2530 confessus
2261 2475 2372 2543 ait,
2406 2477 2657 2542 Quoniam
2686 2479 2748 2533 de
2775 2481 3083 2551 plenitudine
3116 2488 3222 2557 ejus
3260 2506 3430 2546 omnes
3458 2511 3544 2546 ac-

1960 2568 2182 2636 cepimus
2209 2568 2382 2640 (Ibid.
2420 2586 2455 2638 ι,
2491 2570 2601 2643 l6).
2629 2571 2704 2629 ha
2729 2574 2894 2631 debes
2919 2578 3129 2648 dicere,
3159 2580 3340 2638 Levavi
3371 2588 3545 2643 oculos

1961 2673 2096 2712 meos
2123 2659 2174 2712 in
2196 2670 2403 2724 montes,
2437 2663 2572 2727 unde
2599 2665 2753 2718 veniet
2773 2667 3018 2721 auxilium
3039 2670 3178 2736 mihi,
3203 2689 3270 2727 ne
3289 2676 3542 2730 auxilium

1963 2748 2101 2816 quod
2132 2749 2224 2802 tibi
2248 2751 2430 2815 venit,
2473 2753 2739 2808 montibus
2767 2755 3027 2824 imputes;
3067 2761 3160 2815 sed
3206 2766 3465 2834 sequaris,
3492 2776 3548 2822 et

1964 2838 2137 2906 dicas,
2179 2840 2438 2894 Auxilium
2476 2858 2641 2896 meum
2679 2861 2712 2897 a
2753 2844 3004 2920 Domino,
3033 2851 3120 2921 qui
3142 2853 3262 2924 fecit
3285 2856 3466 2910 ccelmn
3493 2866 3543 2912 et

1965 2937 2167 2983 terram.

2037 3021 2088 3074 7.
2121 3022 2258 3091 Ergo
2277 3062 2289 3084 ,
2315 3022 2502 3078 fratres
2519 3065 2532 3087 ,
2565 3024 2629 3078 ad
2652 3023 2752 3081 hoc
2778 3027 2875 3082 ista
2899 3032 3194 3087 monuerim
3212 3070 3227 3100 ,
3250 3044 3307 3089 ut
3332 3040 3544 3107 quando

1967 3110 2210 3164 erexistis
2239 3127 2330 3166 eor
2356 3112 2422 3166 ad
2449 3114 2768 3184 Scripturas,
2798 3132 2916 3172 cum
2940 3133 3155 3176 sonaret
3175 3125 3540 3199 Evangelium,

1967 3200 2034 3254 In
2061 3202 2309 3274 principio
2335 3215 2439 3257 erat
2467 3203 2697 3272 Verbum,
2729 3217 2775 3262 et
2815 3209 3025 3266 Verbum
3056 3223 3163 3268 erat
3192 3221 3331 3288 apud
3358 3219 3540 3291 Deum,

1969 3303 2015 3346 et
2045 3292 2180 3347 Deus
2208 3304 2311 3347 erat
2341 3293 2577 3360 Verbum,
2607 3307 2661 3351 et
2690 3307 2882 3354 caetera
2909 3318 3027 3368 qua:
3053 3303 3184 3361 lecta
3212 3318 3335 3362 sunt
3354 3351 3366 3375 ,
3397 3312 3552 3368 intel-

1970 3382 2143 3452 ligatis
2163 3399 2256 3439 vos
2284 3384 2485 3439 levasse
2507 3387 2689 3442 oculos
2705 3388 2771 3442 ad
2795 3401 3022 3446 montes.
3050 3393 3158 3448 Nisi
3185 3398 3325 3452 enim
3344 3411 3552 3458 montes

1973 3471 2071 3526 ista
2118 3473 2382 3539 dicerent,
2417 3476 2556 3530 unde
2586 3479 2803 3531 omnino
2831 3481 3163 3550 cogitaretis,
3195 3502 3301 3541 non
3341 3489 3549 3547 iuveni-

1972 3563 2121 3617 retis.
2155 3563 2293 3634 Ergo
2323 3579 2388 3617 ex
2421 3566 2688 3620 montibus
2711 3569 2855 3623 venit
2877 3571 3024 3624 vobis
3053 3575 3324 3642 auxilium,
3358 3588 3416 3634 ut
3435 3580 3553 3637 haec

1972 3657 2054 3709 vel
2085 3656 2375 3711 audiretis:
2425 3660 2516 3711 sed
2555 3659 2789 3713 nondum
2830 3664 3049 3730 potestis
3090 3665 3385 3738 intelligere
3412 3673 3553 3742 quod

1973 3747 2214 3801 audistis.
2277 3747 2520 3802 lnvucate
2579 3751 2831 3804 auxilium
2885 3765 2914 3804 a
2976 3754 3240 3822 Domino,
3291 3761 3381 3828 qui
3431 3761 3555 3818 fecit

1974 3840 2164 3894 malum
2195 3849 2248 3894 et
2279 3849 2507 3893 terram:
2540 3841 2660 3909 quia
2692 3852 2901 3897 montes
2938 3845 3014 3898 sic
3041 3855 3324 3914 potuerunt
3366 3852 3550 3923 loqui,

1973 3938 2164 3984 utnon
2195 3931 2401 4000 possint
2427 3931 2523 4000 ipsi
2554 3931 2891 3999 illuminare;
2924 3935 3044 4004 quia
3071 3947 3124 3990 et
3150 3938 3246 4007 ipsi
3277 3940 3555 4000 illuminati

1976 4030 2102 4076 sunt
2143 4021 2424 4076 audiendo.
2468 4020 2596 4078 lude
2630 4023 2719 4092 qui
2749 4023 2862 4079 haec
2890 4025 3051 4094 dixit,
3090 4032 3293 4099 accepit
3321 4032 3555 4092 Joannes

1977 4112 2100 4178 ille,
2137 4111 2359 4177 fratres,
2405 4112 2491 4182 qui
2521 4112 2886 4168 discumbebat
2929 4129 3089 4186 super
3121 4129 3306 4189 pectus
3349 4124 3556 4181 Domini

1979 4202 2155 4273 (Joan.
2187 4220 2303 4269 xru,
2333 4203 2427 4275 25)
2450 4245 2463 4270 ,
2491 4213 2545 4259 et
2571 4205 2634 4259 de
2659 4214 2872 4275 pectore
2917 4208 3123 4264 Domini
3161 4211 3372 4269 bibebat
3415 4219 3558 4287 quod

1978 4296 2284 4366 propinat-et
2326 4297 2496 4351 nobis.
2531 4297 2634 4352 Sed
2662 4300 2955 4369 propinavit
2990 4305 3182 4371 verba;
3227 4307 3556 4370 intellectum

1979 4394 2154 4442 autem
2188 4387 2309 4442 inde
2345 4387 2509 4443 debes
2547 4403 2770 4458 capere,
2807 4390 2948 4446 unde
2986 4401 3040 4446 et
3069 4394 3182 4463 ipse
3222 4396 3428 4454 biberat
3466 4405 3557 4474 qui

1980 4477 2072 4532 tibi
2095 4478 2391 4548 propinavit
2417 4497 2430 4532 :
2457 4489 2514 4532 ut
2539 4480 2680 4535 leves
2705 4480 2886 4535 oculos
2906 4481 2970 4535 ad
2996 4495 3223 4552 montes,
3250 4489 3389 4544 unde
3408 4495 3558 4547 auxi-

1981 4569 2108 4624 lium
2151 4571 2329 4625 veniet
2369 4571 2498 4636 tibi,
2545 4580 2602 4624 ut
2631 4571 2752 4625 inde
2787 4581 3034 4642 tanquam
3063 4576 3315 4644 calicem,
3359 4579 3410 4635 id
3440 4592 3556 4647 est,

1981 4661 2199 4716 verbum
2230 4663 2245 4693 ¹
2279 4661 2612 4731 propinatum
2637 4661 2944 4731 acciperes;
2975 4675 3028 4719 et
3059 4673 3232 4722 tamen
3260 4669 3380 4740 quia
3409 4674 3561 4727 auxi-

1983 4752 2109 4807 lium
2135 4760 2280 4806 tuum
2307 4768 2335 4805 a
2367 4753 2609 4819 Domino,
2633 4754 2719 4823 qui
2750 4753 2870 4809 fecit
2897 4756 3088 4810 coelum
3112 4767 3165 4812 et
3192 4768 3407 4829 terram,
3437 4764 3558 4819 inde

1983 4844 2231 4914 implercs
2271 4851 2480 4912 pectus,
2522 4843 2659 4898 unde
2703 4844 2938 4914 implevit
2991 4847 3117 4902 ille:
3165 4851 3304 4906 unde
3343 4852 3557 4917 dixisti,

1982 4933 2244 4990 Auxilium
2269 4951 2433 4989 meum
2461 4951 2494 4989 a
2517 4933 2737 4990 Domino
2756 4977 2771 5001 ,
2800 4937 2886 5004 qui
2913 4939 3029 5009 fecit
3053 4940 3232 4996 caelum
3260 4953 3307 4996 et
3336 4953 3562 5002 terram:

1983 5028 2070 5098 qui
2100 5036 2272 5098 potest
2296 5043 2457 5097 ergo,
2500 5026 2734 5095 impleat.
2767 5027 3006 5095 Fratres,
3040 5031 3141 5086 hoc
3178 5033 3284 5086 dixi
3313 5034 3333 5064 '
3361 5051 3374 5087 :
3417 5034 3563 5091 levet

1984 5119 2205 5189 quisque
2242 5132 2337 5172 cor
2375 5133 2526 5172 suum
2566 5117 2832 5188 quomodo
2859 5120 2987 5175 illud
3016 5121 3158 5176 videt
3186 5121 3463 5192 idoneum,
3509 5135 3563 5183 et

1984 5211 2158 5278 capiat
2199 5209 2338 5279 quod
2366 5209 2576 5263 dicitur.
2618 5209 2722 5264 Sed
2752 5209 2890 5266 forte
2928 5211 3028 5266 hoc
3051 5212 3237 5266 dicetis
3257 5255 3271 5278 ,
3301 5215 3420 5283 quia
3463 5231 3563 5288 ego

1983 5301 2134 5355 vobis
2170 5314 2285 5356 sum
2329 5302 2641 5370 prmsentior
2670 5317 2824 5371 quam
2869 5303 3025 5358 Deus.
3072 5303 3243 5357 Absit.
3278 5303 3438 5362 Multo
3480 5318 3564 5365 est

1985 5394 2075 5448 ille
2107 5394 2455 5462 praesentior:
2487 5409 2605 5447 nam
2633 5410 2730 5464 ego
2753 5395 2918 5449 oculis
2949 5396 3138 5450 vestris
3173 5412 3404 5467 appareo
3426 5441 3442 5468 ,
3475 5403 3565 5459 ille

1985 5485 2325 5544 conscientiis
2353 5487 2543 5540 vestris
2573 5487 2840 5555 przcsidct.
2872 5486 2949 5539 Ad
2982 5501 3070 5542 me
3091 5502 3249 5545 aures
3269 5533 3284 5556 ,
3327 5492 3392 5546 ad
3419 5493 3565 5550 illum

1985 5595 2112 5645 cor,
2146 5590 2204 5634 ut
2244 5587 2528 5649 utrumque
2557 5579 2836 5650 impleatis.
2871 5578 3007 5634 Ecce
3038 5579 3222 5636 oculos
3265 5593 3470 5640 vestros
3514 5596 3567 5640 et

2048 5717 2065 5748 ι
2093 5721 2139 5778 In
2163 5710 2411 5778 plerisque
2432 5720 2561 5778 (uss,
2581 5709 2735 5760 verba.

2047 5778 2069 5809 '
2086 5770 2285 5826 Sic'nss.
2307 5770 2360 5826 Αἰ
2384 5775 2518 5835 editi,
2542 5770 2674 5836 ergo,
2700 5776 2911 5833 Fratres,
2935 5770 3127 5838 unpleat
3147 5773 3234 5824 hoc
3257 5775 3384 5837 quod
3406 5773 3533 5827 duri.
