  <div class='ocr_page' id='page_1' title='image "/cluster/home/n/w/nwhite01/storage/ocr_20150623/35/hvd.32044015706302/041.png"; bbox 0 0 4074 6464; ppageno 0'>
   <div class='ocr_carea' id='block_1_1' title="bbox 548 325 683 395">
    <p class='ocr_par' dir='ltr' id='par_1_1' title="bbox 548 325 683 395">
     <span class='ocr_line' id='line_1_1' title="bbox 548 325 683 395; baseline 0 -1"><span class='ocrx_word' id='word_1_1' title='bbox 548 325 683 395; x_wconf 57' lang='grc'><strong>1383</strong></span> 
     </span>
    </p>
   </div>
   <div class='ocr_carea' id='block_1_2' title="bbox 543 429 2115 517">
    <p class='ocr_par' dir='ltr' id='par_1_2' title="bbox 543 429 2115 517">
     <span class='ocr_line' id='line_1_2' title="bbox 543 429 2115 517; baseline -0.016 -9"><span class='ocrx_word' id='word_1_2' title='bbox 543 464 733 509; x_wconf 78' lang='lat' dir='ltr'><strong>sensus</strong></span> <span class='ocrx_word' id='word_1_3' title='bbox 757 448 886 503; x_wconf 83' lang='lat' dir='ltr'><strong>istos</strong></span> <span class='ocrx_word' id='word_1_4' title='bbox 911 443 1147 517; x_wconf 82' lang='lat' dir='ltr'><strong>corporis</strong></span> <span class='ocrx_word' id='word_1_5' title='bbox 1174 436 1359 494; x_wconf 79' lang='lat' dir='ltr'><strong>levatis</strong></span> <span class='ocrx_word' id='word_1_6' title='bbox 1383 434 1448 491; x_wconf 88' lang='lat' dir='ltr'><strong>ad</strong></span> <span class='ocrx_word' id='word_1_7' title='bbox 1475 449 1605 500; x_wconf 89' lang='lat' dir='ltr'><strong>nos;</strong></span> <span class='ocrx_word' id='word_1_8' title='bbox 1635 445 1731 486; x_wconf 92' lang='lat' dir='ltr'><strong>nec</strong></span> <span class='ocrx_word' id='word_1_9' title='bbox 1757 429 1822 483; x_wconf 83' lang='lat' dir='ltr'><strong>ad</strong></span> <span class='ocrx_word' id='word_1_10' title='bbox 1849 442 1945 481; x_wconf 90' lang='lat' dir='ltr'><strong>nos</strong></span> <span class='ocrx_word' id='word_1_11' title='bbox 1966 467 1982 493; x_wconf 91' lang='lat'><strong>,</strong></span> <span class='ocrx_word' id='word_1_12' title='bbox 2008 439 2115 483; x_wconf 86' lang='lat' dir='ltr'><strong>non</strong></span> 
     </span>
    </p>
   </div>
   <div class='ocr_carea' id='block_1_3' title="bbox 545 517 2116 597">
    <p class='ocr_par' dir='ltr' id='par_1_3' title="bbox 545 517 2116 597">
     <span class='ocr_line' id='line_1_3' title="bbox 545 517 2116 597; baseline -0.018 0"><span class='ocrx_word' id='word_1_13' title='bbox 545 542 685 597; x_wconf 90' lang='lat' dir='ltr'><strong>enim</strong></span> <span class='ocrx_word' id='word_1_14' title='bbox 728 553 826 593; x_wconf 92' lang='lat' dir='ltr'><strong>nos</strong></span> <span class='ocrx_word' id='word_1_15' title='bbox 863 537 929 590; x_wconf 91' lang='lat' dir='ltr'><strong>de</strong></span> <span class='ocrx_word' id='word_1_16' title='bbox 968 534 1070 588; x_wconf 81' lang='lat' dir='ltr'><strong>illis</strong></span> <span class='ocrx_word' id='word_1_17' title='bbox 1104 529 1368 585; x_wconf 78' lang='lat' dir='ltr'><strong>montibus</strong></span> <span class='ocrx_word' id='word_1_18' title='bbox 1391 566 1407 591; x_wconf 95' lang='lat'><strong>,</strong></span> <span class='ocrx_word' id='word_1_19' title='bbox 1438 524 1532 580; x_wconf 90' lang='lat' dir='ltr'><strong>sed</strong></span> <span class='ocrx_word' id='word_1_20' title='bbox 1570 523 1635 577; x_wconf 89' lang='lat' dir='ltr'><strong>ad</strong></span> <span class='ocrx_word' id='word_1_21' title='bbox 1664 522 1834 590; x_wconf 85' lang='lat' dir='ltr'><strong>ipsum</strong></span> <span class='ocrx_word' id='word_1_22' title='bbox 1874 517 2116 585; x_wconf 87' lang='lat' dir='ltr'><strong>Evange-</strong></span> 
     </span>
    </p>
   </div>
   <div class='ocr_carea' id='block_1_4' title="bbox 548 604 2115 694">
    <p class='ocr_par' dir='ltr' id='par_1_4' title="bbox 548 604 2115 694">
     <span class='ocr_line' id='line_1_4' title="bbox 548 604 2115 694; baseline -0.019 -9"><span class='ocrx_word' id='word_1_23' title='bbox 548 630 676 685; x_wconf 92' lang='lat' dir='ltr'><strong>lium</strong></span> <span class='ocrx_word' id='word_1_24' title='bbox 694 670 709 694; x_wconf 91' lang='lat'><strong>,</strong></span> <span class='ocrx_word' id='word_1_25' title='bbox 736 625 801 680; x_wconf 88' lang='lat' dir='ltr'><strong>ad</strong></span> <span class='ocrx_word' id='word_1_26' title='bbox 824 626 992 694; x_wconf 90' lang='lat' dir='ltr'><strong>ipsum</strong></span> <span class='ocrx_word' id='word_1_27' title='bbox 1021 618 1405 689; x_wconf 85' lang='lat' dir='ltr'><strong>Evangelistam</strong></span> <span class='ocrx_word' id='word_1_28' title='bbox 1430 630 1444 666; x_wconf 91' lang='lat'><strong>:</strong></span> <span class='ocrx_word' id='word_1_29' title='bbox 1474 627 1567 667; x_wconf 92' lang='lat' dir='ltr'><strong>cor</strong></span> <span class='ocrx_word' id='word_1_30' title='bbox 1589 618 1763 664; x_wconf 89' lang='lat' dir='ltr'><strong>autem</strong></span> <span class='ocrx_word' id='word_1_31' title='bbox 1792 604 2115 675; x_wconf 89' lang='lat' dir='ltr'><strong>implendum</strong></span> 
     </span>
    </p>
   </div>
   <div class='ocr_carea' id='block_1_5' title="bbox 547 695 2129 777">
    <p class='ocr_par' dir='ltr' id='par_1_5' title="bbox 547 695 2129 777">
     <span class='ocr_line' id='line_1_5' title="bbox 547 695 2129 777; baseline -0.018 -2"><span class='ocrx_word' id='word_1_32' title='bbox 547 719 614 775; x_wconf 86' lang='lat' dir='ltr'><strong>ad</strong></span> <span class='ocrx_word' id='word_1_33' title='bbox 657 716 956 772; x_wconf 86' lang='lat' dir='ltr'><strong>Dominum.</strong></span> <span class='ocrx_word' id='word_1_34' title='bbox 998 712 1063 766; x_wconf 84' lang='lat' dir='ltr'><strong>Et</strong></span> <span class='ocrx_word' id='word_1_35' title='bbox 1107 708 1465 777; x_wconf 86' lang='lat' dir='ltr'><strong>unusquisque</strong></span> <span class='ocrx_word' id='word_1_36' title='bbox 1507 702 1582 757; x_wconf 91' lang='lat' dir='ltr'><strong>sic</strong></span> <span class='ocrx_word' id='word_1_37' title='bbox 1623 701 1791 777; x_wconf 80' lang='lat' dir='ltr'><strong>levet,</strong></span> <span class='ocrx_word' id='word_1_38' title='bbox 1837 705 1896 751; x_wconf 93' lang='lat' dir='ltr'><strong>ut</strong></span> <span class='ocrx_word' id='word_1_39' title='bbox 1944 695 2129 750; x_wconf 87' lang='lat' dir='ltr'><strong>videat</strong></span> 
     </span>
    </p>
   </div>
   <div class='ocr_carea' id='block_1_6' title="bbox 546 784 2117 879">
    <p class='ocr_par' dir='ltr' id='par_1_6' title="bbox 546 784 2117 879">
     <span class='ocr_line' id='line_1_6' title="bbox 546 784 2117 879; baseline -0.016 -16"><span class='ocrx_word' id='word_1_40' title='bbox 546 798 672 879; x_wconf 89' lang='lat' dir='ltr'><strong>quid</strong></span> <span class='ocrx_word' id='word_1_41' title='bbox 695 796 861 867; x_wconf 86' lang='lat' dir='ltr'><strong>levet,</strong></span> <span class='ocrx_word' id='word_1_42' title='bbox 884 798 937 857; x_wconf 88' lang='lat' dir='ltr'><strong>et</strong></span> <span class='ocrx_word' id='word_1_43' title='bbox 960 816 1069 879; x_wconf 86' lang='lat' dir='ltr'><strong>quo</strong></span> <span class='ocrx_word' id='word_1_44' title='bbox 1087 800 1241 854; x_wconf 88' lang='lat' dir='ltr'><strong>levet.</strong></span> <span class='ocrx_word' id='word_1_45' title='bbox 1267 791 1535 873; x_wconf 85' lang='lat' dir='ltr'><strong>Quiddixi</strong></span> <span class='ocrx_word' id='word_1_46' title='bbox 1554 830 1569 856; x_wconf 91' lang='lat'><strong>,</strong></span> <span class='ocrx_word' id='word_1_47' title='bbox 1592 787 1730 857; x_wconf 85' lang='lat' dir='ltr'><strong>Quid</strong></span> <span class='ocrx_word' id='word_1_48' title='bbox 1752 784 1917 852; x_wconf 89' lang='lat' dir='ltr'><strong>levet,</strong></span> <span class='ocrx_word' id='word_1_49' title='bbox 1941 794 2117 879; x_wconf 79' lang='lat' dir='ltr'><strong>etquo</strong></span> 
     </span>
    </p>
   </div>
   <div class='ocr_carea' id='block_1_7' title="bbox 546 873 2118 964">
    <p class='ocr_par' dir='ltr' id='par_1_7' title="bbox 546 873 2118 964">
     <span class='ocr_line' id='line_1_7' title="bbox 546 873 2118 964; baseline -0.017 -11"><span class='ocrx_word' id='word_1_50' title='bbox 546 873 728 953; x_wconf 79' lang='lat' dir='ltr'><strong>levet?</strong></span> <span class='ocrx_word' id='word_1_51' title='bbox 757 894 920 964; x_wconf 87' lang='lat' dir='ltr'><strong>Quale</strong></span> <span class='ocrx_word' id='word_1_52' title='bbox 946 906 1037 945; x_wconf 89' lang='lat' dir='ltr'><strong>cor</strong></span> <span class='ocrx_word' id='word_1_53' title='bbox 1062 876 1229 949; x_wconf 87' lang='lat' dir='ltr'><strong>levet,</strong></span> <span class='ocrx_word' id='word_1_54' title='bbox 1259 884 1470 945; x_wconf 88' lang='lat' dir='ltr'><strong>videat;</strong></span> <span class='ocrx_word' id='word_1_55' title='bbox 1501 881 1621 951; x_wconf 84' lang='lat' dir='ltr'><strong>quia</strong></span> <span class='ocrx_word' id='word_1_56' title='bbox 1648 878 1715 933; x_wconf 86' lang='lat' dir='ltr'><strong>ad</strong></span> <span class='ocrx_word' id='word_1_57' title='bbox 1741 877 2019 931; x_wconf 89' lang='lat' dir='ltr'><strong>Dominum</strong></span> <span class='ocrx_word' id='word_1_58' title='bbox 2042 873 2118 928; x_wconf 88' lang='lat' dir='ltr'><strong>le-</strong></span> 
     </span>
    </p>
   </div>
   <div class='ocr_carea' id='block_1_8' title="bbox 547 972 2119 1046">
    <p class='ocr_par' dir='ltr' id='par_1_8' title="bbox 547 972 2119 1046">
     <span class='ocr_line' id='line_1_8' title="bbox 547 972 2119 1046; baseline -0.015 -3"><span class='ocrx_word' id='word_1_59' title='bbox 547 998 633 1043; x_wconf 88' lang='lat' dir='ltr'><strong>vat</strong></span> <span class='ocrx_word' id='word_1_60' title='bbox 658 1006 671 1041; x_wconf 88' lang='lat'><strong>:</strong></span> <span class='ocrx_word' id='word_1_61' title='bbox 705 982 991 1041; x_wconf 38' lang='lat' dir='ltr'><strong>ne‘sarciua</strong></span> <span class='ocrx_word' id='word_1_62' title='bbox 1015 978 1292 1046; x_wconf 70' lang='lat' dir='ltr'><strong>voluptatis</strong></span> <span class='ocrx_word' id='word_1_63' title='bbox 1320 973 1547 1029; x_wconf 81' lang='lat' dir='ltr'><strong>carnalis</strong></span> <span class='ocrx_word' id='word_1_64' title='bbox 1574 978 1975 1040; x_wconf 64' lang='lat' dir='ltr'><strong>prregravatum,</strong></span> <span class='ocrx_word' id='word_1_65' title='bbox 1996 972 2119 1019; x_wconf 86' lang='lat' dir='ltr'><strong>ante</strong></span> 
     </span>
    </p>
   </div>
   <div class='ocr_carea' id='block_1_9' title="bbox 547 1048 2120 1145">
    <p class='ocr_par' dir='ltr' id='par_1_9' title="bbox 547 1048 2120 1145">
     <span class='ocr_line' id='line_1_9' title="bbox 547 1048 2120 1145; baseline -0.016 -12"><span class='ocrx_word' id='word_1_66' title='bbox 547 1078 733 1142; x_wconf 86' lang='lat' dir='ltr'><strong>cadat,</strong></span> <span class='ocrx_word' id='word_1_67' title='bbox 762 1089 917 1145; x_wconf 90' lang='lat' dir='ltr'><strong>quam</strong></span> <span class='ocrx_word' id='word_1_68' title='bbox 946 1069 1105 1124; x_wconf 87' lang='lat' dir='ltr'><strong>fuerit</strong></span> <span class='ocrx_word' id='word_1_69' title='bbox 1132 1066 1481 1120; x_wconf 89' lang='lat' dir='ltr'><strong>sublevatum.</strong></span> <span class='ocrx_word' id='word_1_70' title='bbox 1511 1060 1616 1117; x_wconf 90' lang='lat' dir='ltr'><strong>Sed</strong></span> <span class='ocrx_word' id='word_1_71' title='bbox 1641 1048 1786 1138; x_wconf 89' lang='lat' dir='ltr'><strong>videt</strong></span> <span class='ocrx_word' id='word_1_72' title='bbox 1816 1071 1875 1111; x_wconf 93' lang='lat' dir='ltr'><strong>se</strong></span> <span class='ocrx_word' id='word_1_73' title='bbox 1898 1056 2120 1125; x_wconf 87' lang='lat' dir='ltr'><strong>quisque</strong></span> 
     </span>
    </p>
   </div>
   <div class='ocr_carea' id='block_1_10' title="bbox 546 1145 2116 1238">
    <p class='ocr_par' dir='ltr' id='par_1_10' title="bbox 546 1145 2116 1238">
     <span class='ocr_line' id='line_1_10' title="bbox 546 1145 2116 1238; baseline -0.017 -15"><span class='ocrx_word' id='word_1_74' title='bbox 546 1177 757 1238; x_wconf 85' lang='lat' dir='ltr'><strong>gestare</strong></span> <span class='ocrx_word' id='word_1_75' title='bbox 795 1179 927 1217; x_wconf 90' lang='lat' dir='ltr'><strong>onus</strong></span> <span class='ocrx_word' id='word_1_76' title='bbox 956 1156 1165 1213; x_wconf 86' lang='lat' dir='ltr'><strong>carnis?</strong></span> <span class='ocrx_word' id='word_1_77' title='bbox 1206 1156 1292 1210; x_wconf 91' lang='lat' dir='ltr'><strong>det</strong></span> <span class='ocrx_word' id='word_1_78' title='bbox 1320 1167 1535 1223; x_wconf 83' lang='lat' dir='ltr'><strong>operam</strong></span> <span class='ocrx_word' id='word_1_79' title='bbox 1574 1166 1668 1219; x_wconf 92' lang='lat' dir='ltr'><strong>per</strong></span> <span class='ocrx_word' id='word_1_80' title='bbox 1700 1145 2074 1203; x_wconf 87' lang='lat' dir='ltr'><strong>continentiam</strong></span> <span class='ocrx_word' id='word_1_81' title='bbox 2100 1185 2116 1212; x_wconf 91' lang='lat'><strong>,</strong></span> 
     </span>
    </p>
   </div>
   <div class='ocr_carea' id='block_1_11' title="bbox 548 1231 2119 1326">
    <p class='ocr_par' dir='ltr' id='par_1_11' title="bbox 548 1231 2119 1326">
     <span class='ocr_line' id='line_1_11' title="bbox 548 1231 2119 1326; baseline -0.017 -14"><span class='ocrx_word' id='word_1_82' title='bbox 548 1231 605 1312; x_wconf 74' lang='lat' dir='ltr'><strong>ut</strong></span> <span class='ocrx_word' id='word_1_83' title='bbox 646 1262 833 1326; x_wconf 82' lang='lat' dir='ltr'><strong>purget</strong></span> <span class='ocrx_word' id='word_1_84' title='bbox 874 1249 1014 1321; x_wconf 91' lang='lat' dir='ltr'><strong>quod</strong></span> <span class='ocrx_word' id='word_1_85' title='bbox 1045 1248 1182 1302; x_wconf 90' lang='lat' dir='ltr'><strong>levet</strong></span> <span class='ocrx_word' id='word_1_86' title='bbox 1219 1244 1285 1299; x_wconf 90' lang='lat' dir='ltr'><strong>ad</strong></span> <span class='ocrx_word' id='word_1_87' title='bbox 1325 1244 1512 1297; x_wconf 88' lang='lat' dir='ltr'><strong>Deum.</strong></span> <span class='ocrx_word' id='word_1_88' title='bbox 1564 1237 1711 1293; x_wconf 87' lang='lat' dir='ltr'><strong>Beati</strong></span> <span class='ocrx_word' id='word_1_89' title='bbox 1749 1236 1890 1326; x_wconf 88' lang='lat' dir='ltr'><strong>enim</strong></span> <span class='ocrx_word' id='word_1_90' title='bbox 1938 1231 2119 1326; x_wconf 80' lang='lat' dir='ltr'><strong>mundi</strong></span> 
     </span>
    </p>
   </div>
   <div class='ocr_carea' id='block_1_12' title="bbox 547 1322 2118 1413">
    <p class='ocr_par' dir='ltr' id='par_1_12' title="bbox 547 1322 2118 1413">
     <span class='ocr_line' id='line_1_12' title="bbox 547 1322 2118 1413; baseline -0.017 -11"><span class='ocrx_word' id='word_1_91' title='bbox 547 1322 1020 1413; x_wconf 30' lang='lat' dir='ltr'><strong>corde,vquouiam</strong></span> <span class='ocrx_word' id='word_1_92' title='bbox 1056 1337 1155 1406; x_wconf 92' lang='lat' dir='ltr'><strong>ipsi</strong></span> <span class='ocrx_word' id='word_1_93' title='bbox 1188 1337 1354 1391; x_wconf 89' lang='lat' dir='ltr'><strong>Deum</strong></span> <span class='ocrx_word' id='word_1_94' title='bbox 1387 1330 1639 1386; x_wconf 90' lang='lat' dir='ltr'><strong>videbunt</strong></span> <span class='ocrx_word' id='word_1_95' title='bbox 1677 1325 1888 1399; x_wconf 79' lang='lat' dir='ltr'><strong>(Matth.</strong></span> <span class='ocrx_word' id='word_1_96' title='bbox 1930 1339 1997 1389; x_wconf 88' lang='lat' dir='ltr'><strong>v,</strong></span> <span class='ocrx_word' id='word_1_97' title='bbox 2039 1322 2118 1392; x_wconf 89' lang='lat'><strong>8).</strong></span> 
     </span>
    </p>
   </div>
   <div class='ocr_carea' id='block_1_13' title="bbox 618 1414 2117 1500">
    <p class='ocr_par' dir='ltr' id='par_1_13' title="bbox 618 1414 2117 1500">
     <span class='ocr_line' id='line_1_13' title="bbox 618 1414 2117 1500; baseline -0.017 -8"><span class='ocrx_word' id='word_1_98' title='bbox 618 1439 671 1493; x_wconf 91' lang='lat'><strong>8.</strong></span> <span class='ocrx_word' id='word_1_99' title='bbox 710 1435 840 1490; x_wconf 82' lang='lat' dir='ltr'><strong>Nam</strong></span> <span class='ocrx_word' id='word_1_100' title='bbox 871 1448 995 1488; x_wconf 91' lang='lat' dir='ltr'><strong>ecce</strong></span> <span class='ocrx_word' id='word_1_101' title='bbox 1019 1429 1141 1500; x_wconf 90' lang='lat' dir='ltr'><strong>quid</strong></span> <span class='ocrx_word' id='word_1_102' title='bbox 1169 1426 1411 1499; x_wconf 89' lang='lat' dir='ltr'><strong>prodest,</strong></span> <span class='ocrx_word' id='word_1_103' title='bbox 1442 1422 1561 1492; x_wconf 89' lang='lat' dir='ltr'><strong>quia</strong></span> <span class='ocrx_word' id='word_1_104' title='bbox 1588 1425 1878 1475; x_wconf 90' lang='lat' dir='ltr'><strong>sonuerunt</strong></span> <span class='ocrx_word' id='word_1_105' title='bbox 1921 1414 2080 1470; x_wconf 90' lang='lat' dir='ltr'><strong>verba</strong></span> <span class='ocrx_word' id='word_1_106' title='bbox 2100 1453 2117 1482; x_wconf 94' lang='lat'><strong>,</strong></span> 
     </span>
    </p>
   </div>
   <div class='ocr_carea' id='block_1_14' title="bbox 549 1508 2115 1599">
    <p class='ocr_par' dir='ltr' id='par_1_14' title="bbox 549 1508 2115 1599">
     <span class='ocr_line' id='line_1_14' title="bbox 549 1508 2115 1599; baseline -0.016 -15"><span class='ocrx_word' id='word_1_107' title='bbox 549 1530 613 1585; x_wconf 84' lang='lat' dir='ltr'><strong>In</strong></span> <span class='ocrx_word' id='word_1_108' title='bbox 641 1526 886 1599; x_wconf 82' lang='lat' dir='ltr'><strong>principio</strong></span> <span class='ocrx_word' id='word_1_109' title='bbox 912 1533 1015 1578; x_wconf 87' lang='lat' dir='ltr'><strong>erat</strong></span> <span class='ocrx_word' id='word_1_110' title='bbox 1053 1522 1298 1584; x_wconf 86' lang='lat' dir='ltr'><strong>Verbum,</strong></span> <span class='ocrx_word' id='word_1_111' title='bbox 1318 1526 1365 1572; x_wconf 85' lang='lat' dir='ltr'><strong>et</strong></span> <span class='ocrx_word' id='word_1_112' title='bbox 1397 1513 1612 1570; x_wconf 80' lang='lat' dir='ltr'><strong>Verbum</strong></span> <span class='ocrx_word' id='word_1_113' title='bbox 1640 1520 1745 1567; x_wconf 86' lang='lat' dir='ltr'><strong>erat</strong></span> <span class='ocrx_word' id='word_1_114' title='bbox 1775 1508 1912 1578; x_wconf 84' lang='lat' dir='ltr'><strong>apud</strong></span> <span class='ocrx_word' id='word_1_115' title='bbox 1932 1508 2115 1599; x_wconf 66' lang='lat' dir='ltr'><strong>Deum,</strong></span> 
     </span>
    </p>
   </div>
   <div class='ocr_carea' id='block_1_15' title="bbox 547 1595 2121 1672">
    <p class='ocr_par' dir='ltr' id='par_1_15' title="bbox 547 1595 2121 1672">
     <span class='ocr_line' id='line_1_15' title="bbox 547 1595 2121 1672; baseline -0.015 0"><span class='ocrx_word' id='word_1_116' title='bbox 547 1626 594 1672; x_wconf 81' lang='lat' dir='ltr'><strong>et</strong></span> <span class='ocrx_word' id='word_1_117' title='bbox 620 1595 757 1670; x_wconf 84' lang='lat' dir='ltr'><strong>Deus</strong></span> <span class='ocrx_word' id='word_1_118' title='bbox 782 1624 887 1668; x_wconf 86' lang='lat' dir='ltr'><strong>erat</strong></span> <span class='ocrx_word' id='word_1_119' title='bbox 922 1611 1174 1666; x_wconf 81' lang='lat' dir='ltr'><strong>Verbum?</strong></span> <span class='ocrx_word' id='word_1_120' title='bbox 1204 1610 1269 1664; x_wconf 85' lang='lat' dir='ltr'><strong>Et</strong></span> <span class='ocrx_word' id='word_1_121' title='bbox 1294 1621 1392 1662; x_wconf 90' lang='lat' dir='ltr'><strong>nos</strong></span> <span class='ocrx_word' id='word_1_122' title='bbox 1420 1605 1649 1660; x_wconf 83' lang='lat' dir='ltr'><strong>diximus</strong></span> <span class='ocrx_word' id='word_1_123' title='bbox 1667 1600 1857 1662; x_wconf 91' lang='lat' dir='ltr'><strong>verba,</strong></span> <span class='ocrx_word' id='word_1_124' title='bbox 1888 1612 2009 1653; x_wconf 93' lang='lat' dir='ltr'><strong>cum</strong></span> <span class='ocrx_word' id='word_1_125' title='bbox 2038 1595 2121 1650; x_wconf 89' lang='lat' dir='ltr'><strong>lo-</strong></span> 
     </span>
    </p>
   </div>
   <div class='ocr_carea' id='block_1_16' title="bbox 547 1683 2125 1777">
    <p class='ocr_par' dir='ltr' id='par_1_16' title="bbox 547 1683 2125 1777">
     <span class='ocr_line' id='line_1_16' title="bbox 547 1683 2125 1777; baseline -0.015 -15"><span class='ocrx_word' id='word_1_126' title='bbox 547 1712 850 1777; x_wconf 78' lang='lat' dir='ltr'><strong>queremur.</strong></span> <span class='ocrx_word' id='word_1_127' title='bbox 888 1699 1150 1769; x_wconf 83' lang='lat' dir='ltr'><strong>Numquid</strong></span> <span class='ocrx_word' id='word_1_128' title='bbox 1193 1698 1295 1753; x_wconf 90' lang='lat' dir='ltr'><strong>tale</strong></span> <span class='ocrx_word' id='word_1_129' title='bbox 1325 1683 1556 1751; x_wconf 88' lang='lat' dir='ltr'><strong>Verbum</strong></span> <span class='ocrx_word' id='word_1_130' title='bbox 1595 1699 1708 1747; x_wconf 91' lang='lat' dir='ltr'><strong>erat</strong></span> <span class='ocrx_word' id='word_1_131' title='bbox 1743 1687 1882 1758; x_wconf 90' lang='lat' dir='ltr'><strong>apud</strong></span> <span class='ocrx_word' id='word_1_132' title='bbox 1912 1684 2125 1777; x_wconf 79' lang='lat' dir='ltr'><strong>Deum?</strong></span> 
     </span>
    </p>
   </div>
   <div class='ocr_carea' id='block_1_17' title="bbox 548 1775 2121 1863">
    <p class='ocr_par' dir='ltr' id='par_1_17' title="bbox 548 1775 2121 1863">
     <span class='ocr_line' id='line_1_17' title="bbox 548 1775 2121 1863; baseline -0.015 -11"><span class='ocrx_word' id='word_1_133' title='bbox 548 1775 736 1852; x_wconf 68' lang='lat' dir='ltr'><strong>Nonne</strong></span> <span class='ocrx_word' id='word_1_134' title='bbox 760 1810 819 1849; x_wconf 91' lang='lat' dir='ltr'><strong>ea</strong></span> <span class='ocrx_word' id='word_1_135' title='bbox 850 1808 967 1863; x_wconf 64' lang='lat' dir='ltr'><strong>quae</strong></span> <span class='ocrx_word' id='word_1_136' title='bbox 988 1777 1234 1853; x_wconf 79' lang='lat' dir='ltr'><strong>diximus,</strong></span> <span class='ocrx_word' id='word_1_137' title='bbox 1266 1792 1558 1841; x_wconf 89' lang='lat' dir='ltr'><strong>sonuerunt</strong></span> <span class='ocrx_word' id='word_1_138' title='bbox 1586 1790 1744 1850; x_wconf 89' lang='lat' dir='ltr'><strong>atque</strong></span> <span class='ocrx_word' id='word_1_139' title='bbox 1765 1775 2121 1863; x_wconf 81' lang='lat' dir='ltr'><strong>transierunt?</strong></span> 
     </span>
    </p>
   </div>
   <div class='ocr_carea' id='block_1_18' title="bbox 548 1865 2122 1958">
    <p class='ocr_par' dir='ltr' id='par_1_18' title="bbox 548 1865 2122 1958">
     <span class='ocr_line' id='line_1_18' title="bbox 548 1865 2122 1958; baseline -0.015 -15"><span class='ocrx_word' id='word_1_140' title='bbox 548 1887 687 1958; x_wconf 86' lang='lat' dir='ltr'><strong>Ergo</strong></span> <span class='ocrx_word' id='word_1_141' title='bbox 708 1896 759 1940; x_wconf 90' lang='lat' dir='ltr'><strong>et</strong></span> <span class='ocrx_word' id='word_1_142' title='bbox 787 1883 879 1939; x_wconf 87' lang='lat' dir='ltr'><strong>Dei</strong></span> <span class='ocrx_word' id='word_1_143' title='bbox 906 1880 1129 1937; x_wconf 80' lang='lat' dir='ltr'><strong>Verbum</strong></span> <span class='ocrx_word' id='word_1_144' title='bbox 1150 1872 1325 1933; x_wconf 89' lang='lat' dir='ltr'><strong>sonuit</strong></span> <span class='ocrx_word' id='word_1_145' title='bbox 1345 1878 1397 1931; x_wconf 81' lang='lat' dir='ltr'><strong>et</strong></span> <span class='ocrx_word' id='word_1_146' title='bbox 1419 1881 1686 1944; x_wconf 89' lang='lat' dir='ltr'><strong>peractum</strong></span> <span class='ocrx_word' id='word_1_147' title='bbox 1707 1870 1825 1925; x_wconf 84' lang='lat' dir='ltr'><strong>est?</strong></span> <span class='ocrx_word' id='word_1_148' title='bbox 1845 1865 2122 1935; x_wconf 84' lang='lat' dir='ltr'><strong>Quomodo</strong></span> 
     </span>
    </p>
   </div>
   <div class='ocr_carea' id='block_1_19' title="bbox 548 1959 2123 2047">
    <p class='ocr_par' dir='ltr' id='par_1_19' title="bbox 548 1959 2123 2047">
     <span class='ocr_line' id='line_1_19' title="bbox 548 1959 2123 2047; baseline -0.015 -13"><span class='ocrx_word' id='word_1_149' title='bbox 548 1979 723 2035; x_wconf 85' lang='lat' dir='ltr'><strong>omnia</strong></span> <span class='ocrx_word' id='word_1_150' title='bbox 750 1992 845 2047; x_wconf 87' lang='lat' dir='ltr'><strong>per</strong></span> <span class='ocrx_word' id='word_1_151' title='bbox 878 1976 1046 2045; x_wconf 88' lang='lat' dir='ltr'><strong>ipsum</strong></span> <span class='ocrx_word' id='word_1_152' title='bbox 1089 1966 1222 2026; x_wconf 86' lang='lat' dir='ltr'><strong>facta</strong></span> <span class='ocrx_word' id='word_1_153' title='bbox 1254 1978 1406 2031; x_wconf 88' lang='lat' dir='ltr'><strong>sunt,</strong></span> <span class='ocrx_word' id='word_1_154' title='bbox 1438 1975 1492 2020; x_wconf 92' lang='lat' dir='ltr'><strong>et</strong></span> <span class='ocrx_word' id='word_1_155' title='bbox 1518 1964 1630 2019; x_wconf 90' lang='lat' dir='ltr'><strong>sine</strong></span> <span class='ocrx_word' id='word_1_156' title='bbox 1656 1964 1770 2031; x_wconf 90' lang='lat' dir='ltr'><strong>ipso</strong></span> <span class='ocrx_word' id='word_1_157' title='bbox 1805 1959 1995 2013; x_wconf 89' lang='lat' dir='ltr'><strong>factum</strong></span> <span class='ocrx_word' id='word_1_158' title='bbox 2018 1966 2123 2039; x_wconf 85' lang='lat' dir='ltr'><strong>est</strong></span> 
     </span>
    </p>
   </div>
   <div class='ocr_carea' id='block_1_20' title="bbox 549 2047 2122 2137">
    <p class='ocr_par' dir='ltr' id='par_1_20' title="bbox 549 2047 2122 2137">
     <span class='ocr_line' id='line_1_20' title="bbox 549 2047 2122 2137; baseline -0.017 -11"><span class='ocrx_word' id='word_1_159' title='bbox 549 2066 722 2127; x_wconf 80' lang='lat' dir='ltr'><strong>nihil?</strong></span> <span class='ocrx_word' id='word_1_160' title='bbox 766 2052 1031 2137; x_wconf 82' lang='lat' dir='ltr'><strong>quomodo</strong></span> <span class='ocrx_word' id='word_1_161' title='bbox 1072 2077 1166 2132; x_wconf 89' lang='lat' dir='ltr'><strong>per</strong></span> <span class='ocrx_word' id='word_1_162' title='bbox 1213 2048 1340 2114; x_wconf 91' lang='lat' dir='ltr'><strong>illud</strong></span> <span class='ocrx_word' id='word_1_163' title='bbox 1387 2057 1617 2135; x_wconf 84' lang='lat' dir='ltr'><strong>regitur,</strong></span> <span class='ocrx_word' id='word_1_164' title='bbox 1667 2050 1811 2135; x_wconf 83' lang='lat' dir='ltr'><strong>quod</strong></span> <span class='ocrx_word' id='word_1_165' title='bbox 1855 2065 1949 2135; x_wconf 81' lang='lat' dir='ltr'><strong>per</strong></span> <span class='ocrx_word' id='word_1_166' title='bbox 1994 2047 2122 2102; x_wconf 86' lang='lat' dir='ltr'><strong>illud</strong></span> 
     </span>
    </p>
   </div>
   <div class='ocr_carea' id='block_1_21' title="bbox 547 2136 2122 2219">
    <p class='ocr_par' dir='ltr' id='par_1_21' title="bbox 547 2136 2122 2219">
     <span class='ocr_line' id='line_1_21' title="bbox 547 2136 2122 2219; baseline -0.015 -5"><span class='ocrx_word' id='word_1_167' title='bbox 547 2136 883 2215; x_wconf 18' lang='lat' dir='ltr'><strong>creatumiest</strong></span> <span class='ocrx_word' id='word_1_168' title='bbox 902 2189 917 2219; x_wconf 87' lang='lat'><strong>,</strong></span> <span class='ocrx_word' id='word_1_169' title='bbox 944 2154 988 2208; x_wconf 88' lang='lat' dir='ltr'><strong>si</strong></span> <span class='ocrx_word' id='word_1_170' title='bbox 1013 2150 1190 2207; x_wconf 90' lang='lat' dir='ltr'><strong>sonuit</strong></span> <span class='ocrx_word' id='word_1_171' title='bbox 1212 2157 1265 2202; x_wconf 91' lang='lat' dir='ltr'><strong>et</strong></span> <span class='ocrx_word' id='word_1_172' title='bbox 1286 2142 1526 2201; x_wconf 86' lang='lat' dir='ltr'><strong>transiit?</strong></span> <span class='ocrx_word' id='word_1_173' title='bbox 1548 2142 1713 2209; x_wconf 86' lang='lat' dir='ltr'><strong>Quale</strong></span> <span class='ocrx_word' id='word_1_174' title='bbox 1740 2154 1867 2210; x_wconf 88' lang='lat' dir='ltr'><strong>ergo</strong></span> <span class='ocrx_word' id='word_1_175' title='bbox 1888 2136 2122 2193; x_wconf 80' lang='lat' dir='ltr'><strong>Verbum</strong></span> 
     </span>
    </p>
   </div>
   <div class='ocr_carea' id='block_1_22' title="bbox 547 2228 2121 2322">
    <p class='ocr_par' dir='ltr' id='par_1_22' title="bbox 547 2228 2121 2322">
     <span class='ocr_line' id='line_1_22' title="bbox 547 2228 2121 2322; baseline -0.015 -16"><span class='ocrx_word' id='word_1_176' title='bbox 547 2250 688 2322; x_wconf 87' lang='lat' dir='ltr'><strong>quod</strong></span> <span class='ocrx_word' id='word_1_177' title='bbox 732 2258 785 2304; x_wconf 90' lang='lat' dir='ltr'><strong>et</strong></span> <span class='ocrx_word' id='word_1_178' title='bbox 809 2247 1037 2308; x_wconf 90' lang='lat' dir='ltr'><strong>dicitur,</strong></span> <span class='ocrx_word' id='word_1_179' title='bbox 1088 2242 1143 2297; x_wconf 90' lang='lat' dir='ltr'><strong>et</strong></span> <span class='ocrx_word' id='word_1_180' title='bbox 1181 2255 1286 2295; x_wconf 92' lang='lat' dir='ltr'><strong>non</strong></span> <span class='ocrx_word' id='word_1_181' title='bbox 1328 2235 1567 2321; x_wconf 68' lang='lat' dir='ltr'><strong>transit?</strong></span> <span class='ocrx_word' id='word_1_182' title='bbox 1600 2230 1841 2288; x_wconf 84' lang='lat' dir='ltr'><strong>lntendat</strong></span> <span class='ocrx_word' id='word_1_183' title='bbox 1881 2228 2121 2283; x_wconf 87' lang='lat' dir='ltr'><strong>Charitas</strong></span> 
     </span>
    </p>
   </div>
   <div class='ocr_carea' id='block_1_23' title="bbox 547 2319 2124 2408">
    <p class='ocr_par' dir='ltr' id='par_1_23' title="bbox 547 2319 2124 2408">
     <span class='ocr_line' id='line_1_23' title="bbox 547 2319 2124 2408; baseline -0.014 -12"><span class='ocrx_word' id='word_1_184' title='bbox 547 2319 720 2396; x_wconf 78' lang='lat' dir='ltr'><strong>vestra</strong></span> <span class='ocrx_word' id='word_1_185' title='bbox 747 2356 761 2394; x_wconf 91' lang='lat'><strong>:</strong></span> <span class='ocrx_word' id='word_1_186' title='bbox 790 2352 976 2408; x_wconf 88' lang='lat' dir='ltr'><strong>magna</strong></span> <span class='ocrx_word' id='word_1_187' title='bbox 1004 2349 1091 2390; x_wconf 91' lang='lat' dir='ltr'><strong>res</strong></span> <span class='ocrx_word' id='word_1_188' title='bbox 1115 2340 1215 2388; x_wconf 91' lang='lat' dir='ltr'><strong>est.</strong></span> <span class='ocrx_word' id='word_1_189' title='bbox 1248 2320 1493 2398; x_wconf 85' lang='lat' dir='ltr'><strong>Quotidie</strong></span> <span class='ocrx_word' id='word_1_190' title='bbox 1521 2319 1749 2379; x_wconf 90' lang='lat' dir='ltr'><strong>dicendo</strong></span> <span class='ocrx_word' id='word_1_191' title='bbox 1774 2321 1933 2377; x_wconf 88' lang='lat' dir='ltr'><strong>verba</strong></span> <span class='ocrx_word' id='word_1_192' title='bbox 1954 2319 2124 2403; x_wconf 85' lang='lat' dir='ltr'><strong>vilue-</strong></span> 
     </span>
    </p>
   </div>
   <div class='ocr_carea' id='block_1_24' title="bbox 548 2407 2122 2498">
    <p class='ocr_par' dir='ltr' id='par_1_24' title="bbox 548 2407 2122 2498">
     <span class='ocr_line' id='line_1_24' title="bbox 548 2407 2122 2498; baseline -0.013 -11"><span class='ocrx_word' id='word_1_193' title='bbox 548 2440 673 2487; x_wconf 88' lang='lat' dir='ltr'><strong>runt</strong></span> <span class='ocrx_word' id='word_1_194' title='bbox 693 2429 845 2486; x_wconf 90' lang='lat' dir='ltr'><strong>nobis</strong></span> <span class='ocrx_word' id='word_1_195' title='bbox 867 2407 894 2494; x_wconf 16' lang='grc' dir='ltr'><strong>,ί</strong></span> <span class='ocrx_word' id='word_1_196' title='bbox 912 2427 1032 2498; x_wconf 89' lang='lat' dir='ltr'><strong>quia</strong></span> <span class='ocrx_word' id='word_1_197' title='bbox 1059 2423 1296 2479; x_wconf 91' lang='lat' dir='ltr'><strong>sonando</strong></span> <span class='ocrx_word' id='word_1_198' title='bbox 1323 2419 1485 2475; x_wconf 88' lang='lat' dir='ltr'><strong>verba</strong></span> <span class='ocrx_word' id='word_1_199' title='bbox 1512 2422 1566 2474; x_wconf 89' lang='lat' dir='ltr'><strong>et</strong></span> <span class='ocrx_word' id='word_1_200' title='bbox 1592 2407 1913 2471; x_wconf 88' lang='lat' dir='ltr'><strong>transeundo</strong></span> <span class='ocrx_word' id='word_1_201' title='bbox 1950 2411 2122 2468; x_wconf 85' lang='lat' dir='ltr'><strong>vilue-</strong></span> 
     </span>
    </p>
   </div>
   <div class='ocr_carea' id='block_1_25' title="bbox 548 2503 2123 2587">
    <p class='ocr_par' dir='ltr' id='par_1_25' title="bbox 548 2503 2123 2587">
     <span class='ocr_line' id='line_1_25' title="bbox 548 2503 2123 2587; baseline -0.012 -11"><span class='ocrx_word' id='word_1_202' title='bbox 548 2529 702 2587; x_wconf 88' lang='lat' dir='ltr'><strong>runt,</strong></span> <span class='ocrx_word' id='word_1_203' title='bbox 731 2528 785 2575; x_wconf 91' lang='lat' dir='ltr'><strong>et</strong></span> <span class='ocrx_word' id='word_1_204' title='bbox 808 2518 940 2573; x_wconf 87' lang='lat' dir='ltr'><strong>nihil</strong></span> <span class='ocrx_word' id='word_1_205' title='bbox 961 2515 1101 2571; x_wconf 89' lang='lat' dir='ltr'><strong>aliud</strong></span> <span class='ocrx_word' id='word_1_206' title='bbox 1128 2512 1372 2568; x_wconf 91' lang='lat' dir='ltr'><strong>videntur</strong></span> <span class='ocrx_word' id='word_1_207' title='bbox 1390 2524 1546 2581; x_wconf 90' lang='lat' dir='ltr'><strong>quam</strong></span> <span class='ocrx_word' id='word_1_208' title='bbox 1570 2506 1751 2562; x_wconf 80' lang='lat' dir='ltr'><strong>verba.</strong></span> <span class='ocrx_word' id='word_1_209' title='bbox 1781 2505 1878 2559; x_wconf 83' lang='lat' dir='ltr'><strong>Est</strong></span> <span class='ocrx_word' id='word_1_210' title='bbox 1903 2503 2123 2559; x_wconf 84' lang='lat' dir='ltr'><strong>verbum</strong></span> 
     </span>
    </p>
   </div>
   <div class='ocr_carea' id='block_1_26' title="bbox 548 2598 2125 2678">
    <p class='ocr_par' dir='ltr' id='par_1_26' title="bbox 548 2598 2125 2678">
     <span class='ocr_line' id='line_1_26' title="bbox 548 2598 2125 2678; baseline -0.011 -12"><span class='ocrx_word' id='word_1_211' title='bbox 548 2620 603 2666; x_wconf 90' lang='lat' dir='ltr'><strong>et</strong></span> <span class='ocrx_word' id='word_1_212' title='bbox 644 2611 697 2665; x_wconf 91' lang='lat' dir='ltr'><strong>in</strong></span> <span class='ocrx_word' id='word_1_213' title='bbox 743 2610 856 2678; x_wconf 89' lang='lat' dir='ltr'><strong>ipso</strong></span> <span class='ocrx_word' id='word_1_214' title='bbox 900 2606 1144 2668; x_wconf 90' lang='lat' dir='ltr'><strong>homine,</strong></span> <span class='ocrx_word' id='word_1_215' title='bbox 1194 2601 1333 2673; x_wconf 93' lang='lat' dir='ltr'><strong>quod</strong></span> <span class='ocrx_word' id='word_1_216' title='bbox 1364 2607 1542 2654; x_wconf 89' lang='lat' dir='ltr'><strong>manet</strong></span> <span class='ocrx_word' id='word_1_217' title='bbox 1584 2598 1761 2678; x_wconf 90' lang='lat' dir='ltr'><strong>intus:</strong></span> <span class='ocrx_word' id='word_1_218' title='bbox 1796 2609 1917 2649; x_wconf 90' lang='lat' dir='ltr'><strong>nam</strong></span> <span class='ocrx_word' id='word_1_219' title='bbox 1960 2607 2125 2648; x_wconf 90' lang='lat' dir='ltr'><strong>sonus</strong></span> 
     </span>
    </p>
   </div>
   <div class='ocr_carea' id='block_1_27' title="bbox 549 2676 2125 2772">
    <p class='ocr_par' dir='ltr' id='par_1_27' title="bbox 549 2676 2125 2772">
     <span class='ocr_line' id='line_1_27' title="bbox 549 2676 2125 2772; baseline -0.01 -16"><span class='ocrx_word' id='word_1_220' title='bbox 549 2676 792 2772; x_wconf 83' lang='lat' dir='ltr'><strong>procedit</strong></span> <span class='ocrx_word' id='word_1_221' title='bbox 827 2714 891 2754; x_wconf 84' lang='lat' dir='ltr'><strong>ex</strong></span> <span class='ocrx_word' id='word_1_222' title='bbox 927 2713 1039 2752; x_wconf 90' lang='lat' dir='ltr'><strong>ore.</strong></span> <span class='ocrx_word' id='word_1_223' title='bbox 1078 2695 1173 2750; x_wconf 83' lang='lat' dir='ltr'><strong>Est</strong></span> <span class='ocrx_word' id='word_1_224' title='bbox 1206 2693 1424 2749; x_wconf 89' lang='lat' dir='ltr'><strong>verbum</strong></span> <span class='ocrx_word' id='word_1_225' title='bbox 1465 2676 1614 2761; x_wconf 78' lang='lat' dir='ltr'><strong>quod</strong></span> <span class='ocrx_word' id='word_1_226' title='bbox 1631 2702 1756 2743; x_wconf 86' lang='lat' dir='ltr'><strong>vere</strong></span> <span class='ocrx_word' id='word_1_227' title='bbox 1782 2686 2125 2756; x_wconf 83' lang='lat' dir='ltr'><strong>spiritualiter</strong></span> 
     </span>
    </p>
   </div>
   <div class='ocr_carea' id='block_1_28' title="bbox 547 2777 2119 2858">
    <p class='ocr_par' dir='ltr' id='par_1_28' title="bbox 547 2777 2119 2858">
     <span class='ocr_line' id='line_1_28' title="bbox 547 2777 2119 2858; baseline -0.011 -12"><span class='ocrx_word' id='word_1_228' title='bbox 547 2790 760 2855; x_wconf 86' lang='lat' dir='ltr'><strong>dicitur,</strong></span> <span class='ocrx_word' id='word_1_229' title='bbox 786 2784 914 2843; x_wconf 91' lang='lat' dir='ltr'><strong>illud</strong></span> <span class='ocrx_word' id='word_1_230' title='bbox 941 2786 1082 2858; x_wconf 91' lang='lat' dir='ltr'><strong>quod</strong></span> <span class='ocrx_word' id='word_1_231' title='bbox 1104 2784 1353 2854; x_wconf 82' lang='lat' dir='ltr'><strong>intelligis</strong></span> <span class='ocrx_word' id='word_1_232' title='bbox 1377 2782 1447 2837; x_wconf 92' lang='lat' dir='ltr'><strong>de</strong></span> <span class='ocrx_word' id='word_1_233' title='bbox 1475 2794 1628 2846; x_wconf 91' lang='lat' dir='ltr'><strong>sono,</strong></span> <span class='ocrx_word' id='word_1_234' title='bbox 1662 2794 1767 2832; x_wconf 91' lang='lat' dir='ltr'><strong>nou</strong></span> <span class='ocrx_word' id='word_1_235' title='bbox 1798 2777 1912 2846; x_wconf 87' lang='lat' dir='ltr'><strong>ipse</strong></span> <span class='ocrx_word' id='word_1_236' title='bbox 1936 2790 2119 2831; x_wconf 89' lang='lat' dir='ltr'><strong>sonus.</strong></span> 
     </span>
    </p>
   </div>
   <div class='ocr_carea' id='block_1_29' title="bbox 547 2868 2127 2945">
    <p class='ocr_par' dir='ltr' id='par_1_29' title="bbox 547 2868 2127 2945">
     <span class='ocr_line' id='line_1_29' title="bbox 547 2868 2127 2945; baseline -0.01 -7"><span class='ocrx_word' id='word_1_237' title='bbox 547 2882 687 2938; x_wconf 85' lang='lat' dir='ltr'><strong>Ecce</strong></span> <span class='ocrx_word' id='word_1_238' title='bbox 709 2882 928 2936; x_wconf 89' lang='lat' dir='ltr'><strong>verbum</strong></span> <span class='ocrx_word' id='word_1_239' title='bbox 956 2880 1074 2934; x_wconf 91' lang='lat' dir='ltr'><strong>dico</strong></span> <span class='ocrx_word' id='word_1_240' title='bbox 1094 2919 1110 2945; x_wconf 94' lang='lat'><strong>,</strong></span> <span class='ocrx_word' id='word_1_241' title='bbox 1139 2892 1260 2932; x_wconf 89' lang='lat' dir='ltr'><strong>cum</strong></span> <span class='ocrx_word' id='word_1_242' title='bbox 1291 2875 1441 2941; x_wconf 90' lang='lat' dir='ltr'><strong>dico,</strong></span> <span class='ocrx_word' id='word_1_243' title='bbox 1472 2871 1631 2927; x_wconf 87' lang='lat' dir='ltr'><strong>Deus.</strong></span> <span class='ocrx_word' id='word_1_244' title='bbox 1658 2870 1825 2937; x_wconf 87' lang='lat' dir='ltr'><strong>Quam</strong></span> <span class='ocrx_word' id='word_1_245' title='bbox 1853 2868 2014 2923; x_wconf 91' lang='lat' dir='ltr'><strong>breve</strong></span> <span class='ocrx_word' id='word_1_246' title='bbox 2041 2875 2127 2922; x_wconf 90' lang='lat' dir='ltr'><strong>est</strong></span> 
     </span>
    </p>
   </div>
   <div class='ocr_carea' id='block_1_30' title="bbox 546 2961 2125 3045">
    <p class='ocr_par' dir='ltr' id='par_1_30' title="bbox 546 2961 2125 3045">
     <span class='ocr_line' id='line_1_30' title="bbox 546 2961 2125 3045; baseline -0.01 -15"><span class='ocrx_word' id='word_1_247' title='bbox 546 2974 687 3045; x_wconf 92' lang='lat' dir='ltr'><strong>quod</strong></span> <span class='ocrx_word' id='word_1_248' title='bbox 710 2972 817 3028; x_wconf 84' lang='lat' dir='ltr'><strong>dixi</strong></span> <span class='ocrx_word' id='word_1_249' title='bbox 843 3013 857 3037; x_wconf 96' lang='lat'><strong>,</strong></span> <span class='ocrx_word' id='word_1_250' title='bbox 903 2982 1127 3041; x_wconf 85' lang='lat' dir='ltr'><strong>quatuor</strong></span> <span class='ocrx_word' id='word_1_251' title='bbox 1153 2970 1353 3023; x_wconf 86' lang='lat' dir='ltr'><strong>litteras</strong></span> <span class='ocrx_word' id='word_1_252' title='bbox 1377 3008 1391 3033; x_wconf 95' lang='lat'><strong>,</strong></span> <span class='ocrx_word' id='word_1_253' title='bbox 1419 2974 1472 3020; x_wconf 91' lang='lat' dir='ltr'><strong>et</strong></span> <span class='ocrx_word' id='word_1_254' title='bbox 1496 2964 1627 3019; x_wconf 89' lang='lat' dir='ltr'><strong>duas</strong></span> <span class='ocrx_word' id='word_1_255' title='bbox 1654 2962 1915 3035; x_wconf 86' lang='lat' dir='ltr'><strong>syllabas!</strong></span> <span class='ocrx_word' id='word_1_256' title='bbox 1960 2961 2125 3016; x_wconf 84' lang='lat' dir='ltr'><strong>Num-</strong></span> 
     </span>
    </p>
   </div>
   <div class='ocr_carea' id='block_1_31' title="bbox 547 3050 2123 3135">
    <p class='ocr_par' dir='ltr' id='par_1_31' title="bbox 547 3050 2123 3135">
     <span class='ocr_line' id='line_1_31' title="bbox 547 3050 2123 3135; baseline -0.01 -16"><span class='ocrx_word' id='word_1_257' title='bbox 547 3063 795 3135; x_wconf 88' lang='lat' dir='ltr'><strong>quidnam</strong></span> <span class='ocrx_word' id='word_1_258' title='bbox 820 3062 922 3116; x_wconf 94' lang='lat' dir='ltr'><strong>hoc</strong></span> <span class='ocrx_word' id='word_1_259' title='bbox 951 3070 1115 3115; x_wconf 92' lang='lat' dir='ltr'><strong>totum</strong></span> <span class='ocrx_word' id='word_1_260' title='bbox 1144 3065 1226 3114; x_wconf 89' lang='lat' dir='ltr'><strong>est</strong></span> <span class='ocrx_word' id='word_1_261' title='bbox 1254 3058 1422 3122; x_wconf 88' lang='lat' dir='ltr'><strong>Deus,</strong></span> <span class='ocrx_word' id='word_1_262' title='bbox 1446 3062 1670 3126; x_wconf 85' lang='lat' dir='ltr'><strong>quatuor</strong></span> <span class='ocrx_word' id='word_1_263' title='bbox 1697 3054 1907 3116; x_wconf 63' lang='lat' dir='ltr'><strong>litterae,</strong></span> <span class='ocrx_word' id='word_1_264' title='bbox 1930 3058 1984 3107; x_wconf 89' lang='lat' dir='ltr'><strong>et</strong></span> <span class='ocrx_word' id='word_1_265' title='bbox 2004 3050 2123 3106; x_wconf 66' lang='lat' dir='ltr'><strong>duae</strong></span> 
     </span>
    </p>
   </div>
   <div class='ocr_carea' id='block_1_32' title="bbox 547 3141 2122 3226">
    <p class='ocr_par' dir='ltr' id='par_1_32' title="bbox 547 3141 2122 3226">
     <span class='ocr_line' id='line_1_32' title="bbox 547 3141 2122 3226; baseline -0.011 -16"><span class='ocrx_word' id='word_1_266' title='bbox 547 3152 802 3226; x_wconf 61' lang='lat' dir='ltr'><strong>syllabae?</strong></span> <span class='ocrx_word' id='word_1_267' title='bbox 830 3154 911 3206; x_wconf 87' lang='lat' dir='ltr'><strong>An</strong></span> <span class='ocrx_word' id='word_1_268' title='bbox 942 3160 1192 3222; x_wconf 90' lang='lat' dir='ltr'><strong>quantum</strong></span> <span class='ocrx_word' id='word_1_269' title='bbox 1236 3141 1336 3202; x_wconf 87' lang='lat' dir='ltr'><strong>hoc</strong></span> <span class='ocrx_word' id='word_1_270' title='bbox 1372 3147 1475 3200; x_wconf 87' lang='lat' dir='ltr'><strong>vile</strong></span> <span class='ocrx_word' id='word_1_271' title='bbox 1504 3152 1611 3209; x_wconf 85' lang='lat' dir='ltr'><strong>est,</strong></span> <span class='ocrx_word' id='word_1_272' title='bbox 1651 3152 1855 3197; x_wconf 85' lang='lat' dir='ltr'><strong>tantum</strong></span> <span class='ocrx_word' id='word_1_273' title='bbox 1901 3142 2122 3196; x_wconf 90' lang='lat' dir='ltr'><strong>charum</strong></span> 
     </span>
    </p>
   </div>
   <div class='ocr_carea' id='block_1_33' title="bbox 548 3230 2124 3317">
    <p class='ocr_par' dir='ltr' id='par_1_33' title="bbox 548 3230 2124 3317">
     <span class='ocr_line' id='line_1_33' title="bbox 548 3230 2124 3317; baseline -0.01 -14"><span class='ocrx_word' id='word_1_274' title='bbox 548 3256 631 3304; x_wconf 87' lang='lat' dir='ltr'><strong>est</strong></span> <span class='ocrx_word' id='word_1_275' title='bbox 655 3245 795 3317; x_wconf 91' lang='lat' dir='ltr'><strong>quod</strong></span> <span class='ocrx_word' id='word_1_276' title='bbox 820 3245 870 3299; x_wconf 92' lang='lat' dir='ltr'><strong>in</strong></span> <span class='ocrx_word' id='word_1_277' title='bbox 901 3234 978 3298; x_wconf 86' lang='lat' dir='ltr'><strong>eis</strong></span> <span class='ocrx_word' id='word_1_278' title='bbox 1004 3234 1353 3310; x_wconf 84' lang='lat' dir='ltr'><strong>intelligitur?</strong></span> <span class='ocrx_word' id='word_1_279' title='bbox 1380 3232 1514 3305; x_wconf 90' lang='lat' dir='ltr'><strong>Quid</strong></span> <span class='ocrx_word' id='word_1_280' title='bbox 1544 3230 1737 3290; x_wconf 89' lang='lat' dir='ltr'><strong>factum</strong></span> <span class='ocrx_word' id='word_1_281' title='bbox 1772 3238 1853 3290; x_wconf 88' lang='lat' dir='ltr'><strong>est</strong></span> <span class='ocrx_word' id='word_1_282' title='bbox 1881 3233 1934 3288; x_wconf 91' lang='lat' dir='ltr'><strong>in</strong></span> <span class='ocrx_word' id='word_1_283' title='bbox 1962 3232 2124 3288; x_wconf 87' lang='lat' dir='ltr'><strong>corde</strong></span> 
     </span>
    </p>
   </div>
   <div class='ocr_carea' id='block_1_34' title="bbox 545 3323 2123 3404">
    <p class='ocr_par' dir='ltr' id='par_1_34' title="bbox 545 3323 2123 3404">
     <span class='ocr_line' id='line_1_34' title="bbox 545 3323 2123 3404; baseline -0.008 -12"><span class='ocrx_word' id='word_1_284' title='bbox 545 3343 668 3404; x_wconf 94' lang='lat' dir='ltr'><strong>tuo,</strong></span> <span class='ocrx_word' id='word_1_285' title='bbox 707 3345 828 3391; x_wconf 90' lang='lat' dir='ltr'><strong>cum</strong></span> <span class='ocrx_word' id='word_1_286' title='bbox 857 3331 1095 3389; x_wconf 89' lang='lat' dir='ltr'><strong>audisses</strong></span> <span class='ocrx_word' id='word_1_287' title='bbox 1118 3371 1133 3396; x_wconf 91' lang='lat'><strong>,</strong></span> <span class='ocrx_word' id='word_1_288' title='bbox 1163 3330 1338 3386; x_wconf 87' lang='lat' dir='ltr'><strong>Deus?</strong></span> <span class='ocrx_word' id='word_1_289' title='bbox 1361 3328 1498 3396; x_wconf 91' lang='lat' dir='ltr'><strong>Quid</strong></span> <span class='ocrx_word' id='word_1_290' title='bbox 1523 3326 1720 3383; x_wconf 90' lang='lat' dir='ltr'><strong>factum</strong></span> <span class='ocrx_word' id='word_1_291' title='bbox 1762 3334 1844 3381; x_wconf 91' lang='lat' dir='ltr'><strong>est</strong></span> <span class='ocrx_word' id='word_1_292' title='bbox 1872 3324 1926 3379; x_wconf 91' lang='lat' dir='ltr'><strong>in</strong></span> <span class='ocrx_word' id='word_1_293' title='bbox 1962 3323 2123 3379; x_wconf 90' lang='lat' dir='ltr'><strong>corde</strong></span> 
     </span>
    </p>
   </div>
   <div class='ocr_carea' id='block_1_35' title="bbox 546 3418 2123 3495">
    <p class='ocr_par' dir='ltr' id='par_1_35' title="bbox 546 3418 2123 3495">
     <span class='ocr_line' id='line_1_35' title="bbox 546 3418 2123 3495; baseline -0.008 -10"><span class='ocrx_word' id='word_1_294' title='bbox 546 3436 689 3495; x_wconf 80' lang='lat' dir='ltr'><strong>meo,</strong></span> <span class='ocrx_word' id='word_1_295' title='bbox 717 3442 836 3483; x_wconf 90' lang='lat' dir='ltr'><strong>cum</strong></span> <span class='ocrx_word' id='word_1_296' title='bbox 862 3426 1115 3490; x_wconf 87' lang='lat' dir='ltr'><strong>dicerem,</strong></span> <span class='ocrx_word' id='word_1_297' title='bbox 1150 3423 1331 3478; x_wconf 86' lang='lat' dir='ltr'><strong>Deus?</strong></span> <span class='ocrx_word' id='word_1_298' title='bbox 1360 3422 1545 3492; x_wconf 86' lang='lat' dir='ltr'><strong>Magna</strong></span> <span class='ocrx_word' id='word_1_299' title='bbox 1574 3428 1628 3476; x_wconf 90' lang='lat' dir='ltr'><strong>et</strong></span> <span class='ocrx_word' id='word_1_300' title='bbox 1652 3434 1856 3475; x_wconf 90' lang='lat' dir='ltr'><strong>summa</strong></span> <span class='ocrx_word' id='word_1_301' title='bbox 1880 3418 2123 3489; x_wconf 56' lang='lat' dir='ltr'><strong>quaedam</strong></span> 
     </span>
    </p>
   </div>
   <div class='ocr_carea' id='block_1_36' title="bbox 547 3512 2123 3588">
    <p class='ocr_par' dir='ltr' id='par_1_36' title="bbox 547 3512 2123 3588">
     <span class='ocr_line' id='line_1_36' title="bbox 547 3512 2123 3588; baseline -0.008 -12"><span class='ocrx_word' id='word_1_302' title='bbox 547 3520 840 3576; x_wconf 85' lang='lat' dir='ltr'><strong>substantia</strong></span> <span class='ocrx_word' id='word_1_303' title='bbox 867 3518 1090 3588; x_wconf 87' lang='lat' dir='ltr'><strong>cogitata</strong></span> <span class='ocrx_word' id='word_1_304' title='bbox 1118 3526 1215 3581; x_wconf 90' lang='lat' dir='ltr'><strong>est,</strong></span> <span class='ocrx_word' id='word_1_305' title='bbox 1250 3531 1369 3586; x_wconf 77' lang='lat' dir='ltr'><strong>qua:</strong></span> <span class='ocrx_word' id='word_1_306' title='bbox 1399 3512 1738 3569; x_wconf 85' lang='lat' dir='ltr'><strong>transcendat</strong></span> <span class='ocrx_word' id='word_1_307' title='bbox 1765 3525 1975 3565; x_wconf 90' lang='lat' dir='ltr'><strong>omnem</strong></span> <span class='ocrx_word' id='word_1_308' title='bbox 2002 3524 2123 3564; x_wconf 86' lang='lat' dir='ltr'><strong>mu-</strong></span> 
     </span>
    </p>
   </div>
   <div class='ocr_carea' id='block_1_37' title="bbox 546 3599 2124 3674">
    <p class='ocr_par' dir='ltr' id='par_1_37' title="bbox 546 3599 2124 3674">
     <span class='ocr_line' id='line_1_37' title="bbox 546 3599 2124 3674; baseline -0.008 -8"><span class='ocrx_word' id='word_1_309' title='bbox 546 3611 761 3667; x_wconf 91' lang='lat' dir='ltr'><strong>tabilem</strong></span> <span class='ocrx_word' id='word_1_310' title='bbox 811 3619 1143 3674; x_wconf 89' lang='lat' dir='ltr'><strong>creaturam,</strong></span> <span class='ocrx_word' id='word_1_311' title='bbox 1194 3606 1459 3662; x_wconf 89' lang='lat' dir='ltr'><strong>carnalem</strong></span> <span class='ocrx_word' id='word_1_312' title='bbox 1508 3612 1563 3659; x_wconf 89' lang='lat' dir='ltr'><strong>et</strong></span> <span class='ocrx_word' id='word_1_313' title='bbox 1611 3601 1916 3657; x_wconf 91' lang='lat' dir='ltr'><strong>animalem.</strong></span> <span class='ocrx_word' id='word_1_314' title='bbox 1966 3600 2035 3655; x_wconf 87' lang='lat' dir='ltr'><strong>Et</strong></span> <span class='ocrx_word' id='word_1_315' title='bbox 2075 3599 2124 3655; x_wconf 90' lang='lat' dir='ltr'><strong>si</strong></span> 
     </span>
    </p>
   </div>
   <div class='ocr_carea' id='block_1_38' title="bbox 545 3693 2121 3765">
    <p class='ocr_par' dir='ltr' id='par_1_38' title="bbox 545 3693 2121 3765">
     <span class='ocr_line' id='line_1_38' title="bbox 545 3693 2121 3765; baseline -0.007 -9"><span class='ocrx_word' id='word_1_316' title='bbox 545 3700 718 3756; x_wconf 86' lang='lat' dir='ltr'><strong>dicam</strong></span> <span class='ocrx_word' id='word_1_317' title='bbox 748 3699 878 3765; x_wconf 89' lang='lat' dir='ltr'><strong>tibi,</strong></span> <span class='ocrx_word' id='word_1_318' title='bbox 919 3699 1057 3753; x_wconf 91' lang='lat' dir='ltr'><strong>Deus</strong></span> <span class='ocrx_word' id='word_1_319' title='bbox 1091 3696 1480 3752; x_wconf 87' lang='lat' dir='ltr'><strong>commutabilis</strong></span> <span class='ocrx_word' id='word_1_320' title='bbox 1507 3702 1625 3759; x_wconf 92' lang='lat' dir='ltr'><strong>est,</strong></span> <span class='ocrx_word' id='word_1_321' title='bbox 1661 3708 1728 3747; x_wconf 92' lang='lat' dir='ltr'><strong>an</strong></span> <span class='ocrx_word' id='word_1_322' title='bbox 1769 3693 2121 3747; x_wconf 84' lang='lat' dir='ltr'><strong>incommuta-</strong></span> 
     </span>
    </p>
   </div>
   <div class='ocr_carea' id='block_1_39' title="bbox 544 3776 2121 3858">
    <p class='ocr_par' dir='ltr' id='par_1_39' title="bbox 544 3776 2121 3858">
     <span class='ocr_line' id='line_1_39' title="bbox 544 3776 2121 3858; baseline -0.008 -11"><span class='ocrx_word' id='word_1_323' title='bbox 544 3788 707 3847; x_wconf 88' lang='lat' dir='ltr'><strong>bilis?</strong></span> <span class='ocrx_word' id='word_1_324' title='bbox 732 3788 1076 3858; x_wconf 85' lang='lat' dir='ltr'><strong>respondebis</strong></span> <span class='ocrx_word' id='word_1_325' title='bbox 1121 3786 1297 3841; x_wconf 87' lang='lat' dir='ltr'><strong>statim</strong></span> <span class='ocrx_word' id='word_1_326' title='bbox 1322 3826 1338 3850; x_wconf 95' lang='lat'><strong>,</strong></span> <span class='ocrx_word' id='word_1_327' title='bbox 1374 3776 1526 3839; x_wconf 84' lang='lat' dir='ltr'><strong>Absit</strong></span> <span class='ocrx_word' id='word_1_328' title='bbox 1563 3784 1624 3837; x_wconf 88' lang='lat' dir='ltr'><strong>ut</strong></span> <span class='ocrx_word' id='word_1_329' title='bbox 1662 3796 1760 3853; x_wconf 87' lang='lat' dir='ltr'><strong>ego</strong></span> <span class='ocrx_word' id='word_1_330' title='bbox 1787 3781 1871 3837; x_wconf 89' lang='lat' dir='ltr'><strong>vel</strong></span> <span class='ocrx_word' id='word_1_331' title='bbox 1907 3779 2121 3835; x_wconf 85' lang='lat' dir='ltr'><strong>credam</strong></span> 
     </span>
    </p>
   </div>
   <div class='ocr_carea' id='block_1_40' title="bbox 544 3860 2123 3944">
    <p class='ocr_par' dir='ltr' id='par_1_40' title="bbox 544 3860 2123 3944">
     <span class='ocr_line' id='line_1_40' title="bbox 544 3860 2123 3944; baseline -0.009 -2"><span class='ocrx_word' id='word_1_332' title='bbox 544 3888 628 3944; x_wconf 90' lang='lat' dir='ltr'><strong>vel</strong></span> <span class='ocrx_word' id='word_1_333' title='bbox 672 3887 894 3942; x_wconf 90' lang='lat' dir='ltr'><strong>sentiam</strong></span> <span class='ocrx_word' id='word_1_334' title='bbox 951 3881 1377 3939; x_wconf 89' lang='lat' dir='ltr'><strong>commutabilem</strong></span> <span class='ocrx_word' id='word_1_335' title='bbox 1419 3878 1624 3933; x_wconf 88' lang='lat' dir='ltr'><strong>Deum:</strong></span> <span class='ocrx_word' id='word_1_336' title='bbox 1674 3860 2123 3931; x_wconf 87' lang='lat' dir='ltr'><strong>incommutabilis</strong></span> 
     </span>
    </p>
   </div>
   <div class='ocr_carea' id='block_1_41' title="bbox 544 3963 2124 4041">
    <p class='ocr_par' dir='ltr' id='par_1_41' title="bbox 544 3963 2124 4041">
     <span class='ocr_line' id='line_1_41' title="bbox 544 3963 2124 4041; baseline -0.009 -8"><span class='ocrx_word' id='word_1_337' title='bbox 544 3986 630 4033; x_wconf 90' lang='lat' dir='ltr'><strong>est</strong></span> <span class='ocrx_word' id='word_1_338' title='bbox 655 3978 814 4033; x_wconf 87' lang='lat' dir='ltr'><strong>Deus.</strong></span> <span class='ocrx_word' id='word_1_339' title='bbox 844 3976 1030 4030; x_wconf 86' lang='lat' dir='ltr'><strong>Anima</strong></span> <span class='ocrx_word' id='word_1_340' title='bbox 1062 3978 1148 4027; x_wconf 88' lang='lat' dir='ltr'><strong>tua</strong></span> <span class='ocrx_word' id='word_1_341' title='bbox 1189 3970 1429 4041; x_wconf 90' lang='lat' dir='ltr'><strong>quamvis</strong></span> <span class='ocrx_word' id='word_1_342' title='bbox 1469 3983 1630 4039; x_wconf 88' lang='lat' dir='ltr'><strong>parva</strong></span> <span class='ocrx_word' id='word_1_343' title='bbox 1656 4008 1671 4034; x_wconf 94' lang='lat'><strong>,</strong></span> <span class='ocrx_word' id='word_1_344' title='bbox 1701 3966 1943 4037; x_wconf 89' lang='lat' dir='ltr'><strong>quamvis</strong></span> <span class='ocrx_word' id='word_1_345' title='bbox 1987 3963 2124 4037; x_wconf 86' lang='lat' dir='ltr'><strong>forte</strong></span> 
     </span>
    </p>
   </div>
   <div class='ocr_carea' id='block_1_42' title="bbox 545 4056 2124 4131">
    <p class='ocr_par' dir='ltr' id='par_1_42' title="bbox 545 4056 2124 4131">
     <span class='ocr_line' id='line_1_42' title="bbox 545 4056 2124 4131; baseline -0.008 -10"><span class='ocrx_word' id='word_1_346' title='bbox 545 4060 720 4123; x_wconf 88' lang='lat' dir='ltr'><strong>adhuc</strong></span> <span class='ocrx_word' id='word_1_347' title='bbox 760 4065 1019 4131; x_wconf 88' lang='lat' dir='ltr'><strong>carnalis,</strong></span> <span class='ocrx_word' id='word_1_348' title='bbox 1049 4078 1155 4118; x_wconf 90' lang='lat' dir='ltr'><strong>non</strong></span> <span class='ocrx_word' id='word_1_349' title='bbox 1183 4061 1311 4115; x_wconf 90' lang='lat' dir='ltr'><strong>mihi</strong></span> <span class='ocrx_word' id='word_1_350' title='bbox 1338 4061 1508 4131; x_wconf 91' lang='lat' dir='ltr'><strong>potuit</strong></span> <span class='ocrx_word' id='word_1_351' title='bbox 1552 4056 1876 4129; x_wconf 91' lang='lat' dir='ltr'><strong>respondere</strong></span> <span class='ocrx_word' id='word_1_352' title='bbox 1914 4057 2015 4111; x_wconf 90' lang='lat' dir='ltr'><strong>nisi</strong></span> <span class='ocrx_word' id='word_1_353' title='bbox 2042 4056 2124 4109; x_wconf 89' lang='lat' dir='ltr'><strong>in-</strong></span> 
     </span>
    </p>
   </div>
   <div class='ocr_carea' id='block_1_43' title="bbox 544 4152 2121 4218">
    <p class='ocr_par' dir='ltr' id='par_1_43' title="bbox 544 4152 2121 4218">
     <span class='ocr_line' id='line_1_43' title="bbox 544 4152 2121 4218; baseline -0.007 -6"><span class='ocrx_word' id='word_1_354' title='bbox 544 4155 973 4212; x_wconf 86' lang='lat' dir='ltr'><strong>commutabilem</strong></span> <span class='ocrx_word' id='word_1_355' title='bbox 1006 4155 1205 4218; x_wconf 88' lang='lat' dir='ltr'><strong>Deum;</strong></span> <span class='ocrx_word' id='word_1_356' title='bbox 1237 4152 1410 4205; x_wconf 86' lang='lat' dir='ltr'><strong>omnis</strong></span> <span class='ocrx_word' id='word_1_357' title='bbox 1448 4159 1623 4204; x_wconf 88' lang='lat' dir='ltr'><strong>autem</strong></span> <span class='ocrx_word' id='word_1_358' title='bbox 1662 4158 1901 4206; x_wconf 88' lang='lat' dir='ltr'><strong>creatura</strong></span> <span class='ocrx_word' id='word_1_359' title='bbox 1945 4158 2121 4203; x_wconf 86' lang='lat' dir='ltr'><strong>muta-</strong></span> 
     </span>
    </p>
   </div>
   <div class='ocr_carea' id='block_1_44' title="bbox 545 4230 2121 4322">
    <p class='ocr_par' dir='ltr' id='par_1_44' title="bbox 545 4230 2121 4322">
     <span class='ocr_line' id='line_1_44' title="bbox 545 4230 2121 4322; baseline -0.008 -15"><span class='ocrx_word' id='word_1_360' title='bbox 545 4252 668 4308; x_wconf 91' lang='lat' dir='ltr'><strong>bilis</strong></span> <span class='ocrx_word' id='word_1_361' title='bbox 694 4269 707 4304; x_wconf 88' lang='lat'><strong>:</strong></span> <span class='ocrx_word' id='word_1_362' title='bbox 737 4248 1001 4322; x_wconf 93' lang='lat' dir='ltr'><strong>quomodo</strong></span> <span class='ocrx_word' id='word_1_363' title='bbox 1027 4262 1154 4317; x_wconf 85' lang='lat' dir='ltr'><strong>ergo</strong></span> <span class='ocrx_word' id='word_1_364' title='bbox 1180 4244 1396 4316; x_wconf 90' lang='lat' dir='ltr'><strong>potuisti</strong></span> <span class='ocrx_word' id='word_1_365' title='bbox 1423 4244 1714 4299; x_wconf 85' lang='lat' dir='ltr'><strong>scintillare</strong></span> <span class='ocrx_word' id='word_1_366' title='bbox 1746 4244 1797 4297; x_wconf 91' lang='lat' dir='ltr'><strong>in</strong></span> <span class='ocrx_word' id='word_1_367' title='bbox 1826 4230 1952 4297; x_wconf 88' lang='lat' dir='ltr'><strong>illud</strong></span> <span class='ocrx_word' id='word_1_368' title='bbox 1979 4240 2121 4311; x_wconf 92' lang='lat' dir='ltr'><strong>quod</strong></span> 
     </span>
    </p>
   </div>
   <div class='ocr_carea' id='block_1_45' title="bbox 544 4333 2123 4411">
    <p class='ocr_par' dir='ltr' id='par_1_45' title="bbox 544 4333 2123 4411">
     <span class='ocr_line' id='line_1_45' title="bbox 544 4333 2123 4411; baseline -0.008 -13"><span class='ocrx_word' id='word_1_369' title='bbox 544 4352 628 4397; x_wconf 89' lang='lat' dir='ltr'><strong>est</strong></span> <span class='ocrx_word' id='word_1_370' title='bbox 673 4356 834 4411; x_wconf 83' lang='lat' dir='ltr'><strong>super</strong></span> <span class='ocrx_word' id='word_1_371' title='bbox 859 4352 1071 4393; x_wconf 90' lang='lat' dir='ltr'><strong>omnem</strong></span> <span class='ocrx_word' id='word_1_372' title='bbox 1104 4344 1428 4400; x_wconf 87' lang='lat' dir='ltr'><strong>creaturam,</strong></span> <span class='ocrx_word' id='word_1_373' title='bbox 1458 4342 1518 4388; x_wconf 92' lang='lat' dir='ltr'><strong>ut</strong></span> <span class='ocrx_word' id='word_1_374' title='bbox 1544 4343 1721 4388; x_wconf 90' lang='lat' dir='ltr'><strong>certus</strong></span> <span class='ocrx_word' id='word_1_375' title='bbox 1748 4333 1874 4386; x_wconf 91' lang='lat' dir='ltr'><strong>mihi</strong></span> <span class='ocrx_word' id='word_1_376' title='bbox 1904 4346 2123 4400; x_wconf 81' lang='lat' dir='ltr'><strong>reSpon-</strong></span> 
     </span>
    </p>
   </div>
   <div class='ocr_carea' id='block_1_46' title="bbox 546 4419 2121 4492">
    <p class='ocr_par' dir='ltr' id='par_1_46' title="bbox 546 4419 2121 4492">
     <span class='ocr_line' id='line_1_46' title="bbox 546 4419 2121 4492; baseline -0.008 -4"><span class='ocrx_word' id='word_1_377' title='bbox 546 4432 704 4488; x_wconf 90' lang='lat' dir='ltr'><strong>deres</strong></span> <span class='ocrx_word' id='word_1_378' title='bbox 742 4427 1225 4485; x_wconf 83' lang='lat' dir='ltr'><strong>incommutabilem</strong></span> <span class='ocrx_word' id='word_1_379' title='bbox 1264 4424 1472 4480; x_wconf 87' lang='lat' dir='ltr'><strong>Deum?</strong></span> <span class='ocrx_word' id='word_1_380' title='bbox 1514 4423 1649 4491; x_wconf 87' lang='lat' dir='ltr'><strong>Quid</strong></span> <span class='ocrx_word' id='word_1_381' title='bbox 1694 4430 1778 4477; x_wconf 88' lang='lat' dir='ltr'><strong>est</strong></span> <span class='ocrx_word' id='word_1_382' title='bbox 1821 4436 1947 4492; x_wconf 75' lang='lat' dir='ltr'><strong>ergo</strong></span> <span class='ocrx_word' id='word_1_383' title='bbox 1990 4419 2121 4475; x_wconf 88' lang='lat' dir='ltr'><strong>illud</strong></span> 
     </span>
    </p>
   </div>
   <div class='ocr_carea' id='block_1_47' title="bbox 548 4514 2119 4591">
    <p class='ocr_par' dir='ltr' id='par_1_47' title="bbox 548 4514 2119 4591">
     <span class='ocr_line' id='line_1_47' title="bbox 548 4514 2119 4591; baseline -0.009 -11"><span class='ocrx_word' id='word_1_384' title='bbox 548 4537 604 4581; x_wconf 78' lang='lat' dir='ltr'><strong>tn</strong></span> <span class='ocrx_word' id='word_1_385' title='bbox 633 4522 794 4579; x_wconf 91' lang='lat' dir='ltr'><strong>corde</strong></span> <span class='ocrx_word' id='word_1_386' title='bbox 824 4531 912 4576; x_wconf 93' lang='lat' dir='ltr'><strong>tuo</strong></span> <span class='ocrx_word' id='word_1_387' title='bbox 935 4562 950 4587; x_wconf 94' lang='lat'><strong>,</strong></span> <span class='ocrx_word' id='word_1_388' title='bbox 979 4519 1191 4591; x_wconf 88' lang='lat' dir='ltr'><strong>quando</strong></span> <span class='ocrx_word' id='word_1_389' title='bbox 1219 4517 1419 4588; x_wconf 80' lang='lat' dir='ltr'><strong>cogitas</strong></span> <span class='ocrx_word' id='word_1_390' title='bbox 1452 4515 1733 4587; x_wconf 91' lang='lat' dir='ltr'><strong>quamdam</strong></span> <span class='ocrx_word' id='word_1_391' title='bbox 1772 4514 2119 4570; x_wconf 89' lang='lat' dir='ltr'><strong>substantiam</strong></span> 
     </span>
    </p>
   </div>
   <div class='ocr_carea' id='block_1_48' title="bbox 546 4604 2122 4686">
    <p class='ocr_par' dir='ltr' id='par_1_48' title="bbox 546 4604 2122 4686">
     <span class='ocr_line' id='line_1_48' title="bbox 546 4604 2122 4686; baseline -0.01 -14"><span class='ocrx_word' id='word_1_392' title='bbox 546 4618 718 4672; x_wconf 87' lang='lat' dir='ltr'><strong>vivam</strong></span> <span class='ocrx_word' id='word_1_393' title='bbox 741 4655 757 4681; x_wconf 89' lang='lat'><strong>,</strong></span> <span class='ocrx_word' id='word_1_394' title='bbox 793 4621 1100 4686; x_wconf 88' lang='lat' dir='ltr'><strong>perpetuam</strong></span> <span class='ocrx_word' id='word_1_395' title='bbox 1126 4653 1142 4680; x_wconf 93' lang='lat'><strong>,</strong></span> <span class='ocrx_word' id='word_1_396' title='bbox 1186 4610 1599 4679; x_wconf 90' lang='lat' dir='ltr'><strong>omnipotentem</strong></span> <span class='ocrx_word' id='word_1_397' title='bbox 1619 4648 1634 4672; x_wconf 92' lang='lat'><strong>,</strong></span> <span class='ocrx_word' id='word_1_398' title='bbox 1667 4605 1923 4660; x_wconf 88' lang='lat' dir='ltr'><strong>infinitam</strong></span> <span class='ocrx_word' id='word_1_399' title='bbox 1945 4646 1958 4668; x_wconf 88' lang='lat'><strong>,</strong></span> <span class='ocrx_word' id='word_1_400' title='bbox 2007 4604 2122 4658; x_wconf 87' lang='lat' dir='ltr'><strong>ubi-</strong></span> 
     </span>
    </p>
   </div>
   <div class='ocr_carea' id='block_1_49' title="bbox 548 4685 2120 4779">
    <p class='ocr_par' dir='ltr' id='par_1_49' title="bbox 548 4685 2120 4779">
     <span class='ocr_line' id='line_1_49' title="bbox 548 4685 2120 4779; baseline -0.008 -17"><span class='ocrx_word' id='word_1_401' title='bbox 548 4716 654 4779; x_wconf 64' lang='lat' dir='ltr'><strong>(tue</strong></span> <span class='ocrx_word' id='word_1_402' title='bbox 678 4685 991 4777; x_wconf 69' lang='lat' dir='ltr'><strong>prmSentem</strong></span> <span class='ocrx_word' id='word_1_403' title='bbox 1016 4745 1031 4767; x_wconf 88' lang='lat'><strong>,</strong></span> <span class='ocrx_word' id='word_1_404' title='bbox 1060 4703 1253 4773; x_wconf 90' lang='lat' dir='ltr'><strong>ubique</strong></span> <span class='ocrx_word' id='word_1_405' title='bbox 1294 4710 1457 4756; x_wconf 90' lang='lat' dir='ltr'><strong>totam</strong></span> <span class='ocrx_word' id='word_1_406' title='bbox 1483 4741 1497 4765; x_wconf 94' lang='lat'><strong>,</strong></span> <span class='ocrx_word' id='word_1_407' title='bbox 1530 4714 1786 4769; x_wconf 88' lang='lat' dir='ltr'><strong>nusquam</strong></span> <span class='ocrx_word' id='word_1_408' title='bbox 1817 4685 2071 4751; x_wconf 89' lang='lat' dir='ltr'><strong>inclusam</strong></span> <span class='ocrx_word' id='word_1_409' title='bbox 2096 4696 2120 4750; x_wconf 74' lang='grc' dir='ltr'><em>ἲ</em></span> 
     </span>
    </p>
   </div>
   <div class='ocr_carea' id='block_1_50' title="bbox 549 4784 2121 4868">
    <p class='ocr_par' dir='ltr' id='par_1_50' title="bbox 549 4784 2121 4868">
     <span class='ocr_line' id='line_1_50' title="bbox 549 4784 2121 4868; baseline -0.01 -12"><span class='ocrx_word' id='word_1_410' title='bbox 549 4799 769 4868; x_wconf 87' lang='lat' dir='ltr'><strong>Quando</strong></span> <span class='ocrx_word' id='word_1_411' title='bbox 797 4792 894 4853; x_wconf 82' lang='lat' dir='ltr'><strong>ista</strong></span> <span class='ocrx_word' id='word_1_412' title='bbox 918 4795 1120 4867; x_wconf 76' lang='lat' dir='ltr'><strong>cogitas</strong></span> <span class='ocrx_word' id='word_1_413' title='bbox 1138 4835 1153 4861; x_wconf 96' lang='lat'><strong>,</strong></span> <span class='ocrx_word' id='word_1_414' title='bbox 1179 4795 1281 4849; x_wconf 91' lang='lat' dir='ltr'><strong>hoc</strong></span> <span class='ocrx_word' id='word_1_415' title='bbox 1306 4801 1389 4847; x_wconf 91' lang='lat' dir='ltr'><strong>est</strong></span> <span class='ocrx_word' id='word_1_416' title='bbox 1411 4784 1632 4846; x_wconf 89' lang='lat' dir='ltr'><strong>verbum</strong></span> <span class='ocrx_word' id='word_1_417' title='bbox 1661 4790 1729 4845; x_wconf 90' lang='lat' dir='ltr'><strong>de</strong></span> <span class='ocrx_word' id='word_1_418' title='bbox 1750 4790 1858 4843; x_wconf 93' lang='lat' dir='ltr'><strong>Deo</strong></span> <span class='ocrx_word' id='word_1_419' title='bbox 1885 4789 1936 4842; x_wconf 92' lang='lat' dir='ltr'><strong>iu</strong></span> <span class='ocrx_word' id='word_1_420' title='bbox 1960 4785 2121 4843; x_wconf 90' lang='lat' dir='ltr'><strong>corde</strong></span> 
     </span>
    </p>
   </div>
   <div class='ocr_carea' id='block_1_51' title="bbox 547 4883 2122 4962">
    <p class='ocr_par' dir='ltr' id='par_1_51' title="bbox 547 4883 2122 4962">
     <span class='ocr_line' id='line_1_51' title="bbox 547 4883 2122 4962; baseline -0.01 -11"><span class='ocrx_word' id='word_1_421' title='bbox 547 4906 658 4951; x_wconf 92' lang='lat' dir='ltr'><strong>tuo.</strong></span> <span class='ocrx_word' id='word_1_422' title='bbox 686 4886 951 4962; x_wconf 79' lang='lat' dir='ltr'><strong>Numquid</strong></span> <span class='ocrx_word' id='word_1_423' title='bbox 979 4899 1155 4945; x_wconf 91' lang='lat' dir='ltr'><strong>autem</strong></span> <span class='ocrx_word' id='word_1_424' title='bbox 1181 4887 1283 4943; x_wconf 89' lang='lat' dir='ltr'><strong>hoc</strong></span> <span class='ocrx_word' id='word_1_425' title='bbox 1326 4893 1409 4941; x_wconf 88' lang='lat' dir='ltr'><strong>est</strong></span> <span class='ocrx_word' id='word_1_426' title='bbox 1452 4898 1615 4941; x_wconf 89' lang='lat' dir='ltr'><strong>sonus</strong></span> <span class='ocrx_word' id='word_1_427' title='bbox 1653 4883 1741 4939; x_wconf 89' lang='lat' dir='ltr'><strong>ille</strong></span> <span class='ocrx_word' id='word_1_428' title='bbox 1780 4883 1869 4952; x_wconf 92' lang='lat' dir='ltr'><strong>qui</strong></span> <span class='ocrx_word' id='word_1_429' title='bbox 1895 4890 2122 4951; x_wconf 89' lang='lat' dir='ltr'><strong>quatuor</strong></span> 
     </span>
    </p>
   </div>
   <div class='ocr_carea' id='block_1_52' title="bbox 546 4976 2122 5052">
    <p class='ocr_par' dir='ltr' id='par_1_52' title="bbox 546 4976 2122 5052">
     <span class='ocr_line' id='line_1_52' title="bbox 546 4976 2122 5052; baseline -0.008 -9"><span class='ocrx_word' id='word_1_430' title='bbox 546 4987 738 5044; x_wconf 87' lang='lat' dir='ltr'><strong>litteris</strong></span> <span class='ocrx_word' id='word_1_431' title='bbox 759 4992 994 5050; x_wconf 88' lang='lat' dir='ltr'><strong>constat,</strong></span> <span class='ocrx_word' id='word_1_432' title='bbox 1025 4990 1083 5038; x_wconf 90' lang='lat' dir='ltr'><strong>et</strong></span> <span class='ocrx_word' id='word_1_433' title='bbox 1099 4980 1304 5037; x_wconf 90' lang='lat' dir='ltr'><strong>duabus</strong></span> <span class='ocrx_word' id='word_1_434' title='bbox 1327 4978 1586 5052; x_wconf 85' lang='lat' dir='ltr'><strong>syllabis?</strong></span> <span class='ocrx_word' id='word_1_435' title='bbox 1611 4976 1753 5047; x_wconf 83' lang='lat' dir='ltr'><strong>Ergo</strong></span> <span class='ocrx_word' id='word_1_436' title='bbox 1776 4990 2122 5046; x_wconf 83' lang='lat' dir='ltr'><strong>quaecumque</strong></span> 
     </span>
    </p>
   </div>
   <div class='ocr_carea' id='block_1_53' title="bbox 544 5066 2120 5139">
    <p class='ocr_par' dir='ltr' id='par_1_53' title="bbox 544 5066 2120 5139">
     <span class='ocr_line' id='line_1_53' title="bbox 544 5066 2120 5139; baseline -0.007 -7"><span class='ocrx_word' id='word_1_437' title='bbox 544 5069 796 5133; x_wconf 88' lang='lat' dir='ltr'><strong>dicuntur</strong></span> <span class='ocrx_word' id='word_1_438' title='bbox 815 5084 866 5129; x_wconf 93' lang='lat' dir='ltr'><strong>et</strong></span> <span class='ocrx_word' id='word_1_439' title='bbox 890 5080 1184 5139; x_wconf 85' lang='lat' dir='ltr'><strong>transeunt,</strong></span> <span class='ocrx_word' id='word_1_440' title='bbox 1198 5071 1315 5126; x_wconf 90' lang='lat' dir='ltr'><strong>soni</strong></span> <span class='ocrx_word' id='word_1_441' title='bbox 1335 5077 1477 5136; x_wconf 93' lang='lat' dir='ltr'><strong>sunt,</strong></span> <span class='ocrx_word' id='word_1_442' title='bbox 1504 5068 1696 5123; x_wconf 80' lang='lat' dir='ltr'><strong>littera:</strong></span> <span class='ocrx_word' id='word_1_443' title='bbox 1723 5076 1873 5131; x_wconf 92' lang='lat' dir='ltr'><strong>sunt,</strong></span> <span class='ocrx_word' id='word_1_444' title='bbox 1901 5066 2120 5137; x_wconf 73' lang='lat' dir='ltr'><strong>syllaba:</strong></span> 
     </span>
    </p>
   </div>
   <div class='ocr_carea' id='block_1_54' title="bbox 543 5158 2123 5232">
    <p class='ocr_par' dir='ltr' id='par_1_54' title="bbox 543 5158 2123 5232">
     <span class='ocr_line' id='line_1_54' title="bbox 543 5158 2123 5232; baseline -0.008 -8"><span class='ocrx_word' id='word_1_445' title='bbox 543 5165 1036 5224; x_wconf 68' lang='lat' dir='ltr'><strong>sunt.llocvcrbum</strong></span> <span class='ocrx_word' id='word_1_446' title='bbox 1059 5160 1415 5232; x_wconf 86' lang='lat' dir='ltr'><strong>transit,quod</strong></span> <span class='ocrx_word' id='word_1_447' title='bbox 1434 5169 1612 5216; x_wconf 90' lang='lat' dir='ltr'><strong>sonat:</strong></span> <span class='ocrx_word' id='word_1_448' title='bbox 1628 5158 1766 5229; x_wconf 90' lang='lat' dir='ltr'><strong>quod</strong></span> <span class='ocrx_word' id='word_1_449' title='bbox 1779 5167 1951 5212; x_wconf 90' lang='lat' dir='ltr'><strong>autem</strong></span> <span class='ocrx_word' id='word_1_450' title='bbox 1970 5158 2123 5226; x_wconf 82' lang='lat' dir='ltr'><strong>signi-</strong></span> 
     </span>
    </p>
   </div>
   <div class='ocr_carea' id='block_1_55' title="bbox 547 5246 2118 5324">
    <p class='ocr_par' dir='ltr' id='par_1_55' title="bbox 547 5246 2118 5324">
     <span class='ocr_line' id='line_1_55' title="bbox 547 5246 2118 5324; baseline -0.008 -11"><span class='ocrx_word' id='word_1_451' title='bbox 547 5252 726 5313; x_wconf 87' lang='lat' dir='ltr'><strong>ficavit</strong></span> <span class='ocrx_word' id='word_1_452' title='bbox 754 5272 936 5322; x_wconf 90' lang='lat' dir='ltr'><strong>sonus,</strong></span> <span class='ocrx_word' id='word_1_453' title='bbox 956 5265 1010 5310; x_wconf 93' lang='lat' dir='ltr'><strong>et</strong></span> <span class='ocrx_word' id='word_1_454' title='bbox 1033 5256 1085 5309; x_wconf 90' lang='lat' dir='ltr'><strong>in</strong></span> <span class='ocrx_word' id='word_1_455' title='bbox 1112 5254 1378 5324; x_wconf 85' lang='lat' dir='ltr'><strong>cogitante</strong></span> <span class='ocrx_word' id='word_1_456' title='bbox 1402 5260 1485 5307; x_wconf 90' lang='lat' dir='ltr'><strong>est</strong></span> <span class='ocrx_word' id='word_1_457' title='bbox 1511 5249 1602 5321; x_wconf 91' lang='lat' dir='ltr'><strong>qui</strong></span> <span class='ocrx_word' id='word_1_458' title='bbox 1627 5250 1779 5313; x_wconf 71' lang='lat' dir='ltr'><strong>dixit,</strong></span> <span class='ocrx_word' id='word_1_459' title='bbox 1798 5256 1851 5304; x_wconf 88' lang='lat' dir='ltr'><strong>ct</strong></span> <span class='ocrx_word' id='word_1_460' title='bbox 1884 5248 1935 5302; x_wconf 91' lang='lat' dir='ltr'><strong>in</strong></span> <span class='ocrx_word' id='word_1_461' title='bbox 1961 5246 2118 5302; x_wconf 87' lang='lat' dir='ltr'><strong>intel-</strong></span> 
     </span>
    </p>
   </div>
   <div class='ocr_carea' id='block_1_56' title="bbox 548 5337 2115 5419">
    <p class='ocr_par' dir='ltr' id='par_1_56' title="bbox 548 5337 2115 5419">
     <span class='ocr_line' id='line_1_56' title="bbox 548 5337 2115 5419; baseline -0.008 -16"><span class='ocrx_word' id='word_1_462' title='bbox 548 5346 744 5419; x_wconf 83' lang='lat' dir='ltr'><strong>ligente</strong></span> <span class='ocrx_word' id='word_1_463' title='bbox 763 5357 845 5401; x_wconf 89' lang='lat' dir='ltr'><strong>est</strong></span> <span class='ocrx_word' id='word_1_464' title='bbox 868 5347 955 5416; x_wconf 90' lang='lat' dir='ltr'><strong>qui</strong></span> <span class='ocrx_word' id='word_1_465' title='bbox 982 5345 1200 5408; x_wconf 89' lang='lat' dir='ltr'><strong>audivit,</strong></span> <span class='ocrx_word' id='word_1_466' title='bbox 1225 5350 1402 5398; x_wconf 90' lang='lat' dir='ltr'><strong>manet</strong></span> <span class='ocrx_word' id='word_1_467' title='bbox 1423 5341 1523 5396; x_wconf 87' lang='lat' dir='ltr'><strong>hoc</strong></span> <span class='ocrx_word' id='word_1_468' title='bbox 1543 5338 1935 5394; x_wconf 85' lang='lat' dir='ltr'><strong>transeuntibus</strong></span> <span class='ocrx_word' id='word_1_469' title='bbox 1951 5337 2115 5392; x_wconf 92' lang='lat' dir='ltr'><strong>sonis.</strong></span> 
     </span>
    </p>
   </div>
   <div class='ocr_carea' id='block_1_57' title="bbox 619 5430 2121 5503">
    <p class='ocr_par' dir='ltr' id='par_1_57' title="bbox 619 5430 2121 5503">
     <span class='ocr_line' id='line_1_57' title="bbox 619 5430 2121 5503; baseline -0.006 -9"><span class='ocrx_word' id='word_1_470' title='bbox 619 5438 673 5494; x_wconf 91' lang='lat'><strong>9.</strong></span> <span class='ocrx_word' id='word_1_471' title='bbox 715 5438 873 5493; x_wconf 78' lang='lat' dir='ltr'><strong>Refer</strong></span> <span class='ocrx_word' id='word_1_472' title='bbox 911 5440 927 5470; x_wconf 78' lang='grc'>⁸</span> <span class='ocrx_word' id='word_1_473' title='bbox 973 5438 1205 5491; x_wconf 88' lang='lat' dir='ltr'><strong>animum</strong></span> <span class='ocrx_word' id='word_1_474' title='bbox 1244 5435 1310 5490; x_wconf 89' lang='lat' dir='ltr'><strong>ad</strong></span> <span class='ocrx_word' id='word_1_475' title='bbox 1349 5430 1477 5489; x_wconf 86' lang='lat' dir='ltr'><strong>illud</strong></span> <span class='ocrx_word' id='word_1_476' title='bbox 1502 5433 1741 5488; x_wconf 92' lang='lat' dir='ltr'><strong>verbum.</strong></span> <span class='ocrx_word' id='word_1_477' title='bbox 1771 5432 1827 5487; x_wconf 91' lang='lat' dir='ltr'><strong>Si</strong></span> <span class='ocrx_word' id='word_1_478' title='bbox 1875 5440 1930 5485; x_wconf 91' lang='lat' dir='ltr'><strong>tu</strong></span> <span class='ocrx_word' id='word_1_479' title='bbox 1973 5440 2121 5503; x_wconf 89' lang='lat' dir='ltr'><strong>potes</strong></span> 
     </span>
    </p>
   </div>
   <div class='ocr_carea' id='block_1_58' title="bbox 545 5524 2121 5595">
    <p class='ocr_par' dir='ltr' id='par_1_58' title="bbox 545 5524 2121 5595">
     <span class='ocr_line' id='line_1_58' title="bbox 545 5524 2121 5595; baseline -0.008 -7"><span class='ocrx_word' id='word_1_480' title='bbox 545 5531 743 5588; x_wconf 85' lang='lat' dir='ltr'><strong>habere</strong></span> <span class='ocrx_word' id='word_1_481' title='bbox 767 5532 984 5586; x_wconf 88' lang='lat' dir='ltr'><strong>verbum</strong></span> <span class='ocrx_word' id='word_1_482' title='bbox 1015 5532 1066 5584; x_wconf 93' lang='lat' dir='ltr'><strong>in</strong></span> <span class='ocrx_word' id='word_1_483' title='bbox 1092 5528 1253 5585; x_wconf 90' lang='lat' dir='ltr'><strong>corde</strong></span> <span class='ocrx_word' id='word_1_484' title='bbox 1280 5538 1368 5582; x_wconf 93' lang='lat' dir='ltr'><strong>tuo</strong></span> <span class='ocrx_word' id='word_1_485' title='bbox 1387 5568 1402 5592; x_wconf 90' lang='lat'><strong>,</strong></span> <span class='ocrx_word' id='word_1_486' title='bbox 1430 5536 1678 5595; x_wconf 90' lang='lat' dir='ltr'><strong>tanquam</strong></span> <span class='ocrx_word' id='word_1_487' title='bbox 1719 5524 1995 5579; x_wconf 91' lang='lat' dir='ltr'><strong>consilium</strong></span> <span class='ocrx_word' id='word_1_488' title='bbox 2023 5538 2121 5575; x_wconf 88' lang='lat' dir='ltr'><strong>ua-</strong></span> 
     </span>
    </p>
   </div>
   <div class='ocr_carea' id='block_1_59' title="bbox 544 5618 2123 5691">
    <p class='ocr_par' dir='ltr' id='par_1_59' title="bbox 544 5618 2123 5691">
     <span class='ocr_line' id='line_1_59' title="bbox 544 5618 2123 5691; baseline -0.008 -8"><span class='ocrx_word' id='word_1_489' title='bbox 544 5632 656 5683; x_wconf 89' lang='lat' dir='ltr'><strong>tum</strong></span> <span class='ocrx_word' id='word_1_490' title='bbox 684 5626 736 5680; x_wconf 91' lang='lat' dir='ltr'><strong>in</strong></span> <span class='ocrx_word' id='word_1_491' title='bbox 782 5634 960 5680; x_wconf 89' lang='lat' dir='ltr'><strong>mente</strong></span> <span class='ocrx_word' id='word_1_492' title='bbox 990 5633 1107 5689; x_wconf 89' lang='lat' dir='ltr'><strong>tua,</strong></span> <span class='ocrx_word' id='word_1_493' title='bbox 1141 5632 1200 5678; x_wconf 89' lang='lat' dir='ltr'><strong>ut</strong></span> <span class='ocrx_word' id='word_1_494' title='bbox 1242 5636 1391 5677; x_wconf 88' lang='lat' dir='ltr'><strong>mens</strong></span> <span class='ocrx_word' id='word_1_495' title='bbox 1420 5632 1503 5677; x_wconf 91' lang='lat' dir='ltr'><strong>tua</strong></span> <span class='ocrx_word' id='word_1_496' title='bbox 1531 5620 1698 5691; x_wconf 89' lang='lat' dir='ltr'><strong>pariat</strong></span> <span class='ocrx_word' id='word_1_497' title='bbox 1723 5618 2022 5684; x_wconf 84' lang='lat' dir='ltr'><strong>consilium,</strong></span> <span class='ocrx_word' id='word_1_498' title='bbox 2070 5626 2123 5673; x_wconf 89' lang='lat' dir='ltr'><strong>et</strong></span> 
     </span>
    </p>
   </div>
   <div class='ocr_carea' id='block_1_60' title="bbox 617 5735 1272 5799">
    <p class='ocr_par' dir='ltr' id='par_1_60' title="bbox 617 5735 1272 5799">
     <span class='ocr_line' id='line_1_60' title="bbox 617 5735 1272 5799; baseline -0.003 -14"><span class='ocrx_word' id='word_1_499' title='bbox 617 5736 792 5787; x_wconf 72' lang='lat' dir='ltr'><strong>quta</strong></span> <span class='ocrx_word' id='word_1_500' title='bbox 815 5744 943 5799; x_wconf 78' lang='lat' dir='ltr'><strong>Lov.,</strong></span> <span class='ocrx_word' id='word_1_501' title='bbox 966 5735 1130 5797; x_wconf 81' lang='lat' dir='ltr'><strong>refert.</strong></span> <span class='ocrx_word' id='word_1_502' title='bbox 1215 5740 1272 5783; x_wconf 77' lang='lat' dir='ltr'><strong>It.</strong></span> 
     </span>
    </p>
   </div>
   <div class='ocr_carea' id='block_1_61' title="bbox 1512 308 2881 379">
    <p class='ocr_par' dir='ltr' id='par_1_61' title="bbox 1512 308 2881 379">
     <span class='ocr_line' id='line_1_61' title="bbox 1512 308 2881 379; baseline -0.011 -1"><span class='ocrx_word' id='word_1_503' title='bbox 1512 320 1577 378; x_wconf 71' lang='lat' dir='ltr'><strong>IN</strong></span> <span class='ocrx_word' id='word_1_504' title='bbox 1615 316 1891 378; x_wconf 79' lang='lat' dir='ltr'><strong>JOANNIS</strong></span> <span class='ocrx_word' id='word_1_505' title='bbox 1929 309 2391 379; x_wconf 73' lang='lat' dir='ltr'><strong>EVANGELIUM,</strong></span> <span class='ocrx_word' id='word_1_506' title='bbox 2430 311 2487 368; x_wconf 92' lang='lat' dir='ltr'><strong>S.</strong></span> <span class='ocrx_word' id='word_1_507' title='bbox 2517 308 2881 368; x_wconf 73' lang='lat' dir='ltr'><strong>AUGUSTlNl</strong></span> 
     </span>
    </p>
   </div>
   <div class='ocr_carea' id='block_1_62' title="bbox 3665 303 3807 363">
    <p class='ocr_par' dir='ltr' id='par_1_62' title="bbox 3665 303 3807 363">
     <span class='ocr_line' id='line_1_62' title="bbox 3665 303 3807 363; baseline -0.007 0"><span class='ocrx_word' id='word_1_508' title='bbox 3665 303 3807 363; x_wconf 73' lang='grc'><strong>1381</strong></span> 
     </span>
    </p>
   </div>
   <div class='ocr_carea' id='block_1_63' title="bbox 2224 418 3808 492">
    <p class='ocr_par' dir='ltr' id='par_1_63' title="bbox 2224 418 3808 492">
     <span class='ocr_line' id='line_1_63' title="bbox 2224 418 3808 492; baseline -0.002 -15"><span class='ocrx_word' id='word_1_509' title='bbox 2224 423 2350 478; x_wconf 91' lang='lat' dir='ltr'><strong>insit</strong></span> <span class='ocrx_word' id='word_1_510' title='bbox 2391 422 2675 477; x_wconf 90' lang='lat' dir='ltr'><strong>consilium</strong></span> <span class='ocrx_word' id='word_1_511' title='bbox 2720 422 2869 492; x_wconf 89' lang='lat' dir='ltr'><strong>quasi</strong></span> <span class='ocrx_word' id='word_1_512' title='bbox 2901 418 3073 490; x_wconf 85' lang='lat' dir='ltr'><strong>proles</strong></span> <span class='ocrx_word' id='word_1_513' title='bbox 3103 418 3294 474; x_wconf 86' lang='lat' dir='ltr'><strong>mentis</strong></span> <span class='ocrx_word' id='word_1_514' title='bbox 3322 424 3424 473; x_wconf 73' lang='lat' dir='ltr'><strong>tuae</strong></span> <span class='ocrx_word' id='word_1_515' title='bbox 3448 460 3463 484; x_wconf 88' lang='lat'><strong>,</strong></span> <span class='ocrx_word' id='word_1_516' title='bbox 3486 419 3636 489; x_wconf 86' lang='lat' dir='ltr'><strong>quasi</strong></span> <span class='ocrx_word' id='word_1_517' title='bbox 3663 420 3808 474; x_wconf 77' lang='lat' dir='ltr'><strong>filius</strong></span> 
     </span>
    </p>
   </div>
   <div class='ocr_carea' id='block_1_64' title="bbox 2223 509 3803 581">
    <p class='ocr_par' dir='ltr' id='par_1_64' title="bbox 2223 509 3803 581">
     <span class='ocr_line' id='line_1_64' title="bbox 2223 509 3803 581; baseline -0.004 -12"><span class='ocrx_word' id='word_1_518' title='bbox 2223 514 2400 569; x_wconf 88' lang='lat' dir='ltr'><strong>cordis</strong></span> <span class='ocrx_word' id='word_1_519' title='bbox 2429 518 2523 568; x_wconf 90' lang='lat' dir='ltr'><strong>tui.</strong></span> <span class='ocrx_word' id='word_1_520' title='bbox 2555 513 2712 567; x_wconf 87' lang='lat' dir='ltr'><strong>Prius</strong></span> <span class='ocrx_word' id='word_1_521' title='bbox 2734 512 2874 567; x_wconf 89' lang='lat' dir='ltr'><strong>enim</strong></span> <span class='ocrx_word' id='word_1_522' title='bbox 2899 526 2993 566; x_wconf 88' lang='lat' dir='ltr'><strong>cor</strong></span> <span class='ocrx_word' id='word_1_523' title='bbox 3016 518 3232 581; x_wconf 86' lang='lat' dir='ltr'><strong>generat</strong></span> <span class='ocrx_word' id='word_1_524' title='bbox 3258 509 3540 565; x_wconf 89' lang='lat' dir='ltr'><strong>consilium</strong></span> <span class='ocrx_word' id='word_1_525' title='bbox 3562 550 3579 575; x_wconf 90' lang='lat'><strong>,</strong></span> <span class='ocrx_word' id='word_1_526' title='bbox 3616 518 3674 564; x_wconf 94' lang='lat' dir='ltr'><strong>ut</strong></span> <span class='ocrx_word' id='word_1_527' title='bbox 3698 510 3803 563; x_wconf 85' lang='lat' dir='ltr'><strong>ali-</strong></span> 
     </span>
    </p>
   </div>
   <div class='ocr_carea' id='block_1_65' title="bbox 2224 600 3803 677">
    <p class='ocr_par' dir='ltr' id='par_1_65' title="bbox 2224 600 3803 677">
     <span class='ocr_line' id='line_1_65' title="bbox 2224 600 3803 677; baseline -0.003 -17"><span class='ocrx_word' id='word_1_528' title='bbox 2224 622 2381 677; x_wconf 89' lang='lat' dir='ltr'><strong>quam</strong></span> <span class='ocrx_word' id='word_1_529' title='bbox 2425 605 2676 660; x_wconf 78' lang='lat' dir='ltr'><strong>fabricam</strong></span> <span class='ocrx_word' id='word_1_530' title='bbox 2712 612 3021 669; x_wconf 89' lang='lat' dir='ltr'><strong>construas,</strong></span> <span class='ocrx_word' id='word_1_531' title='bbox 3068 600 3263 672; x_wconf 88' lang='lat' dir='ltr'><strong>aliquid</strong></span> <span class='ocrx_word' id='word_1_532' title='bbox 3301 600 3533 669; x_wconf 87' lang='lat' dir='ltr'><strong>amplum</strong></span> <span class='ocrx_word' id='word_1_533' title='bbox 3564 601 3619 655; x_wconf 93' lang='lat' dir='ltr'><strong>in</strong></span> <span class='ocrx_word' id='word_1_534' title='bbox 3657 608 3803 657; x_wconf 86' lang='lat' dir='ltr'><strong>terra</strong></span> 
     </span>
    </p>
   </div>
   <div class='ocr_carea' id='block_1_66' title="bbox 2222 692 3805 765">
    <p class='ocr_par' dir='ltr' id='par_1_66' title="bbox 2222 692 3805 765">
     <span class='ocr_line' id='line_1_66' title="bbox 2222 692 3805 765; baseline -0.001 -15"><span class='ocrx_word' id='word_1_535' title='bbox 2222 697 2489 762; x_wconf 88' lang='lat' dir='ltr'><strong>moliaris;</strong></span> <span class='ocrx_word' id='word_1_536' title='bbox 2514 696 2623 765; x_wconf 86' lang='lat' dir='ltr'><strong>jam</strong></span> <span class='ocrx_word' id='word_1_537' title='bbox 2650 704 2831 749; x_wconf 92' lang='lat' dir='ltr'><strong>natum</strong></span> <span class='ocrx_word' id='word_1_538' title='bbox 2858 702 2940 749; x_wconf 90' lang='lat' dir='ltr'><strong>est</strong></span> <span class='ocrx_word' id='word_1_539' title='bbox 2970 693 3251 748; x_wconf 90' lang='lat' dir='ltr'><strong>consilium</strong></span> <span class='ocrx_word' id='word_1_540' title='bbox 3273 733 3286 759; x_wconf 94' lang='lat'><strong>,</strong></span> <span class='ocrx_word' id='word_1_541' title='bbox 3316 700 3527 761; x_wconf 90' lang='lat' dir='ltr'><strong>etopus</strong></span> <span class='ocrx_word' id='word_1_542' title='bbox 3564 692 3805 749; x_wconf 89' lang='lat' dir='ltr'><strong>nondum</strong></span> 
     </span>
    </p>
   </div>
   <div class='ocr_carea' id='block_1_67' title="bbox 2223 781 3804 856">
    <p class='ocr_par' dir='ltr' id='par_1_67' title="bbox 2223 781 3804 856">
     <span class='ocr_line' id='line_1_67' title="bbox 2223 781 3804 856; baseline 0.001 -18"><span class='ocrx_word' id='word_1_543' title='bbox 2223 786 2543 856; x_wconf 88' lang='lat' dir='ltr'><strong>completum</strong></span> <span class='ocrx_word' id='word_1_544' title='bbox 2570 794 2650 841; x_wconf 87' lang='lat' dir='ltr'><strong>est</strong></span> <span class='ocrx_word' id='word_1_545' title='bbox 2673 802 2687 840; x_wconf 87' lang='lat'><strong>:</strong></span> <span class='ocrx_word' id='word_1_546' title='bbox 2709 784 2858 839; x_wconf 90' lang='lat' dir='ltr'><strong>vides</strong></span> <span class='ocrx_word' id='word_1_547' title='bbox 2885 792 2972 851; x_wconf 83' lang='lat' dir='ltr'><strong>tu,</strong></span> <span class='ocrx_word' id='word_1_548' title='bbox 3000 782 3128 853; x_wconf 92' lang='lat' dir='ltr'><strong>quid</strong></span> <span class='ocrx_word' id='word_1_549' title='bbox 3156 781 3392 838; x_wconf 90' lang='lat' dir='ltr'><strong>facturus</strong></span> <span class='ocrx_word' id='word_1_550' title='bbox 3414 796 3508 849; x_wconf 80' lang='lat' dir='ltr'><strong>es;</strong></span> <span class='ocrx_word' id='word_1_551' title='bbox 3539 783 3633 839; x_wconf 90' lang='lat' dir='ltr'><strong>sed</strong></span> <span class='ocrx_word' id='word_1_552' title='bbox 3660 784 3804 840; x_wconf 90' lang='lat' dir='ltr'><strong>alius</strong></span> 
     </span>
    </p>
   </div>
   <div class='ocr_carea' id='block_1_68' title="bbox 2224 874 3804 944">
    <p class='ocr_par' dir='ltr' id='par_1_68' title="bbox 2224 874 3804 944">
     <span class='ocr_line' id='line_1_68' title="bbox 2224 874 3804 944; baseline 0.001 -14"><span class='ocrx_word' id='word_1_553' title='bbox 2224 891 2328 930; x_wconf 90' lang='lat' dir='ltr'><strong>non</strong></span> <span class='ocrx_word' id='word_1_554' title='bbox 2356 877 2593 942; x_wconf 80' lang='lat' dir='ltr'><strong>miratur,</strong></span> <span class='ocrx_word' id='word_1_555' title='bbox 2624 875 2726 929; x_wconf 90' lang='lat' dir='ltr'><strong>nisi</strong></span> <span class='ocrx_word' id='word_1_556' title='bbox 2750 890 2868 930; x_wconf 93' lang='lat' dir='ltr'><strong>cum</strong></span> <span class='ocrx_word' id='word_1_557' title='bbox 2899 874 3087 930; x_wconf 82' lang='lat' dir='ltr'><strong>feceris</strong></span> <span class='ocrx_word' id='word_1_558' title='bbox 3112 882 3166 929; x_wconf 92' lang='lat' dir='ltr'><strong>et</strong></span> <span class='ocrx_word' id='word_1_559' title='bbox 3185 874 3541 929; x_wconf 84' lang='lat' dir='ltr'><strong>construxeris</strong></span> <span class='ocrx_word' id='word_1_560' title='bbox 3565 875 3759 931; x_wconf 89' lang='lat' dir='ltr'><strong>molem</strong></span> <span class='ocrx_word' id='word_1_561' title='bbox 3783 916 3804 944; x_wconf 90' lang='lat'><strong>,</strong></span> 
     </span>
    </p>
   </div>
   <div class='ocr_carea' id='block_1_69' title="bbox 2224 962 3806 1036">
    <p class='ocr_par' dir='ltr' id='par_1_69' title="bbox 2224 962 3806 1036">
     <span class='ocr_line' id='line_1_69' title="bbox 2224 962 3806 1036; baseline 0.001 -17"><span class='ocrx_word' id='word_1_562' title='bbox 2224 974 2278 1020; x_wconf 90' lang='lat' dir='ltr'><strong>et</strong></span> <span class='ocrx_word' id='word_1_563' title='bbox 2322 962 2575 1020; x_wconf 85' lang='lat' dir='ltr'><strong>fabricam</strong></span> <span class='ocrx_word' id='word_1_564' title='bbox 2602 965 2745 1019; x_wconf 93' lang='lat' dir='ltr'><strong>illam</strong></span> <span class='ocrx_word' id='word_1_565' title='bbox 2775 963 2843 1019; x_wconf 90' lang='lat' dir='ltr'><strong>ad</strong></span> <span class='ocrx_word' id='word_1_566' title='bbox 2870 964 3292 1034; x_wconf 86' lang='lat' dir='ltr'><strong>exsculptionem</strong></span> <span class='ocrx_word' id='word_1_567' title='bbox 3318 964 3806 1036; x_wconf 84' lang='lat' dir='ltr'><strong>perfectionemque</strong></span> 
     </span>
    </p>
   </div>
   <div class='ocr_carea' id='block_1_70' title="bbox 2223 1054 3801 1131">
    <p class='ocr_par' dir='ltr' id='par_1_70' title="bbox 2223 1054 3801 1131">
     <span class='ocr_line' id='line_1_70' title="bbox 2223 1054 3801 1131; baseline -0.001 -21"><span class='ocrx_word' id='word_1_568' title='bbox 2223 1056 2566 1125; x_wconf 88' lang='lat' dir='ltr'><strong>perduxeris:</strong></span> <span class='ocrx_word' id='word_1_569' title='bbox 2597 1055 2875 1131; x_wconf 83' lang='lat' dir='ltr'><strong>attendunt</strong></span> <span class='ocrx_word' id='word_1_570' title='bbox 2899 1055 3142 1130; x_wconf 86' lang='lat' dir='ltr'><strong>homines</strong></span> <span class='ocrx_word' id='word_1_571' title='bbox 3167 1054 3463 1109; x_wconf 90' lang='lat' dir='ltr'><strong>mirabilem</strong></span> <span class='ocrx_word' id='word_1_572' title='bbox 3504 1054 3757 1110; x_wconf 85' lang='lat' dir='ltr'><strong>fabricam</strong></span> <span class='ocrx_word' id='word_1_573' title='bbox 3781 1095 3801 1121; x_wconf 90' lang='lat'><strong>,</strong></span> 
     </span>
    </p>
   </div>
   <div class='ocr_carea' id='block_1_71' title="bbox 2222 1144 3807 1215">
    <p class='ocr_par' dir='ltr' id='par_1_71' title="bbox 2222 1144 3807 1215">
     <span class='ocr_line' id='line_1_71' title="bbox 2222 1144 3807 1215; baseline -0.001 -13"><span class='ocrx_word' id='word_1_574' title='bbox 2222 1156 2277 1203; x_wconf 90' lang='lat' dir='ltr'><strong>et</strong></span> <span class='ocrx_word' id='word_1_575' title='bbox 2318 1147 2574 1201; x_wconf 90' lang='lat' dir='ltr'><strong>mirantur</strong></span> <span class='ocrx_word' id='word_1_576' title='bbox 2609 1146 2887 1201; x_wconf 91' lang='lat' dir='ltr'><strong>consilium</strong></span> <span class='ocrx_word' id='word_1_577' title='bbox 2927 1145 3259 1210; x_wconf 89' lang='lat' dir='ltr'><strong>fabricantis;</strong></span> <span class='ocrx_word' id='word_1_578' title='bbox 3295 1153 3511 1214; x_wconf 90' lang='lat' dir='ltr'><strong>stupent</strong></span> <span class='ocrx_word' id='word_1_579' title='bbox 3546 1144 3687 1215; x_wconf 90' lang='lat' dir='ltr'><strong>quod</strong></span> <span class='ocrx_word' id='word_1_580' title='bbox 3724 1147 3807 1201; x_wconf 78' lang='lat' dir='ltr'><strong>vi-</strong></span> 
     </span>
    </p>
   </div>
   <div class='ocr_carea' id='block_1_72' title="bbox 2223 1224 3804 1313">
    <p class='ocr_par' dir='ltr' id='par_1_72' title="bbox 2223 1224 3804 1313">
     <span class='ocr_line' id='line_1_72' title="bbox 2223 1224 3804 1313; baseline 0.001 -22"><span class='ocrx_word' id='word_1_581' title='bbox 2223 1224 2350 1292; x_wconf 87' lang='lat' dir='ltr'><strong>dent</strong></span> <span class='ocrx_word' id='word_1_582' title='bbox 2372 1279 2387 1305; x_wconf 96' lang='lat'><strong>,</strong></span> <span class='ocrx_word' id='word_1_583' title='bbox 2419 1246 2473 1292; x_wconf 90' lang='lat' dir='ltr'><strong>et</strong></span> <span class='ocrx_word' id='word_1_584' title='bbox 2497 1245 2676 1291; x_wconf 88' lang='lat' dir='ltr'><strong>amant</strong></span> <span class='ocrx_word' id='word_1_585' title='bbox 2699 1224 2974 1313; x_wconf 88' lang='lat' dir='ltr'><strong>quodnon</strong></span> <span class='ocrx_word' id='word_1_586' title='bbox 3002 1236 3220 1292; x_wconf 88' lang='lat' dir='ltr'><strong>vident:</strong></span> <span class='ocrx_word' id='word_1_587' title='bbox 3260 1236 3378 1307; x_wconf 90' lang='lat' dir='ltr'><strong>quis</strong></span> <span class='ocrx_word' id='word_1_588' title='bbox 3407 1245 3490 1292; x_wconf 91' lang='lat' dir='ltr'><strong>est</strong></span> <span class='ocrx_word' id='word_1_589' title='bbox 3515 1237 3602 1313; x_wconf 85' lang='lat' dir='ltr'><strong>qui</strong></span> <span class='ocrx_word' id='word_1_590' title='bbox 3628 1246 3804 1308; x_wconf 83' lang='lat' dir='ltr'><strong>potest</strong></span> 
     </span>
    </p>
   </div>
   <div class='ocr_carea' id='block_1_73' title="bbox 2222 1312 3802 1403">
    <p class='ocr_par' dir='ltr' id='par_1_73' title="bbox 2222 1312 3802 1403">
     <span class='ocr_line' id='line_1_73' title="bbox 2222 1312 3802 1403; baseline 0.001 -21"><span class='ocrx_word' id='word_1_591' title='bbox 2222 1327 2403 1383; x_wconf 90' lang='lat' dir='ltr'><strong>videre</strong></span> <span class='ocrx_word' id='word_1_592' title='bbox 2442 1314 2762 1383; x_wconf 87' lang='lat' dir='ltr'><strong>consilium?</strong></span> <span class='ocrx_word' id='word_1_593' title='bbox 2805 1312 2862 1383; x_wconf 87' lang='lat' dir='ltr'><strong>Si</strong></span> <span class='ocrx_word' id='word_1_594' title='bbox 2891 1342 3018 1399; x_wconf 88' lang='lat' dir='ltr'><strong>ergo</strong></span> <span class='ocrx_word' id='word_1_595' title='bbox 3060 1342 3128 1384; x_wconf 84' lang='lat' dir='ltr'><strong>ex</strong></span> <span class='ocrx_word' id='word_1_596' title='bbox 3163 1342 3353 1403; x_wconf 85' lang='lat' dir='ltr'><strong>magna</strong></span> <span class='ocrx_word' id='word_1_597' title='bbox 3390 1329 3564 1399; x_wconf 91' lang='lat' dir='ltr'><strong>aliqua</strong></span> <span class='ocrx_word' id='word_1_598' title='bbox 3601 1328 3802 1385; x_wconf 88' lang='lat' dir='ltr'><strong>fabrica</strong></span> 
     </span>
    </p>
   </div>
   <div class='ocr_carea' id='block_1_74' title="bbox 2226 1408 3803 1498">
    <p class='ocr_par' dir='ltr' id='par_1_74' title="bbox 2226 1408 3803 1498">
     <span class='ocr_line' id='line_1_74' title="bbox 2226 1408 3803 1498; baseline 0.002 -26"><span class='ocrx_word' id='word_1_599' title='bbox 2226 1408 2470 1473; x_wconf 90' lang='lat' dir='ltr'><strong>laudatur</strong></span> <span class='ocrx_word' id='word_1_600' title='bbox 2490 1419 2777 1473; x_wconf 90' lang='lat' dir='ltr'><strong>humanum</strong></span> <span class='ocrx_word' id='word_1_601' title='bbox 2804 1420 3080 1498; x_wconf 87' lang='lat' dir='ltr'><strong>consilium</strong></span> <span class='ocrx_word' id='word_1_602' title='bbox 3104 1460 3119 1483; x_wconf 88' lang='lat'><strong>,</strong></span> <span class='ocrx_word' id='word_1_603' title='bbox 3144 1419 3226 1474; x_wconf 92' lang='lat' dir='ltr'><strong>vis</strong></span> <span class='ocrx_word' id='word_1_604' title='bbox 3249 1419 3433 1475; x_wconf 91' lang='lat' dir='ltr'><strong>videre</strong></span> <span class='ocrx_word' id='word_1_605' title='bbox 3455 1421 3611 1490; x_wconf 89' lang='lat' dir='ltr'><strong>quale</strong></span> <span class='ocrx_word' id='word_1_606' title='bbox 3631 1420 3803 1475; x_wconf 86' lang='lat' dir='ltr'><strong>cousi-</strong></span> 
     </span>
    </p>
   </div>
   <div class='ocr_carea' id='block_1_75' title="bbox 2224 1498 3801 1587">
    <p class='ocr_par' dir='ltr' id='par_1_75' title="bbox 2224 1498 3801 1587">
     <span class='ocr_line' id='line_1_75' title="bbox 2224 1498 3801 1587; baseline 0.001 -20"><span class='ocrx_word' id='word_1_607' title='bbox 2224 1511 2351 1567; x_wconf 90' lang='lat' dir='ltr'><strong>lium</strong></span> <span class='ocrx_word' id='word_1_608' title='bbox 2378 1498 2470 1566; x_wconf 91' lang='lat' dir='ltr'><strong>Dei</strong></span> <span class='ocrx_word' id='word_1_609' title='bbox 2490 1520 2573 1565; x_wconf 90' lang='lat' dir='ltr'><strong>est</strong></span> <span class='ocrx_word' id='word_1_610' title='bbox 2594 1512 2847 1566; x_wconf 90' lang='lat' dir='ltr'><strong>Dominus</strong></span> <span class='ocrx_word' id='word_1_611' title='bbox 2865 1511 3018 1587; x_wconf 70' lang='lat' dir='ltr'><strong>Iesus</strong></span> <span class='ocrx_word' id='word_1_612' title='bbox 3042 1511 3306 1578; x_wconf 91' lang='lat' dir='ltr'><strong>Christus,</strong></span> <span class='ocrx_word' id='word_1_613' title='bbox 3333 1512 3388 1567; x_wconf 93' lang='lat' dir='ltr'><strong>id</strong></span> <span class='ocrx_word' id='word_1_614' title='bbox 3415 1521 3499 1568; x_wconf 86' lang='lat' dir='ltr'><strong>est</strong></span> <span class='ocrx_word' id='word_1_615' title='bbox 3522 1553 3538 1580; x_wconf 95' lang='lat'><strong>,</strong></span> <span class='ocrx_word' id='word_1_616' title='bbox 3564 1512 3801 1569; x_wconf 82' lang='lat' dir='ltr'><strong>Verbum</strong></span> 
     </span>
    </p>
   </div>
   <div class='ocr_carea' id='block_1_76' title="bbox 2223 1590 3805 1673">
    <p class='ocr_par' dir='ltr' id='par_1_76' title="bbox 2223 1590 3805 1673">
     <span class='ocr_line' id='line_1_76' title="bbox 2223 1590 3805 1673; baseline 0.003 -18"><span class='ocrx_word' id='word_1_617' title='bbox 2223 1600 2362 1656; x_wconf 90' lang='lat' dir='ltr'><strong>Dei?</strong></span> <span class='ocrx_word' id='word_1_618' title='bbox 2399 1602 2626 1657; x_wconf 85' lang='lat' dir='ltr'><strong>Attende</strong></span> <span class='ocrx_word' id='word_1_619' title='bbox 2654 1590 2906 1657; x_wconf 86' lang='lat' dir='ltr'><strong>fabricam</strong></span> <span class='ocrx_word' id='word_1_620' title='bbox 2949 1603 3102 1656; x_wconf 91' lang='lat' dir='ltr'><strong>istam</strong></span> <span class='ocrx_word' id='word_1_621' title='bbox 3124 1602 3340 1669; x_wconf 92' lang='lat' dir='ltr'><strong>mundi;</strong></span> <span class='ocrx_word' id='word_1_622' title='bbox 3371 1602 3494 1658; x_wconf 89' lang='lat' dir='ltr'><strong>vide</strong></span> <span class='ocrx_word' id='word_1_623' title='bbox 3535 1618 3651 1673; x_wconf 79' lang='lat' dir='ltr'><strong>quae</strong></span> <span class='ocrx_word' id='word_1_624' title='bbox 3694 1605 3805 1660; x_wconf 87' lang='lat' dir='ltr'><strong>sint</strong></span> 
     </span>
    </p>
   </div>
   <div class='ocr_carea' id='block_1_77' title="bbox 2224 1682 3807 1763">
    <p class='ocr_par' dir='ltr' id='par_1_77' title="bbox 2224 1682 3807 1763">
     <span class='ocr_line' id='line_1_77' title="bbox 2224 1682 3807 1763; baseline 0.002 -18"><span class='ocrx_word' id='word_1_625' title='bbox 2224 1692 2359 1746; x_wconf 91' lang='lat' dir='ltr'><strong>facta</strong></span> <span class='ocrx_word' id='word_1_626' title='bbox 2385 1707 2480 1762; x_wconf 89' lang='lat' dir='ltr'><strong>per</strong></span> <span class='ocrx_word' id='word_1_627' title='bbox 2516 1682 2780 1758; x_wconf 81' lang='lat' dir='ltr'><strong>Verbum,</strong></span> <span class='ocrx_word' id='word_1_628' title='bbox 2823 1700 2878 1747; x_wconf 91' lang='lat' dir='ltr'><strong>et</strong></span> <span class='ocrx_word' id='word_1_629' title='bbox 2919 1700 3044 1747; x_wconf 91' lang='lat' dir='ltr'><strong>tunc</strong></span> <span class='ocrx_word' id='word_1_630' title='bbox 3072 1707 3359 1762; x_wconf 81' lang='lat' dir='ltr'><strong>cognosces</strong></span> <span class='ocrx_word' id='word_1_631' title='bbox 3384 1692 3540 1763; x_wconf 91' lang='lat' dir='ltr'><strong>quale</strong></span> <span class='ocrx_word' id='word_1_632' title='bbox 3575 1694 3645 1748; x_wconf 88' lang='lat' dir='ltr'><strong>sit</strong></span> <span class='ocrx_word' id='word_1_633' title='bbox 3669 1692 3807 1749; x_wconf 84' lang='lat' dir='ltr'><strong>Ver-</strong></span> 
     </span>
    </p>
   </div>
   <div class='ocr_carea' id='block_1_78' title="bbox 2224 1768 3808 1852">
    <p class='ocr_par' dir='ltr' id='par_1_78' title="bbox 2224 1768 3808 1852">
     <span class='ocr_line' id='line_1_78' title="bbox 2224 1768 3808 1852; baseline 0.001 -14"><span class='ocrx_word' id='word_1_634' title='bbox 2224 1779 2371 1838; x_wconf 88' lang='lat' dir='ltr'><strong>bum.</strong></span> <span class='ocrx_word' id='word_1_635' title='bbox 2399 1774 2628 1837; x_wconf 85' lang='lat' dir='ltr'><strong>Attende</strong></span> <span class='ocrx_word' id='word_1_636' title='bbox 2649 1772 2763 1837; x_wconf 72' lang='lat' dir='ltr'><strong>bmc</strong></span> <span class='ocrx_word' id='word_1_637' title='bbox 2783 1768 2888 1837; x_wconf 85' lang='lat' dir='ltr'><strong>duo</strong></span> <span class='ocrx_word' id='word_1_638' title='bbox 2913 1780 3095 1837; x_wconf 90' lang='lat' dir='ltr'><strong>mundi</strong></span> <span class='ocrx_word' id='word_1_639' title='bbox 3123 1797 3346 1852; x_wconf 90' lang='lat' dir='ltr'><strong>corpora</strong></span> <span class='ocrx_word' id='word_1_640' title='bbox 3363 1824 3378 1847; x_wconf 91' lang='lat'><strong>,</strong></span> <span class='ocrx_word' id='word_1_641' title='bbox 3405 1782 3596 1839; x_wconf 60' lang='lat' dir='ltr'><strong>coelum</strong></span> <span class='ocrx_word' id='word_1_642' title='bbox 3624 1794 3675 1839; x_wconf 90' lang='lat' dir='ltr'><strong>et</strong></span> <span class='ocrx_word' id='word_1_643' title='bbox 3697 1793 3808 1840; x_wconf 86' lang='lat' dir='ltr'><strong>ter-</strong></span> 
     </span>
    </p>
   </div>
   <div class='ocr_carea' id='block_1_79' title="bbox 2223 1871 3811 1943">
    <p class='ocr_par' dir='ltr' id='par_1_79' title="bbox 2223 1871 3811 1943">
     <span class='ocr_line' id='line_1_79' title="bbox 2223 1871 3811 1943; baseline 0.001 -16"><span class='ocrx_word' id='word_1_644' title='bbox 2223 1871 2337 1927; x_wconf 77' lang='lat' dir='ltr'><strong>ram</strong></span> <span class='ocrx_word' id='word_1_645' title='bbox 2366 1890 2380 1927; x_wconf 93' lang='lat'><strong>:</strong></span> <span class='ocrx_word' id='word_1_646' title='bbox 2409 1872 2525 1942; x_wconf 92' lang='lat' dir='ltr'><strong>quis</strong></span> <span class='ocrx_word' id='word_1_647' title='bbox 2546 1871 2772 1941; x_wconf 79' lang='lat' dir='ltr'><strong>explicat</strong></span> <span class='ocrx_word' id='word_1_648' title='bbox 2792 1872 2967 1927; x_wconf 88' lang='lat' dir='ltr'><strong>verbis</strong></span> <span class='ocrx_word' id='word_1_649' title='bbox 2987 1881 3233 1926; x_wconf 88' lang='lat' dir='ltr'><strong>ornatum</strong></span> <span class='ocrx_word' id='word_1_650' title='bbox 3255 1871 3410 1927; x_wconf 66' lang='lat' dir='ltr'><strong>coeli?</strong></span> <span class='ocrx_word' id='word_1_651' title='bbox 3437 1873 3555 1943; x_wconf 92' lang='lat' dir='ltr'><strong>quis</strong></span> <span class='ocrx_word' id='word_1_652' title='bbox 3578 1874 3811 1943; x_wconf 80' lang='lat' dir='ltr'><strong>explicat</strong></span> 
     </span>
    </p>
   </div>
   <div class='ocr_carea' id='block_1_80' title="bbox 2224 1960 3801 2032">
    <p class='ocr_par' dir='ltr' id='par_1_80' title="bbox 2224 1960 3801 2032">
     <span class='ocr_line' id='line_1_80' title="bbox 2224 1960 3801 2032; baseline 0.001 -17"><span class='ocrx_word' id='word_1_653' title='bbox 2224 1962 2399 2017; x_wconf 88' lang='lat' dir='ltr'><strong>verbis</strong></span> <span class='ocrx_word' id='word_1_654' title='bbox 2438 1960 2809 2017; x_wconf 89' lang='lat' dir='ltr'><strong>fecunditatem</strong></span> <span class='ocrx_word' id='word_1_655' title='bbox 2834 1960 3033 2016; x_wconf 66' lang='lat' dir='ltr'><strong>terrae?</strong></span> <span class='ocrx_word' id='word_1_656' title='bbox 3058 1961 3177 2032; x_wconf 91' lang='lat' dir='ltr'><strong>quis</strong></span> <span class='ocrx_word' id='word_1_657' title='bbox 3196 1961 3353 2032; x_wconf 87' lang='lat' dir='ltr'><strong>digne</strong></span> <span class='ocrx_word' id='word_1_658' title='bbox 3376 1961 3640 2018; x_wconf 86' lang='lat' dir='ltr'><strong>collaudat</strong></span> <span class='ocrx_word' id='word_1_659' title='bbox 3661 1972 3801 2017; x_wconf 84' lang='lat' dir='ltr'><strong>tem—</strong></span> 
     </span>
    </p>
   </div>
   <div class='ocr_carea' id='block_1_81' title="bbox 2224 2052 3807 2123">
    <p class='ocr_par' dir='ltr' id='par_1_81' title="bbox 2224 2052 3807 2123">
     <span class='ocr_line' id='line_1_81' title="bbox 2224 2052 3807 2123; baseline 0.002 -16"><span class='ocrx_word' id='word_1_660' title='bbox 2224 2068 2415 2123; x_wconf 92' lang='lat' dir='ltr'><strong>porum</strong></span> <span class='ocrx_word' id='word_1_661' title='bbox 2456 2052 2636 2107; x_wconf 87' lang='lat' dir='ltr'><strong>vices?</strong></span> <span class='ocrx_word' id='word_1_662' title='bbox 2682 2052 2802 2122; x_wconf 90' lang='lat' dir='ltr'><strong>quis</strong></span> <span class='ocrx_word' id='word_1_663' title='bbox 2840 2052 2997 2122; x_wconf 90' lang='lat' dir='ltr'><strong>digne</strong></span> <span class='ocrx_word' id='word_1_664' title='bbox 3042 2053 3308 2108; x_wconf 91' lang='lat' dir='ltr'><strong>collaudat</strong></span> <span class='ocrx_word' id='word_1_665' title='bbox 3346 2053 3610 2109; x_wconf 90' lang='lat' dir='ltr'><strong>seminum</strong></span> <span class='ocrx_word' id='word_1_666' title='bbox 3654 2054 3807 2110; x_wconf 82' lang='lat' dir='ltr'><strong>vim?</strong></span> 
     </span>
    </p>
   </div>
   <div class='ocr_carea' id='block_1_82' title="bbox 2224 2133 3805 2216">
    <p class='ocr_par' dir='ltr' id='par_1_82' title="bbox 2224 2133 3805 2216">
     <span class='ocr_line' id='line_1_82' title="bbox 2224 2133 3805 2216; baseline 0 -17"><span class='ocrx_word' id='word_1_667' title='bbox 2224 2144 2428 2201; x_wconf 87' lang='lat' dir='ltr'><strong>Videtis</strong></span> <span class='ocrx_word' id='word_1_668' title='bbox 2466 2160 2583 2216; x_wconf 67' lang='lat' dir='ltr'><strong>quae</strong></span> <span class='ocrx_word' id='word_1_669' title='bbox 2620 2152 2856 2211; x_wconf 89' lang='lat' dir='ltr'><strong>taceam,</strong></span> <span class='ocrx_word' id='word_1_670' title='bbox 2884 2159 2952 2199; x_wconf 88' lang='lat' dir='ltr'><strong>ne</strong></span> <span class='ocrx_word' id='word_1_671' title='bbox 2992 2144 3083 2199; x_wconf 91' lang='lat' dir='ltr'><strong>diu</strong></span> <span class='ocrx_word' id='word_1_672' title='bbox 3116 2133 3582 2201; x_wconf 82' lang='lat' dir='ltr'><strong>commemorando</strong></span> <span class='ocrx_word' id='word_1_673' title='bbox 3617 2159 3805 2216; x_wconf 86' lang='lat' dir='ltr'><strong>parum</strong></span> 
     </span>
    </p>
   </div>
   <div class='ocr_carea' id='block_1_83' title="bbox 2224 2236 3809 2307">
    <p class='ocr_par' dir='ltr' id='par_1_83' title="bbox 2224 2236 3809 2307">
     <span class='ocr_line' id='line_1_83' title="bbox 2224 2236 3809 2307; baseline -0.001 -14"><span class='ocrx_word' id='word_1_674' title='bbox 2224 2237 2394 2293; x_wconf 90' lang='lat' dir='ltr'><strong>dicam</strong></span> <span class='ocrx_word' id='word_1_675' title='bbox 2438 2236 2611 2303; x_wconf 89' lang='lat' dir='ltr'><strong>forte,</strong></span> <span class='ocrx_word' id='word_1_676' title='bbox 2658 2251 2816 2306; x_wconf 89' lang='lat' dir='ltr'><strong>quam</strong></span> <span class='ocrx_word' id='word_1_677' title='bbox 2865 2236 3084 2306; x_wconf 90' lang='lat' dir='ltr'><strong>potestis</strong></span> <span class='ocrx_word' id='word_1_678' title='bbox 3130 2237 3366 2307; x_wconf 91' lang='lat' dir='ltr'><strong>cogitare</strong></span> <span class='ocrx_word' id='word_1_679' title='bbox 3396 2237 3436 2289; x_wconf 74' lang='grc' dir='ltr'><strong>ί.</strong></span> <span class='ocrx_word' id='word_1_680' title='bbox 3482 2236 3564 2291; x_wconf 82' lang='lat' dir='ltr'><strong>Ex</strong></span> <span class='ocrx_word' id='word_1_681' title='bbox 3607 2236 3809 2292; x_wconf 85' lang='lat' dir='ltr'><strong>fabrica</strong></span> 
     </span>
    </p>
   </div>
   <div class='ocr_carea' id='block_1_84' title="bbox 2226 2327 3807 2400">
    <p class='ocr_par' dir='ltr' id='par_1_84' title="bbox 2226 2327 3807 2400">
     <span class='ocr_line' id='line_1_84' title="bbox 2226 2327 3807 2400; baseline 0.001 -17"><span class='ocrx_word' id='word_1_682' title='bbox 2226 2343 2354 2398; x_wconf 82' lang='lat' dir='ltr'><strong>ergo</strong></span> <span class='ocrx_word' id='word_1_683' title='bbox 2382 2328 2482 2382; x_wconf 91' lang='lat' dir='ltr'><strong>ista</strong></span> <span class='ocrx_word' id='word_1_684' title='bbox 2528 2327 2933 2384; x_wconf 87' lang='lat' dir='ltr'><strong>animadvertite</strong></span> <span class='ocrx_word' id='word_1_685' title='bbox 2962 2329 3117 2398; x_wconf 89' lang='lat' dir='ltr'><strong>quale</strong></span> <span class='ocrx_word' id='word_1_686' title='bbox 3152 2328 3385 2384; x_wconf 86' lang='lat' dir='ltr'><strong>Verbum</strong></span> <span class='ocrx_word' id='word_1_687' title='bbox 3413 2337 3495 2384; x_wconf 89' lang='lat' dir='ltr'><strong>est</strong></span> <span class='ocrx_word' id='word_1_688' title='bbox 3522 2343 3617 2399; x_wconf 90' lang='lat' dir='ltr'><strong>per</strong></span> <span class='ocrx_word' id='word_1_689' title='bbox 3659 2329 3807 2400; x_wconf 87' lang='lat' dir='ltr'><strong>quod</strong></span> 
     </span>
    </p>
   </div>
   <div class='ocr_carea' id='block_1_85' title="bbox 2224 2405 3806 2495">
    <p class='ocr_par' dir='ltr' id='par_1_85' title="bbox 2224 2405 3806 2495">
     <span class='ocr_line' id='line_1_85' title="bbox 2224 2405 3806 2495; baseline 0.001 -23"><span class='ocrx_word' id='word_1_690' title='bbox 2224 2405 2358 2473; x_wconf 82' lang='lat' dir='ltr'><strong>facta</strong></span> <span class='ocrx_word' id='word_1_691' title='bbox 2383 2425 2500 2473; x_wconf 89' lang='lat' dir='ltr'><strong>est:</strong></span> <span class='ocrx_word' id='word_1_692' title='bbox 2531 2419 2585 2472; x_wconf 85' lang='lat' dir='ltr'><strong>et</strong></span> <span class='ocrx_word' id='word_1_693' title='bbox 2630 2433 2733 2472; x_wconf 87' lang='lat' dir='ltr'><strong>non</strong></span> <span class='ocrx_word' id='word_1_694' title='bbox 2772 2408 2885 2473; x_wconf 90' lang='lat' dir='ltr'><strong>sola</strong></span> <span class='ocrx_word' id='word_1_695' title='bbox 2912 2417 3046 2495; x_wconf 81' lang='lat' dir='ltr'><strong>facta</strong></span> <span class='ocrx_word' id='word_1_696' title='bbox 3085 2427 3186 2473; x_wconf 92' lang='lat' dir='ltr'><strong>est.</strong></span> <span class='ocrx_word' id='word_1_697' title='bbox 3211 2416 3398 2483; x_wconf 88' lang='lat' dir='ltr'><strong>Omnia</strong></span> <span class='ocrx_word' id='word_1_698' title='bbox 3423 2419 3564 2473; x_wconf 91' lang='lat' dir='ltr'><strong>enim</strong></span> <span class='ocrx_word' id='word_1_699' title='bbox 3598 2419 3695 2474; x_wconf 89' lang='lat' dir='ltr'><strong>ista</strong></span> <span class='ocrx_word' id='word_1_700' title='bbox 3721 2420 3806 2473; x_wconf 80' lang='lat' dir='ltr'><strong>vi-</strong></span> 
     </span>
    </p>
   </div>
   <div class='ocr_carea' id='block_1_86' title="bbox 2225 2496 3807 2578">
    <p class='ocr_par' dir='ltr' id='par_1_86' title="bbox 2225 2496 3807 2578">
     <span class='ocr_line' id='line_1_86' title="bbox 2225 2496 3807 2578; baseline 0.001 -16"><span class='ocrx_word' id='word_1_701' title='bbox 2225 2498 2438 2574; x_wconf 90' lang='lat' dir='ltr'><strong>dentur,</strong></span> <span class='ocrx_word' id='word_1_702' title='bbox 2467 2507 2589 2578; x_wconf 84' lang='lat' dir='ltr'><strong>quia</strong></span> <span class='ocrx_word' id='word_1_703' title='bbox 2618 2507 2881 2577; x_wconf 83' lang='lat' dir='ltr'><strong>pertinent</strong></span> <span class='ocrx_word' id='word_1_704' title='bbox 2907 2506 2974 2561; x_wconf 90' lang='lat' dir='ltr'><strong>ad</strong></span> <span class='ocrx_word' id='word_1_705' title='bbox 3006 2521 3221 2561; x_wconf 88' lang='lat' dir='ltr'><strong>sensum</strong></span> <span class='ocrx_word' id='word_1_706' title='bbox 3256 2506 3513 2578; x_wconf 88' lang='lat' dir='ltr'><strong>corporis.</strong></span> <span class='ocrx_word' id='word_1_707' title='bbox 3546 2496 3648 2564; x_wconf 79' lang='lat' dir='ltr'><strong>Per</strong></span> <span class='ocrx_word' id='word_1_708' title='bbox 3675 2508 3807 2564; x_wconf 89' lang='lat' dir='ltr'><strong>illud</strong></span> 
     </span>
    </p>
   </div>
   <div class='ocr_carea' id='block_1_87' title="bbox 2225 2582 3809 2667">
    <p class='ocr_par' dir='ltr' id='par_1_87' title="bbox 2225 2582 3809 2667">
     <span class='ocr_line' id='line_1_87' title="bbox 2225 2582 3809 2667; baseline 0.001 -15"><span class='ocrx_word' id='word_1_709' title='bbox 2225 2582 2457 2652; x_wconf 82' lang='lat' dir='ltr'><strong>Verbum</strong></span> <span class='ocrx_word' id='word_1_710' title='bbox 2496 2604 2550 2651; x_wconf 91' lang='lat' dir='ltr'><strong>et</strong></span> <span class='ocrx_word' id='word_1_711' title='bbox 2593 2588 2781 2665; x_wconf 79' lang='lat' dir='ltr'><strong>Angeli</strong></span> <span class='ocrx_word' id='word_1_712' title='bbox 2824 2584 2947 2652; x_wconf 86' lang='lat' dir='ltr'><strong>facti</strong></span> <span class='ocrx_word' id='word_1_713' title='bbox 2986 2604 3138 2663; x_wconf 88' lang='lat' dir='ltr'><strong>sunt;</strong></span> <span class='ocrx_word' id='word_1_714' title='bbox 3183 2612 3276 2667; x_wconf 90' lang='lat' dir='ltr'><strong>per</strong></span> <span class='ocrx_word' id='word_1_715' title='bbox 3318 2596 3443 2652; x_wconf 91' lang='lat' dir='ltr'><strong>illud</strong></span> <span class='ocrx_word' id='word_1_716' title='bbox 3473 2597 3705 2654; x_wconf 86' lang='lat' dir='ltr'><strong>Verbum</strong></span> <span class='ocrx_word' id='word_1_717' title='bbox 3748 2607 3809 2653; x_wconf 90' lang='lat' dir='ltr'><strong>et</strong></span> 
     </span>
    </p>
   </div>
   <div class='ocr_carea' id='block_1_88' title="bbox 2224 2672 3805 2757">
    <p class='ocr_par' dir='ltr' id='par_1_88' title="bbox 2224 2672 3805 2757">
     <span class='ocr_line' id='line_1_88' title="bbox 2224 2672 3805 2757; baseline 0 -16"><span class='ocrx_word' id='word_1_718' title='bbox 2224 2685 2539 2757; x_wconf 83' lang='lat' dir='ltr'><strong>Arcbangeli</strong></span> <span class='ocrx_word' id='word_1_719' title='bbox 2582 2685 2703 2739; x_wconf 90' lang='lat' dir='ltr'><strong>facti</strong></span> <span class='ocrx_word' id='word_1_720' title='bbox 2733 2694 2894 2752; x_wconf 91' lang='lat' dir='ltr'><strong>sunt;</strong></span> <span class='ocrx_word' id='word_1_721' title='bbox 2924 2672 3220 2741; x_wconf 83' lang='lat' dir='ltr'><strong>Potestales</strong></span> <span class='ocrx_word' id='word_1_722' title='bbox 3242 2727 3257 2751; x_wconf 92' lang='lat'><strong>,</strong></span> <span class='ocrx_word' id='word_1_723' title='bbox 3299 2685 3500 2754; x_wconf 88' lang='lat' dir='ltr'><strong>Sedes,</strong></span> <span class='ocrx_word' id='word_1_724' title='bbox 3550 2686 3805 2743; x_wconf 45' lang='lat' dir='ltr'><strong>Domina‘i</strong></span> 
     </span>
    </p>
   </div>
   <div class='ocr_carea' id='block_1_89' title="bbox 2225 2772 3802 2847">
    <p class='ocr_par' dir='ltr' id='par_1_89' title="bbox 2225 2772 3802 2847">
     <span class='ocr_line' id='line_1_89' title="bbox 2225 2772 3802 2847; baseline 0.001 -15"><span class='ocrx_word' id='word_1_725' title='bbox 2225 2772 2434 2845; x_wconf 85' lang='lat' dir='ltr'><strong>tiones,</strong></span> <span class='ocrx_word' id='word_1_726' title='bbox 2480 2777 2850 2846; x_wconf 88' lang='lat' dir='ltr'><strong>Principatus;</strong></span> <span class='ocrx_word' id='word_1_727' title='bbox 2889 2792 2987 2847; x_wconf 90' lang='lat' dir='ltr'><strong>per</strong></span> <span class='ocrx_word' id='word_1_728' title='bbox 3034 2777 3160 2832; x_wconf 93' lang='lat' dir='ltr'><strong>illud</strong></span> <span class='ocrx_word' id='word_1_729' title='bbox 3205 2776 3439 2834; x_wconf 90' lang='lat' dir='ltr'><strong>Verbum</strong></span> <span class='ocrx_word' id='word_1_730' title='bbox 3487 2777 3625 2836; x_wconf 85' lang='lat' dir='ltr'><strong>facta</strong></span> <span class='ocrx_word' id='word_1_731' title='bbox 3675 2788 3802 2835; x_wconf 92' lang='lat' dir='ltr'><strong>sunt</strong></span> 
     </span>
    </p>
   </div>
   <div class='ocr_carea' id='block_1_90' title="bbox 2224 2868 3396 2939">
    <p class='ocr_par' dir='ltr' id='par_1_90' title="bbox 2224 2868 3396 2939">
     <span class='ocr_line' id='line_1_90' title="bbox 2224 2868 3396 2939; baseline -0.004 -13"><span class='ocrx_word' id='word_1_732' title='bbox 2224 2870 2401 2926; x_wconf 90' lang='lat' dir='ltr'><strong>omnia</strong></span> <span class='ocrx_word' id='word_1_733' title='bbox 2426 2887 2438 2922; x_wconf 87' lang='lat'><strong>:</strong></span> <span class='ocrx_word' id='word_1_734' title='bbox 2471 2869 2594 2924; x_wconf 93' lang='lat' dir='ltr'><strong>hinc</strong></span> <span class='ocrx_word' id='word_1_735' title='bbox 2619 2871 2842 2939; x_wconf 87' lang='lat' dir='ltr'><strong>cogitate</strong></span> <span class='ocrx_word' id='word_1_736' title='bbox 2865 2870 3022 2939; x_wconf 91' lang='lat' dir='ltr'><strong>quale</strong></span> <span class='ocrx_word' id='word_1_737' title='bbox 3042 2868 3273 2925; x_wconf 89' lang='lat' dir='ltr'><strong>Verbum</strong></span> <span class='ocrx_word' id='word_1_738' title='bbox 3295 2878 3396 2925; x_wconf 91' lang='lat' dir='ltr'><strong>est.</strong></span> 
     </span>
    </p>
   </div>
   <div class='ocr_carea' id='block_1_91' title="bbox 2295 2946 3808 3030">
    <p class='ocr_par' dir='ltr' id='par_1_91' title="bbox 2295 2946 3808 3030">
     <span class='ocr_line' id='line_1_91' title="bbox 2295 2946 3808 3030; baseline 0.001 -15"><span class='ocrx_word' id='word_1_739' title='bbox 2295 2960 2383 3015; x_wconf 79' lang='grc'><strong>10.</strong></span> <span class='ocrx_word' id='word_1_740' title='bbox 2422 2958 2727 3028; x_wconf 87' lang='lat' dir='ltr'><strong>Respondet</strong></span> <span class='ocrx_word' id='word_1_741' title='bbox 2768 2958 2896 3013; x_wconf 87' lang='lat' dir='ltr'><strong>mihi</strong></span> <span class='ocrx_word' id='word_1_742' title='bbox 2936 2958 3096 3015; x_wconf 91' lang='lat' dir='ltr'><strong>modo</strong></span> <span class='ocrx_word' id='word_1_743' title='bbox 3137 2958 3272 3015; x_wconf 90' lang='lat' dir='ltr'><strong>forte</strong></span> <span class='ocrx_word' id='word_1_744' title='bbox 3317 2960 3497 3016; x_wconf 91' lang='lat' dir='ltr'><strong>nescio</strong></span> <span class='ocrx_word' id='word_1_745' title='bbox 3537 2961 3694 3030; x_wconf 87' lang='lat' dir='ltr'><strong>quis:</strong></span> <span class='ocrx_word' id='word_1_746' title='bbox 3739 2946 3808 3016; x_wconf 80' lang='lat' dir='ltr'><strong>Et</strong></span> 
     </span>
    </p>
   </div>
   <div class='ocr_carea' id='block_1_92' title="bbox 2224 3048 3808 3122">
    <p class='ocr_par' dir='ltr' id='par_1_92' title="bbox 2224 3048 3808 3122">
     <span class='ocr_line' id='line_1_92' title="bbox 2224 3048 3808 3122; baseline 0.003 -19"><span class='ocrx_word' id='word_1_747' title='bbox 2224 3051 2343 3120; x_wconf 92' lang='lat' dir='ltr'><strong>quis</strong></span> <span class='ocrx_word' id='word_1_748' title='bbox 2381 3049 2482 3104; x_wconf 89' lang='lat' dir='ltr'><strong>hoc</strong></span> <span class='ocrx_word' id='word_1_749' title='bbox 2523 3049 2756 3105; x_wconf 87' lang='lat' dir='ltr'><strong>Verbum</strong></span> <span class='ocrx_word' id='word_1_750' title='bbox 2802 3049 3034 3120; x_wconf 87' lang='lat' dir='ltr'><strong>cogitat?</strong></span> <span class='ocrx_word' id='word_1_751' title='bbox 3079 3048 3195 3122; x_wconf 88' lang='lat' dir='ltr'><strong>Noli</strong></span> <span class='ocrx_word' id='word_1_752' title='bbox 3233 3065 3360 3120; x_wconf 86' lang='lat' dir='ltr'><strong>ergo</strong></span> <span class='ocrx_word' id='word_1_753' title='bbox 3398 3050 3491 3106; x_wconf 89' lang='lat' dir='ltr'><strong>tibi</strong></span> <span class='ocrx_word' id='word_1_754' title='bbox 3527 3051 3674 3122; x_wconf 89' lang='lat' dir='ltr'><strong>quasi</strong></span> <span class='ocrx_word' id='word_1_755' title='bbox 3703 3051 3808 3107; x_wconf 87' lang='lat' dir='ltr'><strong>vile</strong></span> 
     </span>
    </p>
   </div>
   <div class='ocr_carea' id='block_1_93' title="bbox 2224 3137 3809 3210">
    <p class='ocr_par' dir='ltr' id='par_1_93' title="bbox 2224 3137 3809 3210">
     <span class='ocr_line' id='line_1_93' title="bbox 2224 3137 3809 3210; baseline 0.003 -17"><span class='ocrx_word' id='word_1_756' title='bbox 2224 3139 2420 3210; x_wconf 86' lang='lat' dir='ltr'><strong>aliquid</strong></span> <span class='ocrx_word' id='word_1_757' title='bbox 2462 3138 2729 3206; x_wconf 80' lang='lat' dir='ltr'><strong>formare,</strong></span> <span class='ocrx_word' id='word_1_758' title='bbox 2772 3154 2892 3195; x_wconf 92' lang='lat' dir='ltr'><strong>cum</strong></span> <span class='ocrx_word' id='word_1_759' title='bbox 2933 3137 3087 3193; x_wconf 90' lang='lat' dir='ltr'><strong>audis</strong></span> <span class='ocrx_word' id='word_1_760' title='bbox 3129 3139 3397 3207; x_wconf 84' lang='lat' dir='ltr'><strong>Verbum,</strong></span> <span class='ocrx_word' id='word_1_761' title='bbox 3436 3150 3492 3197; x_wconf 91' lang='lat' dir='ltr'><strong>et</strong></span> <span class='ocrx_word' id='word_1_762' title='bbox 3538 3142 3809 3210; x_wconf 80' lang='lat' dir='ltr'><strong>conjicere</strong></span> 
     </span>
    </p>
   </div>
   <div class='ocr_carea' id='block_1_94' title="bbox 2226 3216 3807 3300">
    <p class='ocr_par' dir='ltr' id='par_1_94' title="bbox 2226 3216 3807 3300">
     <span class='ocr_line' id='line_1_94' title="bbox 2226 3216 3807 3300; baseline 0 -15"><span class='ocrx_word' id='word_1_763' title='bbox 2226 3231 2383 3285; x_wconf 86' lang='lat' dir='ltr'><strong>verba</strong></span> <span class='ocrx_word' id='word_1_764' title='bbox 2410 3245 2528 3299; x_wconf 81' lang='lat' dir='ltr'><strong>quae</strong></span> <span class='ocrx_word' id='word_1_765' title='bbox 2551 3229 2700 3285; x_wconf 90' lang='lat' dir='ltr'><strong>audis</strong></span> <span class='ocrx_word' id='word_1_766' title='bbox 2729 3229 2963 3300; x_wconf 89' lang='lat' dir='ltr'><strong>quotidie</strong></span> <span class='ocrx_word' id='word_1_767' title='bbox 2989 3271 3006 3297; x_wconf 92' lang='lat'><strong>,</strong></span> <span class='ocrx_word' id='word_1_768' title='bbox 3040 3216 3131 3285; x_wconf 81' lang='lat' dir='ltr'><strong>ille</strong></span> <span class='ocrx_word' id='word_1_769' title='bbox 3160 3230 3283 3284; x_wconf 87' lang='lat' dir='ltr'><strong>talia</strong></span> <span class='ocrx_word' id='word_1_770' title='bbox 3304 3229 3463 3285; x_wconf 90' lang='lat' dir='ltr'><strong>verba</strong></span> <span class='ocrx_word' id='word_1_771' title='bbox 3483 3229 3650 3297; x_wconf 88' lang='lat' dir='ltr'><strong>dixit,</strong></span> <span class='ocrx_word' id='word_1_772' title='bbox 3680 3223 3807 3285; x_wconf 86' lang='lat' dir='ltr'><strong>talia</strong></span> 
     </span>
    </p>
   </div>
   <div class='ocr_carea' id='block_1_95' title="bbox 2227 3306 3809 3388">
    <p class='ocr_par' dir='ltr' id='par_1_95' title="bbox 2227 3306 3809 3388">
     <span class='ocr_line' id='line_1_95' title="bbox 2227 3306 3809 3388; baseline 0.002 -13"><span class='ocrx_word' id='word_1_773' title='bbox 2227 3321 2387 3376; x_wconf 89' lang='lat' dir='ltr'><strong>verba</strong></span> <span class='ocrx_word' id='word_1_774' title='bbox 2419 3315 2627 3375; x_wconf 90' lang='lat' dir='ltr'><strong>locutus</strong></span> <span class='ocrx_word' id='word_1_775' title='bbox 2654 3329 2768 3388; x_wconf 89' lang='lat' dir='ltr'><strong>est,</strong></span> <span class='ocrx_word' id='word_1_776' title='bbox 2816 3320 2937 3375; x_wconf 91' lang='lat' dir='ltr'><strong>talia</strong></span> <span class='ocrx_word' id='word_1_777' title='bbox 2965 3321 3125 3376; x_wconf 86' lang='lat' dir='ltr'><strong>verba</strong></span> <span class='ocrx_word' id='word_1_778' title='bbox 3166 3306 3295 3375; x_wconf 83' lang='lat' dir='ltr'><strong>mihi</strong></span> <span class='ocrx_word' id='word_1_779' title='bbox 3324 3336 3546 3376; x_wconf 87' lang='lat' dir='ltr'><strong>narras:</strong></span> <span class='ocrx_word' id='word_1_780' title='bbox 3593 3320 3809 3378; x_wconf 86' lang='lat' dir='ltr'><strong>assidue</strong></span> 
     </span>
    </p>
   </div>
   <div class='ocr_carea' id='block_1_96' title="bbox 2225 3398 3801 3483">
    <p class='ocr_par' dir='ltr' id='par_1_96' title="bbox 2225 3398 3801 3483">
     <span class='ocr_line' id='line_1_96' title="bbox 2225 3398 3801 3483; baseline 0 -17"><span class='ocrx_word' id='word_1_781' title='bbox 2225 3412 2367 3467; x_wconf 92' lang='lat' dir='ltr'><strong>enim</strong></span> <span class='ocrx_word' id='word_1_782' title='bbox 2420 3402 2644 3465; x_wconf 89' lang='lat' dir='ltr'><strong>dicendo</strong></span> <span class='ocrx_word' id='word_1_783' title='bbox 2688 3409 2902 3465; x_wconf 88' lang='lat' dir='ltr'><strong>nomina</strong></span> <span class='ocrx_word' id='word_1_784' title='bbox 2937 3398 3255 3483; x_wconf 69' lang='lat' dir='ltr'><strong>verborum,</strong></span> <span class='ocrx_word' id='word_1_785' title='bbox 3303 3411 3453 3480; x_wconf 89' lang='lat' dir='ltr'><strong>quasi</strong></span> <span class='ocrx_word' id='word_1_786' title='bbox 3496 3400 3801 3477; x_wconf 75' lang='lat' dir='ltr'><strong>viluerunt,</strong></span> 
     </span>
    </p>
   </div>
   <div class='ocr_carea' id='block_1_97' title="bbox 2227 3486 3806 3572">
    <p class='ocr_par' dir='ltr' id='par_1_97' title="bbox 2227 3486 3806 3572">
     <span class='ocr_line' id='line_1_97' title="bbox 2227 3486 3806 3572; baseline 0.001 -16"><span class='ocrx_word' id='word_1_787' title='bbox 2227 3499 2406 3557; x_wconf 73' lang='lat' dir='ltr'><strong>Verba.</strong></span> <span class='ocrx_word' id='word_1_788' title='bbox 2434 3494 2499 3555; x_wconf 82' lang='lat' dir='ltr'><strong>Et</strong></span> <span class='ocrx_word' id='word_1_789' title='bbox 2525 3495 2734 3571; x_wconf 85' lang='lat' dir='ltr'><strong>quando</strong></span> <span class='ocrx_word' id='word_1_790' title='bbox 2759 3492 2927 3566; x_wconf 88' lang='lat' dir='ltr'><strong>audis,</strong></span> <span class='ocrx_word' id='word_1_791' title='bbox 2960 3491 2990 3554; x_wconf 84' lang='grc' dir='ltr'><strong><em>Ι</em></strong></span> <span class='ocrx_word' id='word_1_792' title='bbox 2995 3518 3027 3555; x_wconf 88' lang='grc' dir='ltr'><em>η</em></span> <span class='ocrx_word' id='word_1_793' title='bbox 3052 3501 3298 3572; x_wconf 80' lang='lat' dir='ltr'><strong>principia</strong></span> <span class='ocrx_word' id='word_1_794' title='bbox 3322 3509 3429 3555; x_wconf 88' lang='lat' dir='ltr'><strong>erat</strong></span> <span class='ocrx_word' id='word_1_795' title='bbox 3465 3486 3701 3568; x_wconf 85' lang='lat' dir='ltr'><strong>Verbum,</strong></span> <span class='ocrx_word' id='word_1_796' title='bbox 3733 3517 3806 3558; x_wconf 83' lang='lat' dir='ltr'><strong>ne</strong></span> 
     </span>
    </p>
   </div>
   <div class='ocr_carea' id='block_1_98' title="bbox 2222 3575 3808 3662">
    <p class='ocr_par' dir='ltr' id='par_1_98' title="bbox 2222 3575 3808 3662">
     <span class='ocr_line' id='line_1_98' title="bbox 2222 3575 3808 3662; baseline 0 -16"><span class='ocrx_word' id='word_1_797' title='bbox 2222 3592 2326 3647; x_wconf 91' lang='lat' dir='ltr'><strong>vile</strong></span> <span class='ocrx_word' id='word_1_798' title='bbox 2353 3582 2550 3661; x_wconf 87' lang='lat' dir='ltr'><strong>aliquid</strong></span> <span class='ocrx_word' id='word_1_799' title='bbox 2580 3598 2795 3662; x_wconf 89' lang='lat' dir='ltr'><strong>putares</strong></span> <span class='ocrx_word' id='word_1_800' title='bbox 2817 3630 2832 3657; x_wconf 93' lang='lat'><strong>,</strong></span> <span class='ocrx_word' id='word_1_801' title='bbox 2859 3590 3014 3661; x_wconf 87' lang='lat' dir='ltr'><strong>quale</strong></span> <span class='ocrx_word' id='word_1_802' title='bbox 3037 3575 3356 3645; x_wconf 89' lang='lat' dir='ltr'><strong>consuevisti</strong></span> <span class='ocrx_word' id='word_1_803' title='bbox 3382 3590 3615 3661; x_wconf 89' lang='lat' dir='ltr'><strong>cogitare</strong></span> <span class='ocrx_word' id='word_1_804' title='bbox 3633 3633 3646 3654; x_wconf 89' lang='lat'><strong>,</strong></span> <span class='ocrx_word' id='word_1_805' title='bbox 3680 3606 3808 3652; x_wconf 83' lang='lat' dir='ltr'><strong>cum</strong></span> 
     </span>
    </p>
   </div>
   <div class='ocr_carea' id='block_1_99' title="bbox 2224 3669 3805 3753">
    <p class='ocr_par' dir='ltr' id='par_1_99' title="bbox 2224 3669 3805 3753">
     <span class='ocr_line' id='line_1_99' title="bbox 2224 3669 3805 3753; baseline 0.003 -20"><span class='ocrx_word' id='word_1_806' title='bbox 2224 3682 2387 3737; x_wconf 87' lang='lat' dir='ltr'><strong>verba</strong></span> <span class='ocrx_word' id='word_1_807' title='bbox 2436 3678 2665 3735; x_wconf 93' lang='lat' dir='ltr'><strong>humana</strong></span> <span class='ocrx_word' id='word_1_808' title='bbox 2708 3670 2910 3736; x_wconf 85' lang='lat' dir='ltr'><strong>soleres</strong></span> <span class='ocrx_word' id='word_1_809' title='bbox 2952 3669 3167 3748; x_wconf 89' lang='lat' dir='ltr'><strong>audire,</strong></span> <span class='ocrx_word' id='word_1_810' title='bbox 3215 3679 3338 3735; x_wconf 88' lang='lat' dir='ltr'><strong>audi</strong></span> <span class='ocrx_word' id='word_1_811' title='bbox 3384 3680 3507 3752; x_wconf 89' lang='lat' dir='ltr'><strong>quid</strong></span> <span class='ocrx_word' id='word_1_812' title='bbox 3558 3680 3805 3753; x_wconf 83' lang='lat' dir='ltr'><strong>cogites:</strong></span> 
     </span>
    </p>
   </div>
   <div class='ocr_carea' id='block_1_100' title="bbox 2224 3762 2770 3826">
    <p class='ocr_par' dir='ltr' id='par_1_100' title="bbox 2224 3762 2770 3826">
     <span class='ocr_line' id='line_1_100' title="bbox 2224 3762 2770 3826; baseline -0.004 0"><span class='ocrx_word' id='word_1_813' title='bbox 2224 3766 2364 3826; x_wconf 87' lang='lat' dir='ltr'><strong>Deus</strong></span> <span class='ocrx_word' id='word_1_814' title='bbox 2390 3780 2496 3826; x_wconf 89' lang='lat' dir='ltr'><strong>erat</strong></span> <span class='ocrx_word' id='word_1_815' title='bbox 2536 3762 2770 3825; x_wconf 84' lang='lat' dir='ltr'><strong>Verbum.</strong></span> 
     </span>
    </p>
   </div>
   <div class='ocr_carea' id='block_1_101' title="bbox 2296 3847 3808 3929">
    <p class='ocr_par' dir='ltr' id='par_1_101' title="bbox 2296 3847 3808 3929">
     <span class='ocr_line' id='line_1_101' title="bbox 2296 3847 3808 3929; baseline -0.001 -13"><span class='ocrx_word' id='word_1_816' title='bbox 2296 3862 2383 3916; x_wconf 86' lang='grc'><strong>11.</strong></span> <span class='ocrx_word' id='word_1_817' title='bbox 2423 3861 2590 3915; x_wconf 85' lang='lat' dir='ltr'><strong>Exeat</strong></span> <span class='ocrx_word' id='word_1_818' title='bbox 2627 3875 2767 3914; x_wconf 90' lang='lat' dir='ltr'><strong>nunc</strong></span> <span class='ocrx_word' id='word_1_819' title='bbox 2809 3859 2989 3914; x_wconf 89' lang='lat' dir='ltr'><strong>nescio</strong></span> <span class='ocrx_word' id='word_1_820' title='bbox 3033 3850 3152 3929; x_wconf 92' lang='lat' dir='ltr'><strong>quis</strong></span> <span class='ocrx_word' id='word_1_821' title='bbox 3193 3847 3419 3916; x_wconf 82' lang='lat' dir='ltr'><strong>inﬁdelis</strong></span> <span class='ocrx_word' id='word_1_822' title='bbox 3458 3859 3717 3927; x_wconf 80' lang='lat' dir='ltr'><strong>Arianus,</strong></span> <span class='ocrx_word' id='word_1_823' title='bbox 3749 3864 3808 3915; x_wconf 87' lang='lat' dir='ltr'><strong>et</strong></span> 
     </span>
    </p>
   </div>
   <div class='ocr_carea' id='block_1_102' title="bbox 2223 3950 3809 4023">
    <p class='ocr_par' dir='ltr' id='par_1_102' title="bbox 2223 3950 3809 4023">
     <span class='ocr_line' id='line_1_102' title="bbox 2223 3950 3809 4023; baseline -0.001 -15"><span class='ocrx_word' id='word_1_824' title='bbox 2223 3952 2363 4008; x_wconf 89' lang='lat' dir='ltr'><strong>dicat</strong></span> <span class='ocrx_word' id='word_1_825' title='bbox 2391 3952 2511 4023; x_wconf 90' lang='lat' dir='ltr'><strong>quia</strong></span> <span class='ocrx_word' id='word_1_826' title='bbox 2557 3950 2789 4006; x_wconf 86' lang='lat' dir='ltr'><strong>Verbum</strong></span> <span class='ocrx_word' id='word_1_827' title='bbox 2825 3951 2919 4005; x_wconf 91' lang='lat' dir='ltr'><strong>Dei</strong></span> <span class='ocrx_word' id='word_1_828' title='bbox 2946 3950 3138 4004; x_wconf 86' lang='lat' dir='ltr'><strong>factum</strong></span> <span class='ocrx_word' id='word_1_829' title='bbox 3169 3960 3272 4005; x_wconf 78' lang='lat' dir='ltr'><strong>est.</strong></span> <span class='ocrx_word' id='word_1_830' title='bbox 3312 3950 3591 4017; x_wconf 89' lang='lat' dir='ltr'><strong>Quomodo</strong></span> <span class='ocrx_word' id='word_1_831' title='bbox 3628 3959 3809 4021; x_wconf 86' lang='lat' dir='ltr'><strong>potest</strong></span> 
     </span>
    </p>
   </div>
   <div class='ocr_carea' id='block_1_103' title="bbox 2225 4038 3807 4112">
    <p class='ocr_par' dir='ltr' id='par_1_103' title="bbox 2225 4038 3807 4112">
     <span class='ocr_line' id='line_1_103' title="bbox 2225 4038 3807 4112; baseline -0.001 -16"><span class='ocrx_word' id='word_1_832' title='bbox 2225 4043 2337 4097; x_wconf 89' lang='lat' dir='ltr'><strong>fieri</strong></span> <span class='ocrx_word' id='word_1_833' title='bbox 2366 4052 2422 4095; x_wconf 92' lang='lat' dir='ltr'><strong>ut</strong></span> <span class='ocrx_word' id='word_1_834' title='bbox 2442 4038 2673 4095; x_wconf 87' lang='lat' dir='ltr'><strong>Verbum</strong></span> <span class='ocrx_word' id='word_1_835' title='bbox 2698 4038 2792 4095; x_wconf 88' lang='lat' dir='ltr'><strong>Dei</strong></span> <span class='ocrx_word' id='word_1_836' title='bbox 2816 4041 3007 4093; x_wconf 84' lang='lat' dir='ltr'><strong>factum</strong></span> <span class='ocrx_word' id='word_1_837' title='bbox 3032 4040 3135 4104; x_wconf 92' lang='lat' dir='ltr'><strong>sit,</strong></span> <span class='ocrx_word' id='word_1_838' title='bbox 3163 4038 3372 4110; x_wconf 89' lang='lat' dir='ltr'><strong>quando</strong></span> <span class='ocrx_word' id='word_1_839' title='bbox 3397 4041 3536 4095; x_wconf 89' lang='lat' dir='ltr'><strong>Deus</strong></span> <span class='ocrx_word' id='word_1_840' title='bbox 3558 4046 3654 4112; x_wconf 87' lang='lat' dir='ltr'><strong>per</strong></span> <span class='ocrx_word' id='word_1_841' title='bbox 3674 4040 3807 4096; x_wconf 89' lang='lat' dir='ltr'><strong>Ver-</strong></span> 
     </span>
    </p>
   </div>
   <div class='ocr_carea' id='block_1_104' title="bbox 2224 4125 3804 4199">
    <p class='ocr_par' dir='ltr' id='par_1_104' title="bbox 2224 4125 3804 4199">
     <span class='ocr_line' id='line_1_104' title="bbox 2224 4125 3804 4199; baseline -0.003 -12"><span class='ocrx_word' id='word_1_842' title='bbox 2224 4132 2349 4187; x_wconf 80' lang='lat' dir='ltr'><strong>bu‘m</strong></span> <span class='ocrx_word' id='word_1_843' title='bbox 2376 4131 2502 4187; x_wconf 92' lang='lat' dir='ltr'><strong>fecit</strong></span> <span class='ocrx_word' id='word_1_844' title='bbox 2522 4131 2696 4184; x_wconf 88' lang='lat' dir='ltr'><strong>omnia</strong></span> <span class='ocrx_word' id='word_1_845' title='bbox 2717 4130 2741 4184; x_wconf 90' lang='lat'><strong>?</strong></span> <span class='ocrx_word' id='word_1_846' title='bbox 2762 4129 2814 4186; x_wconf 91' lang='lat' dir='ltr'><strong>Si</strong></span> <span class='ocrx_word' id='word_1_847' title='bbox 2845 4140 2899 4184; x_wconf 92' lang='lat' dir='ltr'><strong>et</strong></span> <span class='ocrx_word' id='word_1_848' title='bbox 2926 4129 3153 4184; x_wconf 86' lang='lat' dir='ltr'><strong>Verbum</strong></span> <span class='ocrx_word' id='word_1_849' title='bbox 3178 4125 3269 4184; x_wconf 89' lang='lat' dir='ltr'><strong>Dei</strong></span> <span class='ocrx_word' id='word_1_850' title='bbox 3293 4131 3462 4199; x_wconf 85' lang='lat' dir='ltr'><strong>ipsum</strong></span> <span class='ocrx_word' id='word_1_851' title='bbox 3486 4129 3677 4185; x_wconf 89' lang='lat' dir='ltr'><strong>factum</strong></span> <span class='ocrx_word' id='word_1_852' title='bbox 3698 4140 3804 4198; x_wconf 82' lang='lat' dir='ltr'><strong>est,</strong></span> 
     </span>
    </p>
   </div>
   <div class='ocr_carea' id='block_1_105' title="bbox 2225 4210 3806 4292">
    <p class='ocr_par' dir='ltr' id='par_1_105' title="bbox 2225 4210 3806 4292">
     <span class='ocr_line' id='line_1_105' title="bbox 2225 4210 3806 4292; baseline 0.001 -17"><span class='ocrx_word' id='word_1_853' title='bbox 2225 4237 2319 4292; x_wconf 88' lang='lat' dir='ltr'><strong>per</strong></span> <span class='ocrx_word' id='word_1_854' title='bbox 2343 4220 2484 4291; x_wconf 92' lang='lat' dir='ltr'><strong>quod</strong></span> <span class='ocrx_word' id='word_1_855' title='bbox 2506 4221 2645 4274; x_wconf 90' lang='lat' dir='ltr'><strong>aliud</strong></span> <span class='ocrx_word' id='word_1_856' title='bbox 2671 4220 2901 4275; x_wconf 89' lang='lat' dir='ltr'><strong>Verbum</strong></span> <span class='ocrx_word' id='word_1_857' title='bbox 2929 4217 3121 4274; x_wconf 89' lang='lat' dir='ltr'><strong>factum</strong></span> <span class='ocrx_word' id='word_1_858' title='bbox 3145 4214 3266 4275; x_wconf 78' lang='lat' dir='ltr'><strong>est?</strong></span> <span class='ocrx_word' id='word_1_859' title='bbox 3293 4210 3348 4275; x_wconf 87' lang='lat' dir='ltr'><strong>Si</strong></span> <span class='ocrx_word' id='word_1_860' title='bbox 3373 4220 3476 4274; x_wconf 91' lang='lat' dir='ltr'><strong>hoc</strong></span> <span class='ocrx_word' id='word_1_861' title='bbox 3503 4220 3652 4287; x_wconf 88' lang='lat' dir='ltr'><strong>dicis,</strong></span> <span class='ocrx_word' id='word_1_862' title='bbox 3680 4221 3806 4291; x_wconf 79' lang='lat' dir='ltr'><strong>quia</strong></span> 
     </span>
    </p>
   </div>
   <div class='ocr_carea' id='block_1_106' title="bbox 2223 4310 3806 4381">
    <p class='ocr_par' dir='ltr' id='par_1_106' title="bbox 2223 4310 3806 4381">
     <span class='ocr_line' id='line_1_106' title="bbox 2223 4310 3806 4381; baseline -0.002 -13"><span class='ocrx_word' id='word_1_863' title='bbox 2223 4322 2305 4369; x_wconf 92' lang='lat' dir='ltr'><strong>est</strong></span> <span class='ocrx_word' id='word_1_864' title='bbox 2327 4313 2558 4368; x_wconf 90' lang='lat' dir='ltr'><strong>Verbum</strong></span> <span class='ocrx_word' id='word_1_865' title='bbox 2584 4310 2780 4377; x_wconf 84' lang='lat' dir='ltr'><strong>Verbi,</strong></span> <span class='ocrx_word' id='word_1_866' title='bbox 2816 4320 2911 4381; x_wconf 90' lang='lat' dir='ltr'><strong>per</strong></span> <span class='ocrx_word' id='word_1_867' title='bbox 2938 4311 3079 4381; x_wconf 92' lang='lat' dir='ltr'><strong>quod</strong></span> <span class='ocrx_word' id='word_1_868' title='bbox 3107 4311 3299 4366; x_wconf 90' lang='lat' dir='ltr'><strong>factum</strong></span> <span class='ocrx_word' id='word_1_869' title='bbox 3326 4319 3408 4367; x_wconf 89' lang='lat' dir='ltr'><strong>est</strong></span> <span class='ocrx_word' id='word_1_870' title='bbox 3445 4311 3592 4378; x_wconf 93' lang='lat' dir='ltr'><strong>illud,</strong></span> <span class='ocrx_word' id='word_1_871' title='bbox 3630 4312 3806 4380; x_wconf 89' lang='lat' dir='ltr'><strong>ipsum</strong></span> 
     </span>
    </p>
   </div>
   <div class='ocr_carea' id='block_1_107' title="bbox 2223 4392 3809 4474">
    <p class='ocr_par' dir='ltr' id='par_1_107' title="bbox 2223 4392 3809 4474">
     <span class='ocr_line' id='line_1_107' title="bbox 2223 4392 3809 4474; baseline -0.001 -14"><span class='ocrx_word' id='word_1_872' title='bbox 2223 4397 2345 4460; x_wconf 90' lang='lat' dir='ltr'><strong>dico</strong></span> <span class='ocrx_word' id='word_1_873' title='bbox 2382 4420 2479 4474; x_wconf 87' lang='lat' dir='ltr'><strong>ego</strong></span> <span class='ocrx_word' id='word_1_874' title='bbox 2508 4404 2717 4458; x_wconf 88' lang='lat' dir='ltr'><strong>unicum</strong></span> <span class='ocrx_word' id='word_1_875' title='bbox 2749 4392 2939 4458; x_wconf 77' lang='lat' dir='ltr'><strong>Filium</strong></span> <span class='ocrx_word' id='word_1_876' title='bbox 2978 4394 3092 4459; x_wconf 84' lang='lat' dir='ltr'><strong>Dei.</strong></span> <span class='ocrx_word' id='word_1_877' title='bbox 3118 4404 3175 4458; x_wconf 90' lang='lat' dir='ltr'><strong>Si</strong></span> <span class='ocrx_word' id='word_1_878' title='bbox 3198 4413 3373 4459; x_wconf 90' lang='lat' dir='ltr'><strong>autem</strong></span> <span class='ocrx_word' id='word_1_879' title='bbox 3396 4419 3500 4459; x_wconf 92' lang='lat' dir='ltr'><strong>non</strong></span> <span class='ocrx_word' id='word_1_880' title='bbox 3522 4404 3653 4459; x_wconf 92' lang='lat' dir='ltr'><strong>dicis</strong></span> <span class='ocrx_word' id='word_1_881' title='bbox 3675 4403 3809 4459; x_wconf 74' lang='lat' dir='ltr'><strong>Ver~</strong></span> 
     </span>
    </p>
   </div>
   <div class='ocr_carea' id='block_1_108' title="bbox 2224 4494 3808 4566">
    <p class='ocr_par' dir='ltr' id='par_1_108' title="bbox 2224 4494 3808 4566">
     <span class='ocr_line' id='line_1_108' title="bbox 2224 4494 3808 4566; baseline -0.001 -15"><span class='ocrx_word' id='word_1_882' title='bbox 2224 4495 2349 4552; x_wconf 90' lang='lat' dir='ltr'><strong>bum</strong></span> <span class='ocrx_word' id='word_1_883' title='bbox 2382 4496 2572 4562; x_wconf 88' lang='lat' dir='ltr'><strong>Verbi,</strong></span> <span class='ocrx_word' id='word_1_884' title='bbox 2599 4495 2832 4552; x_wconf 90' lang='lat' dir='ltr'><strong>concede</strong></span> <span class='ocrx_word' id='word_1_885' title='bbox 2860 4511 2966 4551; x_wconf 91' lang='lat' dir='ltr'><strong>non</strong></span> <span class='ocrx_word' id='word_1_886' title='bbox 3009 4494 3206 4551; x_wconf 92' lang='lat' dir='ltr'><strong>factum</strong></span> <span class='ocrx_word' id='word_1_887' title='bbox 3229 4511 3324 4566; x_wconf 92' lang='lat' dir='ltr'><strong>per</strong></span> <span class='ocrx_word' id='word_1_888' title='bbox 3345 4495 3484 4566; x_wconf 93' lang='lat' dir='ltr'><strong>quod</strong></span> <span class='ocrx_word' id='word_1_889' title='bbox 3514 4495 3649 4552; x_wconf 88' lang='lat' dir='ltr'><strong>facta</strong></span> <span class='ocrx_word' id='word_1_890' title='bbox 3679 4503 3808 4549; x_wconf 88' lang='lat' dir='ltr'><strong>sunt</strong></span> 
     </span>
    </p>
   </div>
   <div class='ocr_carea' id='block_1_109' title="bbox 2225 4584 3807 4658">
    <p class='ocr_par' dir='ltr' id='par_1_109' title="bbox 2225 4584 3807 4658">
     <span class='ocr_line' id='line_1_109' title="bbox 2225 4584 3807 4658; baseline -0.001 -15"><span class='ocrx_word' id='word_1_891' title='bbox 2225 4584 2426 4643; x_wconf 90' lang='lat' dir='ltr'><strong>omnia.</strong></span> <span class='ocrx_word' id='word_1_892' title='bbox 2473 4585 2589 4642; x_wconf 84' lang='lat' dir='ltr'><strong>Non</strong></span> <span class='ocrx_word' id='word_1_893' title='bbox 2615 4588 2756 4643; x_wconf 90' lang='lat' dir='ltr'><strong>enim</strong></span> <span class='ocrx_word' id='word_1_894' title='bbox 2779 4603 2876 4658; x_wconf 92' lang='lat' dir='ltr'><strong>per</strong></span> <span class='ocrx_word' id='word_1_895' title='bbox 2914 4588 3144 4656; x_wconf 91' lang='lat' dir='ltr'><strong>seipsum</strong></span> <span class='ocrx_word' id='word_1_896' title='bbox 3174 4586 3284 4641; x_wconf 88' lang='lat' dir='ltr'><strong>fieri</strong></span> <span class='ocrx_word' id='word_1_897' title='bbox 3316 4588 3517 4656; x_wconf 88' lang='lat' dir='ltr'><strong>potuit,</strong></span> <span class='ocrx_word' id='word_1_898' title='bbox 3546 4602 3641 4657; x_wconf 89' lang='lat' dir='ltr'><strong>per</strong></span> <span class='ocrx_word' id='word_1_899' title='bbox 3664 4588 3807 4657; x_wconf 92' lang='lat' dir='ltr'><strong>quod</strong></span> 
     </span>
    </p>
   </div>
   <div class='ocr_carea' id='block_1_110' title="bbox 2226 4677 3809 4748">
    <p class='ocr_par' dir='ltr' id='par_1_110' title="bbox 2226 4677 3809 4748">
     <span class='ocr_line' id='line_1_110' title="bbox 2226 4677 3809 4748; baseline 0 -14"><span class='ocrx_word' id='word_1_900' title='bbox 2226 4678 2360 4736; x_wconf 86' lang='lat' dir='ltr'><strong>facta</strong></span> <span class='ocrx_word' id='word_1_901' title='bbox 2388 4688 2510 4735; x_wconf 92' lang='lat' dir='ltr'><strong>sunt</strong></span> <span class='ocrx_word' id='word_1_902' title='bbox 2544 4680 2723 4735; x_wconf 82' lang='lat' dir='ltr'><strong>Omnia</strong></span> <span class='ocrx_word' id='word_1_903' title='bbox 2755 4696 2767 4731; x_wconf 91' lang='lat'>:</span> <span class='ocrx_word' id='word_1_904' title='bbox 2807 4678 2965 4734; x_wconf 90' lang='lat' dir='ltr'><strong>crede</strong></span> <span class='ocrx_word' id='word_1_905' title='bbox 3002 4692 3129 4747; x_wconf 83' lang='lat' dir='ltr'><strong>ergo</strong></span> <span class='ocrx_word' id='word_1_906' title='bbox 3170 4677 3538 4748; x_wconf 68' lang='lat' dir='ltr'><strong>Evangelistaa.</strong></span> <span class='ocrx_word' id='word_1_907' title='bbox 3589 4679 3809 4734; x_wconf 80' lang='lat' dir='ltr'><strong>Poterat</strong></span> 
     </span>
    </p>
   </div>
   <div class='ocr_carea' id='block_1_111' title="bbox 2223 4767 3799 4840">
    <p class='ocr_par' dir='ltr' id='par_1_111' title="bbox 2223 4767 3799 4840">
     <span class='ocr_line' id='line_1_111' title="bbox 2223 4767 3799 4840; baseline -0.003 -12"><span class='ocrx_word' id='word_1_908' title='bbox 2223 4774 2365 4828; x_wconf 90' lang='lat' dir='ltr'><strong>enim</strong></span> <span class='ocrx_word' id='word_1_909' title='bbox 2404 4770 2615 4834; x_wconf 89' lang='lat' dir='ltr'><strong>dicere,</strong></span> <span class='ocrx_word' id='word_1_910' title='bbox 2650 4769 2705 4824; x_wconf 87' lang='lat' dir='ltr'><strong>lu</strong></span> <span class='ocrx_word' id='word_1_911' title='bbox 2735 4769 2993 4840; x_wconf 91' lang='lat' dir='ltr'><strong>principio</strong></span> <span class='ocrx_word' id='word_1_912' title='bbox 3033 4767 3156 4823; x_wconf 88' lang='lat' dir='ltr'><strong>fecit</strong></span> <span class='ocrx_word' id='word_1_913' title='bbox 3186 4768 3323 4823; x_wconf 88' lang='lat' dir='ltr'><strong>Deus</strong></span> <span class='ocrx_word' id='word_1_914' title='bbox 3353 4768 3622 4823; x_wconf 89' lang='lat' dir='ltr'><strong>Verbum:</strong></span> <span class='ocrx_word' id='word_1_915' title='bbox 3665 4785 3799 4839; x_wconf 85' lang='lat' dir='ltr'><strong>quo-</strong></span> 
     </span>
    </p>
   </div>
   <div class='ocr_carea' id='block_1_112' title="bbox 2225 4857 3808 4931">
    <p class='ocr_par' dir='ltr' id='par_1_112' title="bbox 2225 4857 3808 4931">
     <span class='ocr_line' id='line_1_112' title="bbox 2225 4857 3808 4931; baseline -0.002 -13"><span class='ocrx_word' id='word_1_916' title='bbox 2225 4863 2386 4919; x_wconf 89' lang='lat' dir='ltr'><strong>modo</strong></span> <span class='ocrx_word' id='word_1_917' title='bbox 2409 4861 2542 4917; x_wconf 86' lang='lat' dir='ltr'><strong>dixit</strong></span> <span class='ocrx_word' id='word_1_918' title='bbox 2578 4860 2784 4931; x_wconf 85' lang='lat' dir='ltr'><strong>Moyses</strong></span> <span class='ocrx_word' id='word_1_919' title='bbox 2807 4901 2823 4926; x_wconf 92' lang='lat'><strong>,</strong></span> <span class='ocrx_word' id='word_1_920' title='bbox 2852 4857 2918 4911; x_wconf 86' lang='lat' dir='ltr'><strong>In</strong></span> <span class='ocrx_word' id='word_1_921' title='bbox 2944 4858 3193 4929; x_wconf 80' lang='lat' dir='ltr'><strong>principia</strong></span> <span class='ocrx_word' id='word_1_922' title='bbox 3221 4859 3334 4928; x_wconf 79' lang='lat' dir='ltr'><strong>fecit</strong></span> <span class='ocrx_word' id='word_1_923' title='bbox 3363 4858 3504 4914; x_wconf 88' lang='lat' dir='ltr'><strong>Deus</strong></span> <span class='ocrx_word' id='word_1_924' title='bbox 3542 4858 3721 4914; x_wconf 65' lang='lat' dir='ltr'><strong>malum</strong></span> <span class='ocrx_word' id='word_1_925' title='bbox 3758 4869 3808 4915; x_wconf 82' lang='lat' dir='ltr'><strong>et</strong></span> 
     </span>
    </p>
   </div>
   <div class='ocr_carea' id='block_1_113' title="bbox 2228 4948 3810 5019">
    <p class='ocr_par' dir='ltr' id='par_1_113' title="bbox 2228 4948 3810 5019">
     <span class='ocr_line' id='line_1_113' title="bbox 2228 4948 3810 5019; baseline -0.001 -13"><span class='ocrx_word' id='word_1_926' title='bbox 2228 4963 2450 5019; x_wconf 83' lang='lat' dir='ltr'><strong>terram;</strong></span> <span class='ocrx_word' id='word_1_927' title='bbox 2479 4960 2532 5006; x_wconf 93' lang='lat' dir='ltr'><strong>et</strong></span> <span class='ocrx_word' id='word_1_928' title='bbox 2555 4950 2730 5003; x_wconf 90' lang='lat' dir='ltr'><strong>omnia</strong></span> <span class='ocrx_word' id='word_1_929' title='bbox 2753 4948 2827 5002; x_wconf 90' lang='lat' dir='ltr'><strong>sic</strong></span> <span class='ocrx_word' id='word_1_930' title='bbox 2854 4956 3161 5012; x_wconf 89' lang='lat' dir='ltr'><strong>enumerat,</strong></span> <span class='ocrx_word' id='word_1_931' title='bbox 3188 4948 3330 5002; x_wconf 84' lang='lat' dir='ltr'><strong>Dixit</strong></span> <span class='ocrx_word' id='word_1_932' title='bbox 3360 4950 3497 5003; x_wconf 89' lang='lat' dir='ltr'><strong>Deus</strong></span> <span class='ocrx_word' id='word_1_933' title='bbox 3517 4989 3531 5013; x_wconf 94' lang='lat'><strong>,</strong></span> <span class='ocrx_word' id='word_1_934' title='bbox 3575 4950 3686 5003; x_wconf 81' lang='lat' dir='ltr'><strong>Fiat</strong></span> <span class='ocrx_word' id='word_1_935' title='bbox 3709 4989 3725 5015; x_wconf 95' lang='lat'><strong>,</strong></span> <span class='ocrx_word' id='word_1_936' title='bbox 3753 4962 3810 5005; x_wconf 91' lang='lat' dir='ltr'><strong>ct</strong></span> 
     </span>
    </p>
   </div>
   <div class='ocr_carea' id='block_1_114' title="bbox 2226 5035 3803 5113">
    <p class='ocr_par' dir='ltr' id='par_1_114' title="bbox 2226 5035 3803 5113">
     <span class='ocr_line' id='line_1_114' title="bbox 2226 5035 3803 5113; baseline -0.001 -16"><span class='ocrx_word' id='word_1_937' title='bbox 2226 5044 2417 5099; x_wconf 88' lang='lat' dir='ltr'><strong>factum</strong></span> <span class='ocrx_word' id='word_1_938' title='bbox 2443 5047 2523 5095; x_wconf 93' lang='lat' dir='ltr'><strong>est</strong></span> <span class='ocrx_word' id='word_1_939' title='bbox 2549 5039 2698 5113; x_wconf 85' lang='lat' dir='ltr'><strong>(Gen.</strong></span> <span class='ocrx_word' id='word_1_940' title='bbox 2723 5038 2786 5110; x_wconf 83' lang='lat'><strong>1).</strong></span> <span class='ocrx_word' id='word_1_941' title='bbox 2810 5037 2864 5093; x_wconf 91' lang='lat' dir='ltr'><strong>Si</strong></span> <span class='ocrx_word' id='word_1_942' title='bbox 2891 5038 3049 5105; x_wconf 82' lang='lat' dir='ltr'><strong>dixit,</strong></span> <span class='ocrx_word' id='word_1_943' title='bbox 3077 5040 3195 5109; x_wconf 91' lang='lat' dir='ltr'><strong>quis</strong></span> <span class='ocrx_word' id='word_1_944' title='bbox 3217 5035 3380 5094; x_wconf 85' lang='lat' dir='ltr'><strong>dixit?</strong></span> <span class='ocrx_word' id='word_1_945' title='bbox 3421 5039 3612 5110; x_wconf 91' lang='lat' dir='ltr'><strong>Utique</strong></span> <span class='ocrx_word' id='word_1_946' title='bbox 3641 5040 3803 5095; x_wconf 91' lang='lat' dir='ltr'><strong>Deus.</strong></span> 
     </span>
    </p>
   </div>
   <div class='ocr_carea' id='block_1_115' title="bbox 2226 5123 3805 5202">
    <p class='ocr_par' dir='ltr' id='par_1_115' title="bbox 2226 5123 3805 5202">
     <span class='ocr_line' id='line_1_115' title="bbox 2226 5123 3805 5202; baseline -0.001 -14"><span class='ocrx_word' id='word_1_947' title='bbox 2226 5133 2296 5188; x_wconf 87' lang='lat' dir='ltr'><strong>Et</strong></span> <span class='ocrx_word' id='word_1_948' title='bbox 2321 5130 2447 5202; x_wconf 88' lang='lat' dir='ltr'><strong>quid</strong></span> <span class='ocrx_word' id='word_1_949' title='bbox 2473 5130 2666 5185; x_wconf 89' lang='lat' dir='ltr'><strong>factum</strong></span> <span class='ocrx_word' id='word_1_950' title='bbox 2706 5130 2831 5185; x_wconf 88' lang='lat' dir='ltr'><strong>est?</strong></span> <span class='ocrx_word' id='word_1_951' title='bbox 2853 5128 3109 5184; x_wconf 88' lang='lat' dir='ltr'><strong>Creatura</strong></span> <span class='ocrx_word' id='word_1_952' title='bbox 3148 5129 3339 5198; x_wconf 86' lang='lat' dir='ltr'><strong>aliqua.</strong></span> <span class='ocrx_word' id='word_1_953' title='bbox 3369 5123 3511 5184; x_wconf 84' lang='lat' dir='ltr'><strong>Inter</strong></span> <span class='ocrx_word' id='word_1_954' title='bbox 3538 5130 3805 5186; x_wconf 85' lang='lat' dir='ltr'><strong>dicentem</strong></span> 
     </span>
    </p>
   </div>
   <div class='ocr_carea' id='block_1_116' title="bbox 2224 5219 3809 5291">
    <p class='ocr_par' dir='ltr' id='par_1_116' title="bbox 2224 5219 3809 5291">
     <span class='ocr_line' id='line_1_116' title="bbox 2224 5219 3809 5291; baseline -0.001 -14"><span class='ocrx_word' id='word_1_955' title='bbox 2224 5222 2392 5277; x_wconf 88' lang='lat' dir='ltr'><strong>Deum</strong></span> <span class='ocrx_word' id='word_1_956' title='bbox 2420 5230 2474 5276; x_wconf 90' lang='lat' dir='ltr'><strong>et</strong></span> <span class='ocrx_word' id='word_1_957' title='bbox 2502 5219 2692 5274; x_wconf 85' lang='lat' dir='ltr'><strong>factam</strong></span> <span class='ocrx_word' id='word_1_958' title='bbox 2719 5227 3015 5274; x_wconf 89' lang='lat' dir='ltr'><strong>creaturam</strong></span> <span class='ocrx_word' id='word_1_959' title='bbox 3055 5219 3179 5289; x_wconf 91' lang='lat' dir='ltr'><strong>quid</strong></span> <span class='ocrx_word' id='word_1_960' title='bbox 3207 5228 3289 5273; x_wconf 91' lang='lat' dir='ltr'><strong>est</strong></span> <span class='ocrx_word' id='word_1_961' title='bbox 3312 5226 3409 5290; x_wconf 88' lang='lat' dir='ltr'><strong>per</strong></span> <span class='ocrx_word' id='word_1_962' title='bbox 3437 5220 3576 5291; x_wconf 91' lang='lat' dir='ltr'><strong>quod</strong></span> <span class='ocrx_word' id='word_1_963' title='bbox 3610 5221 3809 5276; x_wconf 88' lang='lat' dir='ltr'><strong>factum</strong></span> 
     </span>
    </p>
   </div>
   <div class='ocr_carea' id='block_1_117' title="bbox 2225 5308 3805 5379">
    <p class='ocr_par' dir='ltr' id='par_1_117' title="bbox 2225 5308 3805 5379">
     <span class='ocr_line' id='line_1_117' title="bbox 2225 5308 3805 5379; baseline -0.003 -10"><span class='ocrx_word' id='word_1_964' title='bbox 2225 5321 2339 5377; x_wconf 90' lang='lat' dir='ltr'><strong>est,</strong></span> <span class='ocrx_word' id='word_1_965' title='bbox 2385 5311 2487 5366; x_wconf 89' lang='lat' dir='ltr'><strong>nisi</strong></span> <span class='ocrx_word' id='word_1_966' title='bbox 2516 5309 2781 5366; x_wconf 86' lang='lat' dir='ltr'><strong>Verbum?</strong></span> <span class='ocrx_word' id='word_1_967' title='bbox 2808 5308 2929 5379; x_wconf 72' lang='lat' dir='ltr'><strong>Quia</strong></span> <span class='ocrx_word' id='word_1_968' title='bbox 2949 5308 3083 5363; x_wconf 84' lang='lat' dir='ltr'><strong>dixit</strong></span> <span class='ocrx_word' id='word_1_969' title='bbox 3122 5308 3261 5363; x_wconf 87' lang='lat' dir='ltr'><strong>Deus</strong></span> <span class='ocrx_word' id='word_1_970' title='bbox 3284 5350 3298 5371; x_wconf 86' lang='lat'><em>.</em></span> <span class='ocrx_word' id='word_1_971' title='bbox 3330 5308 3478 5376; x_wconf 85' lang='lat' dir='ltr'><strong>Fiat,</strong></span> <span class='ocrx_word' id='word_1_972' title='bbox 3516 5319 3569 5365; x_wconf 92' lang='lat' dir='ltr'><strong>et</strong></span> <span class='ocrx_word' id='word_1_973' title='bbox 3610 5310 3805 5365; x_wconf 89' lang='lat' dir='ltr'><strong>factum</strong></span> 
     </span>
    </p>
   </div>
   <div class='ocr_carea' id='block_1_118' title="bbox 2226 5399 3809 5471">
    <p class='ocr_par' dir='ltr' id='par_1_118' title="bbox 2226 5399 3809 5471">
     <span class='ocr_line' id='line_1_118' title="bbox 2226 5399 3809 5471; baseline -0.004 -8"><span class='ocrx_word' id='word_1_974' title='bbox 2226 5414 2327 5463; x_wconf 90' lang='lat' dir='ltr'><strong>est.</strong></span> <span class='ocrx_word' id='word_1_975' title='bbox 2359 5404 2469 5459; x_wconf 91' lang='lat' dir='ltr'><strong>lloc</strong></span> <span class='ocrx_word' id='word_1_976' title='bbox 2510 5402 2744 5459; x_wconf 89' lang='lat' dir='ltr'><strong>Verbum</strong></span> <span class='ocrx_word' id='word_1_977' title='bbox 2770 5399 3234 5456; x_wconf 88' lang='lat' dir='ltr'><strong>incommutabile:</strong></span> <span class='ocrx_word' id='word_1_978' title='bbox 3272 5402 3511 5471; x_wconf 88' lang='lat' dir='ltr'><strong>quamvis</strong></span> <span class='ocrx_word' id='word_1_979' title='bbox 3536 5403 3809 5457; x_wconf 88' lang='lat' dir='ltr'><strong>mutabilia</strong></span> 
     </span>
    </p>
   </div>
   <div class='ocr_carea' id='block_1_119' title="bbox 2226 5480 3557 5569">
    <p class='ocr_par' dir='ltr' id='par_1_119' title="bbox 2226 5480 3557 5569">
     <span class='ocr_line' id='line_1_119' title="bbox 2226 5480 3557 5569; baseline -0.006 -17"><span class='ocrx_word' id='word_1_980' title='bbox 2226 5512 2324 5569; x_wconf 89' lang='lat' dir='ltr'><strong>per</strong></span> <span class='ocrx_word' id='word_1_981' title='bbox 2348 5486 2578 5550; x_wconf 88' lang='lat' dir='ltr'><strong>Verbum</strong></span> <span class='ocrx_word' id='word_1_982' title='bbox 2610 5491 2766 5559; x_wconf 87' lang='lat' dir='ltr'><strong>fiant,</strong></span> <span class='ocrx_word' id='word_1_983' title='bbox 2800 5480 2969 5560; x_wconf 88' lang='lat' dir='ltr'><strong>ipsum</strong></span> <span class='ocrx_word' id='word_1_984' title='bbox 2998 5480 3428 5544; x_wconf 87' lang='lat' dir='ltr'><strong>incommutabile</strong></span> <span class='ocrx_word' id='word_1_985' title='bbox 3456 5499 3557 5546; x_wconf 89' lang='lat' dir='ltr'><strong>est.</strong></span> 
     </span>
    </p>
   </div>
   <div class='ocr_carea' id='block_1_120' title="bbox 2291 5596 3813 5662">
    <p class='ocr_par' dir='ltr' id='par_1_120' title="bbox 2291 5596 3813 5662">
     <span class='ocr_line' id='line_1_120' title="bbox 2291 5596 3813 5662; baseline -0.003 -9"><span class='ocrx_word' id='word_1_986' title='bbox 2291 5607 2308 5638; x_wconf 77' lang='grc' dir='ltr'>ί</span> <span class='ocrx_word' id='word_1_987' title='bbox 2332 5612 2458 5653; x_wconf 86' lang='lat' dir='ltr'><strong>Unus</strong></span> <span class='ocrx_word' id='word_1_988' title='bbox 2479 5597 2858 5662; x_wconf 82' lang='lat' dir='ltr'><strong>Becheronensis</strong></span> <span class='ocrx_word' id='word_1_989' title='bbox 2878 5597 3031 5662; x_wconf 75' lang='lat' dir='ltr'><strong>codex</strong></span> <span class='ocrx_word' id='word_1_990' title='bbox 3051 5631 3067 5657; x_wconf 86' lang='lat'><strong>,</strong></span> <span class='ocrx_word' id='word_1_991' title='bbox 3090 5603 3136 5649; x_wconf 87' lang='lat' dir='ltr'><strong>et</strong></span> <span class='ocrx_word' id='word_1_992' title='bbox 3166 5596 3324 5662; x_wconf 76' lang='lat' dir='ltr'><strong>minus</strong></span> <span class='ocrx_word' id='word_1_993' title='bbox 3351 5611 3493 5661; x_wconf 83' lang='lat' dir='ltr'><strong>quam</strong></span> <span class='ocrx_word' id='word_1_994' title='bbox 3520 5599 3712 5662; x_wconf 81' lang='lat' dir='ltr'><strong>potestis</strong></span> <span class='ocrx_word' id='word_1_995' title='bbox 3734 5613 3813 5649; x_wconf 84' lang='lat' dir='ltr'><strong>co-</strong></span> 
     </span>
    </p>
   </div>
   <div class='ocr_carea' id='block_1_121' title="bbox 2227 5658 3806 5731">
    <p class='ocr_par' dir='ltr' id='par_1_121' title="bbox 2227 5658 3806 5731">
     <span class='ocr_line' id='line_1_121' title="bbox 2227 5658 3806 5731; baseline -0.003 -16"><span class='ocrx_word' id='word_1_996' title='bbox 2227 5664 2398 5731; x_wconf 78' lang='lat' dir='ltr'><strong>gitare.</strong></span> <span class='ocrx_word' id='word_1_997' title='bbox 2432 5666 2547 5731; x_wconf 61' lang='lat' dir='ltr'><strong>tunc</strong></span> <span class='ocrx_word' id='word_1_998' title='bbox 2567 5675 2676 5731; x_wconf 79' lang='lat' dir='ltr'><strong>cum</strong></span> <span class='ocrx_word' id='word_1_999' title='bbox 2698 5658 2805 5731; x_wconf 70' lang='lat' dir='ltr'><strong>aliis</strong></span> <span class='ocrx_word' id='word_1_1000' title='bbox 2818 5659 3073 5729; x_wconf 77' lang='lat' dir='ltr'><strong>sexdecim</strong></span> <span class='ocrx_word' id='word_1_1001' title='bbox 3097 5666 3207 5731; x_wconf 59' lang='lat' dir='ltr'><strong>alss.</strong></span> <span class='ocrx_word' id='word_1_1002' title='bbox 3230 5658 3407 5731; x_wconf 67' lang='lat' dir='ltr'><strong>oniisSa</strong></span> <span class='ocrx_word' id='word_1_1003' title='bbox 3438 5658 3668 5731; x_wconf 69' lang='lat' dir='ltr'><strong>particula</strong></span> <span class='ocrx_word' id='word_1_1004' title='bbox 3685 5696 3698 5719; x_wconf 92' lang='lat'><strong>,</strong></span> <span class='ocrx_word' id='word_1_1005' title='bbox 3724 5675 3806 5721; x_wconf 76' lang='lat' dir='ltr'><strong>ex,</strong></span> 
     </span>
    </p>
   </div>
   <div class='ocr_carea' id='block_1_122' title="bbox 2228 5719 3809 5794">
    <p class='ocr_par' dir='ltr' id='par_1_122' title="bbox 2228 5719 3809 5794">
     <span class='ocr_line' id='line_1_122' title="bbox 2228 5719 3809 5794; baseline -0.004 -15"><span class='ocrx_word' id='word_1_1006' title='bbox 2228 5719 2536 5794; x_wconf 63' lang='lat' dir='ltr'><strong>prosequitur</strong></span> <span class='ocrx_word' id='word_1_1007' title='bbox 2553 5725 2622 5775; x_wconf 84' lang='lat' dir='ltr'><strong>sic</strong></span> <span class='ocrx_word' id='word_1_1008' title='bbox 2643 5737 2655 5772; x_wconf 86' lang='lat'><strong>:</strong></span> <span class='ocrx_word' id='word_1_1009' title='bbox 2682 5719 2887 5773; x_wconf 66' lang='lat' dir='ltr'><strong>rubrica</strong></span> <span class='ocrx_word' id='word_1_1010' title='bbox 2909 5733 3025 5785; x_wconf 87' lang='lat' dir='ltr'><strong>ergo</strong></span> <span class='ocrx_word' id='word_1_1011' title='bbox 3046 5719 3138 5771; x_wconf 83' lang='lat' dir='ltr'><strong>ista</strong></span> <span class='ocrx_word' id='word_1_1012' title='bbox 3160 5719 3507 5783; x_wconf 72' lang='lat' dir='ltr'><strong>aninwdver&#39;sa,</strong></span> <span class='ocrx_word' id='word_1_1013' title='bbox 3533 5722 3692 5785; x_wconf 79' lang='lat' dir='ltr'><strong>quate,</strong></span> <span class='ocrx_word' id='word_1_1014' title='bbox 3712 5719 3809 5772; x_wconf 55' lang='lat' dir='ltr'><strong>etc.</strong></span> 
     </span>
    </p>
   </div>
  </div>
