  <div class='ocr_page' id='page_1' title='image "/cluster/home/n/w/nwhite01/storage/ocr_20150623/35/hvd.32044015706302/042.png"; bbox 0 0 4074 6472; ppageno 0'>
   <div class='ocr_carea' id='block_1_1' title="bbox 301 354 441 413">
    <p class='ocr_par' dir='ltr' id='par_1_1' title="bbox 301 354 441 413">
     <span class='ocr_line' id='line_1_1' title="bbox 301 354 441 413; baseline -0.014 0"><span class='ocrx_word' id='word_1_1' title='bbox 301 354 441 413; x_wconf 73' lang='grc'><strong>1385</strong></span> 
     </span>
    </p>
   </div>
   <div class='ocr_carea' id='block_1_2' title="bbox 374 456 1888 535">
    <p class='ocr_par' dir='ltr' id='par_1_2' title="bbox 374 456 1888 535">
     <span class='ocr_line' id='line_1_2' title="bbox 374 456 1888 535; baseline -0.007 -14"><span class='ocrx_word' id='word_1_2' title='bbox 374 467 463 521; x_wconf 70' lang='grc' dir='ltr'><strong>η.</strong></span> <span class='ocrx_word' id='word_1_3' title='bbox 501 463 621 520; x_wconf 87' lang='lat' dir='ltr'><strong>Noli</strong></span> <span class='ocrx_word' id='word_1_4' title='bbox 649 476 776 535; x_wconf 86' lang='lat' dir='ltr'><strong>ergo</strong></span> <span class='ocrx_word' id='word_1_5' title='bbox 803 459 1025 517; x_wconf 82' lang='lat' dir='ltr'><strong>credere</strong></span> <span class='ocrx_word' id='word_1_6' title='bbox 1052 456 1249 515; x_wconf 81' lang='lat' dir='ltr'><strong>factum</strong></span> <span class='ocrx_word' id='word_1_7' title='bbox 1268 500 1283 526; x_wconf 94' lang='lat'><strong>,</strong></span> <span class='ocrx_word' id='word_1_8' title='bbox 1312 470 1409 529; x_wconf 84' lang='lat' dir='ltr'><strong>per</strong></span> <span class='ocrx_word' id='word_1_9' title='bbox 1435 456 1578 528; x_wconf 84' lang='lat' dir='ltr'><strong>quod</strong></span> <span class='ocrx_word' id='word_1_10' title='bbox 1601 456 1736 511; x_wconf 87' lang='lat' dir='ltr'><strong>facta</strong></span> <span class='ocrx_word' id='word_1_11' title='bbox 1761 462 1888 512; x_wconf 81' lang='lat' dir='ltr'><strong>sunt</strong></span> 
     </span>
    </p>
   </div>
   <div class='ocr_carea' id='block_1_3' title="bbox 300 547 1890 621">
    <p class='ocr_par' dir='ltr' id='par_1_3' title="bbox 300 547 1890 621">
     <span class='ocr_line' id='line_1_3' title="bbox 300 547 1890 621; baseline -0.008 -8"><span class='ocrx_word' id='word_1_12' title='bbox 300 557 519 613; x_wconf 88' lang='lat' dir='ltr'><strong>omnia:</strong></span> <span class='ocrx_word' id='word_1_13' title='bbox 563 569 631 609; x_wconf 89' lang='lat' dir='ltr'><strong>ne</strong></span> <span class='ocrx_word' id='word_1_14' title='bbox 672 568 778 607; x_wconf 91' lang='lat' dir='ltr'><strong>non</strong></span> <span class='ocrx_word' id='word_1_15' title='bbox 803 551 1059 607; x_wconf 76' lang='lat' dir='ltr'><strong>reficiaris</strong></span> <span class='ocrx_word' id='word_1_16' title='bbox 1090 563 1187 621; x_wconf 87' lang='lat' dir='ltr'><strong>per</strong></span> <span class='ocrx_word' id='word_1_17' title='bbox 1212 549 1466 617; x_wconf 87' lang='lat' dir='ltr'><strong>Verbum,</strong></span> <span class='ocrx_word' id='word_1_18' title='bbox 1507 562 1602 618; x_wconf 91' lang='lat' dir='ltr'><strong>per</strong></span> <span class='ocrx_word' id='word_1_19' title='bbox 1621 547 1764 618; x_wconf 89' lang='lat' dir='ltr'><strong>quod</strong></span> <span class='ocrx_word' id='word_1_20' title='bbox 1806 563 1890 602; x_wconf 88' lang='lat' dir='ltr'><strong>re-</strong></span> 
     </span>
    </p>
   </div>
   <div class='ocr_carea' id='block_1_4' title="bbox 304 641 1887 712">
    <p class='ocr_par' dir='ltr' id='par_1_4' title="bbox 304 641 1887 712">
     <span class='ocr_line' id='line_1_4' title="bbox 304 641 1887 712; baseline -0.004 -10"><span class='ocrx_word' id='word_1_21' title='bbox 304 648 560 703; x_wconf 80' lang='lat' dir='ltr'><strong>ficiuntur</strong></span> <span class='ocrx_word' id='word_1_22' title='bbox 588 646 785 701; x_wconf 84' lang='lat' dir='ltr'><strong>omnia.</strong></span> <span class='ocrx_word' id='word_1_23' title='bbox 813 644 929 699; x_wconf 86' lang='lat' dir='ltr'><strong>Jam</strong></span> <span class='ocrx_word' id='word_1_24' title='bbox 958 643 1099 698; x_wconf 88' lang='lat' dir='ltr'><strong>enim</strong></span> <span class='ocrx_word' id='word_1_25' title='bbox 1124 642 1293 697; x_wconf 87' lang='lat' dir='ltr'><strong>factus</strong></span> <span class='ocrx_word' id='word_1_26' title='bbox 1316 658 1374 698; x_wconf 93' lang='lat' dir='ltr'><strong>es</strong></span> <span class='ocrx_word' id='word_1_27' title='bbox 1402 657 1497 712; x_wconf 89' lang='lat' dir='ltr'><strong>per</strong></span> <span class='ocrx_word' id='word_1_28' title='bbox 1520 641 1770 708; x_wconf 87' lang='lat' dir='ltr'><strong>Verbum,</strong></span> <span class='ocrx_word' id='word_1_29' title='bbox 1794 641 1887 696; x_wconf 91' lang='lat' dir='ltr'><strong>sed</strong></span> 
     </span>
    </p>
   </div>
   <div class='ocr_carea' id='block_1_5' title="bbox 302 732 1890 810">
    <p class='ocr_par' dir='ltr' id='par_1_5' title="bbox 302 732 1890 810">
     <span class='ocr_line' id='line_1_5' title="bbox 302 732 1890 810; baseline -0.004 -17"><span class='ocrx_word' id='word_1_30' title='bbox 302 747 517 810; x_wconf 82' lang='lat' dir='ltr'><strong>oportet</strong></span> <span class='ocrx_word' id='word_1_31' title='bbox 548 748 598 791; x_wconf 90' lang='lat' dir='ltr'><strong>te</strong></span> <span class='ocrx_word' id='word_1_32' title='bbox 639 736 783 791; x_wconf 83' lang='lat' dir='ltr'><strong>reﬁci</strong></span> <span class='ocrx_word' id='word_1_33' title='bbox 808 751 902 804; x_wconf 88' lang='lat' dir='ltr'><strong>per</strong></span> <span class='ocrx_word' id='word_1_34' title='bbox 937 734 1209 789; x_wconf 82' lang='lat' dir='ltr'><strong>Verbum:</strong></span> <span class='ocrx_word' id='word_1_35' title='bbox 1261 734 1305 787; x_wconf 89' lang='lat' dir='ltr'><strong>si</strong></span> <span class='ocrx_word' id='word_1_36' title='bbox 1348 741 1524 787; x_wconf 91' lang='lat' dir='ltr'><strong>autem</strong></span> <span class='ocrx_word' id='word_1_37' title='bbox 1565 732 1701 787; x_wconf 89' lang='lat' dir='ltr'><strong>mala</strong></span> <span class='ocrx_word' id='word_1_38' title='bbox 1731 732 1890 787; x_wconf 84' lang='lat' dir='ltr'><strong>fuerit</strong></span> 
     </span>
    </p>
   </div>
   <div class='ocr_carea' id='block_1_6' title="bbox 303 822 1891 894">
    <p class='ocr_par' dir='ltr' id='par_1_6' title="bbox 303 822 1891 894">
     <span class='ocr_line' id='line_1_6' title="bbox 303 822 1891 894; baseline -0.005 -10"><span class='ocrx_word' id='word_1_39' title='bbox 303 832 437 884; x_wconf 83' lang='lat' dir='ltr'><strong>fides</strong></span> <span class='ocrx_word' id='word_1_40' title='bbox 466 842 551 882; x_wconf 88' lang='lat' dir='ltr'><strong>tua</strong></span> <span class='ocrx_word' id='word_1_41' title='bbox 579 828 646 882; x_wconf 91' lang='lat' dir='ltr'><strong>de</strong></span> <span class='ocrx_word' id='word_1_42' title='bbox 671 826 869 890; x_wconf 87' lang='lat' dir='ltr'><strong>Verbo,</strong></span> <span class='ocrx_word' id='word_1_43' title='bbox 898 840 1000 879; x_wconf 90' lang='lat' dir='ltr'><strong>non</strong></span> <span class='ocrx_word' id='word_1_44' title='bbox 1027 825 1222 894; x_wconf 87' lang='lat' dir='ltr'><strong>poteris</strong></span> <span class='ocrx_word' id='word_1_45' title='bbox 1250 824 1394 878; x_wconf 92' lang='lat' dir='ltr'><strong>refici</strong></span> <span class='ocrx_word' id='word_1_46' title='bbox 1425 838 1520 893; x_wconf 92' lang='lat' dir='ltr'><strong>per</strong></span> <span class='ocrx_word' id='word_1_47' title='bbox 1544 822 1796 877; x_wconf 79' lang='lat' dir='ltr'><strong>Verbum.</strong></span> <span class='ocrx_word' id='word_1_48' title='bbox 1823 822 1891 876; x_wconf 83' lang='lat' dir='ltr'><strong>Et</strong></span> 
     </span>
    </p>
   </div>
   <div class='ocr_carea' id='block_1_7' title="bbox 301 914 1888 988">
    <p class='ocr_par' dir='ltr' id='par_1_7' title="bbox 301 914 1888 988">
     <span class='ocr_line' id='line_1_7' title="bbox 301 914 1888 988; baseline -0.004 -13"><span class='ocrx_word' id='word_1_49' title='bbox 301 924 347 975; x_wconf 86' lang='lat' dir='ltr'><strong>si</strong></span> <span class='ocrx_word' id='word_1_50' title='bbox 370 920 464 973; x_wconf 86' lang='lat' dir='ltr'><strong>tibi</strong></span> <span class='ocrx_word' id='word_1_51' title='bbox 487 919 710 988; x_wconf 88' lang='lat' dir='ltr'><strong>contigit</strong></span> <span class='ocrx_word' id='word_1_52' title='bbox 732 918 847 972; x_wconf 88' lang='lat' dir='ltr'><strong>fieri</strong></span> <span class='ocrx_word' id='word_1_53' title='bbox 870 932 966 986; x_wconf 92' lang='lat' dir='ltr'><strong>per</strong></span> <span class='ocrx_word' id='word_1_54' title='bbox 985 916 1238 978; x_wconf 82' lang='lat' dir='ltr'><strong>Verbum,</strong></span> <span class='ocrx_word' id='word_1_55' title='bbox 1263 923 1320 970; x_wconf 90' lang='lat' dir='ltr'><strong>ut</strong></span> <span class='ocrx_word' id='word_1_56' title='bbox 1341 931 1435 985; x_wconf 89' lang='lat' dir='ltr'><strong>per</strong></span> <span class='ocrx_word' id='word_1_57' title='bbox 1456 914 1582 969; x_wconf 90' lang='lat' dir='ltr'><strong>illud</strong></span> <span class='ocrx_word' id='word_1_58' title='bbox 1606 915 1772 969; x_wconf 85' lang='lat' dir='ltr'><strong>factus</strong></span> <span class='ocrx_word' id='word_1_59' title='bbox 1793 915 1888 980; x_wconf 87' lang='lat' dir='ltr'><strong>sis,</strong></span> 
     </span>
    </p>
   </div>
   <div class='ocr_carea' id='block_1_8' title="bbox 301 1005 1891 1084">
    <p class='ocr_par' dir='ltr' id='par_1_8' title="bbox 301 1005 1891 1084">
     <span class='ocr_line' id='line_1_8' title="bbox 301 1005 1891 1084; baseline -0.004 -19"><span class='ocrx_word' id='word_1_60' title='bbox 301 1029 401 1084; x_wconf 81' lang='lat' dir='ltr'><strong>per</strong></span> <span class='ocrx_word' id='word_1_61' title='bbox 425 1022 479 1067; x_wconf 89' lang='lat' dir='ltr'><strong>te</strong></span> <span class='ocrx_word' id='word_1_62' title='bbox 506 1011 692 1066; x_wconf 86' lang='lat' dir='ltr'><strong>delicis</strong></span> <span class='ocrx_word' id='word_1_63' title='bbox 717 1028 729 1063; x_wconf 92' lang='lat'>:</span> <span class='ocrx_word' id='word_1_64' title='bbox 776 1010 823 1063; x_wconf 89' lang='lat' dir='ltr'><strong>si</strong></span> <span class='ocrx_word' id='word_1_65' title='bbox 864 1024 961 1079; x_wconf 91' lang='lat' dir='ltr'><strong>per</strong></span> <span class='ocrx_word' id='word_1_66' title='bbox 987 1015 1038 1062; x_wconf 89' lang='lat' dir='ltr'><strong>te</strong></span> <span class='ocrx_word' id='word_1_67' title='bbox 1061 1007 1242 1062; x_wconf 87' lang='lat' dir='ltr'><strong>deficis</strong></span> <span class='ocrx_word' id='word_1_68' title='bbox 1263 1049 1276 1070; x_wconf 95' lang='lat'><strong>,</strong></span> <span class='ocrx_word' id='word_1_69' title='bbox 1304 1007 1393 1061; x_wconf 91' lang='lat' dir='ltr'><strong>ille</strong></span> <span class='ocrx_word' id='word_1_70' title='bbox 1422 1014 1473 1060; x_wconf 86' lang='lat' dir='ltr'><strong>te</strong></span> <span class='ocrx_word' id='word_1_71' title='bbox 1499 1005 1697 1061; x_wconf 88' lang='lat' dir='ltr'><strong>reficiat</strong></span> <span class='ocrx_word' id='word_1_72' title='bbox 1723 1006 1811 1073; x_wconf 90' lang='lat' dir='ltr'><strong>qui</strong></span> <span class='ocrx_word' id='word_1_73' title='bbox 1841 1013 1891 1059; x_wconf 83' lang='lat' dir='ltr'><strong>t&#39;e</strong></span> 
     </span>
    </p>
   </div>
   <div class='ocr_carea' id='block_1_9' title="bbox 306 1096 1892 1171">
    <p class='ocr_par' dir='ltr' id='par_1_9' title="bbox 306 1096 1892 1171">
     <span class='ocr_line' id='line_1_9' title="bbox 306 1096 1892 1171; baseline -0.006 -13"><span class='ocrx_word' id='word_1_74' title='bbox 306 1104 431 1158; x_wconf 83' lang='lat' dir='ltr'><strong>fecit</strong></span> <span class='ocrx_word' id='word_1_75' title='bbox 458 1122 470 1156; x_wconf 90' lang='lat'><strong>:</strong></span> <span class='ocrx_word' id='word_1_76' title='bbox 502 1104 546 1156; x_wconf 85' lang='lat' dir='ltr'><strong>si</strong></span> <span class='ocrx_word' id='word_1_77' title='bbox 580 1118 673 1171; x_wconf 91' lang='lat' dir='ltr'><strong>per</strong></span> <span class='ocrx_word' id='word_1_78' title='bbox 692 1111 746 1154; x_wconf 91' lang='lat' dir='ltr'><strong>te</strong></span> <span class='ocrx_word' id='word_1_79' title='bbox 768 1100 1003 1155; x_wconf 89' lang='lat' dir='ltr'><strong>deterior</strong></span> <span class='ocrx_word' id='word_1_80' title='bbox 1025 1098 1253 1153; x_wconf 84' lang='lat' dir='ltr'><strong>efficeris</strong></span> <span class='ocrx_word' id='word_1_81' title='bbox 1270 1139 1283 1158; x_wconf 87' lang='lat'><strong>.</strong></span> <span class='ocrx_word' id='word_1_82' title='bbox 1313 1097 1399 1152; x_wconf 90' lang='lat' dir='ltr'><strong>ille</strong></span> <span class='ocrx_word' id='word_1_83' title='bbox 1427 1105 1477 1151; x_wconf 91' lang='lat' dir='ltr'><strong>te</strong></span> <span class='ocrx_word' id='word_1_84' title='bbox 1504 1104 1709 1150; x_wconf 84' lang='lat' dir='ltr'><strong>recreet</strong></span> <span class='ocrx_word' id='word_1_85' title='bbox 1727 1096 1817 1165; x_wconf 88' lang='lat' dir='ltr'><strong>qui</strong></span> <span class='ocrx_word' id='word_1_86' title='bbox 1841 1104 1892 1149; x_wconf 89' lang='lat' dir='ltr'><strong>te</strong></span> 
     </span>
    </p>
   </div>
   <div class='ocr_carea' id='block_1_10' title="bbox 305 1187 1892 1261">
    <p class='ocr_par' dir='ltr' id='par_1_10' title="bbox 305 1187 1892 1261">
     <span class='ocr_line' id='line_1_10' title="bbox 305 1187 1892 1261; baseline -0.007 -10"><span class='ocrx_word' id='word_1_87' title='bbox 305 1197 528 1251; x_wconf 69' lang='lat' dir='ltr'><strong>creavit.</strong></span> <span class='ocrx_word' id='word_1_88' title='bbox 553 1193 832 1261; x_wconf 85' lang='lat' dir='ltr'><strong>Quomodo</strong></span> <span class='ocrx_word' id='word_1_89' title='bbox 878 1200 930 1247; x_wconf 90' lang='lat' dir='ltr'><strong>te</strong></span> <span class='ocrx_word' id='word_1_90' title='bbox 966 1200 1143 1246; x_wconf 87' lang='lat' dir='ltr'><strong>autem</strong></span> <span class='ocrx_word' id='word_1_91' title='bbox 1174 1197 1381 1245; x_wconf 90' lang='lat' dir='ltr'><strong>recreet</strong></span> <span class='ocrx_word' id='word_1_92' title='bbox 1423 1204 1518 1259; x_wconf 88' lang='lat' dir='ltr'><strong>pcr</strong></span> <span class='ocrx_word' id='word_1_93' title='bbox 1548 1188 1774 1243; x_wconf 83' lang='lat' dir='ltr'><strong>Verbum</strong></span> <span class='ocrx_word' id='word_1_94' title='bbox 1795 1228 1809 1252; x_wconf 96' lang='lat'><strong>,</strong></span> <span class='ocrx_word' id='word_1_95' title='bbox 1847 1187 1892 1241; x_wconf 88' lang='lat' dir='ltr'><strong>si</strong></span> 
     </span>
    </p>
   </div>
   <div class='ocr_carea' id='block_1_11' title="bbox 306 1278 1890 1355">
    <p class='ocr_par' dir='ltr' id='par_1_11' title="bbox 306 1278 1890 1355">
     <span class='ocr_line' id='line_1_11' title="bbox 306 1278 1890 1355; baseline -0.006 -15"><span class='ocrx_word' id='word_1_96' title='bbox 306 1288 446 1341; x_wconf 86' lang='lat' dir='ltr'><strong>male</strong></span> <span class='ocrx_word' id='word_1_97' title='bbox 485 1284 682 1355; x_wconf 89' lang='lat' dir='ltr'><strong>aliquid</strong></span> <span class='ocrx_word' id='word_1_98' title='bbox 729 1283 925 1337; x_wconf 83' lang='lat' dir='ltr'><strong>sentias</strong></span> <span class='ocrx_word' id='word_1_99' title='bbox 966 1282 1031 1336; x_wconf 90' lang='lat' dir='ltr'><strong>de</strong></span> <span class='ocrx_word' id='word_1_100' title='bbox 1080 1279 1299 1335; x_wconf 89' lang='lat' dir='ltr'><strong>Verbo?</strong></span> <span class='ocrx_word' id='word_1_101' title='bbox 1348 1279 1685 1348; x_wconf 86' lang='lat' dir='ltr'><strong>Evangelista</strong></span> <span class='ocrx_word' id='word_1_102' title='bbox 1722 1278 1890 1345; x_wconf 84' lang='lat' dir='ltr'><strong>dicit,</strong></span> 
     </span>
    </p>
   </div>
   <div class='ocr_carea' id='block_1_12' title="bbox 306 1368 1894 1448">
    <p class='ocr_par' dir='ltr' id='par_1_12' title="bbox 306 1368 1894 1448">
     <span class='ocr_line' id='line_1_12' title="bbox 306 1368 1894 1448; baseline -0.006 -18"><span class='ocrx_word' id='word_1_103' title='bbox 306 1376 371 1430; x_wconf 77' lang='lat' dir='ltr'><strong>In</strong></span> <span class='ocrx_word' id='word_1_104' title='bbox 404 1376 655 1448; x_wconf 71' lang='lat' dir='ltr'><strong>principio</strong></span> <span class='ocrx_word' id='word_1_105' title='bbox 700 1383 805 1428; x_wconf 86' lang='lat' dir='ltr'><strong>erat</strong></span> <span class='ocrx_word' id='word_1_106' title='bbox 841 1372 1099 1435; x_wconf 85' lang='lat' dir='ltr'><strong>Verbum;</strong></span> <span class='ocrx_word' id='word_1_107' title='bbox 1143 1380 1197 1426; x_wconf 88' lang='lat' dir='ltr'><strong>et</strong></span> <span class='ocrx_word' id='word_1_108' title='bbox 1240 1380 1292 1424; x_wconf 88' lang='lat' dir='ltr'><strong>lll</strong></span> <span class='ocrx_word' id='word_1_109' title='bbox 1337 1370 1499 1435; x_wconf 86' lang='lat' dir='ltr'><strong>dicis,</strong></span> <span class='ocrx_word' id='word_1_110' title='bbox 1532 1368 1586 1423; x_wconf 84' lang='lat' dir='ltr'><strong>lu</strong></span> <span class='ocrx_word' id='word_1_111' title='bbox 1635 1368 1894 1439; x_wconf 86' lang='lat' dir='ltr'><strong>principio</strong></span> 
     </span>
    </p>
   </div>
   <div class='ocr_carea' id='block_1_13' title="bbox 309 1464 1891 1535">
    <p class='ocr_par' dir='ltr' id='par_1_13' title="bbox 309 1464 1891 1535">
     <span class='ocr_line' id='line_1_13' title="bbox 309 1464 1891 1535; baseline -0.004 -13"><span class='ocrx_word' id='word_1_112' title='bbox 309 1468 506 1522; x_wconf 80' lang='lat' dir='ltr'><strong>factum</strong></span> <span class='ocrx_word' id='word_1_113' title='bbox 531 1477 611 1522; x_wconf 88' lang='lat' dir='ltr'><strong>est</strong></span> <span class='ocrx_word' id='word_1_114' title='bbox 638 1466 892 1520; x_wconf 80' lang='lat' dir='ltr'><strong>Verbum.</strong></span> <span class='ocrx_word' id='word_1_115' title='bbox 926 1466 1043 1529; x_wconf 90' lang='lat' dir='ltr'><strong>Ille,</strong></span> <span class='ocrx_word' id='word_1_116' title='bbox 1078 1464 1260 1517; x_wconf 88' lang='lat' dir='ltr'><strong>Omnia</strong></span> <span class='ocrx_word' id='word_1_117' title='bbox 1288 1481 1374 1533; x_wconf 88' lang='lat' dir='ltr'><strong>per</strong></span> <span class='ocrx_word' id='word_1_118' title='bbox 1403 1464 1567 1530; x_wconf 86' lang='lat' dir='ltr'><strong>ipsum</strong></span> <span class='ocrx_word' id='word_1_119' title='bbox 1590 1466 1723 1535; x_wconf 80' lang='lat' dir='ltr'><strong>facta</strong></span> <span class='ocrx_word' id='word_1_120' title='bbox 1744 1472 1891 1529; x_wconf 87' lang='lat' dir='ltr'><strong>sunt,</strong></span> 
     </span>
    </p>
   </div>
   <div class='ocr_carea' id='block_1_14' title="bbox 305 1552 1890 1624">
    <p class='ocr_par' dir='ltr' id='par_1_14' title="bbox 305 1552 1890 1624">
     <span class='ocr_line' id='line_1_14' title="bbox 305 1552 1890 1624; baseline -0.004 -11"><span class='ocrx_word' id='word_1_121' title='bbox 305 1558 437 1613; x_wconf 75' lang='lat' dir='ltr'><strong>dicit</strong></span> <span class='ocrx_word' id='word_1_122' title='bbox 462 1575 475 1621; x_wconf 93' lang='lat'><strong>;</strong></span> <span class='ocrx_word' id='word_1_123' title='bbox 526 1567 581 1611; x_wconf 91' lang='lat' dir='ltr'><strong>et</strong></span> <span class='ocrx_word' id='word_1_124' title='bbox 610 1566 666 1610; x_wconf 89' lang='lat' dir='ltr'><strong>tu</strong></span> <span class='ocrx_word' id='word_1_125' title='bbox 688 1556 821 1610; x_wconf 90' lang='lat' dir='ltr'><strong>dicis</strong></span> <span class='ocrx_word' id='word_1_126' title='bbox 844 1554 964 1624; x_wconf 82' lang='lat' dir='ltr'><strong>quia</strong></span> <span class='ocrx_word' id='word_1_127' title='bbox 994 1564 1046 1608; x_wconf 92' lang='lat' dir='ltr'><strong>et</strong></span> <span class='ocrx_word' id='word_1_128' title='bbox 1075 1553 1245 1623; x_wconf 91' lang='lat' dir='ltr'><strong>ipsum</strong></span> <span class='ocrx_word' id='word_1_129' title='bbox 1274 1553 1507 1608; x_wconf 86' lang='lat' dir='ltr'><strong>Verbum</strong></span> <span class='ocrx_word' id='word_1_130' title='bbox 1547 1552 1743 1606; x_wconf 84' lang='lat' dir='ltr'><strong>factum</strong></span> <span class='ocrx_word' id='word_1_131' title='bbox 1789 1561 1890 1607; x_wconf 91' lang='lat' dir='ltr'><strong>est.</strong></span> 
     </span>
    </p>
   </div>
   <div class='ocr_carea' id='block_1_15' title="bbox 306 1643 1898 1714">
    <p class='ocr_par' dir='ltr' id='par_1_15' title="bbox 306 1643 1898 1714">
     <span class='ocr_line' id='line_1_15' title="bbox 306 1643 1898 1714; baseline -0.003 -12"><span class='ocrx_word' id='word_1_132' title='bbox 306 1649 524 1702; x_wconf 79' lang='lat' dir='ltr'><strong>Poterat</strong></span> <span class='ocrx_word' id='word_1_133' title='bbox 569 1646 747 1700; x_wconf 89' lang='lat' dir='ltr'><strong>dicere</strong></span> <span class='ocrx_word' id='word_1_134' title='bbox 793 1644 1158 1714; x_wconf 84' lang='lat' dir='ltr'><strong>Evangelista,</strong></span> <span class='ocrx_word' id='word_1_135' title='bbox 1184 1643 1238 1697; x_wconf 93' lang='lat' dir='ltr'><strong>ln</strong></span> <span class='ocrx_word' id='word_1_136' title='bbox 1285 1643 1542 1712; x_wconf 87' lang='lat' dir='ltr'><strong>principio</strong></span> <span class='ocrx_word' id='word_1_137' title='bbox 1582 1643 1778 1697; x_wconf 84' lang='lat' dir='ltr'><strong>factum</strong></span> <span class='ocrx_word' id='word_1_138' title='bbox 1814 1652 1898 1697; x_wconf 91' lang='lat' dir='ltr'><strong>est</strong></span> 
     </span>
    </p>
   </div>
   <div class='ocr_carea' id='block_1_16' title="bbox 308 1736 1896 1809">
    <p class='ocr_par' dir='ltr' id='par_1_16' title="bbox 308 1736 1896 1809">
     <span class='ocr_line' id='line_1_16' title="bbox 308 1736 1896 1809; baseline -0.003 -13"><span class='ocrx_word' id='word_1_139' title='bbox 308 1741 548 1796; x_wconf 82' lang='lat' dir='ltr'><strong>Verbum</strong></span> <span class='ocrx_word' id='word_1_140' title='bbox 577 1759 589 1793; x_wconf 90' lang='lat'><strong>:</strong></span> <span class='ocrx_word' id='word_1_141' title='bbox 622 1740 714 1794; x_wconf 89' lang='lat' dir='ltr'><strong>sed</strong></span> <span class='ocrx_word' id='word_1_142' title='bbox 746 1738 868 1809; x_wconf 85' lang='lat' dir='ltr'><strong>quid</strong></span> <span class='ocrx_word' id='word_1_143' title='bbox 892 1738 1001 1791; x_wconf 90' lang='lat' dir='ltr'><strong>ait?</strong></span> <span class='ocrx_word' id='word_1_144' title='bbox 1030 1737 1096 1790; x_wconf 89' lang='lat' dir='ltr'><strong>In</strong></span> <span class='ocrx_word' id='word_1_145' title='bbox 1126 1738 1378 1808; x_wconf 65' lang='lat' dir='ltr'><strong>principio~</strong></span> <span class='ocrx_word' id='word_1_146' title='bbox 1412 1746 1517 1792; x_wconf 87' lang='lat' dir='ltr'><strong>erat</strong></span> <span class='ocrx_word' id='word_1_147' title='bbox 1556 1736 1793 1790; x_wconf 86' lang='lat' dir='ltr'><strong>Verbum.</strong></span> <span class='ocrx_word' id='word_1_148' title='bbox 1840 1738 1896 1791; x_wconf 92' lang='lat' dir='ltr'><strong>Si</strong></span> 
     </span>
    </p>
   </div>
   <div class='ocr_carea' id='block_1_17' title="bbox 306 1828 1894 1897">
    <p class='ocr_par' dir='ltr' id='par_1_17' title="bbox 306 1828 1894 1897">
     <span class='ocr_line' id='line_1_17' title="bbox 306 1828 1894 1897; baseline -0.004 -9"><span class='ocrx_word' id='word_1_149' title='bbox 306 1844 447 1896; x_wconf 87' lang='lat' dir='ltr'><strong>erat,</strong></span> <span class='ocrx_word' id='word_1_150' title='bbox 470 1848 579 1887; x_wconf 91' lang='lat' dir='ltr'><strong>non</strong></span> <span class='ocrx_word' id='word_1_151' title='bbox 601 1842 682 1887; x_wconf 90' lang='lat' dir='ltr'><strong>est</strong></span> <span class='ocrx_word' id='word_1_152' title='bbox 702 1831 898 1885; x_wconf 90' lang='lat' dir='ltr'><strong>factum</strong></span> <span class='ocrx_word' id='word_1_153' title='bbox 917 1871 931 1895; x_wconf 98' lang='lat'><strong>,</strong></span> <span class='ocrx_word' id='word_1_154' title='bbox 959 1837 1018 1883; x_wconf 90' lang='lat' dir='ltr'><strong>ut</strong></span> <span class='ocrx_word' id='word_1_155' title='bbox 1048 1829 1146 1884; x_wconf 89' lang='lat' dir='ltr'><strong>ista</strong></span> <span class='ocrx_word' id='word_1_156' title='bbox 1175 1828 1351 1883; x_wconf 81' lang='lat' dir='ltr'><strong>omnia</strong></span> <span class='ocrx_word' id='word_1_157' title='bbox 1376 1844 1470 1897; x_wconf 87' lang='lat' dir='ltr'><strong>per</strong></span> <span class='ocrx_word' id='word_1_158' title='bbox 1493 1829 1663 1897; x_wconf 90' lang='lat' dir='ltr'><strong>ipsum</strong></span> <span class='ocrx_word' id='word_1_159' title='bbox 1688 1831 1894 1893; x_wconf 89' lang='lat' dir='ltr'><strong>fierent,</strong></span> 
     </span>
    </p>
   </div>
   <div class='ocr_carea' id='block_1_18' title="bbox 306 1921 1899 1995">
    <p class='ocr_par' dir='ltr' id='par_1_18' title="bbox 306 1921 1899 1995">
     <span class='ocr_line' id='line_1_18' title="bbox 306 1921 1899 1995; baseline -0.004 -13"><span class='ocrx_word' id='word_1_160' title='bbox 306 1939 361 1982; x_wconf 87' lang='lat' dir='ltr'><strong>et</strong></span> <span class='ocrx_word' id='word_1_161' title='bbox 388 1928 507 1981; x_wconf 90' lang='lat' dir='ltr'><strong>sine</strong></span> <span class='ocrx_word' id='word_1_162' title='bbox 534 1928 649 1995; x_wconf 87' lang='lat' dir='ltr'><strong>ipso</strong></span> <span class='ocrx_word' id='word_1_163' title='bbox 676 1924 829 1978; x_wconf 89' lang='lat' dir='ltr'><strong>nihil.</strong></span> <span class='ocrx_word' id='word_1_164' title='bbox 858 1922 914 1977; x_wconf 90' lang='lat' dir='ltr'><strong>Si</strong></span> <span class='ocrx_word' id='word_1_165' title='bbox 941 1937 1067 1992; x_wconf 92' lang='lat' dir='ltr'><strong>ergo</strong></span> <span class='ocrx_word' id='word_1_166' title='bbox 1092 1931 1199 1976; x_wconf 87' lang='lat' dir='ltr'><strong>erat</strong></span> <span class='ocrx_word' id='word_1_167' title='bbox 1224 1923 1274 1974; x_wconf 86' lang='lat' dir='ltr'><strong>in</strong></span> <span class='ocrx_word' id='word_1_168' title='bbox 1301 1922 1548 1992; x_wconf 78' lang='lat' dir='ltr'><strong>principio</strong></span> <span class='ocrx_word' id='word_1_169' title='bbox 1590 1921 1823 1986; x_wconf 77' lang='lat' dir='ltr'><strong>Verbum,</strong></span> <span class='ocrx_word' id='word_1_170' title='bbox 1854 1930 1899 1975; x_wconf 83' lang='lat' dir='ltr'><strong>et</strong></span> 
     </span>
    </p>
   </div>
   <div class='ocr_carea' id='block_1_19' title="bbox 315 2011 1896 2085">
    <p class='ocr_par' dir='ltr' id='par_1_19' title="bbox 315 2011 1896 2085">
     <span class='ocr_line' id='line_1_19' title="bbox 315 2011 1896 2085; baseline -0.004 -14"><span class='ocrx_word' id='word_1_171' title='bbox 315 2017 539 2071; x_wconf 77' lang='lat' dir='ltr'><strong>Verbum</strong></span> <span class='ocrx_word' id='word_1_172' title='bbox 565 2026 671 2070; x_wconf 84' lang='lat' dir='ltr'><strong>erat</strong></span> <span class='ocrx_word' id='word_1_173' title='bbox 699 2014 838 2085; x_wconf 84' lang='lat' dir='ltr'><strong>apud</strong></span> <span class='ocrx_word' id='word_1_174' title='bbox 860 2014 1021 2067; x_wconf 86' lang='lat' dir='ltr'><strong>Deum</strong></span> <span class='ocrx_word' id='word_1_175' title='bbox 1037 2055 1051 2079; x_wconf 92' lang='lat'><strong>,</strong></span> <span class='ocrx_word' id='word_1_176' title='bbox 1086 2023 1131 2067; x_wconf 86' lang='lat' dir='ltr'><strong>et</strong></span> <span class='ocrx_word' id='word_1_177' title='bbox 1157 2013 1292 2066; x_wconf 84' lang='lat' dir='ltr'><strong>Deus</strong></span> <span class='ocrx_word' id='word_1_178' title='bbox 1312 2023 1419 2066; x_wconf 87' lang='lat' dir='ltr'><strong>erat</strong></span> <span class='ocrx_word' id='word_1_179' title='bbox 1450 2011 1661 2065; x_wconf 83' lang='lat' dir='ltr'><strong>Verbum</strong></span> <span class='ocrx_word' id='word_1_180' title='bbox 1683 2028 1699 2065; x_wconf 92' lang='lat'><strong><em>:</em></strong></span> <span class='ocrx_word' id='word_1_181' title='bbox 1724 2012 1767 2067; x_wconf 89' lang='lat' dir='ltr'><strong>si</strong></span> <span class='ocrx_word' id='word_1_182' title='bbox 1790 2028 1896 2065; x_wconf 89' lang='lat' dir='ltr'><strong>non</strong></span> 
     </span>
    </p>
   </div>
   <div class='ocr_carea' id='block_1_20' title="bbox 306 2104 1898 2179">
    <p class='ocr_par' dir='ltr' id='par_1_20' title="bbox 306 2104 1898 2179">
     <span class='ocr_line' id='line_1_20' title="bbox 306 2104 1898 2179; baseline -0.004 -15"><span class='ocrx_word' id='word_1_183' title='bbox 306 2119 463 2179; x_wconf 81' lang='lat' dir='ltr'><strong>potes</strong></span> <span class='ocrx_word' id='word_1_184' title='bbox 504 2109 741 2178; x_wconf 88' lang='lat' dir='ltr'><strong>cogitare</strong></span> <span class='ocrx_word' id='word_1_185' title='bbox 778 2105 905 2177; x_wconf 90' lang='lat' dir='ltr'><strong>quid</strong></span> <span class='ocrx_word' id='word_1_186' title='bbox 938 2106 1038 2169; x_wconf 88' lang='lat' dir='ltr'><strong>sit,</strong></span> <span class='ocrx_word' id='word_1_187' title='bbox 1066 2104 1221 2159; x_wconf 71' lang='lat' dir='ltr'><strong>differ</strong></span> <span class='ocrx_word' id='word_1_188' title='bbox 1245 2112 1303 2157; x_wconf 92' lang='lat' dir='ltr'><strong>ut</strong></span> <span class='ocrx_word' id='word_1_189' title='bbox 1346 2118 1579 2158; x_wconf 86' lang='lat' dir='ltr'><strong>crcscas.</strong></span> <span class='ocrx_word' id='word_1_190' title='bbox 1622 2104 1714 2158; x_wconf 89' lang='lat' dir='ltr'><strong>Ille</strong></span> <span class='ocrx_word' id='word_1_191' title='bbox 1749 2104 1898 2158; x_wconf 86' lang='lat' dir='ltr'><strong>cibus</strong></span> 
     </span>
    </p>
   </div>
   <div class='ocr_carea' id='block_1_21' title="bbox 305 2195 1898 2271">
    <p class='ocr_par' dir='ltr' id='par_1_21' title="bbox 305 2195 1898 2271">
     <span class='ocr_line' id='line_1_21' title="bbox 305 2195 1898 2271; baseline -0.004 -14"><span class='ocrx_word' id='word_1_192' title='bbox 305 2214 423 2265; x_wconf 81' lang='lat' dir='ltr'><strong>est,</strong></span> <span class='ocrx_word' id='word_1_193' title='bbox 453 2202 637 2271; x_wconf 75' lang='lat' dir='ltr'><strong>accipe</strong></span> <span class='ocrx_word' id='word_1_194' title='bbox 664 2200 745 2255; x_wconf 81' lang='lat' dir='ltr'><strong>lac</strong></span> <span class='ocrx_word' id='word_1_195' title='bbox 776 2209 831 2255; x_wconf 93' lang='lat' dir='ltr'><strong>ut</strong></span> <span class='ocrx_word' id='word_1_196' title='bbox 860 2197 1138 2262; x_wconf 87' lang='lat' dir='ltr'><strong>nutriaris,</strong></span> <span class='ocrx_word' id='word_1_197' title='bbox 1171 2205 1226 2251; x_wconf 93' lang='lat' dir='ltr'><strong>ut</strong></span> <span class='ocrx_word' id='word_1_198' title='bbox 1251 2197 1325 2251; x_wconf 89' lang='lat' dir='ltr'><strong>sis</strong></span> <span class='ocrx_word' id='word_1_199' title='bbox 1348 2196 1556 2252; x_wconf 89' lang='lat' dir='ltr'><strong>validus</strong></span> <span class='ocrx_word' id='word_1_200' title='bbox 1583 2195 1649 2250; x_wconf 91' lang='lat' dir='ltr'><strong>ad</strong></span> <span class='ocrx_word' id='word_1_201' title='bbox 1680 2196 1898 2265; x_wconf 90' lang='lat' dir='ltr'><strong>capien-</strong></span> 
     </span>
    </p>
   </div>
   <div class='ocr_carea' id='block_1_22' title="bbox 306 2291 669 2347">
    <p class='ocr_par' dir='ltr' id='par_1_22' title="bbox 306 2291 669 2347">
     <span class='ocr_line' id='line_1_22' title="bbox 306 2291 669 2347; baseline -0.011 0"><span class='ocrx_word' id='word_1_202' title='bbox 306 2292 438 2347; x_wconf 79' lang='lat' dir='ltr'><strong>dum</strong></span> <span class='ocrx_word' id='word_1_203' title='bbox 468 2291 669 2346; x_wconf 85' lang='lat' dir='ltr'><strong>cibum.</strong></span> 
     </span>
    </p>
   </div>
   <div class='ocr_carea' id='block_1_23' title="bbox 380 2376 1900 2450">
    <p class='ocr_par' dir='ltr' id='par_1_23' title="bbox 380 2376 1900 2450">
     <span class='ocr_line' id='line_1_23' title="bbox 380 2376 1900 2450; baseline -0.004 -13"><span class='ocrx_word' id='word_1_204' title='bbox 380 2384 472 2438; x_wconf 69' lang='grc'><strong>15.</strong></span> <span class='ocrx_word' id='word_1_205' title='bbox 506 2383 648 2437; x_wconf 90' lang='lat' dir='ltr'><strong>Sane</strong></span> <span class='ocrx_word' id='word_1_206' title='bbox 668 2423 682 2447; x_wconf 96' lang='lat'><strong>,</strong></span> <span class='ocrx_word' id='word_1_207' title='bbox 709 2380 927 2445; x_wconf 80' lang='lat' dir='ltr'><strong>fratres,</strong></span> <span class='ocrx_word' id='word_1_208' title='bbox 957 2379 1099 2450; x_wconf 89' lang='lat' dir='ltr'><strong>quod</strong></span> <span class='ocrx_word' id='word_1_209' title='bbox 1126 2377 1384 2448; x_wconf 88' lang='lat' dir='ltr'><strong>sequitur,</strong></span> <span class='ocrx_word' id='word_1_210' title='bbox 1417 2376 1601 2430; x_wconf 81' lang='lat' dir='ltr'><strong>Omnia</strong></span> <span class='ocrx_word' id='word_1_211' title='bbox 1627 2393 1715 2447; x_wconf 84' lang='lat' dir='ltr'><strong>per</strong></span> <span class='ocrx_word' id='word_1_212' title='bbox 1734 2378 1900 2448; x_wconf 85' lang='lat' dir='ltr'><strong>ipsum</strong></span> 
     </span>
    </p>
   </div>
   <div class='ocr_carea' id='block_1_24' title="bbox 310 2469 1899 2544">
    <p class='ocr_par' dir='ltr' id='par_1_24' title="bbox 310 2469 1899 2544">
     <span class='ocr_line' id='line_1_24' title="bbox 310 2469 1899 2544; baseline -0.003 -18"><span class='ocrx_word' id='word_1_213' title='bbox 310 2479 448 2544; x_wconf 76' lang='lat' dir='ltr'><strong>facta</strong></span> <span class='ocrx_word' id='word_1_214' title='bbox 475 2481 626 2537; x_wconf 85' lang='lat' dir='ltr'><strong>sunt,</strong></span> <span class='ocrx_word' id='word_1_215' title='bbox 660 2481 706 2525; x_wconf 89' lang='lat' dir='ltr'><strong>et</strong></span> <span class='ocrx_word' id='word_1_216' title='bbox 732 2472 840 2525; x_wconf 84' lang='lat' dir='ltr'><strong>sine</strong></span> <span class='ocrx_word' id='word_1_217' title='bbox 866 2471 976 2540; x_wconf 89' lang='lat' dir='ltr'><strong>ipso</strong></span> <span class='ocrx_word' id='word_1_218' title='bbox 1001 2470 1193 2539; x_wconf 79' lang='lat' dir='ltr'><strong>factum</strong></span> <span class='ocrx_word' id='word_1_219' title='bbox 1231 2479 1304 2522; x_wconf 84' lang='lat' dir='ltr'><strong>est</strong></span> <span class='ocrx_word' id='word_1_220' title='bbox 1331 2469 1489 2535; x_wconf 82' lang='lat' dir='ltr'><strong>nihil,</strong></span> <span class='ocrx_word' id='word_1_221' title='bbox 1520 2469 1695 2523; x_wconf 87' lang='lat' dir='ltr'><strong>videte</strong></span> <span class='ocrx_word' id='word_1_222' title='bbox 1724 2483 1792 2523; x_wconf 90' lang='lat' dir='ltr'><strong>ne</strong></span> <span class='ocrx_word' id='word_1_223' title='bbox 1822 2469 1899 2523; x_wconf 88' lang='lat' dir='ltr'><strong>sic</strong></span> 
     </span>
    </p>
   </div>
   <div class='ocr_carea' id='block_1_25' title="bbox 310 2560 1897 2635">
    <p class='ocr_par' dir='ltr' id='par_1_25' title="bbox 310 2560 1897 2635">
     <span class='ocr_line' id='line_1_25' title="bbox 310 2560 1897 2635; baseline -0.003 -16"><span class='ocrx_word' id='word_1_224' title='bbox 310 2565 591 2635; x_wconf 81' lang='lat' dir='ltr'><strong>cogitetis,</strong></span> <span class='ocrx_word' id='word_1_225' title='bbox 634 2564 757 2633; x_wconf 86' lang='lat' dir='ltr'><strong>quia</strong></span> <span class='ocrx_word' id='word_1_226' title='bbox 787 2563 916 2617; x_wconf 85' lang='lat' dir='ltr'><strong>nihil</strong></span> <span class='ocrx_word' id='word_1_227' title='bbox 953 2561 1148 2632; x_wconf 86' lang='lat' dir='ltr'><strong>aliquid</strong></span> <span class='ocrx_word' id='word_1_228' title='bbox 1198 2570 1298 2616; x_wconf 91' lang='lat' dir='ltr'><strong>est.</strong></span> <span class='ocrx_word' id='word_1_229' title='bbox 1343 2560 1530 2616; x_wconf 88' lang='lat' dir='ltr'><strong>Solent</strong></span> <span class='ocrx_word' id='word_1_230' title='bbox 1568 2561 1708 2615; x_wconf 90' lang='lat' dir='ltr'><strong>enim</strong></span> <span class='ocrx_word' id='word_1_231' title='bbox 1750 2561 1897 2615; x_wconf 90' lang='lat' dir='ltr'><strong>multi</strong></span> 
     </span>
    </p>
   </div>
   <div class='ocr_carea' id='block_1_26' title="bbox 310 2650 1899 2724">
    <p class='ocr_par' dir='ltr' id='par_1_26' title="bbox 310 2650 1899 2724">
     <span class='ocr_line' id='line_1_26' title="bbox 310 2650 1899 2724; baseline -0.003 -15"><span class='ocrx_word' id='word_1_232' title='bbox 310 2658 452 2709; x_wconf 89' lang='lat' dir='ltr'><strong>male</strong></span> <span class='ocrx_word' id='word_1_233' title='bbox 481 2655 869 2724; x_wconf 88' lang='lat' dir='ltr'><strong>intelligentes,</strong></span> <span class='ocrx_word' id='word_1_234' title='bbox 900 2653 1009 2706; x_wconf 86' lang='lat' dir='ltr'><strong>sine</strong></span> <span class='ocrx_word' id='word_1_235' title='bbox 1050 2652 1161 2721; x_wconf 78' lang='lat' dir='ltr'><strong>ipso</strong></span> <span class='ocrx_word' id='word_1_236' title='bbox 1200 2652 1392 2722; x_wconf 75' lang='lat' dir='ltr'><strong>factum</strong></span> <span class='ocrx_word' id='word_1_237' title='bbox 1420 2660 1490 2704; x_wconf 85' lang='lat' dir='ltr'><strong>est</strong></span> <span class='ocrx_word' id='word_1_238' title='bbox 1520 2650 1682 2717; x_wconf 83' lang='lat' dir='ltr'><strong>nihil,</strong></span> <span class='ocrx_word' id='word_1_239' title='bbox 1711 2659 1899 2720; x_wconf 88' lang='lat' dir='ltr'><strong>putare</strong></span> 
     </span>
    </p>
   </div>
   <div class='ocr_carea' id='block_1_27' title="bbox 309 2743 1898 2818">
    <p class='ocr_par' dir='ltr' id='par_1_27' title="bbox 309 2743 1898 2818">
     <span class='ocr_line' id='line_1_27' title="bbox 309 2743 1898 2818; baseline -0.004 -16"><span class='ocrx_word' id='word_1_240' title='bbox 309 2748 509 2818; x_wconf 83' lang='lat' dir='ltr'><strong>aliquid</strong></span> <span class='ocrx_word' id='word_1_241' title='bbox 543 2762 663 2802; x_wconf 87' lang='lat' dir='ltr'><strong>esse</strong></span> <span class='ocrx_word' id='word_1_242' title='bbox 703 2746 854 2801; x_wconf 87' lang='lat' dir='ltr'><strong>nihil.</strong></span> <span class='ocrx_word' id='word_1_243' title='bbox 887 2744 1165 2800; x_wconf 80' lang='lat' dir='ltr'><strong>Peccatum</strong></span> <span class='ocrx_word' id='word_1_244' title='bbox 1205 2744 1416 2813; x_wconf 90' lang='lat' dir='ltr'><strong>quidem</strong></span> <span class='ocrx_word' id='word_1_245' title='bbox 1456 2758 1561 2797; x_wconf 90' lang='lat' dir='ltr'><strong>non</strong></span> <span class='ocrx_word' id='word_1_246' title='bbox 1592 2758 1687 2812; x_wconf 85' lang='lat' dir='ltr'><strong>per</strong></span> <span class='ocrx_word' id='word_1_247' title='bbox 1729 2743 1898 2812; x_wconf 90' lang='lat' dir='ltr'><strong>ipsum</strong></span> 
     </span>
    </p>
   </div>
   <div class='ocr_carea' id='block_1_28' title="bbox 312 2832 1898 2903">
    <p class='ocr_par' dir='ltr' id='par_1_28' title="bbox 312 2832 1898 2903">
     <span class='ocr_line' id='line_1_28' title="bbox 312 2832 1898 2903; baseline -0.004 -10"><span class='ocrx_word' id='word_1_248' title='bbox 312 2840 511 2894; x_wconf 78' lang='lat' dir='ltr'><strong>factum</strong></span> <span class='ocrx_word' id='word_1_249' title='bbox 540 2848 653 2894; x_wconf 88' lang='lat' dir='ltr'><strong>est:</strong></span> <span class='ocrx_word' id='word_1_250' title='bbox 685 2846 739 2892; x_wconf 90' lang='lat' dir='ltr'><strong>ct</strong></span> <span class='ocrx_word' id='word_1_251' title='bbox 768 2835 1105 2891; x_wconf 87' lang='lat' dir='ltr'><strong>manifestum</strong></span> <span class='ocrx_word' id='word_1_252' title='bbox 1144 2842 1260 2899; x_wconf 89' lang='lat' dir='ltr'><strong>est,</strong></span> <span class='ocrx_word' id='word_1_253' title='bbox 1293 2834 1412 2903; x_wconf 88' lang='lat' dir='ltr'><strong>quia</strong></span> <span class='ocrx_word' id='word_1_254' title='bbox 1453 2841 1723 2902; x_wconf 89' lang='lat' dir='ltr'><strong>peccatum</strong></span> <span class='ocrx_word' id='word_1_255' title='bbox 1768 2832 1898 2887; x_wconf 80' lang='lat' dir='ltr'><strong>nihil</strong></span> 
     </span>
    </p>
   </div>
   <div class='ocr_carea' id='block_1_29' title="bbox 311 2924 1898 2999">
    <p class='ocr_par' dir='ltr' id='par_1_29' title="bbox 311 2924 1898 2999">
     <span class='ocr_line' id='line_1_29' title="bbox 311 2924 1898 2999; baseline -0.007 -11"><span class='ocrx_word' id='word_1_256' title='bbox 311 2943 429 2999; x_wconf 79' lang='lat' dir='ltr'><strong>est,</strong></span> <span class='ocrx_word' id='word_1_257' title='bbox 476 2942 535 2987; x_wconf 92' lang='lat' dir='ltr'><strong>et</strong></span> <span class='ocrx_word' id='word_1_258' title='bbox 562 2932 691 2985; x_wconf 90' lang='lat' dir='ltr'><strong>nihil</strong></span> <span class='ocrx_word' id='word_1_259' title='bbox 724 2929 853 2983; x_wconf 85' lang='lat' dir='ltr'><strong>fiunt</strong></span> <span class='ocrx_word' id='word_1_260' title='bbox 894 2926 1135 2982; x_wconf 89' lang='lat' dir='ltr'><strong>homines</strong></span> <span class='ocrx_word' id='word_1_261' title='bbox 1176 2941 1295 2980; x_wconf 94' lang='lat' dir='ltr'><strong>cum</strong></span> <span class='ocrx_word' id='word_1_262' title='bbox 1325 2934 1567 2993; x_wconf 86' lang='lat' dir='ltr'><strong>peccant.</strong></span> <span class='ocrx_word' id='word_1_263' title='bbox 1600 2924 1665 2977; x_wconf 86' lang='lat' dir='ltr'><strong>Et</strong></span> <span class='ocrx_word' id='word_1_264' title='bbox 1702 2924 1898 2977; x_wconf 91' lang='lat' dir='ltr'><strong>idolum</strong></span> 
     </span>
    </p>
   </div>
   <div class='ocr_carea' id='block_1_30' title="bbox 312 3012 1898 3092">
    <p class='ocr_par' dir='ltr' id='par_1_30' title="bbox 312 3012 1898 3092">
     <span class='ocr_line' id='line_1_30' title="bbox 312 3012 1898 3092; baseline -0.006 -15"><span class='ocrx_word' id='word_1_265' title='bbox 312 3038 419 3077; x_wconf 87' lang='lat' dir='ltr'><strong>non</strong></span> <span class='ocrx_word' id='word_1_266' title='bbox 450 3038 549 3092; x_wconf 88' lang='lat' dir='ltr'><strong>per</strong></span> <span class='ocrx_word' id='word_1_267' title='bbox 574 3021 807 3076; x_wconf 85' lang='lat' dir='ltr'><strong>Verbum</strong></span> <span class='ocrx_word' id='word_1_268' title='bbox 846 3021 1039 3073; x_wconf 92' lang='lat' dir='ltr'><strong>factum</strong></span> <span class='ocrx_word' id='word_1_269' title='bbox 1078 3024 1199 3072; x_wconf 89' lang='lat' dir='ltr'><strong>est:</strong></span> <span class='ocrx_word' id='word_1_270' title='bbox 1233 3015 1392 3070; x_wconf 91' lang='lat' dir='ltr'><strong>habet</strong></span> <span class='ocrx_word' id='word_1_271' title='bbox 1428 3014 1641 3084; x_wconf 87' lang='lat' dir='ltr'><strong>quidem</strong></span> <span class='ocrx_word' id='word_1_272' title='bbox 1672 3012 1898 3068; x_wconf 83' lang='lat' dir='ltr'><strong>formam</strong></span> 
     </span>
    </p>
   </div>
   <div class='ocr_carea' id='block_1_31' title="bbox 311 3105 1901 3183">
    <p class='ocr_par' dir='ltr' id='par_1_31' title="bbox 311 3105 1901 3183">
     <span class='ocr_line' id='line_1_31' title="bbox 311 3105 1901 3183; baseline -0.005 -16"><span class='ocrx_word' id='word_1_273' title='bbox 311 3113 601 3183; x_wconf 83' lang='lat' dir='ltr'><strong>quamdam</strong></span> <span class='ocrx_word' id='word_1_274' title='bbox 650 3111 964 3176; x_wconf 88' lang='lat' dir='ltr'><strong>humanam,</strong></span> <span class='ocrx_word' id='word_1_275' title='bbox 1017 3108 1110 3163; x_wconf 91' lang='lat' dir='ltr'><strong>sed</strong></span> <span class='ocrx_word' id='word_1_276' title='bbox 1162 3109 1275 3176; x_wconf 89' lang='lat' dir='ltr'><strong>ipse</strong></span> <span class='ocrx_word' id='word_1_277' title='bbox 1322 3106 1482 3160; x_wconf 86' lang='lat' dir='ltr'><strong>homo</strong></span> <span class='ocrx_word' id='word_1_278' title='bbox 1530 3121 1623 3176; x_wconf 91' lang='lat' dir='ltr'><strong>per</strong></span> <span class='ocrx_word' id='word_1_279' title='bbox 1667 3105 1901 3160; x_wconf 84' lang='lat' dir='ltr'><strong>Verbum</strong></span> 
     </span>
    </p>
   </div>
   <div class='ocr_carea' id='block_1_32' title="bbox 313 3195 1901 3269">
    <p class='ocr_par' dir='ltr' id='par_1_32' title="bbox 313 3195 1901 3269">
     <span class='ocr_line' id='line_1_32' title="bbox 313 3195 1901 3269; baseline -0.006 -10"><span class='ocrx_word' id='word_1_280' title='bbox 313 3202 484 3259; x_wconf 80' lang='lat' dir='ltr'><strong>factus</strong></span> <span class='ocrx_word' id='word_1_281' title='bbox 511 3213 627 3269; x_wconf 88' lang='lat' dir='ltr'><strong>est;</strong></span> <span class='ocrx_word' id='word_1_282' title='bbox 651 3218 774 3257; x_wconf 88' lang='lat' dir='ltr'><strong>nam</strong></span> <span class='ocrx_word' id='word_1_283' title='bbox 806 3201 973 3255; x_wconf 89' lang='lat' dir='ltr'><strong>forma</strong></span> <span class='ocrx_word' id='word_1_284' title='bbox 1000 3199 1231 3255; x_wconf 89' lang='lat' dir='ltr'><strong>hominis</strong></span> <span class='ocrx_word' id='word_1_285' title='bbox 1259 3200 1309 3253; x_wconf 92' lang='lat' dir='ltr'><strong>in</strong></span> <span class='ocrx_word' id='word_1_286' title='bbox 1338 3198 1496 3261; x_wconf 87' lang='lat' dir='ltr'><strong>idolo,</strong></span> <span class='ocrx_word' id='word_1_287' title='bbox 1523 3212 1625 3251; x_wconf 90' lang='lat' dir='ltr'><strong>non</strong></span> <span class='ocrx_word' id='word_1_288' title='bbox 1654 3212 1748 3266; x_wconf 90' lang='lat' dir='ltr'><strong>per</strong></span> <span class='ocrx_word' id='word_1_289' title='bbox 1771 3195 1901 3251; x_wconf 89' lang='lat' dir='ltr'><strong>Ver-</strong></span> 
     </span>
    </p>
   </div>
   <div class='ocr_carea' id='block_1_33' title="bbox 314 3288 1901 3360">
    <p class='ocr_par' dir='ltr' id='par_1_33' title="bbox 314 3288 1901 3360">
     <span class='ocr_line' id='line_1_33' title="bbox 314 3288 1901 3360; baseline -0.006 -11"><span class='ocrx_word' id='word_1_290' title='bbox 314 3296 440 3349; x_wconf 87' lang='lat' dir='ltr'><strong>bum</strong></span> <span class='ocrx_word' id='word_1_291' title='bbox 481 3293 624 3349; x_wconf 83' lang='lat' dir='ltr'><strong>facta</strong></span> <span class='ocrx_word' id='word_1_292' title='bbox 652 3302 764 3358; x_wconf 84' lang='lat' dir='ltr'><strong>est;</strong></span> <span class='ocrx_word' id='word_1_293' title='bbox 809 3301 863 3347; x_wconf 90' lang='lat' dir='ltr'><strong>et</strong></span> <span class='ocrx_word' id='word_1_294' title='bbox 887 3292 1138 3360; x_wconf 88' lang='lat' dir='ltr'><strong>scriptum</strong></span> <span class='ocrx_word' id='word_1_295' title='bbox 1170 3298 1277 3353; x_wconf 90' lang='lat' dir='ltr'><strong>cst,</strong></span> <span class='ocrx_word' id='word_1_296' title='bbox 1311 3290 1510 3344; x_wconf 79' lang='lat' dir='ltr'><strong>Scimus</strong></span> <span class='ocrx_word' id='word_1_297' title='bbox 1534 3289 1651 3357; x_wconf 87' lang='lat' dir='ltr'><strong>quia</strong></span> <span class='ocrx_word' id='word_1_298' title='bbox 1677 3288 1803 3340; x_wconf 85' lang='lat' dir='ltr'><strong>nihil</strong></span> <span class='ocrx_word' id='word_1_299' title='bbox 1829 3296 1901 3340; x_wconf 83' lang='lat' dir='ltr'><strong>est</strong></span> 
     </span>
    </p>
   </div>
   <div class='ocr_carea' id='block_1_34' title="bbox 311 3380 1901 3457">
    <p class='ocr_par' dir='ltr' id='par_1_34' title="bbox 311 3380 1901 3457">
     <span class='ocr_line' id='line_1_34' title="bbox 311 3380 1901 3457; baseline -0.005 -17"><span class='ocrx_word' id='word_1_300' title='bbox 311 3390 510 3442; x_wconf 84' lang='lat' dir='ltr'><strong>idolum</strong></span> <span class='ocrx_word' id='word_1_301' title='bbox 539 3386 585 3457; x_wconf 84' lang='grc' dir='ltr'><strong>(Ι</strong></span> <span class='ocrx_word' id='word_1_302' title='bbox 606 3386 726 3440; x_wconf 80' lang='lat' dir='ltr'><strong>Cor.</strong></span> <span class='ocrx_word' id='word_1_303' title='bbox 756 3398 849 3441; x_wconf 87' lang='lat' dir='ltr'><strong>vm</strong></span> <span class='ocrx_word' id='word_1_304' title='bbox 873 3426 886 3449; x_wconf 90' lang='lat'><strong>,</strong></span> <span class='ocrx_word' id='word_1_305' title='bbox 914 3385 989 3455; x_wconf 73' lang='grc'><strong>4).</strong></span> <span class='ocrx_word' id='word_1_306' title='bbox 1020 3385 1158 3453; x_wconf 86' lang='lat' dir='ltr'><strong>Ergo</strong></span> <span class='ocrx_word' id='word_1_307' title='bbox 1200 3383 1298 3436; x_wconf 89' lang='lat' dir='ltr'><strong>ista</strong></span> <span class='ocrx_word' id='word_1_308' title='bbox 1339 3396 1444 3436; x_wconf 90' lang='lat' dir='ltr'><strong>non</strong></span> <span class='ocrx_word' id='word_1_309' title='bbox 1474 3389 1596 3434; x_wconf 92' lang='lat' dir='ltr'><strong>sunt</strong></span> <span class='ocrx_word' id='word_1_310' title='bbox 1638 3380 1775 3434; x_wconf 86' lang='lat' dir='ltr'><strong>facta</strong></span> <span class='ocrx_word' id='word_1_311' title='bbox 1806 3394 1901 3448; x_wconf 84' lang='lat' dir='ltr'><strong>per</strong></span> 
     </span>
    </p>
   </div>
   <div class='ocr_carea' id='block_1_35' title="bbox 315 3470 1897 3545">
    <p class='ocr_par' dir='ltr' id='par_1_35' title="bbox 315 3470 1897 3545">
     <span class='ocr_line' id='line_1_35' title="bbox 315 3470 1897 3545; baseline -0.006 -13"><span class='ocrx_word' id='word_1_312' title='bbox 315 3478 595 3541; x_wconf 81' lang='lat' dir='ltr'><strong>Verbum;</strong></span> <span class='ocrx_word' id='word_1_313' title='bbox 644 3476 739 3531; x_wconf 91' lang='lat' dir='ltr'><strong>sed</strong></span> <span class='ocrx_word' id='word_1_314' title='bbox 796 3490 1140 3545; x_wconf 66' lang='lat' dir='ltr'><strong>quaecumque</strong></span> <span class='ocrx_word' id='word_1_315' title='bbox 1194 3472 1502 3526; x_wconf 85' lang='lat' dir='ltr'><strong>naturaliter</strong></span> <span class='ocrx_word' id='word_1_316' title='bbox 1548 3470 1685 3525; x_wconf 84' lang='lat' dir='ltr'><strong>facta</strong></span> <span class='ocrx_word' id='word_1_317' title='bbox 1734 3479 1897 3536; x_wconf 89' lang='lat' dir='ltr'><strong>sunt,</strong></span> 
     </span>
    </p>
   </div>
   <div class='ocr_carea' id='block_1_36' title="bbox 312 3561 1901 3642">
    <p class='ocr_par' dir='ltr' id='par_1_36' title="bbox 312 3561 1901 3642">
     <span class='ocr_line' id='line_1_36' title="bbox 312 3561 1901 3642; baseline -0.007 -16"><span class='ocrx_word' id='word_1_318' title='bbox 312 3585 663 3642; x_wconf 64' lang='lat' dir='ltr'><strong>quotacumque</strong></span> <span class='ocrx_word' id='word_1_319' title='bbox 690 3578 812 3622; x_wconf 90' lang='lat' dir='ltr'><strong>sunt</strong></span> <span class='ocrx_word' id='word_1_320' title='bbox 837 3569 887 3620; x_wconf 90' lang='lat' dir='ltr'><strong>in</strong></span> <span class='ocrx_word' id='word_1_321' title='bbox 913 3566 1189 3632; x_wconf 88' lang='lat' dir='ltr'><strong>creaturis,</strong></span> <span class='ocrx_word' id='word_1_322' title='bbox 1211 3563 1386 3619; x_wconf 86' lang='lat' dir='ltr'><strong>omnia</strong></span> <span class='ocrx_word' id='word_1_323' title='bbox 1412 3562 1629 3618; x_wconf 92' lang='lat' dir='ltr'><strong>omnino</strong></span> <span class='ocrx_word' id='word_1_324' title='bbox 1654 3576 1771 3631; x_wconf 73' lang='lat' dir='ltr'><strong>qua:</strong></span> <span class='ocrx_word' id='word_1_325' title='bbox 1800 3561 1901 3615; x_wconf 84' lang='lat' dir='ltr'><strong>fixa</strong></span> 
     </span>
    </p>
   </div>
   <div class='ocr_carea' id='block_1_37' title="bbox 312 3654 1901 3730">
    <p class='ocr_par' dir='ltr' id='par_1_37' title="bbox 312 3654 1901 3730">
     <span class='ocr_line' id='line_1_37' title="bbox 312 3654 1901 3730; baseline -0.006 -13"><span class='ocrx_word' id='word_1_326' title='bbox 312 3664 367 3717; x_wconf 91' lang='lat' dir='ltr'><strong>in</strong></span> <span class='ocrx_word' id='word_1_327' title='bbox 390 3663 535 3717; x_wconf 60' lang='lat' dir='ltr'><strong>caelo</strong></span> <span class='ocrx_word' id='word_1_328' title='bbox 559 3670 680 3715; x_wconf 91' lang='lat' dir='ltr'><strong>sunt</strong></span> <span class='ocrx_word' id='word_1_329' title='bbox 698 3701 711 3722; x_wconf 93' lang='lat'><strong>,</strong></span> <span class='ocrx_word' id='word_1_330' title='bbox 739 3673 857 3730; x_wconf 74' lang='lat' dir='ltr'><strong>qua:</strong></span> <span class='ocrx_word' id='word_1_331' title='bbox 886 3658 1082 3729; x_wconf 81' lang='lat' dir='ltr'><strong>fulgent</strong></span> <span class='ocrx_word' id='word_1_332' title='bbox 1108 3658 1336 3725; x_wconf 83' lang='lat' dir='ltr'><strong>desuper</strong></span> <span class='ocrx_word' id='word_1_333' title='bbox 1356 3696 1369 3718; x_wconf 91' lang='lat'><strong>,</strong></span> <span class='ocrx_word' id='word_1_334' title='bbox 1401 3670 1522 3725; x_wconf 67' lang='lat' dir='ltr'><strong>qua:</strong></span> <span class='ocrx_word' id='word_1_335' title='bbox 1549 3654 1772 3708; x_wconf 79' lang='lat' dir='ltr'><strong>volitant</strong></span> <span class='ocrx_word' id='word_1_336' title='bbox 1802 3654 1901 3708; x_wconf 90' lang='lat' dir='ltr'><strong>sub</strong></span> 
     </span>
    </p>
   </div>
   <div class='ocr_carea' id='block_1_38' title="bbox 310 3746 1898 3821">
    <p class='ocr_par' dir='ltr' id='par_1_38' title="bbox 310 3746 1898 3821">
     <span class='ocr_line' id='line_1_38' title="bbox 310 3746 1898 3821; baseline -0.006 -14"><span class='ocrx_word' id='word_1_337' title='bbox 310 3752 464 3807; x_wconf 67' lang='lat' dir='ltr'><strong>caelo</strong></span> <span class='ocrx_word' id='word_1_338' title='bbox 486 3793 503 3817; x_wconf 94' lang='lat'><strong>,</strong></span> <span class='ocrx_word' id='word_1_339' title='bbox 531 3761 584 3805; x_wconf 87' lang='lat' dir='ltr'><strong>et</strong></span> <span class='ocrx_word' id='word_1_340' title='bbox 609 3767 720 3821; x_wconf 75' lang='lat' dir='ltr'><strong>qua:</strong></span> <span class='ocrx_word' id='word_1_341' title='bbox 748 3750 1033 3804; x_wconf 79' lang='lat' dir='ltr'><strong>moventur</strong></span> <span class='ocrx_word' id='word_1_342' title='bbox 1059 3749 1111 3801; x_wconf 90' lang='lat' dir='ltr'><strong>in</strong></span> <span class='ocrx_word' id='word_1_343' title='bbox 1148 3748 1164 3779; x_wconf 82' lang='grc'>¹</span> <span class='ocrx_word' id='word_1_344' title='bbox 1200 3746 1443 3801; x_wconf 85' lang='lat' dir='ltr'><strong>universa</strong></span> <span class='ocrx_word' id='word_1_345' title='bbox 1476 3754 1663 3799; x_wconf 88' lang='lat' dir='ltr'><strong>natura</strong></span> <span class='ocrx_word' id='word_1_346' title='bbox 1691 3759 1898 3809; x_wconf 89' lang='lat' dir='ltr'><strong>rerum,</strong></span> 
     </span>
    </p>
   </div>
   <div class='ocr_carea' id='block_1_39' title="bbox 310 3834 1903 3905">
    <p class='ocr_par' dir='ltr' id='par_1_39' title="bbox 310 3834 1903 3905">
     <span class='ocr_line' id='line_1_39' title="bbox 310 3834 1903 3905; baseline -0.005 -9"><span class='ocrx_word' id='word_1_347' title='bbox 310 3842 499 3896; x_wconf 88' lang='lat' dir='ltr'><strong>omnis</strong></span> <span class='ocrx_word' id='word_1_348' title='bbox 526 3840 737 3895; x_wconf 90' lang='lat' dir='ltr'><strong>omnino</strong></span> <span class='ocrx_word' id='word_1_349' title='bbox 766 3848 1004 3895; x_wconf 83' lang='lat' dir='ltr'><strong>creatura</strong></span> <span class='ocrx_word' id='word_1_350' title='bbox 1029 3856 1043 3892; x_wconf 91' lang='lat'><strong>:</strong></span> <span class='ocrx_word' id='word_1_351' title='bbox 1075 3838 1247 3891; x_wconf 89' lang='lat' dir='ltr'><strong>dicam</strong></span> <span class='ocrx_word' id='word_1_352' title='bbox 1276 3837 1479 3905; x_wconf 90' lang='lat' dir='ltr'><strong>planius</strong></span> <span class='ocrx_word' id='word_1_353' title='bbox 1503 3876 1518 3902; x_wconf 92' lang='lat'><strong>,</strong></span> <span class='ocrx_word' id='word_1_354' title='bbox 1548 3835 1722 3889; x_wconf 90' lang='lat' dir='ltr'><strong>dicam</strong></span> <span class='ocrx_word' id='word_1_355' title='bbox 1742 3876 1757 3902; x_wconf 95' lang='lat'><strong>,</strong></span> <span class='ocrx_word' id='word_1_356' title='bbox 1790 3834 1903 3888; x_wconf 88' lang='lat' dir='ltr'><strong>fra-</strong></span> 
     </span>
    </p>
   </div>
   <div class='ocr_carea' id='block_1_40' title="bbox 312 3927 1901 4003">
    <p class='ocr_par' dir='ltr' id='par_1_40' title="bbox 312 3927 1901 4003">
     <span class='ocr_line' id='line_1_40' title="bbox 312 3927 1901 4003; baseline -0.005 -15"><span class='ocrx_word' id='word_1_357' title='bbox 312 3944 429 3990; x_wconf 88' lang='lat' dir='ltr'><strong>tres</strong></span> <span class='ocrx_word' id='word_1_358' title='bbox 446 3976 463 4000; x_wconf 94' lang='lat'><strong>,</strong></span> <span class='ocrx_word' id='word_1_359' title='bbox 488 3944 545 3987; x_wconf 93' lang='lat' dir='ltr'><strong>ut</strong></span> <span class='ocrx_word' id='word_1_360' title='bbox 580 3933 887 4003; x_wconf 84' lang='lat' dir='ltr'><strong>intelligatis</strong></span> <span class='ocrx_word' id='word_1_361' title='bbox 908 3975 922 3998; x_wconf 93' lang='lat'><strong>,</strong></span> <span class='ocrx_word' id='word_1_362' title='bbox 951 3932 1017 3986; x_wconf 90' lang='lat' dir='ltr'><strong>ab</strong></span> <span class='ocrx_word' id='word_1_363' title='bbox 1042 3931 1233 4000; x_wconf 83' lang='lat' dir='ltr'><strong>angelo</strong></span> <span class='ocrx_word' id='word_1_364' title='bbox 1256 3943 1421 3999; x_wconf 91' lang='lat' dir='ltr'><strong>usque</strong></span> <span class='ocrx_word' id='word_1_365' title='bbox 1443 3927 1509 3982; x_wconf 89' lang='lat' dir='ltr'><strong>ad</strong></span> <span class='ocrx_word' id='word_1_366' title='bbox 1532 3927 1901 3981; x_wconf 88' lang='lat' dir='ltr'><strong>vermiculum.</strong></span> 
     </span>
    </p>
   </div>
   <div class='ocr_carea' id='block_1_41' title="bbox 312 4020 1904 4097">
    <p class='ocr_par' dir='ltr' id='par_1_41' title="bbox 312 4020 1904 4097">
     <span class='ocr_line' id='line_1_41' title="bbox 312 4020 1904 4097; baseline -0.005 -15"><span class='ocrx_word' id='word_1_367' title='bbox 312 4027 455 4095; x_wconf 84' lang='lat' dir='ltr'><strong>Quid</strong></span> <span class='ocrx_word' id='word_1_368' title='bbox 484 4027 789 4097; x_wconf 62' lang='lat' dir='ltr'><strong>praiclarius</strong></span> <span class='ocrx_word' id='word_1_369' title='bbox 833 4026 1019 4094; x_wconf 82' lang='lat' dir='ltr'><strong>angelo</strong></span> <span class='ocrx_word' id='word_1_370' title='bbox 1050 4024 1100 4077; x_wconf 90' lang='lat' dir='ltr'><strong>in</strong></span> <span class='ocrx_word' id='word_1_371' title='bbox 1128 4020 1423 4077; x_wconf 85' lang='lat' dir='ltr'><strong>creaturis?</strong></span> <span class='ocrx_word' id='word_1_372' title='bbox 1461 4020 1585 4090; x_wconf 91' lang='lat' dir='ltr'><strong>quid</strong></span> <span class='ocrx_word' id='word_1_373' title='bbox 1612 4021 1904 4075; x_wconf 84' lang='lat' dir='ltr'><strong>extremius</strong></span> 
     </span>
    </p>
   </div>
   <div class='ocr_carea' id='block_1_42' title="bbox 312 4111 1900 4183">
    <p class='ocr_par' dir='ltr' id='par_1_42' title="bbox 312 4111 1900 4183">
     <span class='ocr_line' id='line_1_42' title="bbox 312 4111 1900 4183; baseline -0.004 -12"><span class='ocrx_word' id='word_1_374' title='bbox 312 4119 612 4174; x_wconf 75' lang='lat' dir='ltr'><strong>vermiculo</strong></span> <span class='ocrx_word' id='word_1_375' title='bbox 639 4119 692 4171; x_wconf 91' lang='lat' dir='ltr'><strong>in</strong></span> <span class='ocrx_word' id='word_1_376' title='bbox 721 4116 1016 4171; x_wconf 88' lang='lat' dir='ltr'><strong>creaturis?</strong></span> <span class='ocrx_word' id='word_1_377' title='bbox 1044 4115 1146 4169; x_wconf 86' lang='lat' dir='ltr'><strong>Per</strong></span> <span class='ocrx_word' id='word_1_378' title='bbox 1171 4129 1325 4183; x_wconf 91' lang='lat' dir='ltr'><strong>quem</strong></span> <span class='ocrx_word' id='word_1_379' title='bbox 1348 4112 1517 4167; x_wconf 88' lang='lat' dir='ltr'><strong>factus</strong></span> <span class='ocrx_word' id='word_1_380' title='bbox 1539 4122 1621 4166; x_wconf 92' lang='lat' dir='ltr'><strong>est</strong></span> <span class='ocrx_word' id='word_1_381' title='bbox 1640 4111 1860 4180; x_wconf 83' lang='lat' dir='ltr'><strong>angelus</strong></span> <span class='ocrx_word' id='word_1_382' title='bbox 1884 4150 1900 4177; x_wconf 92' lang='lat'><strong>,</strong></span> 
     </span>
    </p>
   </div>
   <div class='ocr_carea' id='block_1_43' title="bbox 312 4203 1900 4281">
    <p class='ocr_par' dir='ltr' id='par_1_43' title="bbox 312 4203 1900 4281">
     <span class='ocr_line' id='line_1_43' title="bbox 312 4203 1900 4281; baseline -0.008 -14"><span class='ocrx_word' id='word_1_383' title='bbox 312 4224 416 4281; x_wconf 85' lang='lat' dir='ltr'><strong>per</strong></span> <span class='ocrx_word' id='word_1_384' title='bbox 456 4211 628 4280; x_wconf 89' lang='lat' dir='ltr'><strong>ipsum</strong></span> <span class='ocrx_word' id='word_1_385' title='bbox 654 4208 823 4264; x_wconf 83' lang='lat' dir='ltr'><strong>factus</strong></span> <span class='ocrx_word' id='word_1_386' title='bbox 851 4216 933 4262; x_wconf 91' lang='lat' dir='ltr'><strong>est</strong></span> <span class='ocrx_word' id='word_1_387' title='bbox 970 4216 1025 4262; x_wconf 88' lang='lat' dir='ltr'><strong>et</strong></span> <span class='ocrx_word' id='word_1_388' title='bbox 1053 4205 1412 4260; x_wconf 84' lang='lat' dir='ltr'><strong>vermiculus:</strong></span> <span class='ocrx_word' id='word_1_389' title='bbox 1443 4203 1536 4258; x_wconf 91' lang='lat' dir='ltr'><strong>sed</strong></span> <span class='ocrx_word' id='word_1_390' title='bbox 1574 4203 1793 4273; x_wconf 86' lang='lat' dir='ltr'><strong>angelus</strong></span> <span class='ocrx_word' id='word_1_391' title='bbox 1818 4203 1900 4256; x_wconf 89' lang='lat' dir='ltr'><strong>di-</strong></span> 
     </span>
    </p>
   </div>
   <div class='ocr_carea' id='block_1_44' title="bbox 313 4295 1906 4375">
    <p class='ocr_par' dir='ltr' id='par_1_44' title="bbox 313 4295 1906 4375">
     <span class='ocr_line' id='line_1_44' title="bbox 313 4295 1906 4375; baseline -0.004 -20"><span class='ocrx_word' id='word_1_392' title='bbox 313 4320 454 4375; x_wconf 86' lang='lat' dir='ltr'><strong>gnus</strong></span> <span class='ocrx_word' id='word_1_393' title='bbox 481 4304 646 4370; x_wconf 62' lang='lat' dir='ltr'><strong>caelo,</strong></span> <span class='ocrx_word' id='word_1_394' title='bbox 674 4301 994 4356; x_wconf 78' lang='lat' dir='ltr'><strong>vermiCulus</strong></span> <span class='ocrx_word' id='word_1_395' title='bbox 1015 4309 1175 4353; x_wconf 88' lang='lat' dir='ltr'><strong>terra.</strong></span> <span class='ocrx_word' id='word_1_396' title='bbox 1204 4297 1303 4364; x_wconf 85' lang='lat' dir='ltr'><strong>Qui</strong></span> <span class='ocrx_word' id='word_1_397' title='bbox 1332 4296 1563 4360; x_wconf 90' lang='lat' dir='ltr'><strong>creavit,</strong></span> <span class='ocrx_word' id='word_1_398' title='bbox 1589 4297 1701 4363; x_wconf 90' lang='lat' dir='ltr'><strong>ipse</strong></span> <span class='ocrx_word' id='word_1_399' title='bbox 1725 4295 1906 4364; x_wconf 81' lang='lat' dir='ltr'><strong>dispo-</strong></span> 
     </span>
    </p>
   </div>
   <div class='ocr_carea' id='block_1_45' title="bbox 312 4386 1901 4466">
    <p class='ocr_par' dir='ltr' id='par_1_45' title="bbox 312 4386 1901 4466">
     <span class='ocr_line' id='line_1_45' title="bbox 312 4386 1901 4466; baseline -0.008 -14"><span class='ocrx_word' id='word_1_400' title='bbox 312 4398 446 4453; x_wconf 84' lang='lat' dir='ltr'><strong>suit.</strong></span> <span class='ocrx_word' id='word_1_401' title='bbox 472 4396 529 4450; x_wconf 86' lang='lat' dir='ltr'><strong>Si</strong></span> <span class='ocrx_word' id='word_1_402' title='bbox 551 4403 774 4466; x_wconf 89' lang='lat' dir='ltr'><strong>poneret</strong></span> <span class='ocrx_word' id='word_1_403' title='bbox 798 4392 1145 4447; x_wconf 82' lang='lat' dir='ltr'><strong>vermiculum</strong></span> <span class='ocrx_word' id='word_1_404' title='bbox 1166 4390 1218 4444; x_wconf 91' lang='lat' dir='ltr'><strong>in</strong></span> <span class='ocrx_word' id='word_1_405' title='bbox 1245 4389 1413 4453; x_wconf 64' lang='lat' dir='ltr'><strong>caelo,</strong></span> <span class='ocrx_word' id='word_1_406' title='bbox 1445 4386 1901 4455; x_wconf 88' lang='lat' dir='ltr'><strong>reprehenderes;</strong></span> 
     </span>
    </p>
   </div>
   <div class='ocr_carea' id='block_1_46' title="bbox 314 4479 1904 4557">
    <p class='ocr_par' dir='ltr' id='par_1_46' title="bbox 314 4479 1904 4557">
     <span class='ocr_line' id='line_1_46' title="bbox 314 4479 1904 4557; baseline -0.009 -12"><span class='ocrx_word' id='word_1_407' title='bbox 314 4490 365 4545; x_wconf 80' lang='lat' dir='ltr'><strong>si</strong></span> <span class='ocrx_word' id='word_1_408' title='bbox 391 4489 553 4544; x_wconf 78' lang='lat' dir='ltr'><strong>vellet</strong></span> <span class='ocrx_word' id='word_1_409' title='bbox 576 4486 809 4557; x_wconf 83' lang='lat' dir='ltr'><strong>Angelos</strong></span> <span class='ocrx_word' id='word_1_410' title='bbox 834 4484 977 4539; x_wconf 88' lang='lat' dir='ltr'><strong>nasci</strong></span> <span class='ocrx_word' id='word_1_411' title='bbox 995 4484 1061 4538; x_wconf 89' lang='lat' dir='ltr'><strong>de</strong></span> <span class='ocrx_word' id='word_1_412' title='bbox 1082 4479 1506 4551; x_wconf 89' lang='lat' dir='ltr'><strong>putrescentibus</strong></span> <span class='ocrx_word' id='word_1_413' title='bbox 1526 4479 1793 4541; x_wconf 88' lang='lat' dir='ltr'><strong>carnibus,</strong></span> <span class='ocrx_word' id='word_1_414' title='bbox 1825 4493 1904 4531; x_wconf 82' lang='lat' dir='ltr'><strong>re-</strong></span> 
     </span>
    </p>
   </div>
   <div class='ocr_carea' id='block_1_47' title="bbox 315 4571 1903 4651">
    <p class='ocr_par' dir='ltr' id='par_1_47' title="bbox 315 4571 1903 4651">
     <span class='ocr_line' id='line_1_47' title="bbox 315 4571 1903 4651; baseline -0.009 -14"><span class='ocrx_word' id='word_1_415' title='bbox 315 4580 712 4651; x_wconf 82' lang='lat' dir='ltr'><strong>prehenderes:</strong></span> <span class='ocrx_word' id='word_1_416' title='bbox 756 4586 810 4632; x_wconf 89' lang='lat' dir='ltr'><strong>et</strong></span> <span class='ocrx_word' id='word_1_417' title='bbox 841 4586 1014 4630; x_wconf 85' lang='lat' dir='ltr'><strong>tamen</strong></span> <span class='ocrx_word' id='word_1_418' title='bbox 1043 4588 1207 4644; x_wconf 89' lang='lat' dir='ltr'><strong>prope</strong></span> <span class='ocrx_word' id='word_1_419' title='bbox 1235 4572 1336 4625; x_wconf 88' lang='lat' dir='ltr'><strong>hoc</strong></span> <span class='ocrx_word' id='word_1_420' title='bbox 1366 4571 1489 4625; x_wconf 85' lang='lat' dir='ltr'><strong>facit</strong></span> <span class='ocrx_word' id='word_1_421' title='bbox 1516 4572 1654 4626; x_wconf 86' lang='lat' dir='ltr'><strong>Deus</strong></span> <span class='ocrx_word' id='word_1_422' title='bbox 1675 4612 1688 4631; x_wconf 87' lang='lat'><strong>,</strong></span> <span class='ocrx_word' id='word_1_423' title='bbox 1719 4578 1772 4624; x_wconf 90' lang='lat' dir='ltr'><strong>et</strong></span> <span class='ocrx_word' id='word_1_424' title='bbox 1796 4585 1903 4623; x_wconf 89' lang='lat' dir='ltr'><strong>non</strong></span> 
     </span>
    </p>
   </div>
   <div class='ocr_carea' id='block_1_48' title="bbox 314 4662 1904 4741">
    <p class='ocr_par' dir='ltr' id='par_1_48' title="bbox 314 4662 1904 4741">
     <span class='ocr_line' id='line_1_48' title="bbox 314 4662 1904 4741; baseline -0.008 -13"><span class='ocrx_word' id='word_1_425' title='bbox 314 4681 402 4728; x_wconf 73' lang='lat' dir='ltr'><strong>cst</strong></span> <span class='ocrx_word' id='word_1_426' title='bbox 430 4668 919 4741; x_wconf 89' lang='lat' dir='ltr'><strong>reprehendendus.</strong></span> <span class='ocrx_word' id='word_1_427' title='bbox 968 4666 1098 4721; x_wconf 82' lang='lat' dir='ltr'><strong>Nam</strong></span> <span class='ocrx_word' id='word_1_428' title='bbox 1128 4679 1314 4718; x_wconf 90' lang='lat' dir='ltr'><strong>omnes</strong></span> <span class='ocrx_word' id='word_1_429' title='bbox 1346 4663 1591 4716; x_wconf 89' lang='lat' dir='ltr'><strong>homines</strong></span> <span class='ocrx_word' id='word_1_430' title='bbox 1632 4662 1697 4715; x_wconf 88' lang='lat' dir='ltr'><strong>de</strong></span> <span class='ocrx_word' id='word_1_431' title='bbox 1744 4668 1904 4715; x_wconf 84' lang='lat' dir='ltr'><strong>carne</strong></span> 
     </span>
    </p>
   </div>
   <div class='ocr_carea' id='block_1_49' title="bbox 314 4752 1904 4832">
    <p class='ocr_par' dir='ltr' id='par_1_49' title="bbox 314 4752 1904 4832">
     <span class='ocr_line' id='line_1_49' title="bbox 314 4752 1904 4832; baseline -0.01 -12"><span class='ocrx_word' id='word_1_432' title='bbox 314 4773 632 4827; x_wconf 85' lang='lat' dir='ltr'><strong>nascentes,</strong></span> <span class='ocrx_word' id='word_1_433' title='bbox 681 4760 808 4832; x_wconf 88' lang='lat' dir='ltr'><strong>quid</strong></span> <span class='ocrx_word' id='word_1_434' title='bbox 853 4768 975 4814; x_wconf 91' lang='lat' dir='ltr'><strong>sunt</strong></span> <span class='ocrx_word' id='word_1_435' title='bbox 1009 4759 1109 4812; x_wconf 88' lang='lat' dir='ltr'><strong>nisi</strong></span> <span class='ocrx_word' id='word_1_436' title='bbox 1148 4756 1398 4811; x_wconf 86' lang='lat' dir='ltr'><strong>vermes?</strong></span> <span class='ocrx_word' id='word_1_437' title='bbox 1442 4763 1496 4808; x_wconf 88' lang='lat' dir='ltr'><strong>et</strong></span> <span class='ocrx_word' id='word_1_438' title='bbox 1538 4753 1605 4807; x_wconf 85' lang='lat' dir='ltr'><strong>de</strong></span> <span class='ocrx_word' id='word_1_439' title='bbox 1635 4752 1904 4805; x_wconf 81' lang='lat' dir='ltr'><strong>vermibhs</strong></span> 
     </span>
    </p>
   </div>
   <div class='ocr_carea' id='block_1_50' title="bbox 315 4843 1904 4925">
    <p class='ocr_par' dir='ltr' id='par_1_50' title="bbox 315 4843 1904 4925">
     <span class='ocr_line' id='line_1_50' title="bbox 315 4843 1904 4925; baseline -0.01 -16"><span class='ocrx_word' id='word_1_440' title='bbox 315 4855 554 4925; x_wconf 78' lang='lat' dir='ltr'><strong>Angelos</strong></span> <span class='ocrx_word' id='word_1_441' title='bbox 592 4853 734 4907; x_wconf 86' lang='lat' dir='ltr'><strong>facit.</strong></span> <span class='ocrx_word' id='word_1_442' title='bbox 764 4852 819 4907; x_wconf 92' lang='lat' dir='ltr'><strong>Si</strong></span> <span class='ocrx_word' id='word_1_443' title='bbox 846 4850 989 4904; x_wconf 91' lang='lat' dir='ltr'><strong>enim</strong></span> <span class='ocrx_word' id='word_1_444' title='bbox 1030 4850 1142 4918; x_wconf 85' lang='lat' dir='ltr'><strong>ipse</strong></span> <span class='ocrx_word' id='word_1_445' title='bbox 1180 4846 1434 4899; x_wconf 90' lang='lat' dir='ltr'><strong>Dominus</strong></span> <span class='ocrx_word' id='word_1_446' title='bbox 1480 4844 1639 4906; x_wconf 85' lang='lat' dir='ltr'><strong>dicit,</strong></span> <span class='ocrx_word' id='word_1_447' title='bbox 1676 4843 1785 4912; x_wconf 85' lang='lat' dir='ltr'><strong>Ego</strong></span> <span class='ocrx_word' id='word_1_448' title='bbox 1811 4859 1904 4893; x_wconf 85' lang='lat' dir='ltr'><strong>au-</strong></span> 
     </span>
    </p>
   </div>
   <div class='ocr_carea' id='block_1_51' title="bbox 316 4932 1903 5007">
    <p class='ocr_par' dir='ltr' id='par_1_51' title="bbox 316 4932 1903 5007">
     <span class='ocr_line' id='line_1_51' title="bbox 316 4932 1903 5007; baseline -0.009 -6"><span class='ocrx_word' id='word_1_449' title='bbox 316 4958 420 5001; x_wconf 87' lang='lat' dir='ltr'><strong>tem</strong></span> <span class='ocrx_word' id='word_1_450' title='bbox 462 4962 574 4999; x_wconf 77' lang='lat' dir='ltr'><strong>sum</strong></span> <span class='ocrx_word' id='word_1_451' title='bbox 613 4944 823 5007; x_wconf 79' lang='lat' dir='ltr'><strong>vermis,</strong></span> <span class='ocrx_word' id='word_1_452' title='bbox 869 4950 913 4994; x_wconf 89' lang='lat' dir='ltr'><strong>et</strong></span> <span class='ocrx_word' id='word_1_453' title='bbox 963 4956 1061 4992; x_wconf 87' lang='lat' dir='ltr'><strong>non</strong></span> <span class='ocrx_word' id='word_1_454' title='bbox 1105 4939 1252 4991; x_wconf 77' lang='lat' dir='ltr'><strong>homo</strong></span> <span class='ocrx_word' id='word_1_455' title='bbox 1299 4934 1466 5007; x_wconf 82' lang='lat' dir='ltr'><strong>(Psal.</strong></span> <span class='ocrx_word' id='word_1_456' title='bbox 1514 4951 1637 5000; x_wconf 66' lang='lat' dir='ltr'><strong>xm,</strong></span> <span class='ocrx_word' id='word_1_457' title='bbox 1666 4932 1755 5004; x_wconf 85' lang='lat'><strong>7);</strong></span> <span class='ocrx_word' id='word_1_458' title='bbox 1786 4933 1903 5002; x_wconf 92' lang='lat' dir='ltr'><strong>quis</strong></span> 
     </span>
    </p>
   </div>
   <div class='ocr_carea' id='block_1_52' title="bbox 314 5026 1903 5103">
    <p class='ocr_par' dir='ltr' id='par_1_52' title="bbox 314 5026 1903 5103">
     <span class='ocr_line' id='line_1_52' title="bbox 314 5026 1903 5103; baseline -0.011 -10"><span class='ocrx_word' id='word_1_459' title='bbox 314 5034 527 5093; x_wconf 80' lang='lat' dir='ltr'><strong>dubitat</strong></span> <span class='ocrx_word' id='word_1_460' title='bbox 550 5037 650 5090; x_wconf 85' lang='lat' dir='ltr'><strong>hoc</strong></span> <span class='ocrx_word' id='word_1_461' title='bbox 671 5034 848 5089; x_wconf 87' lang='lat' dir='ltr'><strong>dicere</strong></span> <span class='ocrx_word' id='word_1_462' title='bbox 868 5031 1007 5103; x_wconf 90' lang='lat' dir='ltr'><strong>quod</strong></span> <span class='ocrx_word' id='word_1_463' title='bbox 1028 5033 1280 5099; x_wconf 86' lang='lat' dir='ltr'><strong>scriptum</strong></span> <span class='ocrx_word' id='word_1_464' title='bbox 1302 5036 1457 5083; x_wconf 90' lang='lat' dir='ltr'><strong>estet</strong></span> <span class='ocrx_word' id='word_1_465' title='bbox 1479 5028 1529 5080; x_wconf 89' lang='lat' dir='ltr'><strong>in</strong></span> <span class='ocrx_word' id='word_1_466' title='bbox 1558 5026 1678 5088; x_wconf 81' lang='lat' dir='ltr'><strong>Job,</strong></span> <span class='ocrx_word' id='word_1_467' title='bbox 1703 5026 1903 5090; x_wconf 88' lang='lat' dir='ltr'><strong>Quanto</strong></span> 
     </span>
    </p>
   </div>
   <div class='ocr_carea' id='block_1_53' title="bbox 314 5112 1901 5201">
    <p class='ocr_par' dir='ltr' id='par_1_53' title="bbox 314 5112 1901 5201">
     <span class='ocr_line' id='line_1_53' title="bbox 314 5112 1901 5201; baseline -0.009 -17"><span class='ocrx_word' id='word_1_468' title='bbox 314 5130 483 5201; x_wconf 77' lang='lat' dir='ltr'><strong>magis</strong></span> <span class='ocrx_word' id='word_1_469' title='bbox 521 5130 669 5182; x_wconf 79' lang='lat' dir='ltr'><strong>homo</strong></span> <span class='ocrx_word' id='word_1_470' title='bbox 712 5120 956 5197; x_wconf 82' lang='lat' dir='ltr'><strong>putredo,</strong></span> <span class='ocrx_word' id='word_1_471' title='bbox 999 5134 1045 5177; x_wconf 89' lang='lat' dir='ltr'><strong>et</strong></span> <span class='ocrx_word' id='word_1_472' title='bbox 1094 5124 1232 5192; x_wconf 81' lang='lat' dir='ltr'><strong>ﬁlius</strong></span> <span class='ocrx_word' id='word_1_473' title='bbox 1280 5121 1494 5174; x_wconf 83' lang='lat' dir='ltr'><strong>hominis</strong></span> <span class='ocrx_word' id='word_1_474' title='bbox 1532 5112 1710 5172; x_wconf 76' lang='lat' dir='ltr'><strong>vermis</strong></span> <span class='ocrx_word' id='word_1_475' title='bbox 1763 5117 1901 5188; x_wconf 79' lang='lat' dir='ltr'><strong>(Job</strong></span> 
     </span>
    </p>
   </div>
   <div class='ocr_carea' id='block_1_54' title="bbox 314 5210 1903 5289">
    <p class='ocr_par' dir='ltr' id='par_1_54' title="bbox 314 5210 1903 5289">
     <span class='ocr_line' id='line_1_54' title="bbox 314 5210 1903 5289; baseline -0.007 -14"><span class='ocrx_word' id='word_1_476' title='bbox 314 5236 426 5275; x_wconf 77' lang='lat' dir='ltr'><strong>xxv</strong></span> <span class='ocrx_word' id='word_1_477' title='bbox 446 5260 464 5285; x_wconf 86' lang='lat'><strong>,</strong></span> <span class='ocrx_word' id='word_1_478' title='bbox 487 5220 540 5289; x_wconf 89' lang='lat'><strong>6)</strong></span> <span class='ocrx_word' id='word_1_479' title='bbox 564 5218 588 5272; x_wconf 83' lang='lat'><strong>?</strong></span> <span class='ocrx_word' id='word_1_480' title='bbox 611 5216 791 5273; x_wconf 88' lang='lat' dir='ltr'><strong>Primo</strong></span> <span class='ocrx_word' id='word_1_481' title='bbox 816 5212 976 5279; x_wconf 87' lang='lat' dir='ltr'><strong>dixit,</strong></span> <span class='ocrx_word' id='word_1_482' title='bbox 1008 5217 1156 5268; x_wconf 83' lang='lat' dir='ltr'><strong>homo</strong></span> <span class='ocrx_word' id='word_1_483' title='bbox 1190 5213 1437 5283; x_wconf 82' lang='lat' dir='ltr'><strong>putredo;</strong></span> <span class='ocrx_word' id='word_1_484' title='bbox 1464 5220 1516 5266; x_wconf 89' lang='lat' dir='ltr'><strong>et</strong></span> <span class='ocrx_word' id='word_1_485' title='bbox 1536 5220 1740 5280; x_wconf 88' lang='lat' dir='ltr'><strong>postea,</strong></span> <span class='ocrx_word' id='word_1_486' title='bbox 1765 5210 1903 5281; x_wconf 78' lang='lat' dir='ltr'><strong>ﬁlius</strong></span> 
     </span>
    </p>
   </div>
   <div class='ocr_carea' id='block_1_55' title="bbox 212 5302 1902 5381">
    <p class='ocr_par' dir='ltr' id='par_1_55' title="bbox 212 5302 1902 5381">
     <span class='ocr_line' id='line_1_55' title="bbox 212 5302 1902 5381; baseline -0.007 -16"><span class='ocrx_word' id='word_1_487' title='bbox 212 5372 231 5381; x_wconf 47' lang='grc' dir='ltr'><strong><em>ο</em></strong></span> <span class='ocrx_word' id='word_1_488' title='bbox 318 5311 541 5366; x_wconf 80' lang='lat' dir='ltr'><strong>hominis</strong></span> <span class='ocrx_word' id='word_1_489' title='bbox 569 5309 785 5364; x_wconf 85' lang='lat' dir='ltr'><strong>vermis:</strong></span> <span class='ocrx_word' id='word_1_490' title='bbox 828 5308 949 5379; x_wconf 91' lang='lat' dir='ltr'><strong>quia</strong></span> <span class='ocrx_word' id='word_1_491' title='bbox 992 5305 1190 5361; x_wconf 81' lang='lat' dir='ltr'><strong>vermis</strong></span> <span class='ocrx_word' id='word_1_492' title='bbox 1219 5303 1285 5358; x_wconf 88' lang='lat' dir='ltr'><strong>de</strong></span> <span class='ocrx_word' id='word_1_493' title='bbox 1328 5302 1604 5372; x_wconf 90' lang='lat' dir='ltr'><strong>putredine</strong></span> <span class='ocrx_word' id='word_1_494' title='bbox 1631 5302 1902 5368; x_wconf 90' lang='lat' dir='ltr'><strong>nascitur,</strong></span> 
     </span>
    </p>
   </div>
   <div class='ocr_carea' id='block_1_56' title="bbox 315 5390 1903 5469">
    <p class='ocr_par' dir='ltr' id='par_1_56' title="bbox 315 5390 1903 5469">
     <span class='ocr_line' id='line_1_56' title="bbox 315 5390 1903 5469; baseline -0.008 -10"><span class='ocrx_word' id='word_1_495' title='bbox 315 5402 443 5459; x_wconf 82' lang='lat' dir='ltr'><strong>ideo</strong></span> <span class='ocrx_word' id='word_1_496' title='bbox 472 5405 619 5454; x_wconf 89' lang='lat' dir='ltr'><strong>homo</strong></span> <span class='ocrx_word' id='word_1_497' title='bbox 645 5399 877 5469; x_wconf 85' lang='lat' dir='ltr'><strong>putredo,</strong></span> <span class='ocrx_word' id='word_1_498' title='bbox 905 5404 960 5452; x_wconf 92' lang='lat' dir='ltr'><strong>et</strong></span> <span class='ocrx_word' id='word_1_499' title='bbox 983 5397 1120 5466; x_wconf 82' lang='lat' dir='ltr'><strong>[ilius</strong></span> <span class='ocrx_word' id='word_1_500' title='bbox 1148 5394 1362 5447; x_wconf 78' lang='lat' dir='ltr'><strong>hominis</strong></span> <span class='ocrx_word' id='word_1_501' title='bbox 1387 5394 1584 5447; x_wconf 86' lang='lat' dir='ltr'><strong>vermis.</strong></span> <span class='ocrx_word' id='word_1_502' title='bbox 1616 5393 1754 5447; x_wconf 84' lang='lat' dir='ltr'><strong>Ecce</strong></span> <span class='ocrx_word' id='word_1_503' title='bbox 1777 5390 1903 5462; x_wconf 88' lang='lat' dir='ltr'><strong>quid</strong></span> 
     </span>
    </p>
   </div>
   <div class='ocr_carea' id='block_1_57' title="bbox 320 5483 1903 5563">
    <p class='ocr_par' dir='ltr' id='par_1_57' title="bbox 320 5483 1903 5563">
     <span class='ocr_line' id='line_1_57' title="bbox 320 5483 1903 5563; baseline -0.008 -12"><span class='ocrx_word' id='word_1_504' title='bbox 320 5496 439 5552; x_wconf 81' lang='lat' dir='ltr'><strong>fieri</strong></span> <span class='ocrx_word' id='word_1_505' title='bbox 485 5494 655 5548; x_wconf 77' lang='lat' dir='ltr'><strong>voluit</strong></span> <span class='ocrx_word' id='word_1_506' title='bbox 698 5500 915 5563; x_wconf 89' lang='lat' dir='ltr'><strong>propter</strong></span> <span class='ocrx_word' id='word_1_507' title='bbox 961 5499 1043 5551; x_wconf 90' lang='lat' dir='ltr'><strong>te,</strong></span> <span class='ocrx_word' id='word_1_508' title='bbox 1076 5487 1204 5542; x_wconf 91' lang='lat' dir='ltr'><strong>illud</strong></span> <span class='ocrx_word' id='word_1_509' title='bbox 1245 5486 1383 5556; x_wconf 89' lang='lat' dir='ltr'><strong>quod</strong></span> <span class='ocrx_word' id='word_1_510' title='bbox 1423 5486 1476 5538; x_wconf 88' lang='lat' dir='ltr'><strong>in</strong></span> <span class='ocrx_word' id='word_1_511' title='bbox 1507 5483 1752 5555; x_wconf 82' lang='lat' dir='ltr'><strong>principio</strong></span> <span class='ocrx_word' id='word_1_512' title='bbox 1798 5493 1903 5538; x_wconf 88' lang='lat' dir='ltr'><strong>erat</strong></span> 
     </span>
    </p>
   </div>
   <div class='ocr_carea' id='block_1_58' title="bbox 325 5574 1903 5655">
    <p class='ocr_par' dir='ltr' id='par_1_58' title="bbox 325 5574 1903 5655">
     <span class='ocr_line' id='line_1_58' title="bbox 325 5574 1903 5655; baseline -0.006 -15"><span class='ocrx_word' id='word_1_513' title='bbox 325 5586 570 5655; x_wconf 77' lang='lat' dir='ltr'><strong>Verbum,</strong></span> <span class='ocrx_word' id='word_1_514' title='bbox 591 5596 637 5641; x_wconf 88' lang='lat' dir='ltr'><strong>et</strong></span> <span class='ocrx_word' id='word_1_515' title='bbox 668 5583 885 5640; x_wconf 82' lang='lat' dir='ltr'><strong>Verbum</strong></span> <span class='ocrx_word' id='word_1_516' title='bbox 905 5590 1012 5637; x_wconf 85' lang='lat' dir='ltr'><strong>erat</strong></span> <span class='ocrx_word' id='word_1_517' title='bbox 1032 5581 1171 5652; x_wconf 84' lang='lat' dir='ltr'><strong>apud</strong></span> <span class='ocrx_word' id='word_1_518' title='bbox 1196 5578 1388 5647; x_wconf 89' lang='lat' dir='ltr'><strong>Deum,</strong></span> <span class='ocrx_word' id='word_1_519' title='bbox 1417 5586 1460 5632; x_wconf 86' lang='lat' dir='ltr'><strong>et</strong></span> <span class='ocrx_word' id='word_1_520' title='bbox 1482 5574 1618 5633; x_wconf 82' lang='lat' dir='ltr'><strong>Deus</strong></span> <span class='ocrx_word' id='word_1_521' title='bbox 1642 5585 1748 5632; x_wconf 84' lang='lat' dir='ltr'><strong>erat</strong></span> <span class='ocrx_word' id='word_1_522' title='bbox 1782 5576 1903 5631; x_wconf 80' lang='lat' dir='ltr'><strong>Ver-</strong></span> 
     </span>
    </p>
   </div>
   <div class='ocr_carea' id='block_1_59' title="bbox 386 5752 1591 5823">
    <p class='ocr_par' dir='ltr' id='par_1_59' title="bbox 386 5752 1591 5823">
     <span class='ocr_line' id='line_1_59' title="bbox 386 5752 1591 5823; baseline -0.007 -11"><span class='ocrx_word' id='word_1_523' title='bbox 386 5761 404 5793; x_wconf 80' lang='grc'>¹</span> <span class='ocrx_word' id='word_1_524' title='bbox 419 5762 502 5812; x_wconf 74' lang='lat' dir='ltr'><strong>me</strong></span> <span class='ocrx_word' id='word_1_525' title='bbox 521 5760 572 5811; x_wconf 89' lang='lat' dir='ltr'><strong>in</strong></span> <span class='ocrx_word' id='word_1_526' title='bbox 589 5758 839 5823; x_wconf 87' lang='lat' dir='ltr'><strong>plerisque</strong></span> <span class='ocrx_word' id='word_1_527' title='bbox 859 5764 965 5807; x_wconf 71' lang='lat' dir='ltr'><strong>uss.</strong></span> <span class='ocrx_word' id='word_1_528' title='bbox 1000 5770 1097 5806; x_wconf 90' lang='lat' dir='ltr'><strong>non</strong></span> <span class='ocrx_word' id='word_1_529' title='bbox 1122 5762 1198 5806; x_wconf 85' lang='lat' dir='ltr'><strong>est</strong></span> <span class='ocrx_word' id='word_1_530' title='bbox 1220 5755 1508 5818; x_wconf 48' lang='lat' dir='ltr'><strong>pratpositio,</strong></span> <span class='ocrx_word' id='word_1_531' title='bbox 1524 5752 1591 5804; x_wconf 80' lang='lat' dir='ltr'><strong>in.</strong></span> 
     </span>
    </p>
   </div>
   <div class='ocr_carea' id='block_1_60' title="bbox 598 5838 1328 5904">
    <p class='ocr_par' dir='ltr' id='par_1_60' title="bbox 598 5838 1328 5904">
     <span class='ocr_line' id='line_1_60' title="bbox 598 5838 1328 5904; baseline -0.01 0"><span class='ocrx_word' id='word_1_532' title='bbox 598 5842 851 5904; x_wconf 63' lang='lat' dir='ltr'><strong>Sacr.</strong></span> <span class='ocrx_word' id='word_1_533' title='bbox 898 5840 1173 5901; x_wconf 79' lang='lat' dir='ltr'><strong>Auoosr.</strong></span> <span class='ocrx_word' id='word_1_534' title='bbox 1220 5838 1328 5900; x_wconf 68' lang='grc' dir='ltr'>ΙΙΙ.</span> 
     </span>
    </p>
   </div>
   <div class='ocr_carea' id='block_1_61' title="bbox 1574 305 2403 417">
    <p class='ocr_par' dir='ltr' id='par_1_61' title="bbox 1574 305 2403 417">
     <span class='ocr_line' id='line_1_61' title="bbox 1574 305 2403 417; baseline 0.005 -20"><span class='ocrx_word' id='word_1_535' title='bbox 1574 305 1982 399; x_wconf 68' lang='grc' dir='ltr'><strong>ΤΒΑΟΤΑΤΪῑδ</strong></span> <span class='ocrx_word' id='word_1_536' title='bbox 2018 342 2059 398; x_wconf 90' lang='lat' dir='ltr'><strong>l.</strong></span> <span class='ocrx_word' id='word_1_537' title='bbox 2099 342 2324 417; x_wconf 75' lang='lat' dir='ltr'><strong>CAPUT</strong></span> <span class='ocrx_word' id='word_1_538' title='bbox 2361 346 2403 402; x_wconf 83' lang='grc' dir='ltr'><strong>ι.</strong></span> 
     </span>
    </p>
   </div>
   <div class='ocr_carea' id='block_1_62' title="bbox 3431 356 3570 414">
    <p class='ocr_par' dir='ltr' id='par_1_62' title="bbox 3431 356 3570 414">
     <span class='ocr_line' id='line_1_62' title="bbox 3431 356 3570 414; baseline 0.029 -3"><span class='ocrx_word' id='word_1_539' title='bbox 3431 356 3570 414; x_wconf 72' lang='grc'><strong>1586</strong></span> 
     </span>
    </p>
   </div>
   <div class='ocr_carea' id='block_1_63' title="bbox 1998 455 3567 541">
    <p class='ocr_par' dir='ltr' id='par_1_63' title="bbox 1998 455 3567 541">
     <span class='ocr_line' id='line_1_63' title="bbox 1998 455 3567 541; baseline 0.011 -32"><span class='ocrx_word' id='word_1_540' title='bbox 1998 455 2135 510; x_wconf 86' lang='lat' dir='ltr'><strong>bum.</strong></span> <span class='ocrx_word' id='word_1_541' title='bbox 2161 457 2337 524; x_wconf 90' lang='lat' dir='ltr'><strong>Quare</strong></span> <span class='ocrx_word' id='word_1_542' title='bbox 2364 459 2465 516; x_wconf 84' lang='lat' dir='ltr'><strong>hoc</strong></span> <span class='ocrx_word' id='word_1_543' title='bbox 2493 460 2687 517; x_wconf 68' lang='lat' dir='ltr'><strong>fautum</strong></span> <span class='ocrx_word' id='word_1_544' title='bbox 2727 473 2810 519; x_wconf 90' lang='lat' dir='ltr'><strong>est</strong></span> <span class='ocrx_word' id='word_1_545' title='bbox 2833 474 3051 536; x_wconf 88' lang='lat' dir='ltr'><strong>propter</strong></span> <span class='ocrx_word' id='word_1_546' title='bbox 3084 467 3178 523; x_wconf 84' lang='lat' dir='ltr'><strong>te?</strong></span> <span class='ocrx_word' id='word_1_547' title='bbox 3222 469 3290 527; x_wconf 90' lang='lat' dir='ltr'><strong>Ut</strong></span> <span class='ocrx_word' id='word_1_548' title='bbox 3316 484 3531 541; x_wconf 63' lang='lat' dir='ltr'><strong>augeres</strong></span> <span class='ocrx_word' id='word_1_549' title='bbox 3549 516 3567 538; x_wconf 86' lang='lat'><strong>,</strong></span> 
     </span>
    </p>
   </div>
   <div class='ocr_carea' id='block_1_64' title="bbox 1994 548 3568 633">
    <p class='ocr_par' dir='ltr' id='par_1_64' title="bbox 1994 548 3568 633">
     <span class='ocr_line' id='line_1_64' title="bbox 1994 548 3568 633; baseline 0.013 -34"><span class='ocrx_word' id='word_1_550' title='bbox 1994 548 2083 617; x_wconf 90' lang='lat' dir='ltr'><strong>qui</strong></span> <span class='ocrx_word' id='word_1_551' title='bbox 2111 550 2426 607; x_wconf 86' lang='lat' dir='ltr'><strong>manducare</strong></span> <span class='ocrx_word' id='word_1_552' title='bbox 2469 567 2573 608; x_wconf 90' lang='lat' dir='ltr'><strong>non</strong></span> <span class='ocrx_word' id='word_1_553' title='bbox 2613 565 2842 623; x_wconf 87' lang='lat' dir='ltr'><strong>poteras.</strong></span> <span class='ocrx_word' id='word_1_554' title='bbox 2878 558 3106 613; x_wconf 86' lang='lat' dir='ltr'><strong>Omnino</strong></span> <span class='ocrx_word' id='word_1_555' title='bbox 3135 575 3261 629; x_wconf 85' lang='lat' dir='ltr'><strong>ergo</strong></span> <span class='ocrx_word' id='word_1_556' title='bbox 3282 603 3295 625; x_wconf 92' lang='lat'><strong>,</strong></span> <span class='ocrx_word' id='word_1_557' title='bbox 3338 562 3528 619; x_wconf 86' lang='lat' dir='ltr'><strong>fratres</strong></span> <span class='ocrx_word' id='word_1_558' title='bbox 3548 606 3568 633; x_wconf 94' lang='lat'><strong>,</strong></span> 
     </span>
    </p>
   </div>
   <div class='ocr_carea' id='block_1_65' title="bbox 1995 640 3571 727">
    <p class='ocr_par' dir='ltr' id='par_1_65' title="bbox 1995 640 3571 727">
     <span class='ocr_line' id='line_1_65' title="bbox 1995 640 3571 727; baseline 0.013 -35"><span class='ocrx_word' id='word_1_559' title='bbox 1995 640 2073 693; x_wconf 92' lang='lat' dir='ltr'><strong>sic</strong></span> <span class='ocrx_word' id='word_1_560' title='bbox 2115 641 2336 710; x_wconf 90' lang='lat' dir='ltr'><strong>accipite</strong></span> <span class='ocrx_word' id='word_1_561' title='bbox 2356 685 2371 708; x_wconf 96' lang='lat'><strong>,</strong></span> <span class='ocrx_word' id='word_1_562' title='bbox 2403 644 2585 699; x_wconf 81' lang='lat' dir='ltr'><strong>Omnia</strong></span> <span class='ocrx_word' id='word_1_563' title='bbox 2617 663 2703 713; x_wconf 86' lang='lat' dir='ltr'><strong>per</strong></span> <span class='ocrx_word' id='word_1_564' title='bbox 2727 649 2891 718; x_wconf 78' lang='lat' dir='ltr'><strong>ipsum</strong></span> <span class='ocrx_word' id='word_1_565' title='bbox 2922 650 3056 719; x_wconf 75' lang='lat' dir='ltr'><strong>facta</strong></span> <span class='ocrx_word' id='word_1_566' title='bbox 3076 662 3222 719; x_wconf 82' lang='lat' dir='ltr'><strong>sunt,</strong></span> <span class='ocrx_word' id='word_1_567' title='bbox 3257 659 3303 708; x_wconf 79' lang='lat' dir='ltr'><strong>et</strong></span> <span class='ocrx_word' id='word_1_568' title='bbox 3332 656 3438 709; x_wconf 82' lang='lat' dir='ltr'><strong>sine</strong></span> <span class='ocrx_word' id='word_1_569' title='bbox 3459 658 3571 727; x_wconf 75' lang='lat' dir='ltr'><strong>ipso</strong></span> 
     </span>
    </p>
   </div>
   <div class='ocr_carea' id='block_1_66' title="bbox 1998 733 3573 817">
    <p class='ocr_par' dir='ltr' id='par_1_66' title="bbox 1998 733 3573 817">
     <span class='ocr_line' id='line_1_66' title="bbox 1998 733 3573 817; baseline 0.013 -34"><span class='ocrx_word' id='word_1_570' title='bbox 1998 733 2184 801; x_wconf 79' lang='lat' dir='ltr'><strong>factum</strong></span> <span class='ocrx_word' id='word_1_571' title='bbox 2227 736 2467 791; x_wconf 74' lang='lat' dir='ltr'><strong>estnihil.</strong></span> <span class='ocrx_word' id='word_1_572' title='bbox 2500 736 2753 794; x_wconf 87' lang='lat' dir='ltr'><strong>Universa</strong></span> <span class='ocrx_word' id='word_1_573' title='bbox 2795 741 2937 795; x_wconf 89' lang='lat' dir='ltr'><strong>enim</strong></span> <span class='ocrx_word' id='word_1_574' title='bbox 2981 751 3219 797; x_wconf 85' lang='lat' dir='ltr'><strong>creatura</strong></span> <span class='ocrx_word' id='word_1_575' title='bbox 3264 751 3358 815; x_wconf 80' lang='lat' dir='ltr'><strong>per</strong></span> <span class='ocrx_word' id='word_1_576' title='bbox 3400 748 3573 817; x_wconf 90' lang='lat' dir='ltr'><strong>ipsum</strong></span> 
     </span>
    </p>
   </div>
   <div class='ocr_carea' id='block_1_67' title="bbox 1997 821 3575 901">
    <p class='ocr_par' dir='ltr' id='par_1_67' title="bbox 1997 821 3575 901">
     <span class='ocr_line' id='line_1_67' title="bbox 1997 821 3575 901; baseline 0.013 -27"><span class='ocrx_word' id='word_1_577' title='bbox 1997 821 2132 875; x_wconf 79' lang='lat' dir='ltr'><strong>facta</strong></span> <span class='ocrx_word' id='word_1_578' title='bbox 2172 833 2283 887; x_wconf 90' lang='lat' dir='ltr'><strong>est,</strong></span> <span class='ocrx_word' id='word_1_579' title='bbox 2330 824 2529 895; x_wconf 88' lang='lat' dir='ltr'><strong>major,</strong></span> <span class='ocrx_word' id='word_1_580' title='bbox 2563 830 2771 883; x_wconf 91' lang='lat' dir='ltr'><strong>minor:</strong></span> <span class='ocrx_word' id='word_1_581' title='bbox 2819 842 2914 901; x_wconf 86' lang='lat' dir='ltr'><strong>per</strong></span> <span class='ocrx_word' id='word_1_582' title='bbox 2943 833 3111 901; x_wconf 90' lang='lat' dir='ltr'><strong>ipsum</strong></span> <span class='ocrx_word' id='word_1_583' title='bbox 3143 828 3279 889; x_wconf 79' lang='lat' dir='ltr'><strong>facta</strong></span> <span class='ocrx_word' id='word_1_584' title='bbox 3321 848 3444 892; x_wconf 90' lang='lat' dir='ltr'><strong>sunt</strong></span> <span class='ocrx_word' id='word_1_585' title='bbox 3482 855 3575 894; x_wconf 86' lang='lat' dir='ltr'><strong>su-</strong></span> 
     </span>
    </p>
   </div>
   <div class='ocr_carea' id='block_1_68' title="bbox 1999 914 3576 997">
    <p class='ocr_par' dir='ltr' id='par_1_68' title="bbox 1999 914 3576 997">
     <span class='ocr_line' id='line_1_68' title="bbox 1999 914 3576 997; baseline 0.011 -29"><span class='ocrx_word' id='word_1_586' title='bbox 1999 930 2120 985; x_wconf 87' lang='lat' dir='ltr'><strong>pera</strong></span> <span class='ocrx_word' id='word_1_587' title='bbox 2144 958 2157 979; x_wconf 95' lang='lat'><strong>,</strong></span> <span class='ocrx_word' id='word_1_588' title='bbox 2186 914 2389 982; x_wconf 79' lang='lat' dir='ltr'><strong>infera;</strong></span> <span class='ocrx_word' id='word_1_589' title='bbox 2422 921 2706 989; x_wconf 82' lang='lat' dir='ltr'><strong>Spiritualis</strong></span> <span class='ocrx_word' id='word_1_590' title='bbox 2730 963 2743 985; x_wconf 86' lang='lat'><strong>,</strong></span> <span class='ocrx_word' id='word_1_591' title='bbox 2776 922 3094 992; x_wconf 86' lang='lat' dir='ltr'><strong>corporalis,</strong></span> <span class='ocrx_word' id='word_1_592' title='bbox 3124 941 3219 996; x_wconf 89' lang='lat' dir='ltr'><strong>per</strong></span> <span class='ocrx_word' id='word_1_593' title='bbox 3242 928 3415 997; x_wconf 89' lang='lat' dir='ltr'><strong>ipsum</strong></span> <span class='ocrx_word' id='word_1_594' title='bbox 3437 929 3576 987; x_wconf 82' lang='lat' dir='ltr'><strong>facta</strong></span> 
     </span>
    </p>
   </div>
   <div class='ocr_carea' id='block_1_69' title="bbox 1996 1007 3575 1086">
    <p class='ocr_par' dir='ltr' id='par_1_69' title="bbox 1996 1007 3575 1086">
     <span class='ocr_line' id='line_1_69' title="bbox 1996 1007 3575 1086; baseline 0.011 -27"><span class='ocrx_word' id='word_1_595' title='bbox 1996 1016 2138 1060; x_wconf 83' lang='lat' dir='ltr'><strong>Sunt.</strong></span> <span class='ocrx_word' id='word_1_596' title='bbox 2168 1007 2318 1061; x_wconf 87' lang='lat' dir='ltr'><strong>Nulla</strong></span> <span class='ocrx_word' id='word_1_597' title='bbox 2349 1012 2487 1063; x_wconf 89' lang='lat' dir='ltr'><strong>enim</strong></span> <span class='ocrx_word' id='word_1_598' title='bbox 2520 1010 2717 1075; x_wconf 84' lang='lat' dir='ltr'><strong>forma,</strong></span> <span class='ocrx_word' id='word_1_599' title='bbox 2746 1013 2884 1066; x_wconf 90' lang='lat' dir='ltr'><strong>nulla</strong></span> <span class='ocrx_word' id='word_1_600' title='bbox 2914 1028 3223 1086; x_wconf 86' lang='lat' dir='ltr'><strong>compages,</strong></span> <span class='ocrx_word' id='word_1_601' title='bbox 3273 1020 3413 1074; x_wconf 84' lang='lat' dir='ltr'><strong>nulla</strong></span> <span class='ocrx_word' id='word_1_602' title='bbox 3442 1036 3575 1076; x_wconf 85' lang='lat' dir='ltr'><strong>con-</strong></span> 
     </span>
    </p>
   </div>
   <div class='ocr_carea' id='block_1_70' title="bbox 1996 1097 3577 1180">
    <p class='ocr_par' dir='ltr' id='par_1_70' title="bbox 1996 1097 3577 1180">
     <span class='ocr_line' id='line_1_70' title="bbox 1996 1097 3577 1180; baseline 0.011 -31"><span class='ocrx_word' id='word_1_603' title='bbox 1996 1097 2177 1150; x_wconf 87' lang='lat' dir='ltr'><strong>cordia</strong></span> <span class='ocrx_word' id='word_1_604' title='bbox 2205 1099 2428 1166; x_wconf 90' lang='lat' dir='ltr'><strong>partium</strong></span> <span class='ocrx_word' id='word_1_605' title='bbox 2454 1140 2469 1165; x_wconf 92' lang='lat'><strong>,</strong></span> <span class='ocrx_word' id='word_1_606' title='bbox 2504 1100 2646 1153; x_wconf 90' lang='lat' dir='ltr'><strong>nulla</strong></span> <span class='ocrx_word' id='word_1_607' title='bbox 2677 1103 3071 1173; x_wconf 89' lang='lat' dir='ltr'><strong>qualiscumque</strong></span> <span class='ocrx_word' id='word_1_608' title='bbox 3100 1108 3391 1163; x_wconf 90' lang='lat' dir='ltr'><strong>substantia</strong></span> <span class='ocrx_word' id='word_1_609' title='bbox 3411 1151 3428 1177; x_wconf 96' lang='lat'><strong>,</strong></span> <span class='ocrx_word' id='word_1_610' title='bbox 3456 1128 3577 1180; x_wconf 81' lang='lat' dir='ltr'><strong>quae</strong></span> 
     </span>
    </p>
   </div>
   <div class='ocr_carea' id='block_1_71' title="bbox 1998 1191 3580 1264">
    <p class='ocr_par' dir='ltr' id='par_1_71' title="bbox 1998 1191 3580 1264">
     <span class='ocr_line' id='line_1_71' title="bbox 1998 1191 3580 1264; baseline 0.009 -21"><span class='ocrx_word' id='word_1_611' title='bbox 1998 1198 2175 1258; x_wconf 90' lang='lat' dir='ltr'><strong>potest</strong></span> <span class='ocrx_word' id='word_1_612' title='bbox 2219 1191 2414 1246; x_wconf 89' lang='lat' dir='ltr'><strong>habere</strong></span> <span class='ocrx_word' id='word_1_613' title='bbox 2446 1193 2680 1260; x_wconf 87' lang='lat' dir='ltr'><strong>pondus,</strong></span> <span class='ocrx_word' id='word_1_614' title='bbox 2724 1210 3037 1264; x_wconf 89' lang='lat' dir='ltr'><strong>numerum,</strong></span> <span class='ocrx_word' id='word_1_615' title='bbox 3086 1214 3389 1254; x_wconf 89' lang='lat' dir='ltr'><strong>mensuram</strong></span> <span class='ocrx_word' id='word_1_616' title='bbox 3415 1243 3428 1264; x_wconf 84' lang='grc'>,</span> <span class='ocrx_word' id='word_1_617' title='bbox 3476 1202 3580 1257; x_wconf 90' lang='lat' dir='ltr'><strong>nisi</strong></span> 
     </span>
    </p>
   </div>
   <div class='ocr_carea' id='block_1_72' title="bbox 1997 1281 3579 1358">
    <p class='ocr_par' dir='ltr' id='par_1_72' title="bbox 1997 1281 3579 1358">
     <span class='ocr_line' id='line_1_72' title="bbox 1997 1281 3579 1358; baseline 0.007 -23"><span class='ocrx_word' id='word_1_618' title='bbox 1997 1296 2094 1351; x_wconf 89' lang='lat' dir='ltr'><strong>per</strong></span> <span class='ocrx_word' id='word_1_619' title='bbox 2122 1281 2248 1334; x_wconf 91' lang='lat' dir='ltr'><strong>illud</strong></span> <span class='ocrx_word' id='word_1_620' title='bbox 2279 1281 2506 1336; x_wconf 88' lang='lat' dir='ltr'><strong>Verbum</strong></span> <span class='ocrx_word' id='word_1_621' title='bbox 2548 1292 2632 1337; x_wconf 90' lang='lat' dir='ltr'><strong>est</strong></span> <span class='ocrx_word' id='word_1_622' title='bbox 2652 1325 2665 1348; x_wconf 98' lang='lat'><strong>,</strong></span> <span class='ocrx_word' id='word_1_623' title='bbox 2704 1294 2756 1337; x_wconf 85' lang='lat' dir='ltr'><strong>et</strong></span> <span class='ocrx_word' id='word_1_624' title='bbox 2782 1286 2847 1338; x_wconf 89' lang='lat' dir='ltr'><strong>ab</strong></span> <span class='ocrx_word' id='word_1_625' title='bbox 2872 1286 2961 1339; x_wconf 92' lang='lat' dir='ltr'><strong>illo</strong></span> <span class='ocrx_word' id='word_1_626' title='bbox 2989 1286 3164 1343; x_wconf 87' lang='lat' dir='ltr'><strong>Verbo</strong></span> <span class='ocrx_word' id='word_1_627' title='bbox 3192 1300 3461 1358; x_wconf 71' lang='lat' dir='ltr'><strong>creatore,</strong></span> <span class='ocrx_word' id='word_1_628' title='bbox 3494 1294 3579 1346; x_wconf 88' lang='lat' dir='ltr'><strong>cui</strong></span> 
     </span>
    </p>
   </div>
   <div class='ocr_carea' id='block_1_73' title="bbox 2000 1372 3581 1451">
    <p class='ocr_par' dir='ltr' id='par_1_73' title="bbox 2000 1372 3581 1451">
     <span class='ocr_line' id='line_1_73' title="bbox 2000 1372 3581 1451; baseline 0.009 -27"><span class='ocrx_word' id='word_1_629' title='bbox 2000 1372 2197 1425; x_wconf 89' lang='lat' dir='ltr'><strong>dictum</strong></span> <span class='ocrx_word' id='word_1_630' title='bbox 2225 1381 2334 1437; x_wconf 86' lang='lat' dir='ltr'><strong>est,</strong></span> <span class='ocrx_word' id='word_1_631' title='bbox 2370 1372 2551 1427; x_wconf 87' lang='lat' dir='ltr'><strong>Omnia</strong></span> <span class='ocrx_word' id='word_1_632' title='bbox 2579 1376 2630 1427; x_wconf 87' lang='lat' dir='ltr'><strong>in</strong></span> <span class='ocrx_word' id='word_1_633' title='bbox 2656 1391 2889 1429; x_wconf 83' lang='lat' dir='ltr'><strong>mensura</strong></span> <span class='ocrx_word' id='word_1_634' title='bbox 2907 1416 2921 1442; x_wconf 92' lang='lat'><strong>,</strong></span> <span class='ocrx_word' id='word_1_635' title='bbox 2954 1390 3001 1431; x_wconf 92' lang='lat' dir='ltr'><strong>et</strong></span> <span class='ocrx_word' id='word_1_636' title='bbox 3026 1396 3230 1435; x_wconf 88' lang='lat' dir='ltr'><strong>numero</strong></span> <span class='ocrx_word' id='word_1_637' title='bbox 3249 1421 3264 1447; x_wconf 94' lang='lat'><strong>,</strong></span> <span class='ocrx_word' id='word_1_638' title='bbox 3294 1391 3340 1435; x_wconf 89' lang='lat' dir='ltr'><strong>et</strong></span> <span class='ocrx_word' id='word_1_639' title='bbox 3360 1384 3581 1451; x_wconf 85' lang='lat' dir='ltr'><strong>pondere</strong></span> 
     </span>
    </p>
   </div>
   <div class='ocr_carea' id='block_1_74' title="bbox 2000 1462 2728 1535">
    <p class='ocr_par' dir='ltr' id='par_1_74' title="bbox 2000 1462 2728 1535">
     <span class='ocr_line' id='line_1_74' title="bbox 2000 1462 2728 1535; baseline 0.005 -20"><span class='ocrx_word' id='word_1_640' title='bbox 2000 1462 2288 1533; x_wconf 84' lang='lat' dir='ltr'><strong>disposuisli</strong></span> <span class='ocrx_word' id='word_1_641' title='bbox 2315 1465 2467 1533; x_wconf 77' lang='lat' dir='ltr'><strong>(Sep.</strong></span> <span class='ocrx_word' id='word_1_642' title='bbox 2497 1479 2553 1519; x_wconf 73' lang='lat' dir='ltr'><strong>tu</strong></span> <span class='ocrx_word' id='word_1_643' title='bbox 2576 1509 2588 1530; x_wconf 97' lang='lat'><strong>,</strong></span> <span class='ocrx_word' id='word_1_644' title='bbox 2616 1466 2728 1535; x_wconf 71' lang='grc' dir='ltr'><strong>ΕΗ).</strong></span> 
     </span>
    </p>
   </div>
   <div class='ocr_carea' id='block_1_75' title="bbox 2072 1554 3583 1636">
    <p class='ocr_par' dir='ltr' id='par_1_75' title="bbox 2072 1554 3583 1636">
     <span class='ocr_line' id='line_1_75' title="bbox 2072 1554 3583 1636; baseline 0.008 -29"><span class='ocrx_word' id='word_1_645' title='bbox 2072 1555 2159 1607; x_wconf 70' lang='grc'><strong>14.</strong></span> <span class='ocrx_word' id='word_1_646' title='bbox 2181 1554 2348 1608; x_wconf 87' lang='lat' dir='ltr'><strong>Nemo</strong></span> <span class='ocrx_word' id='word_1_647' title='bbox 2374 1571 2499 1625; x_wconf 88' lang='lat' dir='ltr'><strong>ergo</strong></span> <span class='ocrx_word' id='word_1_648' title='bbox 2529 1572 2623 1610; x_wconf 89' lang='lat' dir='ltr'><strong>vos</strong></span> <span class='ocrx_word' id='word_1_649' title='bbox 2649 1557 2813 1622; x_wconf 85' lang='lat' dir='ltr'><strong>fallat,</strong></span> <span class='ocrx_word' id='word_1_650' title='bbox 2847 1560 3057 1629; x_wconf 82' lang='lat' dir='ltr'><strong>quando</strong></span> <span class='ocrx_word' id='word_1_651' title='bbox 3086 1560 3219 1617; x_wconf 86' lang='lat' dir='ltr'><strong>forte</strong></span> <span class='ocrx_word' id='word_1_652' title='bbox 3246 1564 3456 1619; x_wconf 63' lang='lat' dir='ltr'><strong>taedium</strong></span> <span class='ocrx_word' id='word_1_653' title='bbox 3484 1581 3583 1636; x_wconf 87' lang='lat' dir='ltr'><strong>pa-</strong></span> 
     </span>
    </p>
   </div>
   <div class='ocr_carea' id='block_1_76' title="bbox 2001 1643 3581 1721">
    <p class='ocr_par' dir='ltr' id='par_1_76' title="bbox 2001 1643 3581 1721">
     <span class='ocr_line' id='line_1_76' title="bbox 2001 1643 3581 1721; baseline 0.009 -24"><span class='ocrx_word' id='word_1_654' title='bbox 2001 1643 2173 1697; x_wconf 88' lang='lat' dir='ltr'><strong>timini</strong></span> <span class='ocrx_word' id='word_1_655' title='bbox 2221 1645 2287 1699; x_wconf 83' lang='lat' dir='ltr'><strong>ad</strong></span> <span class='ocrx_word' id='word_1_656' title='bbox 2332 1658 2541 1700; x_wconf 88' lang='lat' dir='ltr'><strong>muscas</strong></span> <span class='ocrx_word' id='word_1_657' title='bbox 2572 1649 2609 1699; x_wconf 76' lang='grc' dir='ltr'><strong>ί.</strong></span> <span class='ocrx_word' id='word_1_658' title='bbox 2643 1648 2852 1703; x_wconf 85' lang='lat' dir='ltr'><strong>Etenim</strong></span> <span class='ocrx_word' id='word_1_659' title='bbox 2883 1651 3042 1721; x_wconf 90' lang='lat' dir='ltr'><strong>aliqui</strong></span> <span class='ocrx_word' id='word_1_660' title='bbox 3067 1652 3226 1707; x_wconf 84' lang='lat' dir='ltr'><strong>derisi</strong></span> <span class='ocrx_word' id='word_1_661' title='bbox 3252 1665 3373 1709; x_wconf 90' lang='lat' dir='ltr'><strong>sunt</strong></span> <span class='ocrx_word' id='word_1_662' title='bbox 3406 1672 3435 1710; x_wconf 89' lang='lat' dir='ltr'><strong>a</strong></span> <span class='ocrx_word' id='word_1_663' title='bbox 3463 1657 3581 1711; x_wconf 87' lang='lat' dir='ltr'><strong>dia-</strong></span> 
     </span>
    </p>
   </div>
   <div class='ocr_carea' id='block_1_77' title="bbox 2002 1737 3583 1818">
    <p class='ocr_par' dir='ltr' id='par_1_77' title="bbox 2002 1737 3583 1818">
     <span class='ocr_line' id='line_1_77' title="bbox 2002 1737 3583 1818; baseline 0.008 -28"><span class='ocrx_word' id='word_1_664' title='bbox 2002 1737 2143 1801; x_wconf 87' lang='lat' dir='ltr'><strong>bolo,</strong></span> <span class='ocrx_word' id='word_1_665' title='bbox 2172 1746 2225 1792; x_wconf 88' lang='lat' dir='ltr'><strong>et</strong></span> <span class='ocrx_word' id='word_1_666' title='bbox 2252 1738 2315 1791; x_wconf 91' lang='lat' dir='ltr'><strong>ad</strong></span> <span class='ocrx_word' id='word_1_667' title='bbox 2345 1753 2556 1793; x_wconf 90' lang='lat' dir='ltr'><strong>muscas</strong></span> <span class='ocrx_word' id='word_1_668' title='bbox 2584 1740 2721 1809; x_wconf 88' lang='lat' dir='ltr'><strong>capti</strong></span> <span class='ocrx_word' id='word_1_669' title='bbox 2752 1751 2893 1795; x_wconf 91' lang='lat' dir='ltr'><strong>sunt.</strong></span> <span class='ocrx_word' id='word_1_670' title='bbox 2940 1744 3123 1798; x_wconf 88' lang='lat' dir='ltr'><strong>Solent</strong></span> <span class='ocrx_word' id='word_1_671' title='bbox 3165 1746 3305 1799; x_wconf 90' lang='lat' dir='ltr'><strong>enim</strong></span> <span class='ocrx_word' id='word_1_672' title='bbox 3351 1764 3583 1818; x_wconf 88' lang='lat' dir='ltr'><strong>aucupes</strong></span> 
     </span>
    </p>
   </div>
   <div class='ocr_carea' id='block_1_78' title="bbox 2002 1830 3588 1899">
    <p class='ocr_par' dir='ltr' id='par_1_78' title="bbox 2002 1830 3588 1899">
     <span class='ocr_line' id='line_1_78' title="bbox 2002 1830 3588 1899; baseline 0.006 -17"><span class='ocrx_word' id='word_1_673' title='bbox 2002 1838 2198 1897; x_wconf 61' lang='lat' dir='ltr'><strong>pollere</strong></span> <span class='ocrx_word' id='word_1_674' title='bbox 2227 1832 2279 1883; x_wconf 91' lang='lat' dir='ltr'><strong>in</strong></span> <span class='ocrx_word' id='word_1_675' title='bbox 2307 1830 2596 1899; x_wconf 86' lang='lat' dir='ltr'><strong>muscipula</strong></span> <span class='ocrx_word' id='word_1_676' title='bbox 2629 1846 2856 1898; x_wconf 83' lang='lat' dir='ltr'><strong>muscas,</strong></span> <span class='ocrx_word' id='word_1_677' title='bbox 2882 1843 2939 1888; x_wconf 91' lang='lat' dir='ltr'><strong>ut</strong></span> <span class='ocrx_word' id='word_1_678' title='bbox 2965 1836 3257 1890; x_wconf 87' lang='lat' dir='ltr'><strong>esurientes</strong></span> <span class='ocrx_word' id='word_1_679' title='bbox 3286 1852 3413 1894; x_wconf 87' lang='lat' dir='ltr'><strong>aves</strong></span> <span class='ocrx_word' id='word_1_680' title='bbox 3440 1840 3588 1894; x_wconf 66' lang='lat' dir='ltr'><strong>deci-</strong></span> 
     </span>
    </p>
   </div>
   <div class='ocr_carea' id='block_1_79' title="bbox 2002 1918 3583 1998">
    <p class='ocr_par' dir='ltr' id='par_1_79' title="bbox 2002 1918 3583 1998">
     <span class='ocr_line' id='line_1_79' title="bbox 2002 1918 3583 1998; baseline 0.008 -28"><span class='ocrx_word' id='word_1_681' title='bbox 2002 1918 2149 1987; x_wconf 88' lang='lat' dir='ltr'><strong>piant</strong></span> <span class='ocrx_word' id='word_1_682' title='bbox 2178 1935 2191 1972; x_wconf 90' lang='lat'><strong>:</strong></span> <span class='ocrx_word' id='word_1_683' title='bbox 2216 1918 2292 1972; x_wconf 88' lang='lat' dir='ltr'><strong>sic</strong></span> <span class='ocrx_word' id='word_1_684' title='bbox 2320 1928 2374 1974; x_wconf 92' lang='lat' dir='ltr'><strong>et</strong></span> <span class='ocrx_word' id='word_1_685' title='bbox 2416 1920 2499 1974; x_wconf 93' lang='lat' dir='ltr'><strong>isti</strong></span> <span class='ocrx_word' id='word_1_686' title='bbox 2540 1920 2606 1974; x_wconf 87' lang='lat' dir='ltr'><strong>ad</strong></span> <span class='ocrx_word' id='word_1_687' title='bbox 2650 1936 2858 1977; x_wconf 86' lang='lat' dir='ltr'><strong>muscas</strong></span> <span class='ocrx_word' id='word_1_688' title='bbox 2900 1938 2928 1977; x_wconf 90' lang='lat' dir='ltr'><strong>a</strong></span> <span class='ocrx_word' id='word_1_689' title='bbox 2968 1923 3177 1979; x_wconf 89' lang='lat' dir='ltr'><strong>diabolo</strong></span> <span class='ocrx_word' id='word_1_690' title='bbox 3204 1926 3410 1998; x_wconf 88' lang='lat' dir='ltr'><strong>decepti</strong></span> <span class='ocrx_word' id='word_1_691' title='bbox 3439 1940 3583 1983; x_wconf 91' lang='lat' dir='ltr'><strong>sunt.</strong></span> 
     </span>
    </p>
   </div>
   <div class='ocr_carea' id='block_1_80' title="bbox 2000 2009 3584 2083">
    <p class='ocr_par' dir='ltr' id='par_1_80' title="bbox 2000 2009 3584 2083">
     <span class='ocr_line' id='line_1_80' title="bbox 2000 2009 3584 2083; baseline 0.006 -18"><span class='ocrx_word' id='word_1_692' title='bbox 2000 2009 2131 2065; x_wconf 83' lang='lat' dir='ltr'><strong>Nam</strong></span> <span class='ocrx_word' id='word_1_693' title='bbox 2183 2010 2367 2065; x_wconf 90' lang='lat' dir='ltr'><strong>nescio</strong></span> <span class='ocrx_word' id='word_1_694' title='bbox 2418 2012 2536 2081; x_wconf 92' lang='lat' dir='ltr'><strong>quis</strong></span> <span class='ocrx_word' id='word_1_695' title='bbox 2580 2012 2790 2066; x_wconf 78' lang='lat' dir='ltr'><strong>t:edium</strong></span> <span class='ocrx_word' id='word_1_696' title='bbox 2848 2014 3141 2083; x_wconf 86' lang='lat' dir='ltr'><strong>patiebatur</strong></span> <span class='ocrx_word' id='word_1_697' title='bbox 3191 2017 3255 2071; x_wconf 90' lang='lat' dir='ltr'><strong>ad</strong></span> <span class='ocrx_word' id='word_1_698' title='bbox 3303 2034 3513 2075; x_wconf 88' lang='lat' dir='ltr'><strong>muscas</strong></span> <span class='ocrx_word' id='word_1_699' title='bbox 3567 2042 3584 2075; x_wconf 88' lang='lat'><strong>:</strong></span> 
     </span>
    </p>
   </div>
   <div class='ocr_carea' id='block_1_81' title="bbox 2002 2102 3588 2173">
    <p class='ocr_par' dir='ltr' id='par_1_81' title="bbox 2002 2102 3588 2173">
     <span class='ocr_line' id='line_1_81' title="bbox 2002 2102 3588 2173; baseline 0.006 -17"><span class='ocrx_word' id='word_1_700' title='bbox 2002 2103 2206 2157; x_wconf 88' lang='lat' dir='ltr'><strong>invenit</strong></span> <span class='ocrx_word' id='word_1_701' title='bbox 2230 2104 2373 2158; x_wconf 90' lang='lat' dir='ltr'><strong>illum</strong></span> <span class='ocrx_word' id='word_1_702' title='bbox 2394 2102 2715 2159; x_wconf 67' lang='lat' dir='ltr'><strong>lllanichaeus</strong></span> <span class='ocrx_word' id='word_1_703' title='bbox 2748 2104 2903 2159; x_wconf 70' lang='lat' dir='ltr'><strong>taedio</strong></span> <span class='ocrx_word' id='word_1_704' title='bbox 2929 2106 3173 2161; x_wconf 70' lang='lat' dir='ltr'><strong>affectum</strong></span> <span class='ocrx_word' id='word_1_705' title='bbox 3200 2124 3213 2173; x_wconf 91' lang='lat'><strong>;</strong></span> <span class='ocrx_word' id='word_1_706' title='bbox 3261 2118 3315 2163; x_wconf 92' lang='lat' dir='ltr'><strong>et</strong></span> <span class='ocrx_word' id='word_1_707' title='bbox 3352 2125 3471 2164; x_wconf 89' lang='lat' dir='ltr'><strong>cum</strong></span> <span class='ocrx_word' id='word_1_708' title='bbox 3499 2112 3588 2165; x_wconf 78' lang='lat' dir='ltr'><strong>di-</strong></span> 
     </span>
    </p>
   </div>
   <div class='ocr_carea' id='block_1_82' title="bbox 2002 2198 3586 2264">
    <p class='ocr_par' dir='ltr' id='par_1_82' title="bbox 2002 2198 3586 2264">
     <span class='ocr_line' id='line_1_82' title="bbox 2002 2198 3586 2264; baseline 0.006 -15"><span class='ocrx_word' id='word_1_709' title='bbox 2002 2203 2147 2249; x_wconf 90' lang='lat' dir='ltr'><strong>ceret</strong></span> <span class='ocrx_word' id='word_1_710' title='bbox 2174 2209 2233 2249; x_wconf 90' lang='lat' dir='ltr'><strong>se</strong></span> <span class='ocrx_word' id='word_1_711' title='bbox 2259 2210 2361 2248; x_wconf 93' lang='lat' dir='ltr'><strong>non</strong></span> <span class='ocrx_word' id='word_1_712' title='bbox 2394 2209 2547 2263; x_wconf 91' lang='lat' dir='ltr'><strong>posse</strong></span> <span class='ocrx_word' id='word_1_713' title='bbox 2578 2198 2681 2264; x_wconf 88' lang='lat' dir='ltr'><strong>pati</strong></span> <span class='ocrx_word' id='word_1_714' title='bbox 2724 2210 2930 2251; x_wconf 89' lang='lat' dir='ltr'><strong>muscas</strong></span> <span class='ocrx_word' id='word_1_715' title='bbox 2960 2206 3013 2252; x_wconf 92' lang='lat' dir='ltr'><strong>ct</strong></span> <span class='ocrx_word' id='word_1_716' title='bbox 3041 2198 3217 2253; x_wconf 89' lang='lat' dir='ltr'><strong>odisse</strong></span> <span class='ocrx_word' id='word_1_717' title='bbox 3245 2199 3586 2259; x_wconf 88' lang='lat' dir='ltr'><strong>vehementer</strong></span> 
     </span>
    </p>
   </div>
   <div class='ocr_carea' id='block_1_83' title="bbox 2004 2286 3586 2357">
    <p class='ocr_par' dir='ltr' id='par_1_83' title="bbox 2004 2286 3586 2357">
     <span class='ocr_line' id='line_1_83' title="bbox 2004 2286 3586 2357; baseline 0.006 -18"><span class='ocrx_word' id='word_1_718' title='bbox 2004 2286 2144 2348; x_wconf 90' lang='lat' dir='ltr'><strong>illas,</strong></span> <span class='ocrx_word' id='word_1_719' title='bbox 2168 2286 2344 2339; x_wconf 82' lang='lat' dir='ltr'><strong>statim</strong></span> <span class='ocrx_word' id='word_1_720' title='bbox 2374 2286 2481 2349; x_wconf 89' lang='lat' dir='ltr'><strong>ille,</strong></span> <span class='ocrx_word' id='word_1_721' title='bbox 2509 2287 2637 2351; x_wconf 84' lang='lat' dir='ltr'><strong>Quis</strong></span> <span class='ocrx_word' id='word_1_722' title='bbox 2665 2286 2786 2341; x_wconf 87' lang='lat' dir='ltr'><strong>fecit</strong></span> <span class='ocrx_word' id='word_1_723' title='bbox 2808 2287 2936 2341; x_wconf 89' lang='lat' dir='ltr'><strong>has?</strong></span> <span class='ocrx_word' id='word_1_724' title='bbox 2958 2288 3024 2341; x_wconf 87' lang='lat' dir='ltr'><strong>Et</strong></span> <span class='ocrx_word' id='word_1_725' title='bbox 3049 2290 3167 2357; x_wconf 85' lang='lat' dir='ltr'><strong>quia</strong></span> <span class='ocrx_word' id='word_1_726' title='bbox 3193 2291 3347 2343; x_wconf 71' lang='lat' dir='ltr'><strong>tmdio</strong></span> <span class='ocrx_word' id='word_1_727' title='bbox 3366 2292 3586 2348; x_wconf 76' lang='lat' dir='ltr'><strong>affectus</strong></span> 
     </span>
    </p>
   </div>
   <div class='ocr_carea' id='block_1_84' title="bbox 2003 2374 3585 2445">
    <p class='ocr_par' dir='ltr' id='par_1_84' title="bbox 2003 2374 3585 2445">
     <span class='ocr_line' id='line_1_84' title="bbox 2003 2374 3585 2445; baseline 0.006 -18"><span class='ocrx_word' id='word_1_728' title='bbox 2003 2383 2137 2439; x_wconf 90' lang='lat' dir='ltr'><strong>erat,</strong></span> <span class='ocrx_word' id='word_1_729' title='bbox 2169 2383 2223 2428; x_wconf 90' lang='lat' dir='ltr'><strong>et</strong></span> <span class='ocrx_word' id='word_1_730' title='bbox 2248 2374 2436 2429; x_wconf 89' lang='lat' dir='ltr'><strong>oderat</strong></span> <span class='ocrx_word' id='word_1_731' title='bbox 2474 2375 2610 2441; x_wconf 91' lang='lat' dir='ltr'><strong>illas,</strong></span> <span class='ocrx_word' id='word_1_732' title='bbox 2644 2392 2749 2429; x_wconf 90' lang='lat' dir='ltr'><strong>non</strong></span> <span class='ocrx_word' id='word_1_733' title='bbox 2776 2391 2935 2431; x_wconf 89' lang='lat' dir='ltr'><strong>ausus</strong></span> <span class='ocrx_word' id='word_1_734' title='bbox 2961 2387 3044 2433; x_wconf 91' lang='lat' dir='ltr'><strong>est</strong></span> <span class='ocrx_word' id='word_1_735' title='bbox 3071 2378 3267 2445; x_wconf 87' lang='lat' dir='ltr'><strong>dicere,</strong></span> <span class='ocrx_word' id='word_1_736' title='bbox 3304 2382 3441 2436; x_wconf 87' lang='lat' dir='ltr'><strong>Deus</strong></span> <span class='ocrx_word' id='word_1_737' title='bbox 3470 2382 3585 2438; x_wconf 84' lang='lat' dir='ltr'><strong>illas</strong></span> 
     </span>
    </p>
   </div>
   <div class='ocr_carea' id='block_1_85' title="bbox 2003 2465 3582 2543">
    <p class='ocr_par' dir='ltr' id='par_1_85' title="bbox 2003 2465 3582 2543">
     <span class='ocr_line' id='line_1_85' title="bbox 2003 2465 3582 2543; baseline 0.008 -25"><span class='ocrx_word' id='word_1_738' title='bbox 2003 2465 2127 2520; x_wconf 83' lang='lat' dir='ltr'><strong>fecit</strong></span> <span class='ocrx_word' id='word_1_739' title='bbox 2154 2484 2168 2520; x_wconf 87' lang='lat'><strong>:</strong></span> <span class='ocrx_word' id='word_1_740' title='bbox 2198 2475 2311 2520; x_wconf 92' lang='lat' dir='ltr'><strong>erat</strong></span> <span class='ocrx_word' id='word_1_741' title='bbox 2347 2475 2523 2521; x_wconf 86' lang='lat' dir='ltr'><strong>autem</strong></span> <span class='ocrx_word' id='word_1_742' title='bbox 2553 2467 2863 2522; x_wconf 85' lang='lat' dir='ltr'><strong>catholicus.</strong></span> <span class='ocrx_word' id='word_1_743' title='bbox 2892 2468 2986 2524; x_wconf 87' lang='lat' dir='ltr'><strong>Ille</strong></span> <span class='ocrx_word' id='word_1_744' title='bbox 3025 2471 3203 2525; x_wconf 88' lang='lat' dir='ltr'><strong>statim</strong></span> <span class='ocrx_word' id='word_1_745' title='bbox 3232 2474 3455 2543; x_wconf 77' lang='lat' dir='ltr'><strong>subjecit</strong></span> <span class='ocrx_word' id='word_1_746' title='bbox 3481 2494 3494 2529; x_wconf 87' lang='lat'><strong>:</strong></span> <span class='ocrx_word' id='word_1_747' title='bbox 3523 2476 3582 2531; x_wconf 91' lang='lat' dir='ltr'><strong>Si</strong></span> 
     </span>
    </p>
   </div>
   <div class='ocr_carea' id='block_1_86' title="bbox 2005 2555 3581 2630">
    <p class='ocr_par' dir='ltr' id='par_1_86' title="bbox 2005 2555 3581 2630">
     <span class='ocr_line' id='line_1_86' title="bbox 2005 2555 3581 2630; baseline 0.007 -22"><span class='ocrx_word' id='word_1_748' title='bbox 2005 2556 2144 2609; x_wconf 85' lang='lat' dir='ltr'><strong>Deus</strong></span> <span class='ocrx_word' id='word_1_749' title='bbox 2174 2555 2288 2609; x_wconf 90' lang='lat' dir='ltr'><strong>illas</strong></span> <span class='ocrx_word' id='word_1_750' title='bbox 2317 2571 2422 2609; x_wconf 91' lang='lat' dir='ltr'><strong>non</strong></span> <span class='ocrx_word' id='word_1_751' title='bbox 2464 2556 2617 2622; x_wconf 91' lang='lat' dir='ltr'><strong>fecit,</strong></span> <span class='ocrx_word' id='word_1_752' title='bbox 2639 2558 2775 2626; x_wconf 85' lang='lat' dir='ltr'><strong>.quis</strong></span> <span class='ocrx_word' id='word_1_753' title='bbox 2816 2557 2933 2611; x_wconf 88' lang='lat' dir='ltr'><strong>illas</strong></span> <span class='ocrx_word' id='word_1_754' title='bbox 2961 2558 3126 2613; x_wconf 85' lang='lat' dir='ltr'><strong>fecit?</strong></span> <span class='ocrx_word' id='word_1_755' title='bbox 3152 2561 3337 2629; x_wconf 85' lang='lat' dir='ltr'><strong>Plane,</strong></span> <span class='ocrx_word' id='word_1_756' title='bbox 3369 2564 3445 2618; x_wconf 89' lang='lat' dir='ltr'><strong>ait</strong></span> <span class='ocrx_word' id='word_1_757' title='bbox 3472 2564 3581 2630; x_wconf 89' lang='lat' dir='ltr'><strong>ille,</strong></span> 
     </span>
    </p>
   </div>
   <div class='ocr_carea' id='block_1_87' title="bbox 2003 2647 3582 2718">
    <p class='ocr_par' dir='ltr' id='par_1_87' title="bbox 2003 2647 3582 2718">
     <span class='ocr_line' id='line_1_87' title="bbox 2003 2647 3582 2718; baseline 0.006 -16"><span class='ocrx_word' id='word_1_758' title='bbox 2003 2654 2103 2718; x_wconf 84' lang='lat' dir='ltr'><strong>ego</strong></span> <span class='ocrx_word' id='word_1_759' title='bbox 2123 2647 2285 2702; x_wconf 91' lang='lat' dir='ltr'><strong>credo</strong></span> <span class='ocrx_word' id='word_1_760' title='bbox 2310 2648 2429 2717; x_wconf 90' lang='lat' dir='ltr'><strong>quia</strong></span> <span class='ocrx_word' id='word_1_761' title='bbox 2458 2648 2702 2702; x_wconf 89' lang='lat' dir='ltr'><strong>diabolus</strong></span> <span class='ocrx_word' id='word_1_762' title='bbox 2729 2648 2856 2704; x_wconf 86' lang='lat' dir='ltr'><strong>fecit</strong></span> <span class='ocrx_word' id='word_1_763' title='bbox 2880 2666 3109 2705; x_wconf 90' lang='lat' dir='ltr'><strong>muscas.</strong></span> <span class='ocrx_word' id='word_1_764' title='bbox 3144 2653 3210 2707; x_wconf 89' lang='lat' dir='ltr'><strong>Et</strong></span> <span class='ocrx_word' id='word_1_765' title='bbox 3240 2654 3330 2709; x_wconf 90' lang='lat' dir='ltr'><strong>ille</strong></span> <span class='ocrx_word' id='word_1_766' title='bbox 3360 2658 3536 2711; x_wconf 86' lang='lat' dir='ltr'><strong>statim</strong></span> <span class='ocrx_word' id='word_1_767' title='bbox 3567 2675 3582 2712; x_wconf 89' lang='lat'><strong>:</strong></span> 
     </span>
    </p>
   </div>
   <div class='ocr_carea' id='block_1_88' title="bbox 2003 2739 3582 2813">
    <p class='ocr_par' dir='ltr' id='par_1_88' title="bbox 2003 2739 3582 2813">
     <span class='ocr_line' id='line_1_88' title="bbox 2003 2739 3582 2813; baseline 0.005 -19"><span class='ocrx_word' id='word_1_768' title='bbox 2003 2739 2060 2794; x_wconf 87' lang='lat' dir='ltr'><strong>Si</strong></span> <span class='ocrx_word' id='word_1_769' title='bbox 2098 2754 2334 2793; x_wconf 91' lang='lat' dir='ltr'><strong>muscam</strong></span> <span class='ocrx_word' id='word_1_770' title='bbox 2373 2740 2614 2793; x_wconf 86' lang='lat' dir='ltr'><strong>diabolus</strong></span> <span class='ocrx_word' id='word_1_771' title='bbox 2653 2741 2800 2805; x_wconf 77' lang='lat' dir='ltr'><strong>fecit,</strong></span> <span class='ocrx_word' id='word_1_772' title='bbox 2846 2742 2981 2796; x_wconf 86' lang='lat' dir='ltr'><strong>sicut</strong></span> <span class='ocrx_word' id='word_1_773' title='bbox 3028 2752 3080 2798; x_wconf 90' lang='lat' dir='ltr'><strong>te</strong></span> <span class='ocrx_word' id='word_1_774' title='bbox 3119 2743 3273 2798; x_wconf 89' lang='lat' dir='ltr'><strong>video</strong></span> <span class='ocrx_word' id='word_1_775' title='bbox 3305 2747 3582 2813; x_wconf 86' lang='lat' dir='ltr'><strong>confiteri,</strong></span> 
     </span>
    </p>
   </div>
   <div class='ocr_carea' id='block_1_89' title="bbox 2003 2832 3585 2907">
    <p class='ocr_par' dir='ltr' id='par_1_89' title="bbox 2003 2832 3585 2907">
     <span class='ocr_line' id='line_1_89' title="bbox 2003 2832 3585 2907; baseline 0.006 -24"><span class='ocrx_word' id='word_1_776' title='bbox 2003 2833 2122 2901; x_wconf 92' lang='lat' dir='ltr'><strong>quia</strong></span> <span class='ocrx_word' id='word_1_777' title='bbox 2150 2832 2436 2901; x_wconf 85' lang='lat' dir='ltr'><strong>prudenter</strong></span> <span class='ocrx_word' id='word_1_778' title='bbox 2461 2832 2737 2900; x_wconf 87' lang='lat' dir='ltr'><strong>intelligis,</strong></span> <span class='ocrx_word' id='word_1_779' title='bbox 2768 2847 2918 2907; x_wconf 81' lang='lat' dir='ltr'><strong>apem</strong></span> <span class='ocrx_word' id='word_1_780' title='bbox 2959 2834 3077 2903; x_wconf 93' lang='lat' dir='ltr'><strong>quis</strong></span> <span class='ocrx_word' id='word_1_781' title='bbox 3105 2834 3249 2901; x_wconf 88' lang='lat' dir='ltr'><strong>fecit,</strong></span> <span class='ocrx_word' id='word_1_782' title='bbox 3282 2852 3398 2905; x_wconf 79' lang='lat' dir='ltr'><strong>quae</strong></span> <span class='ocrx_word' id='word_1_783' title='bbox 3429 2840 3585 2906; x_wconf 89' lang='lat' dir='ltr'><strong>paulo</strong></span> 
     </span>
    </p>
   </div>
   <div class='ocr_carea' id='block_1_90' title="bbox 2002 2922 3585 2998">
    <p class='ocr_par' dir='ltr' id='par_1_90' title="bbox 2002 2922 3585 2998">
     <span class='ocr_line' id='line_1_90' title="bbox 2002 2922 3585 2998; baseline 0.004 -22"><span class='ocrx_word' id='word_1_784' title='bbox 2002 2923 2227 2992; x_wconf 87' lang='lat' dir='ltr'><strong>amplior</strong></span> <span class='ocrx_word' id='word_1_785' title='bbox 2255 2931 2336 2977; x_wconf 92' lang='lat' dir='ltr'><strong>est</strong></span> <span class='ocrx_word' id='word_1_786' title='bbox 2376 2922 2591 2977; x_wconf 86' lang='lat' dir='ltr'><strong>musca?</strong></span> <span class='ocrx_word' id='word_1_787' title='bbox 2634 2922 2746 2976; x_wconf 85' lang='lat' dir='ltr'><strong>Non</strong></span> <span class='ocrx_word' id='word_1_788' title='bbox 2789 2938 2946 2979; x_wconf 85' lang='lat' dir='ltr'><strong>ausus</strong></span> <span class='ocrx_word' id='word_1_789' title='bbox 2988 2925 3074 2979; x_wconf 90' lang='lat' dir='ltr'><strong>ille</strong></span> <span class='ocrx_word' id='word_1_790' title='bbox 3106 2934 3189 2980; x_wconf 90' lang='lat' dir='ltr'><strong>est</strong></span> <span class='ocrx_word' id='word_1_791' title='bbox 3228 2926 3409 2983; x_wconf 90' lang='lat' dir='ltr'><strong>dicere</strong></span> <span class='ocrx_word' id='word_1_792' title='bbox 3463 2930 3585 2998; x_wconf 87' lang='lat' dir='ltr'><strong>quia</strong></span> 
     </span>
    </p>
   </div>
   <div class='ocr_carea' id='block_1_91' title="bbox 2003 3013 3588 3087">
    <p class='ocr_par' dir='ltr' id='par_1_91' title="bbox 2003 3013 3588 3087">
     <span class='ocr_line' id='line_1_91' title="bbox 2003 3013 3588 3087; baseline 0.007 -20"><span class='ocrx_word' id='word_1_793' title='bbox 2003 3013 2143 3068; x_wconf 91' lang='lat' dir='ltr'><strong>Deus</strong></span> <span class='ocrx_word' id='word_1_794' title='bbox 2173 3014 2295 3069; x_wconf 83' lang='lat' dir='ltr'><strong>fecit</strong></span> <span class='ocrx_word' id='word_1_795' title='bbox 2323 3028 2509 3082; x_wconf 89' lang='lat' dir='ltr'><strong>apem,</strong></span> <span class='ocrx_word' id='word_1_796' title='bbox 2541 3022 2596 3068; x_wconf 89' lang='lat' dir='ltr'><strong>et</strong></span> <span class='ocrx_word' id='word_1_797' title='bbox 2626 3030 2861 3068; x_wconf 89' lang='lat' dir='ltr'><strong>muscam</strong></span> <span class='ocrx_word' id='word_1_798' title='bbox 2890 3031 2995 3069; x_wconf 92' lang='lat' dir='ltr'><strong>non</strong></span> <span class='ocrx_word' id='word_1_799' title='bbox 3025 3015 3174 3081; x_wconf 86' lang='lat' dir='ltr'><strong>fecit;</strong></span> <span class='ocrx_word' id='word_1_800' title='bbox 3216 3020 3335 3087; x_wconf 91' lang='lat' dir='ltr'><strong>quia</strong></span> <span class='ocrx_word' id='word_1_801' title='bbox 3363 3034 3448 3075; x_wconf 88' lang='lat' dir='ltr'><strong>res</strong></span> <span class='ocrx_word' id='word_1_802' title='bbox 3471 3032 3588 3078; x_wconf 89' lang='lat' dir='ltr'><strong>erat</strong></span> 
     </span>
    </p>
   </div>
   <div class='ocr_carea' id='block_1_92' title="bbox 2004 3105 3585 3175">
    <p class='ocr_par' dir='ltr' id='par_1_92' title="bbox 2004 3105 3585 3175">
     <span class='ocr_line' id='line_1_92' title="bbox 2004 3105 3585 3175; baseline 0.004 -16"><span class='ocrx_word' id='word_1_803' title='bbox 2004 3106 2264 3175; x_wconf 80' lang='lat' dir='ltr'><strong>proxima.</strong></span> <span class='ocrx_word' id='word_1_804' title='bbox 2293 3106 2373 3159; x_wconf 82' lang='lat' dir='ltr'><strong>Ab</strong></span> <span class='ocrx_word' id='word_1_805' title='bbox 2401 3119 2501 3173; x_wconf 89' lang='lat' dir='ltr'><strong>ape</strong></span> <span class='ocrx_word' id='word_1_806' title='bbox 2525 3105 2673 3159; x_wconf 78' lang='lat' dir='ltr'><strong>duxit</strong></span> <span class='ocrx_word' id='word_1_807' title='bbox 2706 3105 2770 3159; x_wconf 89' lang='lat' dir='ltr'><strong>ad</strong></span> <span class='ocrx_word' id='word_1_808' title='bbox 2806 3105 3061 3161; x_wconf 69' lang='lat' dir='ltr'><strong>locustam</strong></span> <span class='ocrx_word' id='word_1_809' title='bbox 3080 3150 3095 3175; x_wconf 91' lang='lat'><strong>,</strong></span> <span class='ocrx_word' id='word_1_810' title='bbox 3119 3123 3150 3161; x_wconf 91' lang='lat' dir='ltr'><strong>a</strong></span> <span class='ocrx_word' id='word_1_811' title='bbox 3180 3109 3380 3165; x_wconf 89' lang='lat' dir='ltr'><strong>locusta</strong></span> <span class='ocrx_word' id='word_1_812' title='bbox 3408 3112 3473 3165; x_wconf 90' lang='lat' dir='ltr'><strong>ad</strong></span> <span class='ocrx_word' id='word_1_813' title='bbox 3504 3113 3585 3166; x_wconf 88' lang='lat' dir='ltr'><strong>la-</strong></span> 
     </span>
    </p>
   </div>
   <div class='ocr_carea' id='block_1_93' title="bbox 2003 3196 3581 3271">
    <p class='ocr_par' dir='ltr' id='par_1_93' title="bbox 2003 3196 3581 3271">
     <span class='ocr_line' id='line_1_93' title="bbox 2003 3196 3581 3271; baseline 0.004 -20"><span class='ocrx_word' id='word_1_814' title='bbox 2003 3206 2207 3252; x_wconf 89' lang='lat' dir='ltr'><strong>certum</strong></span> <span class='ocrx_word' id='word_1_815' title='bbox 2229 3238 2243 3261; x_wconf 94' lang='lat'><strong>,</strong></span> <span class='ocrx_word' id='word_1_816' title='bbox 2285 3212 2313 3250; x_wconf 91' lang='lat' dir='ltr'><strong>a</strong></span> <span class='ocrx_word' id='word_1_817' title='bbox 2360 3196 2558 3251; x_wconf 90' lang='lat' dir='ltr'><strong>lacerto</strong></span> <span class='ocrx_word' id='word_1_818' title='bbox 2586 3196 2650 3250; x_wconf 86' lang='lat' dir='ltr'><strong>ad</strong></span> <span class='ocrx_word' id='word_1_819' title='bbox 2679 3211 2829 3251; x_wconf 89' lang='lat' dir='ltr'><strong>avem</strong></span> <span class='ocrx_word' id='word_1_820' title='bbox 2848 3239 2863 3263; x_wconf 93' lang='lat'><strong>,</strong></span> <span class='ocrx_word' id='word_1_821' title='bbox 2895 3198 2961 3252; x_wconf 88' lang='lat' dir='ltr'><strong>ab</strong></span> <span class='ocrx_word' id='word_1_822' title='bbox 2988 3214 3084 3252; x_wconf 89' lang='lat' dir='ltr'><strong>ave</strong></span> <span class='ocrx_word' id='word_1_823' title='bbox 3118 3198 3267 3254; x_wconf 82' lang='lat' dir='ltr'><strong>duxit</strong></span> <span class='ocrx_word' id='word_1_824' title='bbox 3294 3200 3359 3255; x_wconf 87' lang='lat' dir='ltr'><strong>ad</strong></span> <span class='ocrx_word' id='word_1_825' title='bbox 3387 3217 3581 3271; x_wconf 84' lang='lat' dir='ltr'><strong>pecus,</strong></span> 
     </span>
    </p>
   </div>
   <div class='ocr_carea' id='block_1_94' title="bbox 2004 3286 3586 3359">
    <p class='ocr_par' dir='ltr' id='par_1_94' title="bbox 2004 3286 3586 3359">
     <span class='ocr_line' id='line_1_94' title="bbox 2004 3286 3586 3359; baseline 0.006 -19"><span class='ocrx_word' id='word_1_826' title='bbox 2004 3286 2127 3341; x_wconf 88' lang='lat' dir='ltr'><strong>inde</strong></span> <span class='ocrx_word' id='word_1_827' title='bbox 2153 3286 2218 3341; x_wconf 91' lang='lat' dir='ltr'><strong>ad</strong></span> <span class='ocrx_word' id='word_1_828' title='bbox 2244 3286 2455 3351; x_wconf 90' lang='lat' dir='ltr'><strong>bovem,</strong></span> <span class='ocrx_word' id='word_1_829' title='bbox 2484 3286 2606 3341; x_wconf 91' lang='lat' dir='ltr'><strong>inde</strong></span> <span class='ocrx_word' id='word_1_830' title='bbox 2634 3287 2698 3340; x_wconf 86' lang='lat' dir='ltr'><strong>ad</strong></span> <span class='ocrx_word' id='word_1_831' title='bbox 2729 3287 3085 3356; x_wconf 87' lang='lat' dir='ltr'><strong>elephantem,</strong></span> <span class='ocrx_word' id='word_1_832' title='bbox 3105 3300 3373 3359; x_wconf 88' lang='lat' dir='ltr'><strong>postremo</strong></span> <span class='ocrx_word' id='word_1_833' title='bbox 3398 3294 3464 3349; x_wconf 87' lang='lat' dir='ltr'><strong>ad</strong></span> <span class='ocrx_word' id='word_1_834' title='bbox 3490 3295 3586 3349; x_wconf 78' lang='lat' dir='ltr'><strong>ho-</strong></span> 
     </span>
    </p>
   </div>
   <div class='ocr_carea' id='block_1_95' title="bbox 2004 3377 3585 3449">
    <p class='ocr_par' dir='ltr' id='par_1_95' title="bbox 2004 3377 3585 3449">
     <span class='ocr_line' id='line_1_95' title="bbox 2004 3377 3585 3449; baseline 0.007 -19"><span class='ocrx_word' id='word_1_835' title='bbox 2004 3378 2233 3442; x_wconf 77' lang='lat' dir='ltr'><strong>minem;</strong></span> <span class='ocrx_word' id='word_1_836' title='bbox 2262 3386 2315 3432; x_wconf 91' lang='lat' dir='ltr'><strong>et</strong></span> <span class='ocrx_word' id='word_1_837' title='bbox 2342 3377 2603 3447; x_wconf 89' lang='lat' dir='ltr'><strong>persuasit</strong></span> <span class='ocrx_word' id='word_1_838' title='bbox 2629 3377 2826 3432; x_wconf 90' lang='lat' dir='ltr'><strong>homini</strong></span> <span class='ocrx_word' id='word_1_839' title='bbox 2850 3379 2973 3449; x_wconf 90' lang='lat' dir='ltr'><strong>quia</strong></span> <span class='ocrx_word' id='word_1_840' title='bbox 3005 3395 3109 3435; x_wconf 90' lang='lat' dir='ltr'><strong>non</strong></span> <span class='ocrx_word' id='word_1_841' title='bbox 3130 3396 3159 3435; x_wconf 87' lang='lat' dir='ltr'><strong>a</strong></span> <span class='ocrx_word' id='word_1_842' title='bbox 3184 3383 3288 3437; x_wconf 89' lang='lat' dir='ltr'><strong>Deo</strong></span> <span class='ocrx_word' id='word_1_843' title='bbox 3315 3384 3481 3439; x_wconf 85' lang='lat' dir='ltr'><strong>factus</strong></span> <span class='ocrx_word' id='word_1_844' title='bbox 3501 3395 3585 3441; x_wconf 88' lang='lat' dir='ltr'><strong>est</strong></span> 
     </span>
    </p>
   </div>
   <div class='ocr_carea' id='block_1_96' title="bbox 2005 3467 3581 3545">
    <p class='ocr_par' dir='ltr' id='par_1_96' title="bbox 2005 3467 3581 3545">
     <span class='ocr_line' id='line_1_96' title="bbox 2005 3467 3581 3545; baseline 0.007 -24"><span class='ocrx_word' id='word_1_845' title='bbox 2005 3467 2185 3523; x_wconf 90' lang='lat' dir='ltr'><strong>homo.</strong></span> <span class='ocrx_word' id='word_1_846' title='bbox 2202 3468 2274 3523; x_wconf 88' lang='lat' dir='ltr'><strong>Ita</strong></span> <span class='ocrx_word' id='word_1_847' title='bbox 2294 3468 2381 3522; x_wconf 89' lang='lat' dir='ltr'><strong>ille</strong></span> <span class='ocrx_word' id='word_1_848' title='bbox 2399 3468 2561 3523; x_wconf 92' lang='lat' dir='ltr'><strong>miser</strong></span> <span class='ocrx_word' id='word_1_849' title='bbox 2584 3484 2703 3523; x_wconf 90' lang='lat' dir='ltr'><strong>eum</strong></span> <span class='ocrx_word' id='word_1_850' title='bbox 2723 3470 2932 3524; x_wconf 67' lang='lat' dir='ltr'><strong>ta-dium</strong></span> <span class='ocrx_word' id='word_1_851' title='bbox 2952 3487 3139 3542; x_wconf 84' lang='lat' dir='ltr'><strong>passus</strong></span> <span class='ocrx_word' id='word_1_852' title='bbox 3159 3482 3240 3528; x_wconf 88' lang='lat' dir='ltr'><strong>est</strong></span> <span class='ocrx_word' id='word_1_853' title='bbox 3262 3476 3326 3529; x_wconf 89' lang='lat' dir='ltr'><strong>ad</strong></span> <span class='ocrx_word' id='word_1_854' title='bbox 3350 3492 3581 3545; x_wconf 86' lang='lat' dir='ltr'><strong>muscas,</strong></span> 
     </span>
    </p>
   </div>
   <div class='ocr_carea' id='block_1_97' title="bbox 2003 3560 3585 3631">
    <p class='ocr_par' dir='ltr' id='par_1_97' title="bbox 2003 3560 3585 3631">
     <span class='ocr_line' id='line_1_97' title="bbox 2003 3560 3585 3631; baseline 0.007 -18"><span class='ocrx_word' id='word_1_855' title='bbox 2003 3569 2186 3614; x_wconf 86' lang='lat' dir='ltr'><strong>musca</strong></span> <span class='ocrx_word' id='word_1_856' title='bbox 2222 3560 2392 3614; x_wconf 83' lang='lat' dir='ltr'><strong>factus</strong></span> <span class='ocrx_word' id='word_1_857' title='bbox 2422 3568 2521 3624; x_wconf 90' lang='lat' dir='ltr'><strong>est,</strong></span> <span class='ocrx_word' id='word_1_858' title='bbox 2553 3576 2707 3629; x_wconf 90' lang='lat' dir='ltr'><strong>quem</strong></span> <span class='ocrx_word' id='word_1_859' title='bbox 2739 3560 2980 3616; x_wconf 89' lang='lat' dir='ltr'><strong>diabolus</strong></span> <span class='ocrx_word' id='word_1_860' title='bbox 3020 3564 3333 3631; x_wconf 88' lang='lat' dir='ltr'><strong>possideret.</strong></span> <span class='ocrx_word' id='word_1_861' title='bbox 3371 3567 3585 3624; x_wconf 84' lang='lat' dir='ltr'><strong>Beelze-</strong></span> 
     </span>
    </p>
   </div>
   <div class='ocr_carea' id='block_1_98' title="bbox 2004 3651 3582 3724">
    <p class='ocr_par' dir='ltr' id='par_1_98' title="bbox 2004 3651 3582 3724">
     <span class='ocr_line' id='line_1_98' title="bbox 2004 3651 3582 3724; baseline 0.006 -20"><span class='ocrx_word' id='word_1_862' title='bbox 2004 3651 2109 3705; x_wconf 92' lang='lat' dir='ltr'><strong>bub</strong></span> <span class='ocrx_word' id='word_1_863' title='bbox 2134 3652 2327 3721; x_wconf 89' lang='lat' dir='ltr'><strong>quippe</strong></span> <span class='ocrx_word' id='word_1_864' title='bbox 2365 3652 2695 3720; x_wconf 80' lang='lat' dir='ltr'><strong>interpretari</strong></span> <span class='ocrx_word' id='word_1_865' title='bbox 2736 3652 2927 3707; x_wconf 90' lang='lat' dir='ltr'><strong>dicitur</strong></span> <span class='ocrx_word' id='word_1_866' title='bbox 2954 3654 3200 3724; x_wconf 89' lang='lat' dir='ltr'><strong>princeps</strong></span> <span class='ocrx_word' id='word_1_867' title='bbox 3230 3663 3533 3712; x_wconf 83' lang='lat' dir='ltr'><strong>muscarum</strong></span> <span class='ocrx_word' id='word_1_868' title='bbox 3568 3677 3582 3713; x_wconf 74' lang='grc' dir='ltr'><strong><em>ε</em></strong></span> 
     </span>
    </p>
   </div>
   <div class='ocr_carea' id='block_1_99' title="bbox 2004 3742 3587 3812">
    <p class='ocr_par' dir='ltr' id='par_1_99' title="bbox 2004 3742 3587 3812">
     <span class='ocr_line' id='line_1_99' title="bbox 2004 3742 3587 3812; baseline 0.005 -17"><span class='ocrx_word' id='word_1_869' title='bbox 2004 3742 2071 3796; x_wconf 88' lang='lat' dir='ltr'><strong>de</strong></span> <span class='ocrx_word' id='word_1_870' title='bbox 2097 3742 2286 3812; x_wconf 86' lang='lat' dir='ltr'><strong>quibus</strong></span> <span class='ocrx_word' id='word_1_871' title='bbox 2311 3742 2561 3810; x_wconf 84' lang='lat' dir='ltr'><strong>scriptum</strong></span> <span class='ocrx_word' id='word_1_872' title='bbox 2584 3753 2684 3809; x_wconf 90' lang='lat' dir='ltr'><strong>est,</strong></span> <span class='ocrx_word' id='word_1_873' title='bbox 2718 3742 2771 3795; x_wconf 83' lang='grc' dir='ltr'><em>Μ</em></span> <span class='ocrx_word' id='word_1_874' title='bbox 2781 3759 2911 3797; x_wconf 77' lang='grc' dir='ltr'><strong>ιιδεω</strong></span> <span class='ocrx_word' id='word_1_875' title='bbox 2933 3746 3186 3799; x_wconf 77' lang='lat' dir='ltr'><strong>moritura:</strong></span> <span class='ocrx_word' id='word_1_876' title='bbox 3208 3748 3229 3777; x_wconf 80' lang='lat'>&#39;</span> <span class='ocrx_word' id='word_1_877' title='bbox 3256 3750 3587 3805; x_wconf 71' lang='lat' dir='ltr'><strong>exterminant</strong></span> 
     </span>
    </p>
   </div>
   <div class='ocr_carea' id='block_1_100' title="bbox 2004 3832 2862 3905">
    <p class='ocr_par' dir='ltr' id='par_1_100' title="bbox 2004 3832 2862 3905">
     <span class='ocr_line' id='line_1_100' title="bbox 2004 3832 2862 3905; baseline 0.002 -22"><span class='ocrx_word' id='word_1_878' title='bbox 2004 3834 2167 3886; x_wconf 80' lang='lat' dir='ltr'><strong>oleant</strong></span> <span class='ocrx_word' id='word_1_879' title='bbox 2192 3832 2445 3886; x_wconf 80' lang='lat' dir='ltr'><strong>suavitatis</strong></span> <span class='ocrx_word' id='word_1_880' title='bbox 2475 3832 2669 3903; x_wconf 87' lang='lat' dir='ltr'><strong>(Eccle.</strong></span> <span class='ocrx_word' id='word_1_881' title='bbox 2702 3849 2754 3899; x_wconf 72' lang='grc' dir='ltr'><strong>χ,</strong></span> <span class='ocrx_word' id='word_1_882' title='bbox 2788 3832 2862 3905; x_wconf 81' lang='grc'><strong>1).</strong></span> 
     </span>
    </p>
   </div>
   <div class='ocr_carea' id='block_1_101' title="bbox 2078 3922 3587 3995">
    <p class='ocr_par' dir='ltr' id='par_1_101' title="bbox 2078 3922 3587 3995">
     <span class='ocr_line' id='line_1_101' title="bbox 2078 3922 3587 3995; baseline 0.005 -17"><span class='ocrx_word' id='word_1_883' title='bbox 2078 3922 2163 3978; x_wconf 82' lang='grc'><strong>15.</strong></span> <span class='ocrx_word' id='word_1_884' title='bbox 2197 3922 2332 3989; x_wconf 88' lang='lat' dir='ltr'><strong>Quid</strong></span> <span class='ocrx_word' id='word_1_885' title='bbox 2362 3923 2553 3993; x_wconf 89' lang='lat' dir='ltr'><strong>igitur,</strong></span> <span class='ocrx_word' id='word_1_886' title='bbox 2586 3923 2808 3979; x_wconf 88' lang='lat' dir='ltr'><strong>fratres?</strong></span> <span class='ocrx_word' id='word_1_887' title='bbox 2836 3940 3000 3995; x_wconf 90' lang='lat' dir='ltr'><strong>quare</strong></span> <span class='ocrx_word' id='word_1_888' title='bbox 3038 3926 3136 3981; x_wconf 90' lang='lat' dir='ltr'><strong>ista</strong></span> <span class='ocrx_word' id='word_1_889' title='bbox 3175 3926 3320 3982; x_wconf 84' lang='lat' dir='ltr'><strong>dixi?</strong></span> <span class='ocrx_word' id='word_1_890' title='bbox 3346 3928 3587 3985; x_wconf 88' lang='lat' dir='ltr'><strong>Claudite</strong></span> 
     </span>
    </p>
   </div>
   <div class='ocr_carea' id='block_1_102' title="bbox 2008 4016 3587 4092">
    <p class='ocr_par' dir='ltr' id='par_1_102' title="bbox 2008 4016 3587 4092">
     <span class='ocr_line' id='line_1_102' title="bbox 2008 4016 3587 4092; baseline 0.004 -21"><span class='ocrx_word' id='word_1_891' title='bbox 2008 4032 2166 4072; x_wconf 89' lang='lat' dir='ltr'><strong>aures</strong></span> <span class='ocrx_word' id='word_1_892' title='bbox 2194 4016 2370 4072; x_wconf 86' lang='lat' dir='ltr'><strong>cordis</strong></span> <span class='ocrx_word' id='word_1_893' title='bbox 2399 4018 2561 4071; x_wconf 85' lang='lat' dir='ltr'><strong>vestri</strong></span> <span class='ocrx_word' id='word_1_894' title='bbox 2589 4016 2845 4072; x_wconf 86' lang='lat' dir='ltr'><strong>adversus</strong></span> <span class='ocrx_word' id='word_1_895' title='bbox 2873 4018 3025 4073; x_wconf 90' lang='lat' dir='ltr'><strong>dolos</strong></span> <span class='ocrx_word' id='word_1_896' title='bbox 3051 4018 3247 4073; x_wconf 91' lang='lat' dir='ltr'><strong>inimici</strong></span> <span class='ocrx_word' id='word_1_897' title='bbox 3271 4037 3285 4086; x_wconf 91' lang='lat'><strong>;</strong></span> <span class='ocrx_word' id='word_1_898' title='bbox 3310 4021 3587 4092; x_wconf 84' lang='lat' dir='ltr'><strong>intelligite</strong></span> 
     </span>
    </p>
   </div>
   <div class='ocr_carea' id='block_1_103' title="bbox 2006 4108 3584 4181">
    <p class='ocr_par' dir='ltr' id='par_1_103' title="bbox 2006 4108 3584 4181">
     <span class='ocr_line' id='line_1_103' title="bbox 2006 4108 3584 4181; baseline 0.004 -18"><span class='ocrx_word' id='word_1_899' title='bbox 2006 4111 2127 4181; x_wconf 89' lang='lat' dir='ltr'><strong>quia</strong></span> <span class='ocrx_word' id='word_1_900' title='bbox 2161 4111 2297 4165; x_wconf 90' lang='lat' dir='ltr'><strong>Deus</strong></span> <span class='ocrx_word' id='word_1_901' title='bbox 2329 4108 2452 4165; x_wconf 87' lang='lat' dir='ltr'><strong>fecit</strong></span> <span class='ocrx_word' id='word_1_902' title='bbox 2480 4109 2675 4175; x_wconf 91' lang='lat' dir='ltr'><strong>omnia,</strong></span> <span class='ocrx_word' id='word_1_903' title='bbox 2704 4118 2759 4165; x_wconf 85' lang='lat' dir='ltr'><strong>et</strong></span> <span class='ocrx_word' id='word_1_904' title='bbox 2785 4111 2835 4163; x_wconf 94' lang='lat' dir='ltr'><strong>in</strong></span> <span class='ocrx_word' id='word_1_905' title='bbox 2866 4110 2977 4164; x_wconf 90' lang='lat' dir='ltr'><strong>suis</strong></span> <span class='ocrx_word' id='word_1_906' title='bbox 3010 4111 3259 4180; x_wconf 83' lang='lat' dir='ltr'><strong>gradibus</strong></span> <span class='ocrx_word' id='word_1_907' title='bbox 3285 4113 3584 4169; x_wconf 91' lang='lat' dir='ltr'><strong>collocavit.</strong></span> 
     </span>
    </p>
   </div>
   <div class='ocr_carea' id='block_1_104' title="bbox 2007 4202 3587 4277">
    <p class='ocr_par' dir='ltr' id='par_1_104' title="bbox 2007 4202 3587 4277">
     <span class='ocr_line' id='line_1_104' title="bbox 2007 4202 3587 4277; baseline 0.004 -20"><span class='ocrx_word' id='word_1_908' title='bbox 2007 4204 2181 4270; x_wconf 87' lang='lat' dir='ltr'><strong>Quare</strong></span> <span class='ocrx_word' id='word_1_909' title='bbox 2228 4212 2404 4258; x_wconf 88' lang='lat' dir='ltr'><strong>autem</strong></span> <span class='ocrx_word' id='word_1_910' title='bbox 2444 4203 2672 4271; x_wconf 88' lang='lat' dir='ltr'><strong>patimur</strong></span> <span class='ocrx_word' id='word_1_911' title='bbox 2712 4202 2875 4257; x_wconf 84' lang='lat' dir='ltr'><strong>multa</strong></span> <span class='ocrx_word' id='word_1_912' title='bbox 2911 4204 3048 4258; x_wconf 88' lang='lat' dir='ltr'><strong>mala</strong></span> <span class='ocrx_word' id='word_1_913' title='bbox 3083 4220 3113 4258; x_wconf 91' lang='lat' dir='ltr'><strong>a</strong></span> <span class='ocrx_word' id='word_1_914' title='bbox 3146 4214 3387 4260; x_wconf 89' lang='lat' dir='ltr'><strong>creatura</strong></span> <span class='ocrx_word' id='word_1_915' title='bbox 3426 4223 3587 4277; x_wconf 84' lang='lat' dir='ltr'><strong>quant</strong></span> 
     </span>
    </p>
   </div>
   <div class='ocr_carea' id='block_1_105' title="bbox 2007 4294 3590 4370">
    <p class='ocr_par' dir='ltr' id='par_1_105' title="bbox 2007 4294 3590 4370">
     <span class='ocr_line' id='line_1_105' title="bbox 2007 4294 3590 4370; baseline 0.005 -21"><span class='ocrx_word' id='word_1_916' title='bbox 2007 4298 2130 4351; x_wconf 87' lang='lat' dir='ltr'><strong>fecit</strong></span> <span class='ocrx_word' id='word_1_917' title='bbox 2171 4296 2344 4350; x_wconf 86' lang='lat' dir='ltr'><strong>Deus?</strong></span> <span class='ocrx_word' id='word_1_918' title='bbox 2383 4294 2516 4361; x_wconf 88' lang='lat' dir='ltr'><strong>Quia</strong></span> <span class='ocrx_word' id='word_1_919' title='bbox 2557 4294 2877 4351; x_wconf 73' lang='lat' dir='ltr'><strong>offendimus</strong></span> <span class='ocrx_word' id='word_1_920' title='bbox 2917 4297 3121 4352; x_wconf 89' lang='lat' dir='ltr'><strong>Deum?</strong></span> <span class='ocrx_word' id='word_1_921' title='bbox 3166 4298 3430 4370; x_wconf 87' lang='lat' dir='ltr'><strong>Numquid</strong></span> <span class='ocrx_word' id='word_1_922' title='bbox 3476 4301 3590 4357; x_wconf 76' lang='lat' dir='ltr'><strong>haec</strong></span> 
     </span>
    </p>
   </div>
   <div class='ocr_carea' id='block_1_106' title="bbox 2008 4386 3588 4458">
    <p class='ocr_par' dir='ltr' id='par_1_106' title="bbox 2008 4386 3588 4458">
     <span class='ocr_line' id='line_1_106' title="bbox 2008 4386 3588 4458; baseline 0.003 -14"><span class='ocrx_word' id='word_1_923' title='bbox 2008 4389 2193 4458; x_wconf 89' lang='lat' dir='ltr'><strong>Angeli</strong></span> <span class='ocrx_word' id='word_1_924' title='bbox 2222 4388 2529 4458; x_wconf 86' lang='lat' dir='ltr'><strong>patiuntur?</strong></span> <span class='ocrx_word' id='word_1_925' title='bbox 2556 4386 2819 4442; x_wconf 85' lang='lat' dir='ltr'><strong>Fortassis</strong></span> <span class='ocrx_word' id='word_1_926' title='bbox 2840 4395 2895 4443; x_wconf 92' lang='lat' dir='ltr'><strong>et</strong></span> <span class='ocrx_word' id='word_1_927' title='bbox 2920 4404 3017 4443; x_wconf 92' lang='lat' dir='ltr'><strong>nos</strong></span> <span class='ocrx_word' id='word_1_928' title='bbox 3040 4390 3090 4442; x_wconf 92' lang='lat' dir='ltr'><strong>in</strong></span> <span class='ocrx_word' id='word_1_929' title='bbox 3117 4390 3220 4444; x_wconf 89' lang='lat' dir='ltr'><strong>vita</strong></span> <span class='ocrx_word' id='word_1_930' title='bbox 3251 4391 3348 4445; x_wconf 92' lang='lat' dir='ltr'><strong>ista</strong></span> <span class='ocrx_word' id='word_1_931' title='bbox 3371 4392 3457 4446; x_wconf 89' lang='lat' dir='ltr'><strong>illa</strong></span> <span class='ocrx_word' id='word_1_932' title='bbox 3482 4408 3588 4449; x_wconf 91' lang='lat' dir='ltr'><strong>non</strong></span> 
     </span>
    </p>
   </div>
   <div class='ocr_carea' id='block_1_107' title="bbox 2008 4480 3589 4553">
    <p class='ocr_par' dir='ltr' id='par_1_107' title="bbox 2008 4480 3589 4553">
     <span class='ocr_line' id='line_1_107' title="bbox 2008 4480 3589 4553; baseline 0.004 -19"><span class='ocrx_word' id='word_1_933' title='bbox 2008 4481 2333 4534; x_wconf 88' lang='lat' dir='ltr'><strong>timeremus.</strong></span> <span class='ocrx_word' id='word_1_934' title='bbox 2368 4480 2440 4533; x_wconf 92' lang='lat' dir='ltr'><strong>De</strong></span> <span class='ocrx_word' id='word_1_935' title='bbox 2472 4494 2625 4547; x_wconf 86' lang='lat' dir='ltr'><strong>poena</strong></span> <span class='ocrx_word' id='word_1_936' title='bbox 2652 4488 2739 4533; x_wconf 91' lang='lat' dir='ltr'><strong>tua</strong></span> <span class='ocrx_word' id='word_1_937' title='bbox 2771 4482 3043 4548; x_wconf 81' lang='lat' dir='ltr'><strong>peceatum</strong></span> <span class='ocrx_word' id='word_1_938' title='bbox 3067 4489 3210 4535; x_wconf 87' lang='lat' dir='ltr'><strong>tuum</strong></span> <span class='ocrx_word' id='word_1_939' title='bbox 3238 4498 3449 4553; x_wconf 84' lang='lat' dir='ltr'><strong>accusa,</strong></span> <span class='ocrx_word' id='word_1_940' title='bbox 3480 4501 3589 4541; x_wconf 91' lang='lat' dir='ltr'><strong>non</strong></span> 
     </span>
    </p>
   </div>
   <div class='ocr_carea' id='block_1_108' title="bbox 2002 4568 3589 4640">
    <p class='ocr_par' dir='ltr' id='par_1_108' title="bbox 2002 4568 3589 4640">
     <span class='ocr_line' id='line_1_108' title="bbox 2002 4568 3589 4640; baseline 0.006 -17"><span class='ocrx_word' id='word_1_941' title='bbox 2002 4570 2253 4640; x_wconf 86' lang='lat' dir='ltr'><strong>judicem.</strong></span> <span class='ocrx_word' id='word_1_942' title='bbox 2280 4568 2411 4624; x_wconf 87' lang='lat' dir='ltr'><strong>Nam</strong></span> <span class='ocrx_word' id='word_1_943' title='bbox 2442 4579 2658 4640; x_wconf 89' lang='lat' dir='ltr'><strong>propter</strong></span> <span class='ocrx_word' id='word_1_944' title='bbox 2685 4571 2986 4640; x_wconf 87' lang='lat' dir='ltr'><strong>superbiam</strong></span> <span class='ocrx_word' id='word_1_945' title='bbox 3017 4572 3242 4629; x_wconf 85' lang='lat' dir='ltr'><strong>instituit</strong></span> <span class='ocrx_word' id='word_1_946' title='bbox 3270 4576 3412 4632; x_wconf 91' lang='lat' dir='ltr'><strong>Deus</strong></span> <span class='ocrx_word' id='word_1_947' title='bbox 3433 4578 3589 4633; x_wconf 89' lang='lat' dir='ltr'><strong>istam</strong></span> 
     </span>
    </p>
   </div>
   <div class='ocr_carea' id='block_1_109' title="bbox 2007 4662 3591 4739">
    <p class='ocr_par' dir='ltr' id='par_1_109' title="bbox 2007 4662 3591 4739">
     <span class='ocr_line' id='line_1_109' title="bbox 2007 4662 3591 4739; baseline 0.006 -23"><span class='ocrx_word' id='word_1_948' title='bbox 2007 4671 2303 4717; x_wconf 84' lang='lat' dir='ltr'><strong>creaturam</strong></span> <span class='ocrx_word' id='word_1_949' title='bbox 2345 4663 2616 4715; x_wconf 84' lang='lat' dir='ltr'><strong>minimam</strong></span> <span class='ocrx_word' id='word_1_950' title='bbox 2660 4670 2714 4716; x_wconf 91' lang='lat' dir='ltr'><strong>et</strong></span> <span class='ocrx_word' id='word_1_951' title='bbox 2752 4662 3160 4732; x_wconf 89' lang='lat' dir='ltr'><strong>abjectissimam</strong></span> <span class='ocrx_word' id='word_1_952' title='bbox 3193 4666 3235 4734; x_wconf 82' lang='grc'><strong>³,</strong></span> <span class='ocrx_word' id='word_1_953' title='bbox 3266 4676 3324 4722; x_wconf 91' lang='lat' dir='ltr'><strong>ut</strong></span> <span class='ocrx_word' id='word_1_954' title='bbox 3351 4669 3461 4739; x_wconf 90' lang='lat' dir='ltr'><strong>ipsa</strong></span> <span class='ocrx_word' id='word_1_955' title='bbox 3492 4686 3591 4726; x_wconf 90' lang='lat' dir='ltr'><strong>uos</strong></span> 
     </span>
    </p>
   </div>
   <div class='ocr_carea' id='block_1_110' title="bbox 2008 4740 3693 4831">
    <p class='ocr_par' dir='ltr' id='par_1_110' title="bbox 2008 4740 3693 4831">
     <span class='ocr_line' id='line_1_110' title="bbox 2008 4740 3693 4831; baseline 0.005 -23"><span class='ocrx_word' id='word_1_956' title='bbox 2008 4762 2279 4824; x_wconf 88' lang='lat' dir='ltr'><strong>torqueret</strong></span> <span class='ocrx_word' id='word_1_957' title='bbox 2307 4771 2319 4807; x_wconf 87' lang='lat'><strong>:</strong></span> <span class='ocrx_word' id='word_1_958' title='bbox 2353 4761 2410 4807; x_wconf 89' lang='lat' dir='ltr'><strong>ut</strong></span> <span class='ocrx_word' id='word_1_959' title='bbox 2435 4768 2554 4807; x_wconf 90' lang='lat' dir='ltr'><strong>cum</strong></span> <span class='ocrx_word' id='word_1_960' title='bbox 2583 4754 2842 4824; x_wconf 90' lang='lat' dir='ltr'><strong>superbus</strong></span> <span class='ocrx_word' id='word_1_961' title='bbox 2864 4754 3222 4823; x_wconf 88' lang='lat' dir='ltr'><strong>fuerithomo,</strong></span> <span class='ocrx_word' id='word_1_962' title='bbox 3253 4769 3307 4815; x_wconf 93' lang='lat' dir='ltr'><strong>et</strong></span> <span class='ocrx_word' id='word_1_963' title='bbox 3330 4776 3390 4816; x_wconf 89' lang='lat' dir='ltr'><strong>se</strong></span> <span class='ocrx_word' id='word_1_964' title='bbox 3413 4763 3589 4831; x_wconf 87' lang='lat' dir='ltr'><strong>jacta-</strong></span> <span class='ocrx_word' id='word_1_965' title='bbox 3684 4740 3693 4745; x_wconf 24' lang='grc' dir='ltr'><strong>λ</strong></span> 
     </span>
    </p>
   </div>
   <div class='ocr_carea' id='block_1_111' title="bbox 2006 4844 3589 4914">
    <p class='ocr_par' dir='ltr' id='par_1_111' title="bbox 2006 4844 3589 4914">
     <span class='ocr_line' id='line_1_111' title="bbox 2006 4844 3589 4914; baseline 0.007 -18"><span class='ocrx_word' id='word_1_966' title='bbox 2006 4845 2141 4897; x_wconf 86' lang='lat' dir='ltr'><strong>verit</strong></span> <span class='ocrx_word' id='word_1_967' title='bbox 2165 4844 2417 4898; x_wconf 83' lang='lat' dir='ltr'><strong>adversus</strong></span> <span class='ocrx_word' id='word_1_968' title='bbox 2450 4844 2645 4909; x_wconf 89' lang='lat' dir='ltr'><strong>Deum;</strong></span> <span class='ocrx_word' id='word_1_969' title='bbox 2678 4854 2751 4911; x_wconf 88' lang='lat' dir='ltr'><strong>et,</strong></span> <span class='ocrx_word' id='word_1_970' title='bbox 2783 4860 2902 4900; x_wconf 92' lang='lat' dir='ltr'><strong>cum</strong></span> <span class='ocrx_word' id='word_1_971' title='bbox 2932 4848 2999 4900; x_wconf 90' lang='lat' dir='ltr'><strong>sit</strong></span> <span class='ocrx_word' id='word_1_972' title='bbox 3028 4849 3284 4914; x_wconf 89' lang='lat' dir='ltr'><strong>mortalis,</strong></span> <span class='ocrx_word' id='word_1_973' title='bbox 3308 4852 3589 4907; x_wconf 86' lang='lat' dir='ltr'><strong>mortalem</strong></span> 
     </span>
    </p>
   </div>
   <div class='ocr_carea' id='block_1_112' title="bbox 2014 4936 3586 5010">
    <p class='ocr_par' dir='ltr' id='par_1_112' title="bbox 2014 4936 3586 5010">
     <span class='ocr_line' id='line_1_112' title="bbox 2014 4936 3586 5010; baseline 0.007 -21"><span class='ocrx_word' id='word_1_974' title='bbox 2014 4939 2283 4999; x_wconf 81' lang='lat' dir='ltr'><strong>terruerit;</strong></span> <span class='ocrx_word' id='word_1_975' title='bbox 2302 4944 2374 5003; x_wconf 89' lang='lat' dir='ltr'><strong>ct,</strong></span> <span class='ocrx_word' id='word_1_976' title='bbox 2402 4944 2522 4990; x_wconf 85' lang='lat' dir='ltr'><strong>eum</strong></span> <span class='ocrx_word' id='word_1_977' title='bbox 2552 4937 2621 4990; x_wconf 88' lang='lat' dir='ltr'><strong>sit</strong></span> <span class='ocrx_word' id='word_1_978' title='bbox 2645 4936 2824 5003; x_wconf 94' lang='lat' dir='ltr'><strong>homo,</strong></span> <span class='ocrx_word' id='word_1_979' title='bbox 2853 4940 3153 5010; x_wconf 79' lang='lat' dir='ltr'><strong>proximum</strong></span> <span class='ocrx_word' id='word_1_980' title='bbox 3183 4942 3451 4998; x_wconf 90' lang='lat' dir='ltr'><strong>hominem</strong></span> <span class='ocrx_word' id='word_1_981' title='bbox 3481 4960 3586 5000; x_wconf 92' lang='lat' dir='ltr'><strong>non</strong></span> 
     </span>
    </p>
   </div>
   <div class='ocr_carea' id='block_1_113' title="bbox 2008 5028 3589 5101">
    <p class='ocr_par' dir='ltr' id='par_1_113' title="bbox 2008 5028 3589 5101">
     <span class='ocr_line' id='line_1_113' title="bbox 2008 5028 3589 5101; baseline 0.006 -22"><span class='ocrx_word' id='word_1_982' title='bbox 2008 5028 2312 5096; x_wconf 88' lang='lat' dir='ltr'><strong>agnoverit;</strong></span> <span class='ocrx_word' id='word_1_983' title='bbox 2341 5042 2459 5080; x_wconf 93' lang='lat' dir='ltr'><strong>cum</strong></span> <span class='ocrx_word' id='word_1_984' title='bbox 2497 5042 2555 5081; x_wconf 89' lang='lat' dir='ltr'><strong>se</strong></span> <span class='ocrx_word' id='word_1_985' title='bbox 2593 5030 2841 5094; x_wconf 78' lang='lat' dir='ltr'><strong>erexerit,</strong></span> <span class='ocrx_word' id='word_1_986' title='bbox 2867 5031 3125 5098; x_wconf 89' lang='lat' dir='ltr'><strong>pulicibus</strong></span> <span class='ocrx_word' id='word_1_987' title='bbox 3151 5033 3423 5087; x_wconf 89' lang='lat' dir='ltr'><strong>subdatur.</strong></span> <span class='ocrx_word' id='word_1_988' title='bbox 3452 5036 3589 5101; x_wconf 88' lang='lat' dir='ltr'><strong>Quid</strong></span> 
     </span>
    </p>
   </div>
   <div class='ocr_carea' id='block_1_114' title="bbox 2008 5117 3592 5192">
    <p class='ocr_par' dir='ltr' id='par_1_114' title="bbox 2008 5117 3592 5192">
     <span class='ocr_line' id='line_1_114' title="bbox 2008 5117 3592 5192; baseline 0.007 -19"><span class='ocrx_word' id='word_1_989' title='bbox 2008 5128 2089 5173; x_wconf 84' lang='lat' dir='ltr'><strong>est</strong></span> <span class='ocrx_word' id='word_1_990' title='bbox 2113 5118 2252 5187; x_wconf 90' lang='lat' dir='ltr'><strong>quod</strong></span> <span class='ocrx_word' id='word_1_991' title='bbox 2285 5125 2336 5172; x_wconf 91' lang='lat' dir='ltr'><strong>te</strong></span> <span class='ocrx_word' id='word_1_992' title='bbox 2366 5117 2515 5173; x_wconf 87' lang='lat' dir='ltr'><strong>inllas</strong></span> <span class='ocrx_word' id='word_1_993' title='bbox 2542 5118 2770 5175; x_wconf 89' lang='lat' dir='ltr'><strong>humana</strong></span> <span class='ocrx_word' id='word_1_994' title='bbox 2799 5124 3079 5192; x_wconf 83' lang='lat' dir='ltr'><strong>superbia?</strong></span> <span class='ocrx_word' id='word_1_995' title='bbox 3118 5125 3286 5178; x_wconf 93' lang='lat' dir='ltr'><strong>llomo</strong></span> <span class='ocrx_word' id='word_1_996' title='bbox 3326 5126 3419 5180; x_wconf 87' lang='lat' dir='ltr'><strong>tibi</strong></span> <span class='ocrx_word' id='word_1_997' title='bbox 3457 5120 3592 5184; x_wconf 77' lang='lat' dir='ltr'><strong>dixit</strong></span> 
     </span>
    </p>
   </div>
   <div class='ocr_carea' id='block_1_115' title="bbox 2006 5211 3591 5285">
    <p class='ocr_par' dir='ltr' id='par_1_115' title="bbox 2006 5211 3591 5285">
     <span class='ocr_line' id='line_1_115' title="bbox 2006 5211 3591 5285; baseline 0.006 -20"><span class='ocrx_word' id='word_1_998' title='bbox 2006 5211 2324 5277; x_wconf 88' lang='lat' dir='ltr'><strong>convicium,</strong></span> <span class='ocrx_word' id='word_1_999' title='bbox 2351 5219 2405 5266; x_wconf 93' lang='lat' dir='ltr'><strong>et</strong></span> <span class='ocrx_word' id='word_1_1000' title='bbox 2435 5212 2690 5279; x_wconf 86' lang='lat' dir='ltr'><strong>tumuisti,</strong></span> <span class='ocrx_word' id='word_1_1001' title='bbox 2721 5222 2775 5267; x_wconf 91' lang='lat' dir='ltr'><strong>et</strong></span> <span class='ocrx_word' id='word_1_1002' title='bbox 2804 5213 2968 5270; x_wconf 87' lang='lat' dir='ltr'><strong>iratus</strong></span> <span class='ocrx_word' id='word_1_1003' title='bbox 2994 5229 3083 5279; x_wconf 90' lang='lat' dir='ltr'><strong>es;</strong></span> <span class='ocrx_word' id='word_1_1004' title='bbox 3109 5215 3372 5285; x_wconf 87' lang='lat' dir='ltr'><strong>pulicibus</strong></span> <span class='ocrx_word' id='word_1_1005' title='bbox 3398 5218 3591 5274; x_wconf 79' lang='lat' dir='ltr'><strong>resiste</strong></span> 
     </span>
    </p>
   </div>
   <div class='ocr_carea' id='block_1_116' title="bbox 2074 5383 3595 5458">
    <p class='ocr_par' dir='ltr' id='par_1_116' title="bbox 2074 5383 3595 5458">
     <span class='ocr_line' id='line_1_116' title="bbox 2074 5383 3595 5458; baseline 0.009 -26"><span class='ocrx_word' id='word_1_1006' title='bbox 2074 5386 2089 5416; x_wconf 76' lang='grc' dir='ltr'>ι</span> <span class='ocrx_word' id='word_1_1007' title='bbox 2115 5383 2268 5458; x_wconf 78' lang='lat' dir='ltr'><strong>Editi_,_</strong></span> <span class='ocrx_word' id='word_1_1008' title='bbox 2290 5383 2508 5458; x_wconf 79' lang='lat' dir='ltr'><strong>patimini</strong></span> <span class='ocrx_word' id='word_1_1009' title='bbox 2530 5399 2561 5434; x_wconf 90' lang='lat' dir='ltr'><strong>a</strong></span> <span class='ocrx_word' id='word_1_1010' title='bbox 2592 5386 2770 5438; x_wconf 85' lang='lat' dir='ltr'><strong>muscis</strong></span> <span class='ocrx_word' id='word_1_1011' title='bbox 2795 5400 2812 5438; x_wconf 91' lang='lat'><strong><em>:</em></strong></span> <span class='ocrx_word' id='word_1_1012' title='bbox 2837 5394 2890 5458; x_wconf 65' lang='lat' dir='ltr'><strong>et</strong></span> <span class='ocrx_word' id='word_1_1013' title='bbox 2921 5386 3062 5450; x_wconf 86' lang='lat' dir='ltr'><strong>paulo</strong></span> <span class='ocrx_word' id='word_1_1014' title='bbox 3096 5386 3247 5458; x_wconf 75' lang='lat' dir='ltr'><strong>infra,</strong></span> <span class='ocrx_word' id='word_1_1015' title='bbox 3269 5389 3538 5453; x_wconf 82' lang='lat' dir='ltr'><strong>patiebatur</strong></span> <span class='ocrx_word' id='word_1_1016' title='bbox 3559 5408 3595 5445; x_wconf 77' lang='grc' dir='ltr'><em>α</em></span> 
     </span>
    </p>
   </div>
   <div class='ocr_carea' id='block_1_117' title="bbox 2007 5448 3592 5512">
    <p class='ocr_par' dir='ltr' id='par_1_117' title="bbox 2007 5448 3592 5512">
     <span class='ocr_line' id='line_1_117' title="bbox 2007 5448 3592 5512; baseline 0.006 -16"><span class='ocrx_word' id='word_1_1017' title='bbox 2007 5448 2216 5506; x_wconf 80' lang='lat' dir='ltr'><strong>muscis;</strong></span> <span class='ocrx_word' id='word_1_1018' title='bbox 2238 5449 2548 5512; x_wconf 80' lang='lat' dir='ltr'><strong>itempostea</strong></span> <span class='ocrx_word' id='word_1_1019' title='bbox 2567 5484 2590 5512; x_wconf 18' lang='grc' dir='ltr'><strong>,ν</strong></span> <span class='ocrx_word' id='word_1_1020' title='bbox 2621 5463 2787 5512; x_wconf 79' lang='lat' dir='ltr'><strong>passus</strong></span> <span class='ocrx_word' id='word_1_1021' title='bbox 2814 5455 2885 5500; x_wconf 82' lang='lat' dir='ltr'><strong>est</strong></span> <span class='ocrx_word' id='word_1_1022' title='bbox 2920 5448 2951 5512; x_wconf 68' lang='grc' dir='ltr'><strong>ᾇ</strong></span> <span class='ocrx_word' id='word_1_1023' title='bbox 2979 5448 3173 5512; x_wconf 69' lang='lat' dir='ltr'><strong>muscis.</strong></span> <span class='ocrx_word' id='word_1_1024' title='bbox 3198 5448 3395 5503; x_wconf 67' lang='lat' dir='ltr'><strong>at&#39;Mss.</strong></span> <span class='ocrx_word' id='word_1_1025' title='bbox 3420 5468 3592 5506; x_wconf 88' lang='lat' dir='ltr'><strong>omnes</strong></span> 
     </span>
    </p>
   </div>
   <div class='ocr_carea' id='block_1_118' title="bbox 2007 5509 3593 5620">
    <p class='ocr_par' dir='ltr' id='par_1_118' title="bbox 2007 5509 3593 5620">
     <span class='ocr_line' id='line_1_118' title="bbox 2007 5509 3593 5620; baseline 0.006 -62"><span class='ocrx_word' id='word_1_1026' title='bbox 2007 5515 2290 5581; x_wconf 39' lang='lat' dir='ltr'><strong>coast-inter.</strong></span> <span class='ocrx_word' id='word_1_1027' title='bbox 2305 5509 2504 5580; x_wconf 79' lang='lat' dir='ltr'><strong>habent,</strong></span> <span class='ocrx_word' id='word_1_1028' title='bbox 2528 5511 2593 5582; x_wconf 75' lang='lat' dir='ltr'><strong>ad</strong></span> <span class='ocrx_word' id='word_1_1029' title='bbox 2612 5509 2799 5560; x_wconf 84' lang='lat' dir='ltr'><strong>muscas</strong></span> <span class='ocrx_word' id='word_1_1030' title='bbox 2828 5524 2843 5560; x_wconf 83' lang='lat'><strong>.&#39;</strong></span> <span class='ocrx_word' id='word_1_1031' title='bbox 2868 5510 3051 5582; x_wconf 80' lang='lat' dir='ltr'><strong>scilicet</strong></span> <span class='ocrx_word' id='word_1_1032' title='bbox 3056 5511 3230 5620; x_wconf 59' lang='lat' dir='ltr'><strong>iﬁbrasi</strong></span> <span class='ocrx_word' id='word_1_1033' title='bbox 3245 5516 3449 5577; x_wconf 87' lang='lat' dir='ltr'><strong>quadam</strong></span> <span class='ocrx_word' id='word_1_1034' title='bbox 3471 5516 3593 5567; x_wconf 81' lang='lat' dir='ltr'><strong>Afris</strong></span> 
     </span>
     <span class='ocr_line' id='line_1_119' title="bbox 2007 5576 3182 5620; baseline 0.002 -2"><span class='ocrx_word' id='word_1_1035' title='bbox 2007 5577 2199 5620; x_wconf 83' lang='lat' dir='ltr'><strong>usuata.</strong></span> <span class='ocrx_word' id='word_1_1036' title='bbox 2222 5576 2293 5618; x_wconf 74' lang='lat' dir='ltr'><strong>uti</strong></span> <span class='ocrx_word' id='word_1_1037' title='bbox 2317 5578 2492 5620; x_wconf 79' lang='lat' dir='ltr'><strong>merito</strong></span> <span class='ocrx_word' id='word_1_1038' title='bbox 2513 5586 2670 5620; x_wconf 77' lang='lat' dir='ltr'><strong>visum</strong></span> <span class='ocrx_word' id='word_1_1039' title='bbox 2694 5580 2771 5620; x_wconf 86' lang='lat' dir='ltr'><strong>est</strong></span> <span class='ocrx_word' id='word_1_1040' title='bbox 2791 5580 3057 5620; x_wconf 79' lang='lat' dir='ltr'><strong>Lovamens</strong></span> <span class='ocrx_word' id='word_1_1041' title='bbox 3108 5587 3182 5620; x_wconf 91' lang='lat' dir='ltr'><strong>us.</strong></span> 
     </span>
    </p>
   </div>
   <div class='ocr_carea' id='block_1_119' title="bbox 2006 5573 3182 5629">
    <p class='ocr_par' dir='ltr' id='par_1_119' title="bbox 2006 5573 3182 5629">
     <span class='ocr_line' id='line_1_120' title="bbox 2006 5573 3182 5629; baseline 0.003 -12"><span class='ocrx_word' id='word_1_1042' title='bbox 2006 5573 2199 5629; x_wconf 88' lang='lat' dir='ltr'><strong>usitata,</strong></span> <span class='ocrx_word' id='word_1_1043' title='bbox 2222 5573 2293 5618; x_wconf 87' lang='lat' dir='ltr'><strong>uti</strong></span> <span class='ocrx_word' id='word_1_1044' title='bbox 2317 5573 2492 5620; x_wconf 84' lang='lat' dir='ltr'><strong>merito</strong></span> <span class='ocrx_word' id='word_1_1045' title='bbox 2513 5574 2670 5621; x_wconf 89' lang='lat' dir='ltr'><strong>visum</strong></span> <span class='ocrx_word' id='word_1_1046' title='bbox 2694 5580 2771 5621; x_wconf 87' lang='lat' dir='ltr'><strong>est</strong></span> <span class='ocrx_word' id='word_1_1047' title='bbox 2791 5573 3182 5623; x_wconf 81' lang='lat' dir='ltr'><strong>Lovauiensibus.</strong></span> 
     </span>
    </p>
   </div>
   <div class='ocr_carea' id='block_1_120' title="bbox 2070 5630 3591 5702">
    <p class='ocr_par' dir='ltr' id='par_1_120' title="bbox 2070 5630 3591 5702">
     <span class='ocr_line' id='line_1_121' title="bbox 2070 5630 3591 5702; baseline 0.005 -22"><span class='ocrx_word' id='word_1_1048' title='bbox 2070 5633 2091 5702; x_wconf 68' lang='grc' dir='ltr'><strong>ξ</strong></span> <span class='ocrx_word' id='word_1_1049' title='bbox 2115 5637 2247 5702; x_wconf 83' lang='lat' dir='ltr'><strong>_Lov.,_</strong></span> <span class='ocrx_word' id='word_1_1050' title='bbox 2270 5630 2522 5702; x_wconf 76' lang='lat' dir='ltr'><strong>morientes</strong></span> <span class='ocrx_word' id='word_1_1051' title='bbox 2544 5646 2561 5683; x_wconf 94' lang='lat'><strong><em>:</em></strong></span> <span class='ocrx_word' id='word_1_1052' title='bbox 2581 5632 2844 5702; x_wconf 73' lang='lat' dir='ltr'><strong>cujusloco</strong></span> <span class='ocrx_word' id='word_1_1053' title='bbox 2869 5632 3087 5702; x_wconf 74' lang='lat' dir='ltr'><strong>editialii</strong></span> <span class='ocrx_word' id='word_1_1054' title='bbox 3106 5642 3159 5685; x_wconf 90' lang='lat' dir='ltr'><strong>et</strong></span> <span class='ocrx_word' id='word_1_1055' title='bbox 3178 5642 3306 5695; x_wconf 82' lang='lat' dir='ltr'><strong>Mss.,</strong></span> <span class='ocrx_word' id='word_1_1056' title='bbox 3321 5635 3591 5702; x_wconf 69' lang='lat' dir='ltr'><strong>meritum,</strong></span> 
     </span>
    </p>
   </div>
   <div class='ocr_carea' id='block_1_121' title="bbox 2009 5691 3591 5804">
    <p class='ocr_par' dir='ltr' id='par_1_121' title="bbox 2009 5691 3591 5804">
     <span class='ocr_line' id='line_1_122' title="bbox 2009 5691 3591 5804; baseline -0.006 -53"><span class='ocrx_word' id='word_1_1057' title='bbox 2009 5691 2453 5804; x_wconf 46' lang='grc' dir='ltr'><strong>αὸξρὶιὲἱδξέἓιῗιίείιυθ</strong></span> <span class='ocrx_word' id='word_1_1058' title='bbox 2486 5703 2613 5757; x_wconf 70' lang='lat' dir='ltr'><strong>Mss,</strong></span> <span class='ocrx_word' id='word_1_1059' title='bbox 2637 5691 2839 5745; x_wconf 79' lang='lat' dir='ltr'><strong>instituit</strong></span> <span class='ocrx_word' id='word_1_1060' title='bbox 2860 5698 2911 5743; x_wconf 88' lang='lat' dir='ltr'><strong>ut</strong></span> <span class='ocrx_word' id='word_1_1061' title='bbox 2947 5692 3040 5745; x_wconf 84' lang='lat' dir='ltr'><strong>ista</strong></span> <span class='ocrx_word' id='word_1_1062' title='bbox 3077 5691 3303 5747; x_wconf 74' lang='lat' dir='ltr'><strong>creatura</strong></span> <span class='ocrx_word' id='word_1_1063' title='bbox 3329 5696 3591 5749; x_wconf 66' lang='lat' dir='ltr'><strong>mmet</strong></span> 
     </span>
    </p>
   </div>
   <div class='ocr_carea' id='block_1_122' title="bbox 2060 5766 2344 5818">
    <p class='ocr_par' dir='ltr' id='par_1_122' title="bbox 2060 5766 2344 5818">
     <span class='ocr_line' id='line_1_123' title="bbox 2060 5766 2344 5818; baseline 0.007 -14"><span class='ocrx_word' id='word_1_1064' title='bbox 2060 5766 2344 5818; x_wconf 66' lang='lat' dir='ltr'><strong>yecussuna.</strong></span> 
     </span>
    </p>
   </div>
   <div class='ocr_carea' id='block_1_123' title="bbox 2684 5836 3350 5918">
    <p class='ocr_par' dir='ltr' id='par_1_123' title="bbox 2684 5836 3350 5918">
     <span class='ocr_line' id='line_1_124' title="bbox 2684 5836 3350 5918; baseline 0 -18"><span class='ocrx_word' id='word_1_1065' title='bbox 2684 5836 2773 5915; x_wconf 74' lang='grc' dir='ltr'>(ρ</span> <span class='ocrx_word' id='word_1_1066' title='bbox 2782 5843 3312 5918; x_wconf 73' lang='lat' dir='ltr'><strong>amante—qualn.-</strong></span> <span class='ocrx_word' id='word_1_1067' title='bbox 3326 5839 3350 5907; x_wconf 79' lang='grc'><em>1</em></span> 
     </span>
    </p>
   </div>
  </div>
