4074 6472
472 321 604 378 1587

477 446 527 488 ut
555 427 789 488 dormias
819 441 835 480 ε
861 435 1122 495 cognosce
1163 416 1250 486 qui
1276 416 1369 472 sis.
1401 411 1532 467 Nam
1563 418 1619 462 ut
1643 403 1919 468 noveritis,
1944 401 2050 456 fra-

474 537 581 580 tres
603 565 618 589 ,
671 528 887 590 propter
926 511 1228 584 superbiam
1260 514 1496 561 nostram
1525 495 1844 590 domandam
1873 501 2051 590 creata

474 583 1011 682 .stapquas‘molesta
1055 599 1207 654 nobis
1235 603 1412 652 essent
1437 609 1450 645 :
1477 587 1726 659 pupulum
1764 583 2050 682 l’haraonis

477 675 763 778 superbum
791 698 961 769 potuit
991 696 1126 750 Deus
1155 691 1372 745 domare
1397 685 1463 738 de
1492 681 1647 745 ursis,
1680 678 1745 732 de
1775 675 2048 778 leonibus:

473 762 558 852 de‘
575 762 937 862 serpentibus;
969 796 1175 839 muscas
1203 789 1257 832 et
1285 787 1442 830 ranas
1477 771 1577 849 illis
1615 766 1831 822 immisit
1859 762 2049 834 (Exod.

474 906 586 956 vni,
613 861 805 954 6,724),
831 892 890 936 ut
917 881 1073 934 rebus
1099 870 1363 929 vilissimis
1387 865 1631 936 superbia
1655 861 1978 956 domaretur.

547 949 634 1036 1'6.
654 949 852 1032 VOmInia
880 985 1026 1041 ergo,
1071 966 1282 1027 fratres,
1329 957 1500 1014 omnia
1524 953 1741 1010 omnino
1771 966 1859 1020 per
1887 949 2050 1017 ipsum

475 1077 612 1143 facta
639 1078 776 1132 sunt,
807 1075 853 1119 et
881 1037 987 1117 sine
1011 1042 1122 1129 ipso
1162 1057 1350 1127 factum
1376 1058 1448 1105 est
1475 1045 1622 1103 nihil.
1654 1043 1758 1124 Sed
1785 1037 2052 1143 quomodo

475 1128 570 1235 per
599 1128 773 1232 ipsum
803 1157 938 1211 facta
963 1128 1086 1206 sunt
1107 1145 1324 1202 omnia?
1352 1140 1502 1209 Quod
1527 1141 1716 1212 factum
1745 1143 1850 1197 est,
1871 1128 2050 1235 ciuilio

473 1223 575 1309 uita
601 1223 690 1307 est.
720 1251 899 1304 Potest
925 1243 1068 1298 enim
1099 1242 1113 1272 ¹
1143 1239 1220 1294 sic
1243 1235 1368 1302 dici,
1395 1231 1542 1300 Quod
1567 1234 1757 1303 factum
1777 1233 1846 1280 est
1865 1225 1917 1277 in
1938 1223 2048 1290 illo,

473 1349 578 1399 vita
595 1353 668 1398 est
695 1357 714 1396 :
737 1354 863 1409 ergo
891 1345 1058 1390 totum
1085 1332 1190 1385 vita
1211 1336 1312 1392 est,
1343 1327 1388 1380 si
1410 1326 1487 1379 sic
1511 1314 2048 1409 pronuntiaverimps.

475 1435 612 1502 Quid
642 1431 780 1487 enim
799 1403 917 1481 'non
949 1425 999 1478 in
1028 1423 1118 1477 illo
1143 1419 1336 1474 factum
1363 1414 1476 1471 est?
1504 1413 1620 1480 Ipse
1647 1417 1729 1464 est
1767 1406 1908 1462 enim
1956 1403 2055 1459 Sa-

477 1496 672 1596 pientia
700 1521 826 1586 Dei;
860 1527 914 1575 et
938 1517 1129 1572 dicitur
1154 1514 1204 1568 in
1234 1509 1475 1573 Psalmo,
1507 1503 1688 1559 Omnia
1711 1502 1764 1554 in
1791 1496 2053 1596 Sapientia

453 1586 638 1688 ..ἐπεςιί
651 1616 666 1679 (
678 1611 818 1668 Psal.
836 1627 945 1676 cm,
965 1609 1080 1677 24).
1096 1605 1152 1660 Si
1168 1617 1296 1672 ergo
1308 1599 1549 1655 Christus
1561 1590 1916 1688 estSapientia
1935 1586 2046 1688 Dei,

475 1679 531 1763 et
547 1706 786 1762 Psalmus
801 1700 948 1763 dicit,
970 1696 1151 1751 Omnia
1171 1694 1226 1746 in
1250 1687 1514 1758 Sapientia
1531 1684 1712 1755 fecisti;
1725 1681 1902 1736 omnia
1918 1679 2052 1732 sicut

478 1815 574 1870 per
595 1797 742 1853 illum
771 1794 926 1857 facta,
954 1791 1026 1844 ita
1056 1789 1107 1842 in
1129 1787 1218 1841 illo
1240 1784 1372 1837 facta
1394 1788 1536 1835 sunt.
1563 1777 1618 1833 Si
1645 1789 1770 1844 ergo
1791 1771 1967 1827 omnia
1998 1769 2050 1823 in

477 1864 588 1957 illo,
619 1887 810 1943 fratres
833 1878 1147 1943 charissimi,
1178 1885 1232 1931 et
1259 1872 1400 1944 quod
1427 1873 1478 1926 in
1502 1871 1590 1924 illo
1613 1870 1805 1922 factum
1827 1874 1927 1928 est,
1946 1864 2053 1917 vita

476 1955 735 2050 estergo
761 1985 816 2032 et
844 1985 982 2030 terra
1012 1971 1115 2024 vita
1133 1977 1372 2036 est,ergo
1388 1973 1440 2020 et
1453 1963 1652 2032 lignum
1673 1959 1779 2014 vita
1805 1955 2053 2011 est.Dici-

477 2085 597 2126 mus
619 2048 830 2140 quidem
856 2065 1050 2134 lignum
1077 2060 1257 2123 vitam,
1288 2055 1383 2111 sed
1412 2051 1700 2108 secundum
1733 2048 2054 2103 intellectum

478 2138 678 2234 lignum
711 2157 912 2222 crucis,
952 2152 1094 2208 unde
1122 2149 1422 2219 accepimus
1450 2145 1633 2199 vitam.
1664 2142 1805 2209 Ergo
1838 2149 1890 2194 et
1922 2138 2056 2208 lapis

472 2254 583 2307 vita
626 2259 728 2308 est.
778 2247 1122 2302 Inhonestum
1161 2250 1245 2296 est
1273 2240 1351 2294 sic
1379 2236 1699 2305 intelligere,
1743 2246 1810 2286 ne
1844 2246 2054 2285 rursum

477 2343 631 2400 nobis
659 2340 912 2409 subrepat
937 2334 1123 2391 eadem
1151 2330 1514 2387 sordidissima
1560 2335 1703 2382 secta
1737 2323 2055 2378 Manichazo~

469 2449 617 2499 rum,
639 2442 696 2489 et
719 2431 860 2487 dicat
880 2427 998 2498 quia
1025 2425 1186 2479 habet
1205 2423 1364 2477 vitam
1389 2420 1545 2490 lapis,
1567 2425 1622 2473 et
1643 2415 1800 2470 habet
1826 2414 2056 2468 animam

480 2525 676 2596 paries,
704 2531 758 2577 et
783 2518 1030 2575 resticula
1060 2515 1220 2570 habet
1247 2511 1499 2584 animam,
1529 2516 1586 2564 et
1627 2508 1745 2561 lana
1784 2513 1840 2560 et
1873 2503 2054 2558 vestis.

477 2617 668 2674 Solent
707 2613 850 2670 enim
895 2610 1183 2666 delirantes
1219 2605 1420 2670 dicere,
1459 2612 1513 2657 et
1539 2615 1660 2656 cum
1690 2598 1918 2668 repressi
1948 2598 2061 2651 fue-

476 2708 590 2762 rint
611 2707 634 2738 ⁸
661 2714 716 2760 et
739 2701 956 2772 repulsi,
986 2698 1134 2770 quasi
1165 2695 1231 2752 de
1259 2692 1545 2764 Scripturis
1575 2689 1850 2760 proferunt
1875 2688 2058 2742 dicen-

473 2807 563 2852 tes
591 2813 606 2850 :
631 2791 830 2863 thuid
858 2790 1054 2854 dictum
1083 2796 1184 2850 est,
1217 2783 1362 2850 Quod
1385 2782 1578 2852 factum
1607 2789 1678 2834 est
1719 2779 1772 2832 in
1807 2777 1918 2843 illo,
1959 2777 2062 2830 vita

477 2887 594 2943 est?
627 2884 686 2940 Si
708 2883 847 2946 enim
875 2880 1050 2936 omnia
1088 2878 1140 2932 in
1189 2877 1304 2947 ipso
1355 2873 1492 2928 facta
1532 2881 1677 2938 sunt,
1727 2870 1902 2925 omnia
1951 2867 2061 2923 vita

481 2989 624 3034 sunt.
654 2975 769 3032 Non
807 2982 860 3028 te
901 2971 1166 3027 abducant
1198 2985 1211 3022 :
1243 2965 1525 3038 pronuntia
1557 2965 1653 3029 sic,
1689 2962 1838 3028 Quod
1868 2965 2060 3032 factum

484 3082 588 3136 cst;
620 3069 705 3124 hic
728 3065 1114 3133 subdistingue,
1143 3069 1197 3116 et
1225 3058 1419 3115 deinde
1459 3055 1616 3122 infer,
1648 3056 1701 3109 in
1729 3055 1819 3109 illo
1841 3056 1939 3108 vita
1963 3063 2058 3108 est.

483 3161 621 3230 Quid
647 3167 728 3216 est
757 3157 892 3212 hoc?
913 3155 1072 3209 Facta
1089 3161 1169 3208 est
1190 3161 1350 3215 terra,
1369 3148 1462 3204 sed
1484 3144 1598 3217 ipsa
1614 3156 1754 3202 terra
1787 3163 1905 3217 quae
1928 3145 2063 3200 facta

485 3261 589 3320 est,
611 3266 715 3306 non
729 3257 812 3305 est
830 3248 935 3302 vita
966 3264 979 3300 :
1010 3254 1092 3300 est
1109 3252 1283 3298 autem
1299 3242 1351 3296 in
1370 3241 1480 3310 ipsa
1497 3238 1764 3310 Sapientia
1781 3237 2067 3307 spirituali-

481 3355 568 3398 ιον
595 3343 729 3398 ratio
765 3339 1002 3410 qutudam
1035 3351 1135 3406 qua
1166 3345 1303 3391 terra
1347 3333 1479 3388 facta
1524 3339 1641 3396 est;
1678 3331 1792 3385 haec
1818 3331 1924 3385 vita
1963 3337 2064 3386 est.

560 3437 646 3490 l7.
679 3430 954 3500 Quomodo
980 3442 1219 3500 possum,
1244 3427 1415 3481 dicam
1445 3423 1700 3480 Charitati
1726 3431 1932 3477 vestrae.
1966 3421 2066 3475 Fa-

489 3529 586 3582 ber
611 3525 731 3579 facit
759 3537 958 3577 arcam.
987 3519 1163 3574 Primo
1192 3519 1244 3571 in
1269 3525 1382 3572 arte
1413 3515 1569 3570 habet
1596 3528 1773 3568 arcam
1809 3531 1822 3567 :
1851 3513 1895 3566 si
1922 3512 2064 3567 enim

487 3623 541 3673 in
590 3628 702 3672 arte
743 3629 917 3669 arcam
949 3626 1052 3666 non
1093 3609 1344 3673 haberet,
1386 3607 1525 3661 unde
1571 3605 1712 3659 illaut
1762 3604 2066 3658 fabricando

490 3705 788 3778 proferret?
826 3701 931 3758 Sed
964 3715 1085 3755 arca
1122 3699 1198 3752 sic
1224 3706 1306 3752 est
1335 3697 1388 3750 in
1417 3703 1552 3758 arte,
1578 3701 1635 3748 ut
1662 3709 1762 3746 non
1797 3694 1905 3762 ipsa
1942 3707 2065 3747 arca

487 3801 559 3855 sit
583 3814 700 3868 qua:
731 3795 938 3849 videtur
983 3791 1168 3845 oculis.
1225 3789 1282 3842 In
1321 3797 1435 3842 arte
1479 3786 1809 3840 invisibiliter
1847 3793 1966 3851 est,
2013 3786 2065 3840 in

488 3904 654 3959 opere
683 3886 954 3940 visibiliter
979 3882 1098 3938 erit.
1130 3881 1268 3936 Ecce
1311 3879 1443 3932 facta
1487 3886 1569 3932 est
1604 3877 1655 3932 in
1682 3891 1874 3945 Opere;
1907 3891 2063 3930 num-

489 3978 616 4048 quid
643 3975 839 4031 destitit
859 3988 977 4027 esse
1005 3971 1056 4025 in
1082 3971 1233 4024 arte?
1254 3969 1322 4023 Et
1343 3969 1430 4022 illa
1460 3968 1510 4021 in
1541 3982 1701 4036 opere
1729 3967 1864 4021 facta
1891 3976 1992 4034 est,
2015 3977 2070 4023 et

491 4072 580 4126 illa
611 4077 788 4123 manet
816 4081 934 4135 qua:
968 4065 1019 4117 in
1063 4071 1176 4117 arte
1201 4069 1280 4115 est
1306 4078 1319 4114 :
1351 4075 1470 4114 nam
1502 4067 1676 4129 potest
1703 4060 1789 4114 illa
1817 4075 1937 4114 arca
1967 4077 2067 4129 pu-

496 4172 744 4222 trescere,
773 4166 827 4212 et
856 4156 1044 4209 iterum
1074 4167 1138 4206 ex
1164 4150 1253 4205 illa
1280 4165 1396 4220 qua:
1431 4149 1482 4203 in
1510 4159 1623 4204 arte
1647 4158 1747 4214 est,
1779 4151 1879 4203 alia
1906 4149 2066 4205 fabri-

493 4251 623 4306 cari.
656 4245 920 4303 Attendite
946 4257 1071 4313 ergo
1094 4255 1270 4296 arcam
1293 4240 1344 4293 in
1367 4246 1496 4304 arte,
1523 4247 1576 4293 et
1597 4253 1772 4293 arcam
1801 4239 1852 4293 in
1878 4255 2058 4309 opere.

494 4345 633 4397 Area
657 4340 708 4394 in
735 4352 894 4408 opere
922 4350 1025 4388 non
1057 4341 1139 4387 cst
1162 4332 1287 4397 vita,
1316 4345 1437 4384 arca
1463 4331 1513 4383 in
1535 4337 1650 4385 arte
1678 4330 1784 4383 vita
1813 4339 1924 4394 est;
1945 4331 2066 4400 quia

494 4434 625 4488 vivit
652 4432 822 4485 anima
852 4425 1068 4482 artificis
1091 4466 1106 4488 ,
1155 4423 1245 4478 ubi
1291 4430 1414 4477 sunt
1443 4421 1543 4475 ista
1580 4421 1755 4474 omnia
1785 4432 2067 4490 antequam

495 4527 848 4598 proferantur.
869 4520 956 4574 Sic
976 4531 1120 4587 ergo,
1154 4515 1340 4570 fratres
1365 4512 1682 4574 cltarissimi,
1705 4513 1824 4582 quia
1851 4513 2072 4582 Sapien-

497 4619 568 4672 tia
599 4615 713 4679 Dei,
741 4627 836 4682 per
859 4625 1014 4680 quam
1043 4610 1173 4661 facta
1204 4613 1328 4660 sunt
1350 4605 1548 4669 omnia,
1581 4603 1871 4658 secundum
1899 4614 2070 4658 artem

495 4707 733 4764 continet
761 4701 958 4762 omnia,
999 4707 1280 4766 antequam
1311 4694 1529 4748 fabricet
1557 4694 1762 4758 omnia;
1794 4695 1915 4747 hinc
1953 4710 2071 4763 qua:

497 4800 628 4852 fiunt
668 4810 761 4866 per
801 4795 965 4861 ipsam
1006 4799 1194 4853 artetn,
1227 4803 1330 4840 non
1377 4786 1632 4840 continuo
1659 4785 1764 4838 vita
1805 4793 1945 4848 sunt,
1977 4785 2072 4840 sed

495 4885 748 4960 quidquid
789 4883 978 4936 factum
1005 4888 1086 4934 est
1105 4919 1118 4944 ,
1167 4878 1271 4930 vita
1303 4876 1355 4929 in
1385 4874 1477 4929 illo
1501 4882 1604 4929 est.
1635 4873 1851 4927 Terram
1881 4875 2026 4928 vides
2054 4891 2069 4938 ;

495 4990 577 5036 est
604 4981 656 5033 in
681 4985 795 5032 arte
825 4984 964 5030 terra
995 4989 1008 5028 :
1036 4971 1227 5027 caelum
1267 4969 1450 5033 vides;
1499 4975 1581 5021 est
1617 4966 1669 5021 in
1699 4976 1812 5020 arte
1831 4966 2023 5021 coelum
2055 4983 2067 5019 :

499 5072 668 5128 solem
695 5077 748 5124 et
774 5068 952 5122 lunam
977 5063 1158 5127 vides;
1199 5068 1324 5115 sunt
1350 5067 1404 5114 et
1432 5059 1530 5113 ista
1562 5060 1614 5112 in
1634 5067 1750 5112 arte
1778 5075 1791 5112 :
1819 5057 1912 5112 sed
1943 5057 2071 5112 foris

501 5176 724 5231 corpora
748 5166 892 5222 sunt,
935 5157 987 5210 in
1013 5163 1126 5208 arte
1157 5153 1257 5206 vita
1289 5159 1431 5205 sunt.
1466 5150 1654 5206 Videte
1677 5191 1692 5216 ,
1717 5150 1761 5203 si
1786 5165 1892 5219 quo
1914 5149 2072 5204 modo

497 5253 753 5323 potestis;
786 5263 973 5319 magna
1002 5245 1142 5301 enim
1171 5259 1258 5298 res
1291 5243 1428 5298 dicta
1457 5251 1539 5296 est
1568 5260 1581 5296 :
1608 5251 1662 5298 et
1689 5242 1734 5296 si
1771 5259 1874 5296 non
1914 5256 1942 5294 a
1986 5257 2071 5296 me

497 5359 708 5414 magno,
737 5351 828 5396 aut
867 5356 972 5395 non
1011 5353 1106 5408 per
1148 5352 1232 5391 me
1272 5350 1543 5406 magnum,
1571 5344 1748 5390 tamen
1781 5349 1813 5388 a
1857 5350 2068 5406 magno.

493 5431 610 5491 Non
637 5432 780 5490 enim
803 5446 834 5484 a
860 5446 946 5486 me
975 5428 1194 5501 parvulo
1219 5425 1357 5481 dicta
1392 5434 1514 5480 sunt
1538 5425 1653 5482 haec
1683 5443 1697 5480 :
1725 5427 1820 5482 sed
1847 5427 1934 5482 ille
1963 5442 2068 5482 non

560 5632 575 5662 ¹
599 5629 671 5679 Sic
689 5639 860 5679 omnes
871 5633 975 5676 Mss.
996 5629 1047 5673 et
1068 5621 1362 5685 antiquiores
1381 5619 1517 5685 editi.
1529 5628 1584 5685 At
1603 5628 1730 5676 Lov.:
1747 5629 2070 5678 rotesteham.

558 5692 586 5725 ⁸
605 5689 792 5756 Aiquot
815 5696 943 5751 Mam,
964 5693 1009 5741 et
1026 5697 1135 5737 cum
1151 5680 1426 5749 reprehensi
1447 5680 1640 5746 titerint.

1417 299 1484 356 ιη
1518 293 1790 354 JOANNIS
1829 291 2293 361 EVANGELIUM,
2332 291 2390 349 s.
2431 249 2806 345 aucusrmt

3599 289 3737 347 1588

2155 432 2238 476 est
2259 419 2508 491 parvulus
2531 417 2597 472 ad
2621 433 2779 488 quem
2807 418 3052 488 respicio,
3077 429 3134 474 ut
3155 419 3347 476 dicam.
3376 420 3562 492 Capiat
3586 439 3734 494 quis-

2153 524 2257 579 que
2280 518 2339 564 ut
2360 518 2554 580 potest,
2587 509 2638 563 in
2670 518 2924 579 quantum
2956 521 3128 580 potest
3159 529 3173 564 :
3204 521 3259 568 et
3281 515 3370 584 qui
3403 528 3504 567 non
3535 523 3733 583 potest,

2152 603 2350 657 nutriat
2369 617 2481 669 cor,
2509 609 2566 656 ut
2591 601 2776 671 possit.
2811 600 2962 657 Unde
2991 605 3222 659 nutriat?
3250 606 3324 660 De
3351 605 3484 660 lacte
3513 607 3734 673 nutriat,

2157 703 2214 747 ut
2257 693 2323 748 ad
2368 693 2545 748 cibum
2593 692 2885 763 perveniat.
2915 693 2960 747 A
2988 693 3198 749 Christo
3237 711 3332 765 per
3355 711 3571 751 carnem
3613 708 3738 751 nato

2156 798 2260 838 non
2305 785 2539 850 recedat,
2581 784 2753 841 donec
2797 786 3070 854 perveniat
3113 786 3180 841 ad
3217 787 3485 842 Christum
3527 788 3594 842 ab
3630 803 3738 843 uno

2155 872 2314 928 Patre
2357 883 2560 938 natum,
2602 875 2835 930 Verbum
2881 876 3046 931 Deum
3090 877 3228 946 apud
3259 877 3444 942 Deum,
3471 893 3567 949 per
3593 879 3736 948 quod

2156 964 2292 1019 facta
2321 975 2445 1020 sunt
2470 967 2648 1021 omnia
2680 983 2693 1020 :
2722 967 2844 1037 quia
2874 967 2962 1022 illa
2989 967 3093 1022 vita
3121 975 3236 1034 est,
3281 984 3399 1038 quae
3437 971 3490 1023 in
3529 969 3620 1024 illo
3656 979 3738 1024 est

2150 1054 2243 1109 lux
2274 1057 2544 1111 hominum
2575 1059 2616 1111 ¹.

2228 1146 2315 1201 18,
2350 1147 2458 1202 lloc
2485 1146 2626 1202 enim
2656 1149 2926 1218 sequitur,
2957 1148 3024 1203 Et
3051 1150 3153 1204 vita
3177 1159 3283 1204 erat
3309 1151 3400 1205 lux
3425 1151 3686 1206 hominum
3718 1170 3735 1214 ;

2156 1245 2210 1290 et
2262 1252 2328 1290 ex
2365 1237 2478 1307 ipsa
2521 1239 2627 1292 vita
2673 1238 2914 1295 homines
2961 1241 3342 1295 illuminantur.
3398 1241 3596 1296 Pecora
3627 1256 3733 1295 non

2157 1327 2539 1394 illuminantur,
2567 1329 2688 1398 quia
2715 1344 2903 1398 pecora
2927 1344 3031 1384 non
3057 1329 3253 1385 habent
3277 1330 3564 1385 rationales
3587 1345 3738 1384 men-

2159 1428 2240 1473 tes
2293 1434 2412 1488 qua:
2459 1419 2665 1488 possint
2713 1420 2896 1474 videre
2942 1421 3276 1490 sapientiam.
3329 1420 3502 1475 llomo
3555 1428 3737 1476 autem

2157 1509 2325 1566 factus
2344 1511 2509 1566 estad
2532 1511 2813 1582 imaginem
2837 1511 2964 1579 Dei,
2992 1513 3149 1568 habet
3170 1513 3482 1568 rationalem
3505 1521 3736 1567 mentem

2162 1618 2256 1671 per
2287 1617 2443 1673 quam
2475 1603 2642 1674 possit
2685 1605 2960 1674 percipere
2989 1605 3324 1674 sapientiam.
3349 1606 3491 1675 Ergo
3518 1604 3606 1659 illa
3631 1603 3738 1658 vita

2163 1708 2257 1762 per
2284 1709 2442 1763 quam
2468 1696 2602 1748 facta
2632 1704 2757 1750 sunt
2780 1695 2958 1750 omnia
2977 1736 2992 1760 ,
3018 1695 3130 1765 ipsa
3158 1697 3265 1750 vita
3291 1695 3382 1750 lux
3411 1703 3494 1750 est
3520 1713 3534 1750 :
3557 1703 3738 1750 etnon

2159 1799 2491 1855 quorumque
2517 1787 2844 1851 animalium,
2863 1787 2957 1842 sed
2978 1786 3065 1841 lux
3091 1785 3384 1841 hominum.
3407 1785 3560 1843 Unde
3579 1787 3738 1856 paulo

2160 1883 2279 1943 post
2306 1875 2452 1943 dicit,
2486 1875 2612 1930 Erat
2650 1878 2814 1931 (tanien
2860 1893 3048 1942 rerum,
3088 1877 3224 1949 quod
3258 1877 3511 1932 illuminat
3541 1892 3740 1930 omnem

2161 1966 2408 2021 hominem
2446 1969 2716 2022 venientem
2753 1970 2804 2022 in
2837 1969 2970 2022 hunc
2995 1968 3256 2027 mundum.
3285 1968 3368 2024 Ab
3407 1967 3500 2033 illo
3537 1967 3738 2022 lumine

2162 2058 2485 2112 illuminatus
2525 2066 2608 2112 est
2651 2057 2884 2113 Joannes
2932 2058 3199 2128 Baptista;
3252 2057 3320 2113 ab
3368 2057 3486 2127 ipso
3526 2065 3580 2112 et
3620 2055 3737 2126 ipse

2161 2151 2390 2212 Joannes
2415 2151 2753 2221 evangelista.
2802 2151 2882 2206 Ex
2926 2151 3041 2220 ipso
3069 2151 3267 2205 lumine
3296 2148 3484 2220 plenus
3511 2157 3627 2204 erat
3646 2149 3737 2218 qui

2161 2243 2294 2297 dixit
2327 2261 2341 2297 :
2372 2241 2492 2297 Non
2519 2259 2630 2296 sum
2664 2260 2755 2314 ego
2793 2242 3061 2309 Christus;
3104 2242 3192 2297 sed
3223 2243 3309 2313 qui
3333 2251 3442 2312 post
3469 2257 3548 2295 me
3570 2241 3736 2305 venit,

2162 2336 2308 2404 cujus
2334 2351 2432 2388 non
2453 2351 2564 2387 sum
2585 2350 2674 2404 ego
2702 2335 2882 2404 dignus
2903 2334 3172 2405 corrigiam
3201 2331 3524 2386 calceamenti
3550 2331 3740 2386 solvere

2165 2424 2342 2492 (Joan.
2370 2440 2406 2486 ι,
2434 2426 2488 2486 tl,
2519 2423 2609 2482 20.
2641 2422 2756 2493 27).
2790 2423 2870 2478 Ab
2899 2424 2986 2477 illo
3015 2424 3212 2477 lumine
3255 2421 3578 2476 illuminatus
3625 2427 3742 2474 erat

2163 2516 2251 2584 qui
2277 2515 2434 2578 dixit,
2465 2513 2532 2567 In
2569 2515 2816 2583 principio
2857 2523 2964 2569 erat
3006 2513 3251 2584 verbum,
3290 2521 3339 2566 et
3381 2511 3598 2566 Verbum
3632 2520 3740 2566 erat

2164 2605 2303 2674 apud
2331 2605 2513 2670 Deum,
2544 2613 2590 2658 et
2619 2604 2757 2658 Deus
2785 2614 2890 2658 erat
2931 2603 3168 2658 Verbum.
3198 2605 3357 2674 Ergo.
3386 2604 3473 2658 illa
3501 2603 3608 2658 vita
3645 2602 3741 2656 lux

2165 2707 2247 2751 est
2272 2695 2564 2749 hominum.

2237 2788 2324 2841 i9.
2355 2785 2460 2841 Sed
2490 2785 2625 2840 forte
2653 2785 2808 2839 stulta
2838 2783 2999 2838 corda
3028 2783 3200 2839 adhuc
3241 2798 3430 2852 capere
3469 2783 3624 2839 istam
3653 2784 3739 2840 lu-

2167 2893 2282 2932 cem
2312 2893 2416 2930 non
2443 2885 2704 2946 possunt,
2745 2875 2864 2945 quia
2899 2877 3132 2946 peccatis
3155 2875 3264 2929 suis
3287 2885 3657 2945 aggravantur,
3683 2885 3742 2931 ut

2167 2985 2287 3025 eam
2320 2969 2501 3024 videre
2532 2983 2634 3022 non
2669 2967 3018 3036 possint.Non
3045 2967 3164 3022 ideo
3190 2968 3422 3038 cogitent
3445 2969 3593 3040 quasi
3617 2969 3741 3026 abs.-

2169 3070 2345 3116 entem
2389 3075 2507 3115 esse
2554 3060 2722 3114 lucem
2748 3101 2762 3124 ,
2804 3061 2923 3129 quia
2963 3075 3080 3114 eam
3110 3059 3292 3118 videre
3321 3074 3429 3114 non
3483 3070 3739 3130 possunt:

2171 3151 2269 3222 ipsi
2317 3151 2456 3206 enim
2498 3161 2712 3220 propter
2750 3159 2960 3218 peccata
3000 3150 3232 3205 tenebras
3269 3158 3411 3206 sunt.
3453 3150 3522 3204 Et
3565 3152 3656 3206 lux
3693 3151 3749 3206 in

2172 3243 2382 3297 tenebris
2426 3243 2577 3309 lucet,
2622 3250 2668 3296 et
2715 3241 2927 3295 tenebrae
2968 3257 3078 3295 eam
3125 3258 3224 3295 non
3248 3241 3746 3313 comprehenderunt.

2173 3335 2342 3406 Ergo,
2372 3333 2583 3399 fratres,
2613 3333 2880 3404 quomodo
2910 3333 3068 3387 homo
3097 3334 3298 3402 positus
3325 3334 3378 3387 in
3403 3335 3517 3389 sole
3542 3348 3746 3394 caecus.

2173 3441 2410 3496 praesens
2431 3433 2514 3480 est
2535 3425 2607 3478 illi
2634 3425 2736 3491 sol,
2760 3424 2851 3479 sed
2875 3423 2986 3493 ipse
3011 3425 3107 3478 soli
3132 3424 3322 3479 absens
3341 3433 3449 3489 est;
3479 3425 3557 3478 sic
3575 3427 3754 3479 omnis

2173 3520 2386 3583 stultus,
2409 3518 2582 3572 omnis
2599 3516 3016 3586 iniquus,onmis
3033 3515 3242 3585 impius,
3263 3530 3437 3569 caecus
3458 3523 3541 3569 est
3565 3514 3747 3570 corde.

2174 3611 2417 3664 Prmsens
2441 3617 2523 3662 est
2553 3607 2830 3676 sapientia,
2864 3606 2956 3661 sed
2998 3621 3117 3660 cum
3159 3620 3300 3660 cmco
3337 3619 3574 3674 praesens
3615 3614 3698 3658 est
3730 3645 3748 3670 ,

2176 3703 2340 3758 oculis
2381 3701 2497 3770 ejus
2523 3700 2715 3754 absens
2742 3708 2823 3754 est
2851 3717 2864 3753 :
2894 3713 2998 3752 non
3026 3699 3148 3766 quia
3176 3699 3288 3767 ipsa
3315 3697 3388 3751 illi
3410 3697 3602 3750 absens
3626 3705 3708 3750 est
3731 3737 3752 3762 ,

2175 3793 2269 3848 sed
2293 3793 2412 3862 quia
2444 3793 2556 3861 ipse
2581 3791 2647 3844 ab
2673 3791 2758 3844 illa
2780 3791 2971 3844 absens
2999 3798 3100 3844 est.
3127 3789 3264 3856 Quid
3289 3803 3418 3859 ergo
3439 3787 3593 3842 faciat
3618 3788 3756 3842 iste?

2177 3881 2392 3938 Mundet
2432 3880 2572 3935 unde
2618 3895 2786 3950 possn
2830 3879 2994 3934 videri
3035 3881 3196 3934 Deus.
3224 3879 3500 3945 Quomodo
3542 3879 3586 3934 si
3625 3895 3753 3948 pro-

2178 3985 2356 4044 pterea
2380 3971 2561 4026 videre
2602 3986 2705 4024 non
2746 3980 2959 4040 posset,
2992 3972 3114 4040 quia
3154 3971 3398 4026 sordidos
3445 3981 3500 4026 et
3543 3972 3755 4027 saucios

2177 4063 2360 4118 oculos
2389 4061 2624 4124 haberet,
2659 4060 2892 4114 irruente
2921 4061 3137 4129 pulvere
3165 4062 3246 4116 vel
3271 4061 3453 4130 pituita
3481 4062 3563 4116 vel
3587 4063 3752 4127 fumo,

2179 4157 2377 4212 diceret
2417 4154 2492 4208 illi
2536 4151 2772 4207 medicus
2805 4170 2817 4205 :
2848 4153 3017 4222 Purga
3064 4153 3132 4207 de
3179 4154 3332 4208 oculo
3371 4163 3461 4208 tuo
3500 4153 3754 4224 quidquid

2176 4249 2431 4312 maliest,
2464 4254 2522 4298 ut
2561 4245 2734 4313 possis
2778 4243 2958 4298 videre
2997 4245 3164 4300 lucem
3209 4244 3481 4299 oculorum
3519 4255 3752 4298 tuorum.

2177 4339 2388 4404 Pulvis,
2429 4335 2642 4407 pituita,
2675 4333 2866 4399 fumus,
2899 4344 3110 4402 peccata
3153 4343 3208 4388 et
3246 4335 3549 4404 iniquitates
3592 4344 3754 4399 sunt;

2178 4429 2305 4484 tolle
2329 4427 2452 4482 inde
2477 4425 2577 4480 ista
2603 4424 2802 4491 omnia,
2833 4433 2887 4480 et
2913 4424 3117 4480 videbis
3142 4425 3453 4494 sapientiam
3475 4441 3590 4494 qua:
3620 4440 3759 4494 pra:-

2175 4537 2298 4578 scns
2339 4530 2422 4576 est
2463 4537 2476 4573 :
2525 4519 2644 4590 quia
2683 4517 2820 4573 Deus
2857 4529 2940 4574 est
2976 4524 3087 4588 ipsa
3129 4517 3412 4588 sapientia;
3456 4527 3510 4572 et
3557 4518 3759 4575 dictum

2177 4622 2286 4679 est,
2331 4611 2473 4666 Beati
2516 4613 2704 4666 mundo
2736 4611 2914 4677 corde,
2945 4611 3180 4681 quoniam
3203 4609 3301 4680 ipsi
3329 4608 3492 4664 Deum
3522 4610 3761 4664 videbunt

2180 4703 2390 4776 (Mam
2422 4718 2476 4771 ν’
2505 4703 2584 4774 8)’
2717 4778 3122 4835 TRACTATUS
3162 4777 3203 4832 ιι

2179 4874 2258 4929 De
2285 4890 2341 4929 eo
2360 4874 2495 4944 quod
2521 4874 2764 4942 scriptum
2793 4881 2884 4936 est,
2909 4871 3033 4924 Fuit
3071 4870 3229 4924 homo
3249 4869 3444 4924 missus
3463 4884 3490 4923 a
3523 4869 3650 4931 Deo,
3669 4869 3758 4923 cui

2250 4979 2445 5020 nomen
2476 4973 2588 5019 erat
2626 4963 2877 5028 Joannes,
2916 4971 3045 5028 etc.,
3091 4978 3245 5030 usque
3291 4961 3360 5013 ad
3405 4960 3495 5027 id,
3542 4961 3762 5030 plenum

2251 5055 2435 5126 gratiae
2460 5063 2514 5109 et
2531 5054 2788 5109 veritatis.
2821 5051 2948 5123 Cap.
2980 5052 3034 5118 1,
3073 5051 3108 5122 ᾖ
3131 5089 3147 5104 .
3187 5050 3342 5106 6-14.

2250 5150 2302 5204 1.
2337 5149 2541 5206 Bonum
2561 5154 2676 5212 est,
2708 5146 2896 5200 fratres
2915 5186 2931 5212 ,
2971 5152 3030 5198 ut
3053 5153 3254 5199 textum
3282 5139 3580 5197 divinarum
3604 5142 3754 5198 Scri-

2179 5253 2489 5314 pturarum,
2534 5248 2587 5294 et
2613 5240 2840 5294 maxime
2878 5237 3046 5292 sancti
3074 5235 3386 5306 Evangelii,
3422 5237 3628 5290 nullum
3671 5236 3758 5290 lo-

2164 5331 2299 5389 cum
2330 5329 2796 5403 prattermittentes
2839 5336 3248 5400 pertractemus,
3281 5335 3339 5382 ut
3359 5341 3674 5396 possumus;
3704 5333 3763 5384 et

2179 5439 2276 5494 pro
2300 5430 2480 5478 nostra
2504 5421 2795 5491 capacitate
2817 5433 3114 5489 pascamur,
3141 5426 3196 5472 et
3220 5417 3581 5472 ministremus
3607 5417 3761 5472 vobis

2179 5514 2319 5570 unde
2348 5522 2403 5570 et
2431 5513 2834 5583 nospascimur.
2886 5510 3185 5581 Capitulum
3227 5509 3456 5580 primum
3485 5509 3764 5579 praeterito

2176 5630 2258 5741 ωε
2286 5635 2405 5680 “tres
2426 5633 2565 5688 uss,
2589 5638 2701 5690 quta
2731 5621 2818 5676 illa
2838 5623 2933 5675 vita
2960 5635 3070 5689 qua
3090 5622 3140 5675 in
3163 5621 3246 5675 illo
3266 5627 3364 5687 est,
3397 5622 3485 5675 tua:
3517 5621 3767 5675 hominum
