4074 6514
382 453 513 510 1589

377 573 467 627 die
490 568 757 625 dominico
777 575 1055 623 tractatum
1080 581 1199 623 esse
1225 566 1594 631 meminimus,
1624 565 1675 619 id
1701 573 1782 620 est
1801 605 1816 631 ,
1850 582 1868 615 ι
1903 564 1958 618 In

380 660 640 732 principio
666 668 782 716 erat
806 658 1040 715 Verbum
1062 702 1076 724 ,
1109 667 1163 714 et
1186 658 1418 714 Verbum
1447 667 1561 712 erat
1586 657 1723 726 apud
1757 657 1921 711 Deum
1944 698 1958 718 ,

380 764 436 809 et
479 753 617 808 Deus
662 760 779 806 erat
824 751 1100 806 Verbum:
1134 749 1235 805 hoc
1277 760 1391 804 erat
1437 750 1488 803 in
1537 748 1796 818 principio
1824 746 1963 816 apud

382 846 567 901 Deum.
595 843 786 899 Omnia
824 858 920 912 per
944 842 1113 911 ipsum
1145 842 1277 896 facta
1312 848 1469 906 sunt,
1498 850 1553 894 et
1586 840 1700 893 sine
1742 839 1859 909 ipso
1886 840 1961 891 l'a-

380 947 521 992 etum
550 944 635 989 est
679 934 831 988 nihil.
861 933 1013 1001 Quod
1040 934 1230 986 factum
1264 940 1345 987 est
1365 972 1378 996 ,
1423 932 1475 985 in
1506 931 1596 985 illo
1623 931 1729 984 vita
1755 938 1876 993 est;
1909 936 1964 981 et

382 1030 494 1083 vita
540 1036 655 1083 erat
679 1027 767 1080 lux
813 1025 1123 1091 hominum;
1156 1033 1210 1079 et
1242 1025 1331 1078 lux
1360 1025 1411 1078 in
1440 1023 1673 1078 tenebris
1702 1023 1841 1077 lucet
1863 1062 1878 1088 ,
1910 1030 1966 1075 et

382 1120 615 1176 tenebrae
662 1133 780 1173 eam
830 1133 938 1171 non
983 1115 1520 1185 comprehenderunt.
1563 1132 1582 1166 ι
1641 1114 1753 1168 Huc
1798 1127 1965 1181 usque

384 1214 662 1265 tractatum
712 1224 833 1264 esse
876 1208 1035 1263 Credo
1069 1226 1082 1262 :
1111 1206 1465 1262 recordamini
1506 1220 1690 1261 omnes
1732 1205 1821 1275 qui
1867 1205 1963 1258 ad-

382 1302 588 1366 fuistis;
638 1310 693 1356 et
738 1300 829 1371 qui
859 1314 963 1353 non
994 1299 1234 1353 adfuistis
1254 1338 1269 1364 ,
1318 1298 1519 1353 credite
1546 1298 1713 1367 {nobis
1736 1339 1751 1364 ,
1782 1306 1836 1352 et
1881 1297 1965 1352 his

381 1398 472 1467 qui
498 1396 688 1451 adesse
715 1395 1020 1449 voluerunt.
1065 1393 1216 1447 Nunc
1244 1407 1372 1462 ergo
1397 1392 1519 1462 quia
1547 1406 1650 1445 non
1682 1405 1964 1460 possumus

382 1502 596 1557 semper
621 1487 796 1541 omnia
824 1486 1112 1554 replicare,
1144 1491 1361 1553 prepter
1389 1498 1482 1537 eos
1523 1483 1609 1552 qui
1639 1482 1739 1536 hoc
1782 1481 1966 1534 volunt

380 1580 568 1634 audire
592 1578 732 1648 quod
762 1578 1003 1647 sequitur
1022 1618 1035 1643 ,
1079 1585 1133 1631 et
1159 1576 1307 1631 oneri
1335 1583 1417 1630 est
1444 1575 1547 1629 illis
1572 1575 1614 1629 si
1659 1583 1966 1643 repetantur

382 1672 560 1740 priora
586 1680 707 1725 eum
753 1668 1151 1723 defraudatioue
1176 1667 1565 1737 posteriorum;
1604 1665 1886 1734 dignentur
1914 1673 1968 1718 et

380 1761 473 1830 qui
516 1774 621 1814 non
650 1759 869 1814 aderant
898 1772 1002 1812 non
1025 1758 1294 1828 praeterita
1333 1757 1546 1825 exigere
1565 1797 1579 1823 ,
1611 1755 1705 1809 sed
1735 1770 1854 1810 eum
1882 1754 1966 1809 his

380 1852 475 1921 qui
502 1851 722 1905 aderant
749 1859 802 1906 et
838 1866 979 1905 nunc
1013 1849 1197 1904 audire
1226 1848 1527 1919 prmsentia.

455 1946 512 1999 2.
548 1943 829 2015 Sequitur,
882 1942 1005 1997 Fuit
1043 1943 1190 1996 homo
1217 1943 1399 1995 missus
1423 1958 1455 1995 a
1482 1940 1587 1995 Deo
1611 1981 1626 2007 ,
1669 1940 1751 1993 cui
1790 1956 1968 1994 nomen

377 2044 493 2090 erat
513 2034 756 2089 Joannes.
783 2033 991 2088 Etenim
1018 2048 1079 2087 ea
1108 2049 1225 2103 qua:
1252 2032 1390 2087 dicta
1418 2039 1540 2087 sunt
1560 2031 1800 2100 superius
1821 2072 1835 2096 ,
1863 2030 1968 2084 fra-

385 2139 499 2182 tres
525 2126 843 2193 charissimi,
871 2125 937 2179 de
968 2124 1238 2179 divinitate
1264 2123 1458 2179 Christi
1480 2123 1618 2177 dicta
1639 2131 1762 2176 sunt
1787 2122 1971 2176 ineﬁ'a-

384 2217 504 2281 bili.
537 2227 591 2273 et
619 2232 783 2287 prope
808 2215 1162 2271 ineﬁabiliter.
1183 2215 1312 2283 Quis
1340 2217 1479 2269 enim
1510 2215 1703 2283 capiet,
1742 2213 1801 2267 In
1825 2215 1968 2283 prin-

381 2311 523 2379 cipio
552 2318 659 2363 erat
697 2308 907 2363 Verbum
927 2350 941 2376 ,
970 2317 1016 2362 et
1054 2307 1262 2361 Verbum
1292 2315 1398 2359 erat
1417 2306 1553 2373 apud
1574 2304 1777 2359 Deum?
1805 2304 1872 2359 Et
1900 2320 1969 2359 ne

386 2402 614 2457 vilescat
642 2401 733 2457 tibi
759 2415 952 2455 nomen
985 2400 1175 2465 Verbi,
1208 2414 1302 2469 per
1327 2397 1765 2453 consuetudinem
1791 2398 1968 2465 quoti-

382 2496 668 2550 dianarum
697 2494 976 2549 verborum
998 2530 1013 2558 ,
1044 2492 1111 2545 Et
1140 2491 1277 2546 Deus
1302 2500 1407 2545 erat
1439 2490 1672 2544 Verbum.
1700 2489 1811 2543 [loc
1842 2487 1971 2542 Ver-

386 2586 515 2641 bum
548 2585 774 2655 idipsum
804 2593 915 2652 est,
963 2584 1105 2638 unde
1134 2584 1384 2637 hesterno
1415 2582 1501 2636 die
1538 2581 1762 2634 multum
1809 2580 1969 2634 locuti

386 2693 576 2733 sumus
609 2696 623 2733 :
656 2686 709 2732 et
739 2677 1044 2747 praestiterit
1085 2676 1376 2740 Dominus,
1419 2682 1475 2729 ut
1504 2673 1586 2728 vel
1638 2681 1841 2727 tantum
1886 2672 1969 2725 lo-

382 2769 604 2840 quendo
649 2769 845 2839 aliquid
888 2768 955 2823 ad
1006 2767 1167 2823 corda
1216 2776 1389 2821 vestra
1438 2764 1857 2835 perduxerimus.
1903 2762 1971 2817 In

386 2864 642 2934 principio
667 2871 773 2915 erat
809 2860 1042 2915 Verbum.
1071 2859 1303 2930 idipsum
1330 2868 1430 2923 est,
1460 2858 1647 2914 eodem
1677 2856 1835 2911 modo
1857 2865 1967 2921 est;

387 2956 531 3010 sicut
553 2963 669 3021 est,
702 2969 913 3022 semper
940 2953 1017 3006 sic
1062 2961 1177 3017 est;
1228 2951 1419 3005 mutari
1468 2964 1572 3003 non
1626 2951 1835 3019 potesti
1868 2947 1971 3002 hoc

388 3055 472 3101 est
496 3056 579 3101 est
608 3047 648 3100 ¹.
675 3044 825 3113 Quod
851 3060 1047 3099 nomen
1076 3059 1230 3098 suum
1255 3042 1388 3097 dixit
1415 3041 1610 3096 famulo
1637 3054 1733 3094 suo
1761 3039 1923 3109 Moysi
1954 3057 1967 3093 :

388 3135 505 3209 Ego
526 3154 637 3191 sum
662 3137 749 3207 qui
768 3151 910 3199 sum;
934 3144 985 3190 ct
1005 3177 1019 3202 ,
1046 3134 1187 3189 Misit
1222 3150 1299 3188 me
1319 3134 1404 3201 qui
1428 3142 1501 3186 est
1528 3131 1719 3202 (Exod.
1746 3147 1823 3196 tu,
1858 3131 1968 3201 14).

388 3229 521 3297 Quis
558 3243 688 3299 ergo
716 3228 817 3283 hoc
844 3228 1047 3297 capiet,
1093 3241 1215 3281 cum
1242 3226 1463 3280 videatis
1501 3224 1677 3279 omnia
1724 3222 1966 3277 mortalia

390 3320 704 3386 mutabilia;
752 3336 872 3375 cum
918 3319 1145 3375 videatis
1187 3334 1295 3373 non
1321 3319 1493 3373 solum
1524 3332 1748 3387 corpora
1778 3316 1969 3374 variari

390 3420 487 3481 per
513 3410 824 3482 qualitates,
845 3408 1118 3469 nascendo
1139 3454 1157 3481 ,
1185 3408 1495 3477 crescendo,
1523 3406 1835 3474 deliciendo,
1860 3425 1973 3463 mo-

390 3502 585 3561 riendo
604 3547 621 3572 ,
643 3504 741 3561 sed
764 3504 923 3560 etiam
946 3505 1089 3574 ipsas
1109 3504 1313 3558 animas
1341 3518 1436 3572 per
1457 3501 1703 3557 aﬁ'cctum
1729 3501 1968 3557 diversa-

390 3614 514 3653 rum
543 3598 869 3652 voluntatum
896 3596 1125 3650 disteudi
1146 3602 1303 3665 atque
1327 3594 1549 3648 discindi
1575 3612 1586 3647 :
1615 3609 1735 3648 cum
1753 3593 1974 3648 videatis

394 3689 645 3744 homines
672 3697 726 3742 et
758 3688 1034 3758 percipere
1068 3700 1221 3756 posse
1266 3685 1575 3754 sapientiam
1599 3725 1613 3749 ,
1664 3685 1707 3737 si
1749 3698 1807 3737 se
1837 3685 1976 3737 illius

390 3774 508 3834 luci
554 3789 609 3835 et
630 3779 787 3834 calori
817 3777 1182 3841 admoverint;
1214 3784 1267 3831 et
1293 3776 1535 3829 amittere
1567 3789 1721 3842 posse
1763 3774 1975 3843 sapien-

393 3872 528 3925 tiam
549 3912 563 3936 ,
593 3871 637 3924 si
660 3870 783 3925 inde
806 3869 948 3923 malo
978 3868 1168 3922 affectu
1197 3865 1560 3920 recesserint?
1582 3864 1715 3919 Cmu
1753 3862 1977 3917 videatis

390 3977 526 4033 ergo
554 3963 653 4018 ista
698 3962 873 4016 omnia
898 3976 1021 4015 esse
1069 3959 1372 4023 mutabilia;
1403 3956 1527 4027 quid
1557 3965 1637 4011 est
1680 3955 1819 4026 quod
1864 3966 1976 4019 est,

395 4055 498 4109 nisi
518 4055 659 4125 quod
684 4052 1007 4108 transcendit
1031 4052 1205 4105 omnia
1228 4067 1345 4120 qua:
1374 4050 1449 4104 sic
1470 4059 1593 4106 sunt
1622 4057 1678 4103 ut
1707 4064 1812 4103 non
1843 4048 1981 4102 sint?

394 4147 527 4213 Quis
570 4161 699 4216 ergo
726 4145 827 4200 hoc
878 4144 1091 4215 capiat?
1137 4144 1239 4197 Aut
1287 4144 1441 4212 quis,
1483 4141 1982 4211 quomodocumque

397 4239 690 4294 intenderit
716 4239 857 4294 vires
884 4237 1074 4292 mentis
1096 4252 1205 4291 sua:
1226 4279 1239 4303 ,
1265 4246 1323 4289 ut
1359 4237 1580 4305 attingat
1604 4235 1868 4305 quomodo
1891 4250 1986 4304 po-

395 4341 508 4389 test
532 4333 584 4387 id
605 4332 745 4403 quod
788 4342 897 4397 est,
930 4332 996 4387 ad
1025 4332 1075 4386 id
1105 4331 1243 4402 quod
1273 4341 1556 4401 utcumque
1582 4340 1759 4385 mente
1794 4332 1983 4401 attige-

396 4425 511 4490 rit,
549 4426 721 4495 possit
747 4425 1071 4494 pervenire?
1097 4423 1185 4479 Sic
1221 4431 1303 4478 est
1328 4424 1469 4477 enim
1516 4433 1763 4493 tanquam
1810 4423 1987 4477 videat

400 4514 632 4584 quisque
657 4514 725 4569 de
750 4515 905 4585 longe
936 4516 1158 4583 patriam
1181 4556 1194 4578 ,
1223 4522 1278 4569 et
1303 4530 1451 4568 mare
1482 4514 1815 4581 interjaceat;
1846 4513 1987 4568 videt

402 4620 515 4676 quo
542 4615 631 4660 eat
654 4646 670 4670 ,
694 4604 787 4660 sed
814 4621 920 4659 non
952 4605 1110 4659 habet
1132 4620 1233 4674 qua
1260 4615 1362 4658 cat.
1395 4604 1483 4659 Sic
1506 4603 1571 4657 ad
1602 4604 1743 4657 illam
1780 4602 1987 4657 stabili-

404 4706 573 4753 tatem
594 4706 827 4752 nostram
851 4698 936 4752 ubi
966 4696 1106 4767 quod
1139 4706 1357 4761 estest,
1387 4696 1506 4765 quia
1531 4695 1633 4748 hoc
1657 4695 1826 4748 soluat
1849 4709 1991 4748 sem-

402 4806 507 4862 per
525 4791 603 4846 sic
628 4800 710 4846 est
738 4802 797 4845 ιιι
815 4800 919 4857 εει,
946 4791 1188 4844 volumus
1217 4790 1515 4859 pervenire;
1546 4787 1820 4855 interjacet
1842 4801 1989 4841 mare

405 4883 572 4954 hujus
593 4883 772 4940 saeculi
798 4900 900 4954 qua
945 4884 1111 4949 imus,
1143 4883 1241 4937 etsi
1270 4883 1376 4951 jam
1408 4881 1648 4935 videmus
1673 4895 1780 4950 quo
1809 4881 1945 4933 imus
1974 4896 1987 4933 :

406 4990 534 5031 nam
564 4976 716 5031 multi
762 4991 860 5030 nec
888 4991 993 5045 quo
1022 4984 1144 5029 eant
1169 4974 1366 5028 vident.
1404 4972 1472 5028 Ut
1491 4988 1616 5042 ergo
1639 4980 1780 5026 esset
1808 4980 1862 5025 et
1889 4985 1992 5040 qua

405 5066 639 5132 iremus,
674 5067 820 5121 venit
860 5066 982 5121 inde
1021 5066 1087 5119 ad
1113 5080 1268 5135 quem
1298 5065 1375 5118 ire
1401 5064 1727 5117 volebamus.
1775 5063 1840 5116 Et
1866 5060 1990 5131 quid

404 5158 574 5217 fecit?
614 5159 847 5214 Instituit
872 5160 1072 5229 lignum
1121 5172 1226 5228 quo
1255 5172 1401 5210 mare
1430 5164 1782 5209 transeamus.
1826 5154 1994 5209 Nemo

407 5252 557 5309 enim
606 5260 781 5323 potest
804 5252 1030 5305 transire
1079 5263 1226 5303 mare
1270 5246 1427 5317 hujus
1453 5247 1666 5311 saeculi,
1697 5245 1798 5300 nisi
1837 5259 1993 5299 cruce

406 5344 613 5401 Christi
642 5352 902 5414 portatus.
945 5342 1089 5396 Hanc
1114 5355 1325 5396 crucem
1352 5334 1635 5410 aliquando
1663 5337 1996 5408 amplectitur

407 5444 472 5492 et
498 5435 742 5490 inﬁrmus
770 5434 975 5488 oculis’
1004 5451 1015 5486 :
1049 5440 1105 5487 ει
1140 5432 1228 5502 qui
1258 5446 1363 5485 non
1395 5430 1536 5485 videt
1564 5430 1717 5499 longe
1743 5443 1848 5499 quo
1874 5435 1993 5494 eat,

409 5542 521 5583 non
546 5526 616 5581 ab
644 5525 734 5580 illa
770 5525 1017 5588 recedat,
1046 5534 1100 5578 et
1125 5524 1237 5592 ipsa
1266 5521 1411 5577 illum
1440 5522 1711 5591 perducet.

485 5619 542 5674 '5.
585 5616 764 5688 Itaque
784 5658 799 5683 ,
832 5616 1026 5671 fratres
1051 5616 1188 5681 mei,
1223 5615 1325 5669 hoc
1350 5614 1723 5669 insinuaverim
1748 5611 1996 5668 cordibus

478 5750 494 5779 ι
521 5747 643 5797 Editi
664 5753 715 5797 et
734 5753 841 5796 Mss.
858 5783 872 5807 ,
894 5746 981 5797 hoc
1004 5752 1074 5797 est
1114 5752 1310 5799 Deusest
1336 5759 1353 5797 :
1379 5755 1587 5810 excepto
1627 5746 1792 5798 codice
1824 5745 1993 5811 Bech.,

435 5821 462 5857 tt
486 5822 585 5870 quo
607 5810 747 5859 abest
769 5822 881 5867 vox,
917 5818 1061 5859 Deus.

479 5868 596 5920 ιέἱε
619 5877 724 5922 me.
752 5879 805 5922 At
829 5871 962 5931 editi,
990 5876 1034 5920 et
1058 5868 1277 5933 inﬁrmus
1298 5875 1463 5921 oculus

1607 443 2014 503 TRACTATL'S
2055 445 2116 499 ΙΙ⁴
2163 447 2385 505 CAPUT
2424 452 2460 505 Ι.

3498 456 3639 522 i390

2068 564 2297 620 vestris:
2331 570 2375 623 si
2418 571 2575 627 vultis
2624 573 2710 643 pie
2753 583 2807 629 et
2855 576 3144 632 christiane
3187 579 3403 647 vivere,
3435 578 3635 638 haerete

2064 654 2291 712 Christo.
2318 663 2606 718 secundum
2655 665 2705 720 id
2734 668 2873 737 quod
2908 685 3002 738 pro
3034 672 3186 726 nobis
3213 671 3384 729 factus
3426 683 3542 742 est,
3576 685 3635 730 ut

2067 749 2383 816 pervcniatis
2437 754 2501 807 ad
2530 770 2650 809 eum
2712 759 2999 814 secundum
3031 762 3080 815 id
3110 763 3249 831 quod
3286 774 3402 829 est,
3444 773 3499 820 et
3544 781 3633 821 se-

2066 837 2295 893 cundum
2323 842 2372 895 id
2396 845 2534 913 quod
2560 857 2692 901 erat.
2720 850 2989 917 Accessit,
3023 862 3079 906 ut
3108 869 3201 922 pro
3227 856 3381 911 nobis
3409 856 3510 911 hoc
3542 857 3636 913 ﬁe-

2065 936 2146 981 ret
2171 929 2222 993 ¹;
2249 931 2368 999 quia
2414 932 2513 988 hoc
2556 950 2650 1004 pro
2679 938 2833 992 nobis
2864 942 3027 994 factus
3058 953 3174 1009 est,
3226 945 3314 999 ubi
3358 943 3637 1015 portentur

2067 1017 2298 1086 inﬁrmi,
2333 1032 2387 1077 et
2432 1041 2576 1080 mare
2602 1030 2778 1084 saeculi
2811 1039 3109 1100 transeant,
3150 1045 3203 1090 et
3232 1040 3542 1107 perveniant
3570 1040 3637 1094 ad

2066 1110 2322 1177 patriam;
2356 1114 2441 1169 ubi
2467 1115 2575 1185 jam
2624 1120 2743 1173 navi
2790 1137 2895 1176 non
2924 1137 3057 1192 Opus
3083 1126 3214 1193 erit,
3266 1129 3387 1197 quia
3435 1130 3638 1185 nullum

2065 1217 2213 1257 mare
2242 1208 2510 1262 transitur.
2539 1209 2726 1265 Melius
2753 1222 2837 1267 est
2860 1229 2988 1284 ergo
3017 1232 3121 1270 non
3154 1218 3336 1274 videre
3375 1230 3553 1275 mente
3584 1222 3637 1276 id

2065 1294 2205 1361 quod
2251 1306 2366 1362 εει,
2400 1308 2453 1352 ει
2480 1307 2652 1356 tamen
2693 1318 2723 1356 a
2761 1301 2958 1361 Christi
2998 1322 3158 1363 cruce
3202 1326 3308 1364 non
3352 1314 3634 1380 recedere,

2066 1400 2220 1455 quam
2252 1388 2430 1443 videre
2478 1391 2602 1446 illud
2654 1404 2863 1461 mente,
2913 1406 2965 1452 et
3010 1414 3219 1455 crucem
3268 1400 3461 1457 Christi
3504 1419 3638 1459 con-

2069 1486 2324 1535 temnere.
2368 1482 2569 1537 Bonum
2594 1495 2675 1541 cst
2699 1502 2857 1557 super
2885 1490 2985 1546 hoc
3016 1501 3069 1545 ει
3092 1495 3349 1562 Optimum
3370 1532 3385 1562 ,
3437 1498 3479 1552 si
3523 1498 3637 1553 ﬁeri

2069 1580 2272 1637 potest,
2321 1582 2374 1625 ut
2404 1584 2456 1627 et
2502 1576 2741 1631 videatur
2781 1593 2888 1648 quo
2916 1582 3146 1636 eundum
3178 1586 3274 1649 sit,
3314 1598 3368 1641 et
3398 1597 3640 1643 teneatur

2068 1674 2172 1729 quo
2212 1673 2447 1730 portetur
2486 1667 2571 1735 qui
2605 1670 2791 1738 pergit.
2828 1670 2936 1725 lloc
2985 1684 3269 1741 potuerunt
3297 1686 3499 1733 mentes
3527 1695 3642 1733 ma-

2068 1766 2185 1821 gnae
2214 1755 2471 1807 montium
2495 1797 2509 1820 ,
2542 1759 2631 1825 qui
2675 1770 2881 1816 montes
2918 1762 3041 1817 dicti
3072 1774 3224 1830 sunt,
3251 1782 3383 1835 quos
3412 1770 3641 1823 maxime

2070 1843 2293 1897 illustrat
2320 1845 2493 1900 lumen
2520 1848 2739 1915 justitim
2769 1868 2780 1903 :
2814 1860 3124 1920 potuerunt,
3164 1865 3217 1909 et
3248 1856 3491 1911 viderunt
3516 1859 3643 1913 illud

2069 1932 2208 2001 quod
2254 1943 2354 1989 est.
2399 1937 2529 1990 Nam
2559 1939 2740 1993 videns
2768 1941 2997 1997 Joannes
3023 1945 3263 2012 dicebat,
3292 1946 3359 2000 In
3398 1950 3645 2020 principio

2070 2034 2174 2077 erat
2209 2026 2422 2081 Verbum
2446 2070 2460 2093 ,
2488 2040 2531 2082 et
2562 2028 2775 2085 Verbum
2810 2045 2917 2087 erat
2938 2038 3073 2105 apud
3100 2037 3260 2092 Deum
3280 2080 3294 2103 ,
3318 2050 3363 2093 et
3384 2040 3523 2095 Deus
3542 2052 3649 2095 erat

2080 2114 2317 2171 Verbum.
2353 2120 2605 2175 Viderunt
2633 2123 2731 2177 hoc
2750 2166 2765 2189 ,
2798 2135 2850 2179 et
2877 2136 2933 2180 ιιι
2959 2132 3294 2195 pervenirent
3324 2134 3389 2186 ad
3429 2135 3478 2187 id
3504 2135 3646 2203 quod

2072 2207 2322 2263 videbant
2350 2210 2415 2265 de
2442 2212 2625 2281 longe,
2658 2229 2687 2267 a
2712 2230 2870 2270 et'uce
2893 2215 3087 2273 Christi
3119 2236 3224 2275 non
3272 2234 3644 2291 recesserunt,

2072 2307 2125 2352 et
2153 2298 2501 2356 humilitatem
2548 2302 2740 2359 Christi
2798 2322 2902 2361 non
2930 2318 3378 2379 contempserunt.
3436 2314 3648 2372 Parvuli

2072 2405 2198 2445 vero
2219 2392 2305 2461 qui
2334 2392 2434 2448 hoc
2460 2410 2563 2447 non
2593 2406 2815 2464 possunt
2837 2398 3150 2468 intelligere,
3194 2418 3296 2456 non
3338 2403 3648 2461 recedentes

2072 2496 2101 2534 a
2140 2498 2297 2539 cruce
2333 2494 2386 2539 et
2416 2487 2659 2556 passione
2682 2497 2735 2542 et
2775 2494 3159 2548 resurrectione
3184 2493 3410 2561 Christi,
3442 2498 3494 2551 in
3535 2499 3649 2567 ipsa

2073 2576 2191 2629 navi
2224 2578 2584 2647 perducuntur
2605 2580 2671 2634 ad
2700 2581 2749 2635 id
2781 2584 2920 2652 quod
2945 2602 3049 2639 non
3072 2588 3251 2643 vident
3275 2632 3289 2655 ,
3318 2590 3367 2643 in
3397 2607 3498 2660 qua
3530 2593 3650 2647 navi

2074 2668 2386 2734 perveniunt
2408 2679 2461 2724 et
2493 2671 2566 2726 illi
2597 2673 2683 2741 qui
2714 2674 2907 2729 vident.

2144 2761 2197 2814 4.
2238 2763 2309 2815 At
2338 2777 2465 2817 vero
2507 2765 2717 2834 quidam
2748 2768 3045 2840 phiIOSOphi
3078 2770 3232 2841 hujus
3278 2778 3457 2831 mundi
3484 2782 3652 2835 exsti-

2074 2862 2286 2921 terunt,
2332 2867 2387 2910 et
2439 2857 2791 2927 inquisierunt
2828 2860 3143 2921 Creatorem
3190 2881 3284 2935 per
3307 2880 3646 2926 creaturam:

2074 2945 2194 3013 quia
2254 2954 2427 3014 potest
2474 2948 2697 3003 inveniri
2748 2966 2843 3020 per
2887 2964 3203 3022 creaturam,
3245 2959 3517 3015 evidenter
3567 2963 3651 3017 di-

2074 3045 2227 3092 cente
2276 3037 2561 3107 Apostolo,
2626 3041 2908 3097 Invisibilia
2945 3047 3077 3099 enim
3131 3050 3270 3119 ejus,
3323 3068 3355 3103 a
3408 3055 3655 3107 constitu-

2075 3128 2206 3229 tione
2244 3131 2451 3197 mundi,
2493 3149 2581 3202 per
2600 3150 2658 3186 ea
2683 3151 2794 3205 qua:
2822 3136 2958 3209 facta
2982 3148 3097 3196 sunt
3120 3185 3135 3209 ,
3176 3143 3425 3201 intellecta
3456 3149 3657 3219 conspi-

2074 3223 2305 3288 ciuntur;
2352 3223 2657 3294 sempiterna
2719 3245 2914 3300 quoque
2956 3233 3109 3287 virtus
3153 3236 3323 3304 ejuset
3379 3239 3650 3307 diuinitas,

2076 3320 2131 3365 ut
2154 3312 2254 3366 sint
2273 3316 2653 3372 inexcusabiles.
2690 3319 2758 3373 Et
2781 3322 3020 3390 sequitur
3040 3366 3053 3389 ,
3091 3325 3223 3391 Quia
3252 3345 3367 3382 cum
3389 3335 3652 3402 cognovis-

2077 3414 2183 3457 sent
2221 3404 2385 3459 Deum
2408 3423 2428 3460 .'
2466 3423 2570 3463 non
2610 3409 2774 3476 dixit,
2810 3412 2938 3477 Quia
2973 3430 3074 3468 non
3096 3431 3489 3487 cognoverunt;
3523 3423 3651 3492 sed,

2081 3493 2213 3560 Quia
2232 3510 2347 3549 cum
2367 3500 2706 3567 cognovissent
2724 3499 2918 3568 Deum,
2944 3520 3045 3558 non
3068 3506 3195 3559 sicut
3219 3507 3383 3563 Deum
3404 3512 3659 3583 glori/ica-

2079 3597 2252 3640 verunt
2270 3630 2286 3654 ,
2310 3599 2395 3642 aut
2414 3590 2602 3660 gratias
2623 3602 2864 3660 egerunt;
2889 3596 2975 3647 sed
2998 3610 3303 3652 evanuerunt
3330 3602 3380 3655 in
3406 3604 3664 3674 cogitatio-

2080 3680 2223 3733 nibus
2248 3682 2352 3734 suis
2372 3722 2385 3745 ,
2416 3691 2461 3734 et
2482 3682 2797 3738 obscuratum
2817 3697 2889 3739 est
2912 3686 3149 3757 insipiens
3176 3708 3262 3744 cor
3280 3710 3471 3750 eorum.
3506 3697 3659 3755 Unde

2082 3770 2459 3824 obscuratum?
2508 3772 2783 3843 Sequitur,
2836 3784 2890 3829 et
2932 3776 3059 3830 dicit
3104 3782 3373 3847 apertius:
3428 3785 3660 3843 Dicente:

2083 3861 2213 3912 enim
2239 3876 2292 3914 se
2320 3878 2423 3915 esse
2441 3865 2717 3933 sapientes,
2736 3866 2877 3919 stulti
2905 3870 3026 3938 facti
3048 3881 3162 3923 sunt
3180 3870 3351 3937 (Rom.
3377 3891 3414 3939 ι,
3438 3874 3657 3950 20-22).

2084 3950 2340 4006 Viderunt
2366 3970 2470 4023 quo
2495 3955 2811 4010 veniendum
2839 3968 2980 4014 esset
3009 3977 3021 4013 :
3054 3962 3145 4016 sed
3177 3964 3364 4033 ingrati
3401 3968 3447 4021 ei
3479 3971 3566 4038 qui
3599 3972 3664 4025 il-

2086 4042 2149 4097 lis
2179 4045 2420 4112 praestitit
2448 4048 2587 4117 quod
2615 4048 2895 4117 viderunt,
2945 4052 3044 4105 sibi
3097 4055 3379 4111 voluerunt
3424 4058 3660 4117 tribucre

2086 4137 2225 4205 quod
2255 4137 2533 4204 viderunt;
2562 4148 2613 4194 et
2639 4138 2762 4194 facti
2796 4143 3008 4211 superbi
3030 4145 3321 4201 amiserunt
3345 4150 3485 4218 quod
3512 4152 3663 4207 video

2088 4230 2214 4285 baut
2235 4271 2250 4296 ,
2296 4239 2351 4285 et
2377 4233 2620 4287 conversi
2659 4241 2782 4286 sunt
2813 4234 2934 4289 inde
2962 4236 3027 4289 ad
3059 4236 3194 4291 idola
3222 4248 3276 4293 et
3300 4240 3580 4299 simulacra
3608 4261 3662 4301 e.

2089 4323 2155 4376 ad
2206 4323 2437 4377 culturas
2491 4323 2911 4391 daemoniorum,
2959 4327 3180 4383 adorare
3223 4341 3561 4400 creaturam,
3609 4346 3665 4391 et

2091 4425 2434 4471 contemnere
2463 4416 2789 4472 Creatorem.
2840 4417 2942 4473 Sed
2982 4419 3090 4489 jam
3123 4421 3207 4476 isti
3237 4424 3353 4477 elisi
3383 4425 3483 4479 ista
3522 4426 3668 4482 fece—

2091 4517 2215 4562 runt
2248 4527 2260 4561 :
2293 4518 2351 4563 ut
2395 4519 2571 4563 autem
2600 4510 2948 4577 eliderentur,
2990 4513 3391 4583 superbieruut;
3423 4533 3542 4572 cum
3570 4535 3668 4574 au-

2095 4607 2201 4654 tem
2228 4601 2588 4670 superbirent,
2635 4604 2900 4671 sapientes
2926 4618 2983 4657 se
3010 4620 3129 4659 esse
3150 4603 3421 4661 dixerunt.
3456 4610 3516 4663 lli
3541 4626 3668 4680 ergo

2094 4692 2161 4746 de
2181 4693 2369 4762 quibus
2399 4693 2565 4759 dixit,
2599 4691 2695 4756 Qui
2716 4710 2829 4745 cum
2844 4696 3183 4764 cognovissent
3205 4696 3397 4763 Deum,
3426 4701 3671 4754 viderunt

2098 4783 2199 4837 hoc
2227 4784 2364 4854 quod
2392 4783 2517 4840 dicit
2559 4784 2788 4839 Joannes
2809 4827 2823 4851 ,
2871 4788 2991 4855 quia
3019 4804 3113 4857 per
3144 4788 3375 4846 Verbum
3416 4793 3505 4846 Dei
3535 4793 3667 4846 facta

2098 4888 2222 4933 sunt
2248 4880 2445 4933 omnia.
2495 4880 2626 4933 Nam
2659 4880 2999 4934 inveniuntur
3028 4891 3081 4937 et
3111 4882 3209 4936 ista
3236 4884 3287 4937 in
3322 4884 3469 4937 libris
3496 4884 3671 4953 philo-

2100 4963 2384 5038 SOpborum
2416 4986 2429 5021 τ
2458 4980 2512 5025 ει
2552 4972 2671 5040 quia
2697 4972 3024 5042 unigenitum
3072 4972 3259 5028 Filium
3288 4974 3445 5028 habet
3497 4976 3637 5030 Deus
3657 5019 3672 5042 ,

2104 5078 2198 5131 per
2222 5078 2377 5131 quem
2431 5073 2554 5119 sunt
2593 5064 2789 5117 omnia.
2822 5062 2952 5118 Illud
3000 5073 3281 5133 potuerunt
3327 5065 3505 5120 videre
3532 5067 3674 5136 quod

2101 5163 2199 5217 est,
2222 5152 2315 5207 sed
2340 5152 2584 5207 viderunt
2609 5152 2674 5207 de
2714 5154 2905 5223 longe:
2935 5155 3217 5209 noluerunt
3256 5162 3436 5208 tenere
3472 5155 3679 5210 humili-

2104 5254 2263 5299 tatem
2303 5244 2530 5306 Christi,
2565 5245 2615 5298 in
2647 5261 2748 5315 qua
2776 5247 2894 5299 navi
2939 5247 3108 5300 securi
3157 5247 3490 5314 pervenirent
3518 5249 3581 5302 ad
3625 5251 3677 5305 id

2106 5336 2247 5407 quod
2301 5337 2455 5405 longe
2501 5336 2682 5390 videre
2712 5346 3029 5405 potuerunt;
3081 5345 3135 5389 et
3175 5336 3377 5390 sorduit
3419 5340 3499 5394 eis
3549 5355 3679 5394 crux

2104 5428 2319 5483 Christi.
2347 5428 2486 5481 Mare
2510 5427 2884 5482 transeundum
2905 5434 3001 5491 est,
3035 5435 3088 5480 et
3116 5424 3314 5496 lignum
3343 5431 3677 5485 contemnis?

2102 5521 2147 5575 0
2177 5521 2430 5589 sapientia
2480 5519 2741 5589 superba!
2789 5519 2977 5573 irrides
3022 5521 3328 5575 cruciﬁxum
3373 5521 3677 5587 Christum;

2104 5612 2218 5681 ipse
2236 5617 2318 5664 est
2344 5624 2502 5680 quem
2528 5610 2681 5680 longe
2706 5608 2880 5662 vidisti
2911 5625 2924 5661 :
2952 5606 3021 5661 In
3042 5610 3288 5679 principio
3308 5622 3413 5663 erat
3442 5611 3677 5673 Verbum,

2171 5742 2187 5772 ί
2212 5748 2277 5790 Ita
2294 5740 2429 5789 editi.
2453 5747 2509 5789 At
2523 5747 2627 5788 Mss.
2650 5740 2999 5800 interpungunt
3013 5739 3082 5788 sic
3097 5753 3110 5787 :
3130 5745 3185 5789 Et
3201 5736 3463 5788 secundm:
3484 5738 3537 5787 id
3554 5737 3681 5800 quod

2085 5804 2207 5853 erat
2229 5801 2443 5864 accessit.
2462 5808 2510 5851 ut
2535 5813 2622 5863 pro
2642 5798 2793 5853 nobis
2814 5798 2901 5849 hoc
2938 5798 3108 5864 ﬁeret;
3145 5802 3371 5863 additque
3416 5800 3492 5847 hie
3536 5798 3678 5849 που.

2103 5866 2259 5916 codex
2276 5863 2425 5929 :quod
2447 5875 2539 5913 non
2560 5866 2664 5915 erat
