4012 6486
398 563 533 630 Quia
563 562 760 632 lignum
808 558 902 614 tibi
938 555 1248 612 humilitatis
1289 552 1404 620 ejus
1443 543 1798 602 necessarium
1827 546 1961 593 erat.

402 653 662 723 Superbia
680 651 820 706 enim
849 658 1117 703 tumueras
1137 687 1151 712 ,
1183 653 1237 699 et
1257 643 1411 711 longe
1436 639 1502 692 ab
1532 636 1619 692 illa
1648 633 1815 705 patria
1842 644 1965 700 pro—

394 745 568 815 jectus
589 757 741 805 eras;
791 749 844 796 et
874 739 1117 793 ﬂuctibus
1161 733 1315 802 hujus
1342 729 1520 785 saeculi
1551 728 1841 794 interrupta
1887 729 1968 775 est

399 814 486 890 via
509 875 524 899 ,
551 841 606 889 et
627 848 729 903 qua
762 839 1056 886 lranseatur
1079 826 1145 880 ad
1173 823 1392 895 patriam
1419 835 1524 875 non
1553 827 1635 874 est
1654 858 1668 883 ,
1697 814 1799 870 nisi
1829 815 1968 882 ligno

401 925 652 996 porteris.
703 923 907 992 lngrate
926 962 942 987 ,
971 917 1158 974 irrides
1181 929 1300 969 eum
1327 912 1415 982 qui
1441 910 1506 965 ad
1552 918 1603 963 te
1628 907 1770 962 venit
1798 914 1856 959 ut
1879 918 1965 957 re-

400 995 557 1084 deas!
587 1017 706 1086 ipse
752 1015 920 1068 lactus
945 1019 1026 1066 est
1049 1010 1130 1062 via
1149 1048 1164 1074 ,
1205 1005 1385 1061 ethoc
1414 1019 1508 1073 per
1532 1015 1715 1056 mare:
1745 997 1870 1052 inde
1914 995 1970 1048 in

400 1109 533 1164 mari
572 1103 859 1162 ambulavit
905 1100 1114 1171 (Matth.
1146 1113 1262 1165 xxv,
1290 1097 1407 1168 25),
1438 1103 1495 1148 ut
1520 1092 1821 1149 ostenderet
1849 1101 1970 1145 esse

400 1200 455 1253 in
484 1197 616 1252 mari
641 1196 800 1250 viam.
825 1191 928 1248 Sed
951 1199 1005 1245 tu
1022 1230 1035 1254 ,
1062 1189 1153 1260 qui
1181 1186 1446 1258 quomodo
1468 1186 1580 1255 ipse
1599 1181 1870 1237 ambulare
1913 1178 1965 1232 in

401 1291 535 1346 mari
584 1303 688 1342 non
718 1295 896 1355 potes,
924 1282 1042 1337 navi
1073 1289 1311 1350 portare,
1343 1278 1488 1347 ligno
1528 1283 1738 1344 portare
1766 1289 1779 1324 :
1809 1269 1970 1325 crede

402 1380 455 1434 in
483 1378 792 1434 cruciﬁxum
811 1416 827 1442 ,
855 1382 910 1428 et
928 1371 1128 1443 poteris
1155 1371 1446 1440 pervenire.
1475 1366 1699 1435 Propter
1727 1372 1780 1418 te
1799 1360 1970 1415 cruci~

403 1472 538 1526 ﬁxus
563 1477 677 1533 est,
723 1475 784 1521 ut
813 1464 1161 1520 humilitatem
1188 1461 1438 1522 doceret;
1468 1467 1522 1512 et
1550 1455 1670 1526 quia
1697 1454 1742 1509 si
1775 1454 1852 1508 sic
1875 1467 1968 1506 ve-

401 1564 540 1619 niret
565 1570 622 1616 ut
644 1562 813 1625 Deus,
854 1573 959 1613 non
986 1563 1379 1626 agnosceretur.
1417 1551 1473 1605 Si
1495 1549 1635 1605 enim
1660 1548 1737 1603 sic
1765 1547 1972 1602 veniret

403 1661 462 1708 ut
502 1653 670 1718 Deus,
696 1665 802 1705 non
827 1648 1032 1704 veniret
1058 1647 1136 1701 eis
1165 1645 1250 1714 qui
1273 1642 1453 1698 videre
1477 1641 1642 1695 Deum
1673 1655 1779 1694 non
1819 1647 1968 1708 pote-

403 1753 542 1800 rant.
582 1743 700 1798 Non
737 1740 879 1796 enim
928 1736 1216 1794 secundum
1262 1734 1314 1788 id
1361 1733 1498 1803 quod
1544 1733 1680 1786 Deus
1724 1738 1840 1795 est,
1884 1735 1972 1782 aut

406 1835 588 1900 venit,
615 1842 704 1887 aut
723 1830 977 1892 discedit;
1003 1843 1119 1882 cum
1147 1827 1213 1880 sit
1237 1824 1430 1893 ubique
1458 1835 1691 1892 praesens
1710 1861 1724 1884 ,
1757 1828 1809 1873 et
1830 1818 1974 1872 nullo

406 1927 526 1980 loco
571 1923 921 1978 contineatur.
969 1917 1074 1974 Sed
1103 1913 1391 1971 secundum
1419 1911 1542 1982 quid
1592 1908 1774 1964 venit?
1821 1905 1972 1973 Quod

401 2017 652 2089 apparuit
677 2014 856 2070 homo.

467 2107 532 2163 5.
563 2105 694 2172 Quia
719 2118 845 2173 ergo
866 2102 944 2156 sic
967 2108 1082 2156 erat
1109 2099 1297 2164 homo,
1324 2104 1384 2151 ut
1410 2095 1597 2149 lateret
1623 2095 1674 2147 in
1705 2093 1796 2147 illo
1813 2091 1970 2152 Deus.

401 2197 600 2252 missus
625 2203 713 2251 est
737 2201 858 2248 ante
882 2192 1028 2246 illum
1057 2204 1278 2259 magnus
1307 2188 1496 2253 homo,
1522 2201 1616 2256 per
1644 2183 1794 2252 cujus
1829 2182 1979 2236 testi-

403 2287 645 2344 monium
671 2283 992 2340 inveniretur
1011 2281 1128 2350 plus
1145 2294 1301 2350 quam
1318 2278 1498 2332 homo.
1527 2277 1592 2330 Et
1614 2275 1730 2345 quis
1745 2281 1827 2328 est
1850 2272 1935 2326 hic
1954 2274 1978 2324 ?

411 2376 535 2432 Fuit
556 2377 722 2429 homo.
754 2375 820 2428 Et
847 2369 1111 2442 quomodo
1141 2376 1320 2438 posset
1342 2367 1441 2420 iste
1464 2380 1646 2419 verum
1673 2363 1740 2417 de
1763 2364 1869 2417 Deo
1895 2361 1978 2416 di-

411 2468 575 2525 cere?
618 2467 805 2522 Missus
832 2481 865 2518 a
892 2463 1019 2517 Deo.
1046 2460 1182 2529 Quid
1207 2457 1528 2514 vocabatur?
1551 2456 1644 2510 Cui
1670 2472 1846 2509 nomen
1873 2463 1980 2507 erat

405 2559 654 2615 Joannes.
681 2556 854 2623 Quare
873 2553 1054 2608 venit?
1079 2551 1176 2605 Hie
1201 2551 1329 2604 venit
1357 2549 1408 2602 in
1433 2548 1762 2602 testimonium
1786 2587 1799 2608 ,
1832 2554 1884 2596 ut
1906 2554 1980 2597 te-

413 2648 700 2705 stimonium
729 2644 1001 2716 perhiberet
1030 2643 1092 2696 de
1111 2641 1299 2695 lumine
1316 2681 1330 2706 ,
1355 2650 1406 2692 ut
1430 2654 1598 2691 omnes
1617 2636 1867 2690 crederent
1894 2650 1982 2702 per

412 2741 576 2796 illum.
613 2736 795 2804 Qualis
825 2737 921 2792 iste
945 2733 1034 2804 qui
1075 2731 1428 2787 testimonium
1469 2728 1768 2798 perhiberet
1807 2725 1873 2780 de
1904 2725 1982 2778 lu-

414 2830 558 2886 mine
576 2830 600 2882 ?
618 2829 861 2898 Magnum
881 2823 1079 2894 aliquid
1108 2823 1205 2876 iste
1224 2820 1476 2883 Joannes,
1508 2819 1691 2888 ingens
1715 2817 1977 2880 meritum,

415 2936 605 2990 magna
643 2919 843 2990 gratia,
892 2929 1079 2984 magna
1123 2911 1408 2968 celsitudo!
1443 2910 1659 2973 Mirare,
1694 2908 1845 2976 plane
1885 2906 1986 2960 mi-

415 3027 574 3076 rare;
617 3009 712 3064 sed
733 3018 978 3075 tanquam
1019 3012 1273 3057 montem.
1302 3001 1451 3054 Mons
1478 3007 1651 3052 autem
1680 2998 1730 3050 in
1754 2994 1984 3050 tenebris

415 3110 502 3156 est
522 3141 540 3168 ,
593 3099 693 3154 nisi
735 3097 854 3151 luce
884 3094 1157 3148 vestiatur.
1190 3091 1330 3159 Ergo
1360 3098 1559 3143 tantum
1608 3087 1802 3141 mirare
1826 3084 1985 3138 Joan-

418 3206 572 3255 nem,
603 3197 659 3243 ut
687 3185 868 3240 audias
899 3181 1038 3252 quod
1073 3179 1340 3250 sequitur,
1374 3175 1494 3230 Non
1521 3184 1629 3229 erat
1666 3175 1750 3227 ille
1774 3174 1940 3227 lumen
1966 3189 1985 3225 :

418 3287 486 3337 ne
514 3293 636 3334 cum
685 3284 918 3330 montem
968 3278 1117 3340 putas
1159 3269 1332 3322 lumen
1381 3280 1528 3330 esse,
1566 3263 1889 3333 naufragium
1934 3263 1984 3317 in

421 3379 600 3427 monte
624 3368 787 3422 facias
809 3405 823 3430 ,
853 3379 958 3419 non
987 3362 1229 3416 solatium
1255 3357 1508 3412 invenias.
1542 3355 1646 3410 Sed
1673 3353 1798 3424 quid
1821 3353 1988 3407 debes

416 3460 638 3520 mirari?
675 3457 902 3512 Montem
946 3462 1192 3521 tanquam
1222 3457 1472 3502 montem.
1523 3445 1681 3513 Erige
1724 3452 1899 3498 autem
1937 3452 1986 3497 te

420 3553 488 3608 ad
526 3551 673 3605 illum
707 3547 796 3618 qui
839 3545 1100 3599 illuminat
1139 3548 1371 3595 montem
1396 3577 1412 3603 ,
1440 3536 1528 3606 qui
1555 3535 1620 3589 ad
1648 3536 1748 3589 hoc
1781 3541 1986 3588 erectus

419 3650 535 3708 est,
582 3646 641 3694 ut
679 3637 822 3708 prior
848 3633 1023 3688 radios
1050 3629 1307 3698 excipiat,
1356 3634 1410 3681 et
1434 3624 1600 3680 oculis
1631 3624 1730 3678 tuis
1757 3623 1983 3677 nuntiet.

415 3731 592 3804 Ergo,
621 3748 721 3786 non
747 3737 852 3783 erat
879 3727 966 3781 ille
993 3725 1180 3779 lumen.

426 3838 428 3840 '
488 3824 541 3879 6.
581 3821 755 3890 Quare
798 3817 956 3888 igitur
981 3813 1160 3868 venit?
1203 3811 1308 3866 Sed
1349 3818 1403 3864 ut
1450 3808 1783 3863 testimonium
1809 3805 1985 3876 perhi-

363 3899 366 3902 i
419 3914 553 3970 beret
600 3915 662 3966 de
687 3912 894 3966 lumine.
924 3906 1121 3976 thuid
1155 3904 1294 3958 hoc?
1326 3902 1391 3958 Ut
1411 3917 1579 3956 omnes
1617 3900 1870 3953 crederent
1899 3913 1988 3968 per

418 4006 584 4060 illum.
604 3999 671 4057 Et
690 4001 755 4056 de
772 3997 1091 4068 quolumine
1116 3991 1473 4048 testimonium
1499 3987 1834 4059 perhiberet?
1861 3985 1985 4038 Erat

419 4096 511 4149 tua:
533 4109 668 4147 uera.
705 4087 882 4157 Quare
914 4085 1147 4140 additum
1168 4091 1248 4137 est
1267 4124 1280 4147 ,
1310 4083 1463 4134 vera?
1488 4081 1618 4147 Quia
1648 4089 1701 4134 et
1730 4078 1889 4131 homo
1919 4077 1984 4130 il-

421 4183 708 4239 luminatus
745 4179 936 4233 dicitur
959 4173 1080 4239 lux;
1107 4172 1196 4226 sed
1225 4185 1349 4225 vera
1382 4171 1466 4223 lux
1509 4170 1593 4223 illa
1614 4178 1694 4222 est
1721 4183 1836 4238 qua:
1868 4169 1986 4222 illu-

420 4275 606 4330 minat.
637 4271 768 4327 Nam
795 4276 849 4324 et
867 4267 1005 4321 oculi
1032 4262 1195 4319 nostri
1217 4262 1460 4316 dicuntur
1480 4260 1705 4322 lumina;
1737 4267 1791 4314 et
1812 4268 1984 4312 tamen

421 4364 527 4420 nisi
551 4371 753 4431 autper
780 4365 990 4413 noctem
1013 4355 1225 4408 lucerna
1245 4348 1591 4413 accendatur,
1622 4357 1708 4401 aut
1728 4363 1821 4417 per
1847 4348 1984 4401 diem

416 4452 502 4508 sal
537 4458 724 4518 exeat,
756 4447 953 4503 lumina
992 4445 1089 4498 ista
1119 4442 1234 4496 sine
1255 4454 1412 4495 causa
1441 4445 1638 4509 patent.
1668 4437 1757 4493 Sic
1779 4453 1905 4506 ergo
1934 4447 1987 4492 et

416 4543 649 4600 Joannes
670 4547 785 4596 erat
806 4538 894 4591 lux
909 4576 924 4602 ,
949 4533 1043 4590 sed
1069 4547 1174 4587 non
1195 4546 1320 4586 vera
1348 4529 1438 4584 lux
1462 4545 1474 4582 :
1506 4529 1628 4599 quia
1651 4543 1755 4581 non
1783 4527 1978 4582 illumi-

417 4643 608 4698 natus,
639 4630 901 4694 tenebrae;
957 4625 1050 4682 sed
1097 4622 1478 4679 illuminatione
1523 4619 1694 4675 lactus
1739 4628 1822 4675 est
1871 4620 1980 4674 lux.

418 4724 530 4782 Nisi
557 4731 735 4778 autem
765 4719 1180 4780 illuminaretur,
1212 4712 1442 4768 tenebrae
1463 4719 1615 4775 erat,
1643 4709 1777 4764 sicut
1801 4724 1985 4763 omnes

419 4816 586 4886 impii,
613 4813 803 4884 quibus
825 4809 934 4880 jam
959 4805 1294 4863 credentibus
1313 4803 1443 4858 dixit
1464 4802 1768 4872 Apostolus,
1792 4798 1986 4854 Faistis

418 4905 690 4978 aliquando
727 4901 961 4958 tenebrae.
1010 4897 1164 4954 Modo
1211 4904 1386 4950 autem
1443 4894 1566 4964 quia
1615 4893 1982 4955 crediderant,

417 4997 582 5068 quid?
611 4995 763 5051 Nunc
781 5002 947 5048 autem
975 4991 1094 5055 lux,
1117 4987 1322 5059 inquit,
1353 4989 1406 5040 in
1431 4984 1646 5040 Domino
1675 4983 1903 5055 (Ephes.
1926 4999 1978 5047 v,

417 5089 494 5159 8).
521 5087 630 5144 Nisi
651 5085 884 5149 adderet,
909 5083 961 5136 in
977 5079 1216 5144 Domino,
1248 5091 1352 5132 non
1380 5076 1810 5146 intelligeremus.
1840 5073 1977 5141 Lux,

417 5178 616 5248 inquit,
645 5177 698 5230 in
741 5173 956 5228 Doinino
981 5187 999 5225 :
1024 5169 1254 5224 tenebrae
1282 5183 1389 5222 non
1433 5167 1486 5221 in
1531 5165 1754 5222 Domino
1797 5164 1978 5218 eratis.

419 5269 609 5324 Fuistis
635 5267 762 5321 enim
787 5261 1059 5333 aliquando
1089 5259 1302 5314 tenebrae
1329 5274 1347 5313 :
1387 5259 1456 5314 ibi
1503 5271 1607 5312 non
1638 5255 1839 5311 addidit
1867 5295 1882 5321 ,
1929 5256 1980 5310 in

419 5358 662 5415 Domino.
697 5355 839 5426 Ergo
865 5351 1096 5409 tenebrae
1124 5351 1177 5405 in
1202 5348 1354 5404 vobis
1378 5389 1393 5413 ,
1418 5348 1503 5402 lux
1534 5346 1588 5402 in
1619 5347 1862 5402 Domino.
1894 5344 1982 5401 Sic

415 5457 470 5505 et
509 5449 596 5502 ille
619 5461 718 5500 non
749 5453 858 5498 erat
885 5441 1005 5508 lux,
1047 5437 1208 5494 sedut
1234 5436 1565 5492 testimonium
1609 5434 1883 5505 perhiberet
1920 5435 1983 5490 de

417 5537 622 5594 lumine.

485 5628 539 5681 7.
566 5623 667 5683 Ubi
687 5632 861 5680 autem
892 5629 973 5677 est
1000 5621 1109 5691 ipsa
1130 5617 1262 5675 lux?
1292 5616 1418 5672 Erat
1438 5616 1527 5671 tua.
1554 5629 1690 5682 vera,
1713 5631 1824 5686 qua
1861 5617 1983 5671 illu-

418 5722 575 5776 minat
594 5732 792 5774 omnem
814 5712 1060 5770 hominem
1086 5711 1357 5768 venientem
1379 5708 1431 5764 in
1464 5708 1596 5765 hunc
1632 5706 1894 5765 mundum.
1923 5707 1979 5766 Si

1287 346 1352 400 IN
1387 339 1663 400 JOANNIS
1725 329 2185 397 EVANGELIUM,
2236 331 2292 385 S.
2333 326 2693 386 AUGUSTINI

3502 325 3641 381 £392

2069 457 2284 498 omnem
2325 441 2593 497 hominem
2646 439 2982 508 venientem,
3025 447 3081 495 et
3128 440 3299 510 ipsum
3353 437 3634 496 Joannem.

2071 533 2085 587 Ι
2095 549 2187 603 pse
2212 549 2339 604 ergo
2369 531 2718 598 illuminabat,
2748 530 2779 585 a
2807 547 2911 602 quo
2935 545 2994 586 se
3018 530 3374 586 demonstrari
3403 531 3636 584 volebat.

2071 628 2331 697 lntelligat
2368 627 2608 681 Charitas
2649 634 2824 679 vestra
2849 641 2863 677 :
2887 624 3131 678 veniebat
3167 623 3311 679 enim
3336 621 3401 675 ad
3429 631 3638 675 mentes

2072 718 2324 783 inﬁrmas,
2354 715 2420 770 ad
2447 715 2604 770 corda
2634 714 2832 780 saucia,
2852 713 2918 768 ad
2943 713 3111 768 aciem
3136 712 3325 766 animae
3350 711 3635 780 lippientis.

2072 808 2153 862 Ad
2181 808 2280 862 hoc
2301 815 2533 862 venerat.
2556 806 2624 862 Et
2658 805 2798 860 unde
2838 811 3018 874 posset
3056 802 3230 856 anima
3273 800 3454 855 videre
3494 799 3640 870 quod

2072 901 2303 970 perfecte
2349 897 2771 964 est?Quomodo
2814 897 3122 965 plerumque
3170 893 3229 948 ﬁt
3273 903 3330 947 ut
3366 893 3419 947 in
3461 892 3642 961 aliquo

2073 1005 2296 1061 corpore
2342 989 2546 1044 radiate
2589 997 2944 1059 cognoscatur
2984 997 3132 1041 ortus
3179 999 3296 1041 esse
3345 986 3443 1047 sol.
3480 999 3641 1055 quem

2073 1082 2244 1137 oculis
2267 1080 2447 1134 videre
2477 1095 2580 1134 non
2608 1093 2905 1150 possumus.
2928 1077 3057 1144 Quia
3099 1085 3154 1131 et
3196 1076 3284 1146 qui
3311 1075 3518 1129 saucios
3549 1073 3643 1128 ha-

2072 1172 2198 1227 bent
2221 1173 2423 1235 oculos,
2456 1171 2628 1224 idonei
2657 1179 2780 1224 sunt
2805 1168 2984 1224 videre
3009 1167 3261 1238 parietem
3289 1166 3640 1221 illuminatum

2072 1273 2127 1319 et
2173 1265 2485 1318 illustratum
2515 1277 2544 1315 a
2572 1263 2716 1327 sole,
2739 1262 2823 1317 vel
2865 1270 3097 1315 montem
3139 1259 3223 1313 vel
3255 1257 3520 1322 arborem,
3552 1265 3645 1309 aut

2073 1354 2267 1425 aliquid
2299 1351 2599 1423 hujusmodi
2643 1351 2815 1405 idonei
2847 1359 2970 1405 sunt
2998 1349 3205 1414 videre;
3233 1359 3288 1404 et
3312 1349 3364 1403 in
3389 1349 3494 1402 alio
3521 1348 3643 1402 illu-

2074 1455 2242 1500 strato
2267 1445 2658 1499 demonstratur
2685 1442 2788 1496 illis
2811 1452 2964 1496 ortus
2993 1441 3099 1504 ille,
3119 1441 3202 1496 cui
3224 1439 3449 1494 videndo
3470 1439 3646 1492 adhuc

2075 1538 2248 1590 minus
2278 1535 2520 1590 idoneam
2550 1533 2717 1586 aciem
2764 1541 2970 1602 gerunt.
3002 1529 3090 1585 Sic
3113 1545 3238 1600 ergo
3265 1530 3339 1583 illi
3366 1545 3551 1584 omnes
3575 1527 3646 1582 ad

2075 1639 2206 1695 quos
2225 1624 2466 1680 Christus
2485 1630 2721 1688 venerat,
2743 1609 3103 1674 minus‘idonei
3121 1627 3401 1674 erantcum
3416 1619 3593 1672 videre
3627 1634 3641 1670 :
3698 1673 3708 1678 _

2076 1716 2299 1769 radiavit
2325 1714 2611 1777 Joannem;
2639 1723 2693 1766 et
2718 1727 2814 1780 per
2837 1711 2984 1764 illum
3013 1710 3348 1764 conﬁtentem
3379 1724 3437 1763 se
3466 1707 3645 1764 radia-

2079 1815 2186 1859 tum
2212 1821 2273 1860 ac
2298 1821 2354 1859 se
2374 1805 2720 1859 illuminatum
2749 1817 2889 1869 esse,
2918 1819 3023 1856 non
3063 1801 3152 1871 qui
3191 1800 3419 1856 radiaret
3435 1811 3495 1854 et
3523 1801 3646 1854 illu-

2077 1897 2320 1960 minaret,
2339 1893 2577 1965 cognitus
2597 1900 2679 1947 est
2696 1892 2785 1946 ille
2799 1892 2888 1960 qui
2904 1891 3183 1958 illuminat,
3201 1891 3438 1960 cognitus
3454 1900 3532 1944 est
3556 1890 3648 1944 ille

2078 1988 2164 2058 qui
2187 1987 2435 2052 illustrat,
2455 1984 2696 2052 cognitus
2730 1993 2812 2037 est
2844 1983 2932 2052 qui
2960 1983 3158 2052 implet.
3188 1982 3254 2034 Et
3273 1982 3390 2050 quis
3413 1980 3526 2035 est?
3547 1979 3647 2044 Qui

2076 2077 2347 2139 illuminat,
2380 2075 2566 2144 inquit,
2598 2089 2792 2126 omnem
2820 2071 3068 2125 hominem
3105 2071 3379 2124 venientem
3415 2071 3468 2123 in
3503 2086 3652 2122 mun-

2079 2169 2218 2221 dum.
2258 2167 2388 2221 Nam
2419 2166 2462 2219 si
2504 2164 2645 2219 illinc
2689 2180 2792 2218 non
2827 2162 3119 2228 recederet,
3146 2176 3251 2215 non
3281 2169 3422 2216 esset
3452 2159 3648 2214 illumi-

2081 2257 2322 2314 nandus:
2355 2255 2446 2310 sed
2478 2255 2598 2309 ideo
2623 2254 2709 2308 hic
2735 2252 3126 2316 illuminandus,
3157 2250 3277 2320 quia
3304 2250 3446 2304 illinc
3469 2263 3649 2304 reces-

2081 2350 2169 2416 sit,
2202 2349 2288 2403 ubi
2317 2347 2476 2402 homo
2497 2362 2707 2416 semper
2736 2353 2940 2414 poterat
2963 2359 3081 2398 esse
3110 2344 3453 2397 illuminatus.

2152 2440 2205 2494 8.
2228 2438 2361 2505 Quid
2383 2438 2544 2508 ergo?
2573 2438 2628 2492 Si
2650 2436 2792 2491 venit
2813 2436 2934 2497 huc.
2963 2435 3048 2488 ubi
3079 2433 3227 2488 erat?
3255 2431 3321 2486 In
3341 2435 3434 2486 hoc
3459 2431 3648 2486 mundo

2083 2539 2214 2584 erat.
2249 2530 2312 2582 Et
2353 2528 2440 2582 hic
2465 2536 2598 2593 erat,
2630 2536 2684 2581 et
2713 2526 2813 2580 huc
2838 2526 3015 2578 venit:
3040 2524 3124 2577 hic
3149 2533 3262 2578 erat
3287 2539 3384 2594 per
3407 2523 3652 2577 divinita-

2086 2631 2225 2685 tem;
2253 2622 2351 2674 huc
2388 2621 2527 2672 venit
2554 2634 2645 2687 per
2687 2632 2900 2671 carnem
2933 2632 2945 2668 :
2980 2617 3100 2686 quia
3129 2631 3246 2669 cum
3278 2615 3363 2669 hic
3387 2625 3526 2670 esset
3558 2630 3653 2684 per

2084 2713 2433 2775 divinitatem,
2475 2712 2541 2766 ab
2584 2711 2758 2764 stultis
2789 2719 2843 2764 et
2869 2710 3022 2763 cmcis
3051 2719 3105 2763 et
3135 2709 3323 2778 iniquis
3353 2707 3518 2762 videri
3546 2723 3656 2761 non

2086 2812 2309 2874 poterat.
2335 2803 2435 2872 Ipsi
2458 2800 2618 2870 iniqui
2643 2801 2873 2855 tenebra:
2899 2809 3018 2854 sunt
3037 2799 3104 2854 de
3129 2799 3316 2868 quibus
3333 2798 3528 2852 dictum
3547 2808 3652 2862 est,

2087 2893 2202 2948 Lua:
2225 2894 2351 2945 lucet
2379 2893 2429 2944 in
2460 2891 2694 2957 tenebris,
2727 2901 2771 2944 et
2794 2890 3004 2943 tencbrw
3028 2907 3134 2943 eant
3155 2907 3253 2942 non
3267 2891 3657 2959 comprehende-

2086 2995 2200 3038 runt
2231 2982 2404 3053 (Joan.
2431 2998 2472 3047 ι,
2500 2983 2574 3052 5).
2600 2982 2737 3035 Ecce
2765 2980 2850 3034 hic
2872 2990 2951 3034 est
2979 2990 3031 3034 et
3053 2980 3228 3044 modo,
3259 2988 3312 3034 et
3333 2979 3417 3034 hic
3435 2991 3567 3045 erat,
3601 2989 3657 3033 et

2088 3089 2296 3142 semper
2332 3073 2416 3126 hic
2447 3081 2558 3137 est;
2588 3082 2642 3126 et
2673 3087 2935 3141 nunquam
2963 3071 3192 3136 recedit,
3222 3087 3477 3140 nusquam
3506 3087 3657 3123 rece-

2087 3165 2182 3219 dit.
2216 3165 2358 3234 Opus
2404 3172 2488 3219 est
2527 3174 2582 3218 ut
2626 3165 2820 3218 habeas
2860 3163 2996 3217 unde
3021 3163 3199 3218 videas
3240 3163 3379 3233 quod
3405 3163 3494 3218 tibi
3519 3179 3632 3216 nun

2088 3274 2243 3327 quam
2274 3257 2498 3321 recedit;
2531 3272 2663 3327 opus
2689 3267 2770 3311 est
2809 3264 2868 3310 ut
2911 3264 2965 3310 tu
3009 3271 3113 3310 non
3141 3256 3357 3310 recedas
3381 3256 3448 3310 ab
3475 3270 3539 3310 eo
3563 3256 3656 3324 qui

2090 3363 2344 3416 nusquam
2376 3348 2604 3412 recedit;
2634 3361 2773 3416 opus
2801 3357 2882 3400 est
2909 3354 2966 3401 ut
2992 3354 3045 3399 tu
3072 3362 3176 3400 non
3203 3345 3436 3413 deseras,
3467 3355 3521 3400 et
3547 3362 3663 3400 non

2087 3439 2368 3494 desereris.
2400 3439 2514 3494 Noli
2547 3440 2758 3503 cadere,
2781 3448 2832 3492 et
2857 3454 2962 3492 non
2987 3439 3076 3492 tibi
3101 3438 3326 3494 occidet.
3357 3438 3410 3492 Si
3443 3449 3494 3492 tu
3519 3438 3657 3493 lece-

2088 3534 2160 3586 ris
2187 3547 2386 3596 casum,
2417 3533 2504 3586 ille
2547 3532 2638 3585 tibi
2683 3531 2806 3585 facit
2845 3545 3090 3585 occasum
3122 3531 3203 3585 :si
3244 3539 3415 3584 autem
3442 3540 3493 3584 tu
3519 3540 3655 3596 stas,

2091 3637 2324 3692 praesens
2348 3630 2432 3676 est
2453 3622 2565 3675 tibi.
2589 3621 2693 3676 Sed
2719 3637 2824 3676 non
2857 3621 3045 3676 stetisti
3071 3637 3084 3672 :
3109 3620 3385 3674 recordare
3406 3619 3543 3677 unde
3561 3635 3658 3673 ce-

2088 3712 2296 3775 cideris,
2329 3711 2467 3765 unde
2499 3719 2548 3764 te
2584 3709 2773 3778 dejecit
2809 3709 2898 3778 qui
2939 3710 3078 3778 prior
3122 3719 3172 3763 te
3215 3709 3423 3763 cecidit.
3457 3709 3658 3778 Dejecit

2036 3805 2042 3817 '
2089 3803 2228 3858 enim
2271 3811 2341 3866 te,
2374 3818 2480 3856 non
2523 3801 2594 3867 vi,
2623 3818 2728 3854 non
2775 3801 3024 3870 impulsu,
3055 3799 3148 3854 sed
3173 3801 3440 3855 voluntate
3464 3811 3568 3854 tua.
3601 3801 3655 3856 Si

2089 3893 2229 3947 enim
2271 3894 2412 3947 malo
2454 3907 2556 3946 non
2601 3892 2947 3958 consentires,
2971 3901 3158 3955 stares,
3189 3891 3512 3946 illuminatus
3541 3908 3658 3948 ma-

2090 3999 2264 4038 neres.
2294 3983 2449 4038 Modo
2489 3992 2666 4037 autem
2700 3983 2820 4052 quia
2860 3983 2968 4052 jam
2997 3983 3256 4049 cecidisti,
3286 3991 3340 4038 ct
3387 3982 3556 4038 factus
3598 4000 3658 4038 es

2089 4077 2298 4131 saucius
2326 4077 2507 4141 corde,
2535 4077 2673 4130 unde
2691 4077 2854 4130 videri
2885 4076 2972 4130 illa
2997 4076 3082 4130 lux
3107 4086 3279 4146 potest
3295 4078 3334 4142 ί,
3356 4079 3502 4131 venit
3520 4077 3584 4130 ad
3609 4085 3659 4131 te

2092 4168 2212 4222 talis
2257 4167 2466 4237 qualem
2515 4181 2701 4237 posses
2748 4166 2959 4231 videre;
3005 4175 3058 4220 et
3101 4168 3256 4221 talem
3301 4183 3360 4222 se
3387 4167 3658 4221 hominem

2090 4258 2332 4326 praebuit,
2352 4268 2408 4311 ut
2436 4257 2502 4311 ab
2528 4257 2739 4311 homine
2764 4265 3025 4327 qumreret
3050 4257 3430 4311 testimonium.
3453 4258 3535 4310 Ah
3557 4257 3656 4309 Ito-

2088 4350 2231 4403 mine
2257 4349 2443 4418 qumrit
2476 4347 2830 4402 testimonium
2857 4347 3013 4410 Deus,
3045 4359 3099 4402 et
3125 4348 3262 4401 Deus
3289 4356 3474 4402 testem
3497 4347 3660 4401 habet

2091 4438 2390 4504 hominem;
2425 4439 2585 4494 habet
2621 4437 2756 4491 Deus
2783 4447 2969 4492 testem
2999 4438 3286 4504 hominem,
3318 4438 3410 4494 sed
3443 4448 3656 4508 prepter

2089 4527 2354 4583 hominem
2385 4545 2399 4583 :
2425 4539 2526 4582 tam
2555 4525 2747 4581 inﬁrmi
2770 4529 2984 4582 sumus!
3017 4528 3116 4582 Per
3153 4527 3422 4582 lucernam
3464 4529 3657 4596 quatri-

2090 4633 2208 4673 mus
2236 4618 2408 4672 diem:
2432 4616 2552 4688 quia
2583 4618 2795 4672 lucerna
2825 4614 2995 4672 dictus
3021 4627 3104 4673 est
3129 4619 3240 4688 ipse
3263 4618 3516 4684 Joannes,
3548 4618 3656 4671 Du-

2087 4709 2230 4763 mino
2250 4707 2487 4762 dicente:
2513 4705 2612 4761 Ille
2659 4716 2762 4761 erat
2796 4709 2995 4761 lucerna
3019 4708 3201 4762 ardens
3227 4717 3274 4760 et
3293 4705 3480 4773 lucens,
3505 4717 3550 4761 et
3574 4725 3660 4762 res

2089 4797 2309 4851 voluistis
2332 4797 2584 4851 exsultare
2606 4798 2672 4850 ad
2703 4799 2878 4851 horam
2900 4798 2950 4851 in
2974 4797 3160 4852 lumine
3190 4800 3334 4870 ejus;
3358 4815 3448 4870 ego
3486 4809 3657 4853 autent

2090 4887 2244 4940 habeo
2269 4888 2606 4940 testimonium
2635 4888 2799 4958 majus
2827 4887 3023 4940 Joanne
3051 4886 3158 4957 (Id.
3191 4905 3243 4955 ν,
3277 4890 3363 4954 55,
3395 4888 3512 4960 36.)

2158 4977 2210 5031 9.
2243 4978 2379 5046 Ergo
2419 4977 2652 5030 ostendit
2688 4976 2810 5046 quia
2857 4985 3068 5046 propter
3101 4978 3343 5033 homines
3369 4979 3534 5034 voluit
3561 4995 3658 5048 per
3696 5021 3700 5025 -

2092 5067 2358 5122 lucernam
2392 5066 2747 5122 demonstrari
2784 5067 2851 5121 ad
2891 5068 3046 5123 ﬁdem
3093 5069 3440 5135 credentium,
3469 5082 3524 5126 ut
3561 5087 3657 5140 per

2088 5160 2254 5228 ipsam
2276 5159 2541 5213 lucernam
2563 5158 2762 5214 inimici
2783 5159 2896 5230 ejus
2918 5160 3382 5218 conﬁmderentur.
3411 5163 3485 5219 llli
3511 5167 3658 5222 enim

2088 5249 2285 5303 inimici
2313 5249 2402 5318 qui
2430 5249 2574 5303 illum
2602 5251 2897 5317 tentabant,
2919 5259 2972 5306 et
2993 5252 3256 5321 dicebant,
3275 5253 3372 5310 Dic
3397 5259 3555 5322 nobis,
3585 5255 3655 5313 In

2085 5357 2184 5410 qua
2211 5349 2448 5410 potestate
2479 5340 2576 5395 ista
2605 5342 2768 5412 facis?
2794 5340 3117 5414 Interrogabo
3143 5361 3225 5400 vos
3253 5354 3300 5400 et
3329 5363 3438 5418 ego,
3461 5348 3653 5418 inquit,

2086 5447 2246 5484 unum
2271 5445 2587 5487 sermonem:
2609 5433 2758 5486 dicite
2789 5433 2940 5500 mihi,
2975 5433 3246 5504 baptismus
3277 5435 3492 5492 Joannis
3520 5441 3658 5494 unde

2086 5524 2198 5577 est?
2221 5522 2284 5577 de
2299 5523 2441 5592 coelo,
2469 5540 2535 5577 an
2560 5524 2622 5577 ab
2651 5523 2968 5580 hominibus?
2992 5525 3060 5578 Et
3089 5526 3269 5581 turbati
3291 5538 3425 5597 sunt,
3445 5538 3489 5584 et
3512 5530 3657 5585 dixe-

2086 5654 2253 5770 vitiei'il
2259 5656 2972 5781 iimupggwmﬂgﬁ
2984 5666 3277 5774 δᾶξῗῇἰῗηωξ
3292 5664 3538 5728 enitimini
3559 5672 3656 5728 est,
