4074 6488
379 404 400 458 ί
412 401 514 457 593

374 523 494 569 runt
516 512 656 583 apud
681 509 997 578 sentetipsos,
1031 506 1090 562 Si
1132 506 1404 560 dixerimus
1438 503 1500 558 de
1536 501 1697 570 caelo;
1731 501 1954 556 dicturus

376 615 449 660 est
470 603 627 666 nobis,
654 602 822 667 Quare
842 617 958 671 ergo
974 616 1072 653 non
1097 597 1374 651 credidistis
1393 596 1506 650 illi?
1529 594 1681 666 (quia
1706 595 1795 648 ille
1815 593 1958 648 Chri-

377 709 462 752 sto
488 692 830 768 perhibuerat
857 690 1236 754 testimonium,
1265 699 1318 743 et
1341 688 1564 748 dixerat,
1595 685 1715 739 Non
1735 702 1847 738 sum
1864 700 1956 754 ego

377 787 621 850 Christus,
637 784 723 838 sed
739 785 824 838 ille
844 782 1020 857 [Ιραη.
1039 799 1076 846 t,
1091 782 1159 836 ΞΟ
1177 780 1313 851 27]).
1336 778 1395 835 Si
1416 788 1582 833 autem
1603 794 1663 832 ea:
1678 775 1957 831 hominibus

376 876 652 938 dixerimus
677 890 802 941 esse,
831 875 1060 926 timemus
1104 872 1349 940 populum
1389 886 1451 923 ne
1480 869 1666 938 lapidet
1701 884 1821 931 nos;
1840 867 1957 938 quia

376 980 613 1032 tanquam
637 965 934 1036 prophetam
962 962 1204 1015 habebant
1225 961 1496 1015 Joannem.
1529 960 1796 1014 Timentes
1822 957 1954 1026 lapi-

378 1062 679 1124 dationem,
707 1057 800 1112 sed
839 1057 958 1126 plus
1010 1056 1257 1110 timentes
1283 1053 1518 1108 veritatis
1543 1051 1953 1116 confessionem,

380 1149 766 1220 responderunt
803 1147 1132 1201 mendacium
1160 1145 1400 1209 veritati;
1427 1153 1481 1199 et
1506 1144 1722 1198 mentita
1749 1151 1829 1197 est
1853 1141 1956 1194 ini-

379 1242 549 1310 quitas
573 1240 674 1294 sibi
693 1237 866 1307 (Psal.
893 1253 1037 1303 xx",
1064 1235 1173 1308 12).
1197 1237 1448 1289 Dixerunt
1469 1235 1609 1289 enim
1631 1251 1642 1285 :
1668 1232 1954 1287 Nescimus.

381 1334 448 1387 Et
473 1332 751 1395 Dominus,
778 1330 899 1399 quia
940 1329 1036 1398 ipsi
1080 1337 1262 1382 contra
1293 1341 1350 1380 se
1375 1327 1690 1390 clauserant,
1718 1323 1957 1394 negando

376 1436 438 1476 se
462 1423 600 1475 scire
620 1420 760 1490 quod
782 1427 1056 1483 noverant,
1087 1433 1186 1472 nec
1207 1418 1318 1487 ipse
1335 1417 1438 1470 illis
1461 1416 1686 1487 aperuit,
1710 1415 1830 1484 quia
1853 1427 1956 1466 non

379 1511 740 1580 pulsaverunt.
773 1511 977 1563 Dictum
1016 1516 1099 1562 est
1145 1508 1286 1561 enim
1326 1524 1338 1560 :
1379 1506 1608 1570 Pulsate,
1637 1513 1683 1559 et
1711 1504 1959 1573 aperietur

377 1602 514 1654 vobis
543 1600 752 1673 (Matth.
780 1615 873 1664 vn,
904 1599 981 1669 7).
1009 1597 1125 1652 Non
1151 1598 1323 1650 solum
1347 1605 1522 1650 autem
1547 1596 1619 1648 illi
1642 1609 1746 1648 non
1776 1594 1956 1664 pulsa-
2005 1674 2008 1675 ν

377 1699 587 1756 verunt,
618 1699 675 1744 ut
713 1690 1044 1759 aperiretur;
1088 1687 1182 1742 sed
1231 1687 1494 1757 negando,
1543 1688 1734 1740 ostium
1784 1685 1958 1754 ipsum

378 1790 566 1835 contra
592 1794 652 1835 se
679 1780 1075 1834 obstruxerunt.
1113 1779 1179 1833 Et
1205 1779 1278 1833 ait
1306 1779 1386 1833 eis
1414 1779 1664 1834 Dominus
1696 1793 1708 1830 :
1743 1776 1850 1830 Nec
1870 1793 1959 1848 ego

377 1873 494 1925 dico
522 1871 656 1925 vobis
668 1869 719 1924 in
741 1887 838 1938 qua
862 1879 1106 1940 potestate
1121 1871 1216 1924 ista
1231 1871 1363 1942 facio
1394 1870 1602 1943 (Matth.
1631 1887 1741 1937 XXI,
1771 1870 1956 1935 23-97,

379 1962 551 2016 Marc.
583 1978 657 2029 ιι,
687 1961 871 2028 28-55,
895 1972 939 2015 et
960 1960 1086 2014 Luc.
1118 1977 1208 2028 xx,
1235 1959 1380 2034 2-8).
1404 1962 1472 2016 Et
1493 1962 1696 2016 confusi
1722 1971 1843 2016 sunt
1870 1978 1962 2031 per

375 2051 666 2118 Joannem;
696 2051 1074 2121 impletumque
1111 2052 1162 2108 in
1194 2051 1296 2106 illis
1325 2062 1439 2118 est,
1470 2051 1654 2105 Paravi
1705 2051 1960 2106 lucernam

378 2140 582 2196 Christo
627 2157 772 2204 meo;
798 2142 1028 2195 inimicos
1070 2142 1178 2212 ejus
1222 2141 1430 2197 induam
1473 2144 1766 2215 confusione
1789 2141 1955 2214 (Psal.

377 2247 562 2296 cum,
595 2233 683 2299 l7,
714 2233 829 2302 I8).

451 2321 544 2377 10.
573 2321 640 2376 In
668 2325 855 2376 mundo
886 2331 1013 2390 erat,
1051 2332 1096 2376 et
1131 2310 1348 2377 mundus
1388 2341 1479 2394 per
1520 2341 1632 2378 eum
1679 2327 1840 2395 [actus
1866 2333 1957 2377 est.

377 2414 456 2470 Ne
487 2423 640 2483 putes
666 2415 787 2484 quia
813 2415 891 2470 sic
917 2423 1030 2470 erat
1057 2415 1108 2469 in
1139 2415 1358 2481 mundo,
1387 2417 1653 2486 quomodo
1683 2417 1731 2469 in
1765 2416 1961 2470 mundo

378 2513 462 2558 est
507 2514 666 2570 terra,
712 2505 763 2558 in
810 2504 1007 2558 mundo
1046 2512 1127 2560 est
1173 2506 1389 2572 cmlum,
1421 2507 1473 2559 in
1519 2506 1718 2560 mundo
1744 2515 1826 2562 est
1854 2507 1957 2572 sol,

377 2593 507 2647 luna
545 2603 602 2648 et
641 2593 844 2659 stellio,
871 2593 922 2647 in
954 2594 1149 2648 mundo
1175 2594 1412 2660 arbores,
1442 2610 1651 2664 pecora,
1684 2596 1945 2649 homines.

378 2683 498 2739 Non
523 2685 601 2738 sic
630 2684 730 2740 iste
750 2684 802 2738 in
833 2684 1031 2739 mundo
1061 2694 1193 2739 erat.
1225 2685 1331 2740 Sed
1352 2687 1618 2755 quomodo
1643 2686 1792 2740 erat?
1819 2686 1964 2754 Quo-

382 2775 547 2830 modo
573 2776 783 2843 artifex,
814 2791 1005 2846 regens
1047 2777 1187 2847 quod
1227 2777 1368 2831 fecit.
1399 2777 1511 2831 Non
1544 2779 1685 2832 enim
1713 2779 1788 2833 sic
1814 2778 1957 2844 fecit,

383 2866 654 2935 quomodo
682 2865 805 2921 facit
834 2868 998 2922 faber.
1030 2868 1348 2922 Forinsecus
1379 2877 1456 2921 est
1489 2883 1608 2921 arca
1631 2884 1786 2938 quam
1816 2869 1958 2935 facit,

381 2967 436 3012 et
481 2959 573 3012 illa
615 2959 665 3012 in
711 2959 818 3013 alio
869 2959 986 3014 loco
1038 2961 1204 3028 posita
1259 2968 1359 3025 est,
1393 2975 1514 3015 cum
1562 2959 1882 3024 fabricatur;
1911 2969 1964 3014 ct

377 3051 622 3118 quamvis
654 3049 800 3118 juxta
829 3049 915 3114 sit,
948 3050 1060 3118 ipse
1107 3050 1212 3102 alio
1265 3050 1381 3104 loco
1429 3050 1578 3104 sedet
1603 3051 1689 3119 qui
1721 3049 1956 3115 fabricat,

381 3146 436 3191 et
460 3138 796 3192 extrinsecus
825 3147 906 3192 est
941 3137 1006 3192 ad
1055 3138 1179 3192 illud
1228 3138 1366 3207 quod
1416 3137 1676 3195 fabricat:
1709 3140 1844 3194 Deus
1872 3157 1962 3193 au-

382 3238 492 3281 tem
539 3227 740 3282 mundo
775 3227 981 3282 infusus
1007 3228 1246 3296 fabricat,
1275 3229 1467 3298 ubique
1491 3231 1690 3298 positus
1722 3231 1959 3296 fabricat,

380 3327 438 3372 et
481 3334 588 3372 non
633 3319 835 3374 recedit
873 3319 1069 3389 aliquo,
1102 3336 1207 3374 non
1247 3321 1576 3375 extrinsecus
1614 3323 1764 3390 quasi
1791 3332 1964 3377 versat

381 3407 578 3462 molem
607 3423 763 3478 quam
789 3407 1032 3463 fabricat.
1056 3409 1341 3464 Prrcseutia
1366 3412 1655 3479 majestatis
1675 3412 1798 3465 facit
1823 3413 1961 3481 quod

381 3499 544 3564 facit;
577 3500 857 3568 praesentia
894 3515 990 3554 sua
1028 3500 1286 3570 gubernat
1328 3502 1467 3570 quod
1517 3502 1660 3556 fecit.
1706 3503 1793 3557 Sic
1837 3519 1962 3574 etgo

381 3598 501 3643 erat
519 3591 571 3644 in
595 3591 810 3654 mundo,
835 3592 1100 3660 quomodo
1122 3607 1216 3662 per
1240 3608 1395 3661 quem
1417 3594 1640 3647 mundus
1669 3593 1832 3648 factus
1859 3605 1958 3649 est.

384 3679 494 3734 Per
518 3682 681 3751 ipsum
713 3683 858 3737 enim
884 3683 1096 3736 mundus
1126 3685 1288 3752 {actus
1307 3692 1398 3750 est,
1422 3694 1467 3737 et
1493 3686 1708 3739 mundus
1732 3704 1842 3740 eum
1864 3704 1963 3740 non

383 3776 637 3844 cognouit.

461 3863 488 3916 1
505 3864 550 3916 1.
581 3863 712 3930 Quid
737 3873 842 3930 est,
873 3865 1088 3919 mundus
1114 3865 1276 3934 {actus
1297 3876 1368 3919 cst
1390 3883 1478 3936 per
1502 3868 1704 3938 ipsum?
1730 3867 1958 3935 lemn,

384 3964 547 4020 terra,
577 3971 722 4010 mare
750 3966 804 4010 et
832 3958 1008 4011 omnia
1039 3973 1156 4026 qua:
1200 3958 1250 4010 in
1293 3960 1370 4012 eis
1409 3969 1552 4022 sunt,
1582 3959 1810 4013 mundus
1835 3960 1966 4013 dici-

384 4057 490 4098 tur.
518 4045 713 4099 lterum
743 4046 842 4100 alia
866 4048 1269 4116 significatIOue,
1299 4049 1581 4103 dilectores
1609 4051 1789 4104 mundi
1812 4068 1964 4104 mun-

381 4135 486 4189 dus
511 4135 777 4190 dicuutur.
807 4136 1034 4191 Mundus
1065 4156 1152 4207 per
1180 4139 1343 4209 ipsum
1372 4145 1534 4210 factus
1554 4152 1647 4207 est,
1673 4154 1717 4195 et
1747 4147 1964 4198 mundus

381 4243 499 4279 cum
529 4244 630 4280 non
659 4230 904 4298 cognouit.
932 4229 1064 4283 Num
1113 4232 1254 4285 enim
1297 4232 1422 4285 cceli-
1463 4250 1564 4286 non
1604 4249 1965 4303 cognoverunt

382 4319 694 4374 Creatorem
723 4338 898 4384 suum,
921 4332 1012 4375 aut
1035 4323 1221 4392 Angeli
1245 4339 1348 4377 non
1370 4338 1730 4393 cognoverunt
1749 4328 1965 4382 Creato-

385 4425 498 4462 rem
535 4425 714 4476 suum,
747 4420 837 4464 aut
864 4428 968 4465 non
996 4423 1359 4481 cognoverunt
1387 4415 1690 4469 Creatorem
1716 4434 1867 4471 suum
1895 4422 1964 4472 si-

378 4501 533 4567 dera,
565 4518 725 4572 quem
745 4505 1064 4558 conlitentur
1085 4505 1383 4560 dat-monia?
1407 4507 1594 4561 Omnia
1628 4511 1857 4579 undique
1889 4521 1965 4564 ιι·-

383 4597 696 4650 stimonium
734 4597 1132 4664 perhibuerunt.
1174 4598 1280 4653 Sed
1316 4600 1404 4668 qui
1440 4616 1543 4653 non
1572 4606 1964 4671 cognoverunt?

382 4685 486 4750 Qui
517 4687 746 4738 amando
795 4686 1045 4740 mundum
1088 4686 1214 4742 dicti
1258 4698 1382 4742 sunt
1425 4691 1672 4743 mundus.
1724 4693 1964 4746 Amando

380 4778 528 4831 enim
573 4776 873 4831 habitamus
907 4778 1104 4832 corde:
1135 4779 1361 4834 amando
1411 4792 1605 4846 autem,
1642 4782 1742 4837 hoc
1783 4785 1963 4852 appel-

385 4871 484 4924 lari
511 4880 822 4925 meruerunt
845 4872 984 4940 quod
1009 4873 1096 4926 ille
1117 4873 1202 4926 ubi
1237 4873 1560 4927 habitabant.
1587 4876 1861 4941 Quomodo
1883 4878 1964 4931 di-

378 4963 579 5026 cimus,
613 4961 744 5015 Mala
770 4972 852 5016 est
878 4963 969 5016 illa
994 4963 1201 5028 domus;
1227 4974 1334 5030 aut,
1355 4965 1497 5019 Bona
1525 4975 1606 5020 est
1631 4967 1713 5020 illa
1743 4967 1958 5022 domus:

379 5068 490 5107 non
516 5053 570 5106 in
601 5054 690 5107 illa
715 5069 869 5122 quam
891 5054 1114 5107 dicimus
1141 5056 1351 5122 malam,
1379 5057 1606 5125 parietes
1628 5074 1957 5124 accusamus;

379 5155 474 5200 aut
503 5147 555 5199 in
586 5147 675 5199 illa
705 5161 862 5215 quam
889 5146 1112 5201 dicimus
1141 5147 1351 5212 bonam,
1385 5151 1616 5217 parietes
1649 5152 1918 5206 laudamus
1943 5169 1956 5205 ε

377 5235 688 5290 sed-malam
702 5237 935 5300 domum,
956 5237 1312 5292 inhabitantes
1339 5240 1536 5304 malos;
1570 5252 1617 5294 et
1642 5241 1833 5296 bonam
1862 5243 1957 5294 do-

379 5343 550 5390 mum,
576 5327 932 5381 inhabitantes
948 5328 1135 5381 honos.
1157 5329 1244 5382 Sic
1273 5339 1326 5384 et
1351 5308 1729 5403 nuiudunuqui
1751 5335 1959 5387 inhabi-

379 5427 495 5472 tant
510 5418 739 5472 amando
754 5419 1028 5472 mundum.
1045 5420 1143 5485 Qui
1161 5421 1306 5474 sunt?
1322 5421 1418 5488 Qui
1435 5423 1657 5492 diligunt
1675 5425 1923 5478 mundum
1944 5446 1957 5481 :

377 5509 483 5579 ipsi
505 5509 648 5564 enim
672 5509 834 5563 corde
856 5509 1096 5564 habitant
1123 5509 1174 5564 in
1199 5511 1416 5565 mundo.
1441 5513 1570 5566 Nam
1599 5515 1686 5583 qui
1718 5530 1822 5568 non
1848 5516 1960 5569 dili-

373 5608 514 5671 gunt
537 5601 820 5667 mundum,
848 5615 1010 5656 carne
1037 5611 1314 5658 versantur
1343 5604 1392 5657 in
1425 5605 1654 5671 annulo;
1679 5607 1772 5662 sed
1797 5610 1958 5663 corde

376 5689 680 5744 inhabitant
710 5690 934 5757 caelum,
969 5689 1106 5744 sicut
1141 5693 1424 5760 Apostolus
1449 5693 1575 5747 dicit
1600 5712 1612 5747 :
1637 5695 1827 5749 Nostra
1863 5716 1956 5750 au-

372 5787 480 5836 tent
531 5781 842 5840 conversatio
892 5782 944 5836 in
994 5781 1131 5841 (telis
1176 5792 1246 5838 est
1282 5783 1538 5858 (Philipp.
1571 5787 1780 5861 11520).
1817 5788 1956 5860 Ergo
1993 5837 2003 5846 .

1605 386 2008 444 TRACTATUS
2037 386 2098 442 II.
2131 385 2362 441 CAPUT
2399 383 2438 439 1.

3492 387 3632 441 1591

2060 499 2278 552 mundus
2307 514 2395 568 per
2427 513 2538 551 eum
2580 499 2743 567 factus
2782 505 2870 561 est,
2893 504 2936 549 et
2986 495 3212 551 mundus
3236 512 3350 550 eum
3397 511 3496 550 non
3535 512 3624 549 co-

2019 668 2021 670 η
2058 591 2247 660 gnovit.

2134 681 2218 734 1-2.
2258 678 2325 734 In
2363 694 2454 734 sua
2489 679 2691 750 propria
2719 677 2879 732 venit:
2903 675 3024 748 quia
3049 677 3223 732 omnia
3254 677 3351 730 ista
3383 692 3476 746 per
3503 691 3625 732 eum

2060 771 2194 826 facta
2223 779 2364 826 sunt.
2389 771 2459 824 -Et
2478 771 2558 825 sui
2585 787 2697 824 eum
2725 787 2824 824 non
2843 777 3148 838 receperunt.
3177 767 3276 835 Qui
3297 768 3416 822 sui?
3442 767 3628 822 [Ιοῐηί-

1998 865 2003 870 “
2059 877 2156 918 nes
2186 876 2319 932 quos
2349 861 2488 915 fecit.
2521 860 2688 916 Judaei
2705 875 2838 930 quos
2861 859 3098 928 primitus
3121 857 3244 914 fecit
3263 873 3420 927 super
3439 871 3630 913 omnes

2059 967 2244 1025 gentes
2272 969 2412 1009 esse.
2435 953 2564 1021 Quia
2591 953 2708 1007 alia:
2729 964 2912 1022 gentes
2938 953 3071 1006 idola
3097 952 3409 1017 adorabant,
3437 959 3490 1006 et
3512 950 3626 1006 da!-

2060 1046 2304 1101 monibus
2329 1045 2654 1108 serviebant;
2698 1045 2786 1099 ille
2811 1054 2985 1098 autem
3014 1044 3235 1113 populus
3256 1051 3408 1096 natus
3429 1052 3542 1097 erat
3561 1041 3630 1096 de

2061 1137 2264 1190 semine
2299 1134 2560 1190 Abrahae:
2593 1142 2648 1188 et
2687 1134 2783 1203 ipsi
2827 1135 3057 1188 maxime
3109 1134 3220 1197 sui;
3272 1132 3393 1201 quia
3434 1141 3487 1187 et
3537 1147 3633 1201 per

2061 1243 2273 1281 carnem
2301 1243 2456 1296 quam
2486 1226 2757 1294 suscipere
2786 1226 3029 1295 dignatus
3053 1232 3154 1292 est,
3185 1227 3414 1296 cognati.
3449 1226 3512 1278 In
3540 1241 3638 1279 sua

2063 1319 2269 1389 propria
2298 1319 2442 1380 venit,
2473 1327 2519 1372 et
2550 1320 2628 1372 sui
2659 1335 2770 1371 eum
2801 1334 2900 1371 non
2927 1329 3232 1386 receperunt.
3265 1317 3376 1371 Non
3409 1332 3636 1385 receph

2062 1418 2185 1463 runt
2229 1411 2464 1474 omnino,
2499 1411 2673 1463 nullus
2710 1409 2944 1478 recepit?
2973 1409 3152 1462 Nullus
3181 1424 3305 1477 ergo
3345 1409 3520 1462 salvus
3555 1408 3631 1461 fa-

2063 1510 2179 1556 ctus
2201 1501 2317 1558 est?
2344 1500 2508 1555 Nemo
2528 1502 2667 1555 enim
2688 1501 2864 1556 salvus
2879 1500 2984 1566 fiet,
3010 1500 3108 1554 nisi
3129 1501 3219 1569 qui
3246 1499 3633 1554 Christum-re-

2063 1595 2264 1664 ceperit
2290 1595 2613 1649 venientem.

2135 1689 2220 1742 15.
2251 1687 2352 1742 Sed
2385 1687 2620 1741 addidit:
2658 1687 2906 1756 Quotquot
2952 1696 3116 1739 autem
3157 1694 3446 1754 receperunt
3497 1700 3630 1738 eum.

2063 1780 2197 1846 Quid
2230 1781 2307 1833 eis
2347 1781 2624 1848 prmstitit?
2654 1781 2835 1848 Magna
2885 1779 3283 1834 benevolentia!
3316 1778 3495 1846 Magna
3537 1776 3635 1828 mi-

2065 1871 2346 1926 sericordia
2370 1872 2382 1925 ι
2413 1871 2608 1926 Unicus
2631 1881 2780 1925 natus
2807 1879 2905 1936 est,
2934 1878 2986 1924 et
3029 1870 3194 1922 noluit
3230 1883 3444 1922 manere
3473 1883 3630 1919 unus.

2065 1963 2207 2017 Multi
2234 1963 2473 2018 homines
2488 1979 2605 2018 cum
2632 1963 2768 2017 filios
2790 1979 2892 2016 non
2918 1961 3214 2022 habuerint,
3243 1967 3450 2029 peracta
3478 1967 3634 2012 a'tate

2039 2056 2317 2125 adoptant
2342 2056 2474 2119 sibi;
2510 2063 2563 2108 et
2594 2056 2859 2109 voluntate
2901 2054 3094 2107 faciunt
3129 2051 3269 2120 quod
3312 2060 3493 2102 natura
3532 2063 3634 2100 non

2067 2154 2392 2214 potuerunt:
2428 2146 2525 2199 hoc
2566 2145 2762 2199 faciunt
2814 2144 3070 2198 homines.
3128 2142 3182 2195 Si
3230 2151 3405 2194 autem
3448 2140 3637 2207 aliquis

2068 2236 2258 2291 haheat
2305 2236 2465 2290 filiuni
2509 2237 2740 2298 unicum,
2783 2235 2974 2303 gaudet
3001 2231 3065 2286 ad
3111 2233 3256 2284 illum
3289 2229 3487 2298 magis;
3518 2229 3641 2296 quia

2067 2329 2214 2383 solus
2244 2329 2419 2381 omnia
2451 2341 2790 2395 pOSSCSStII‘US
2819 2335 2919 2390 est,
2948 2334 3000 2380 et
3026 2339 3132 2377 non
3163 2321 3375 2376 habebit
3401 2321 3487 2388 qtti
3519 2334 3641 2371 cum

2065 2435 2131 2474 eo
2171 2418 2766 2478 dividatIncreditatem,
2800 2425 2854 2469 ut
2895 2414 3173 2484 pauperior
3201 2419 3489 2466 remaneat.
3525 2408 3637 2462 Non

2066 2511 2142 2563 sic
2175 2511 2312 2563 Deus
2341 2527 2353 2562 :
2383 2507 2604 2564 Uniemn
2629 2507 2872 2561 eumdem
2905 2507 3072 2575 ipsum
3099 2519 3254 2574 quem
3283 2510 3557 2572 genuerat,
3587 2507 3644 2554 et

2069 2617 2161 2670 per
2181 2617 2339 2670 quem
2367 2610 2555 2654 cuneta
2585 2609 2874 2662 creaverat,
2920 2598 3060 2652 misit
3104 2599 3154 2651 in
3201 2598 3340 2649 Iumc
3366 2594 3638 2653 mundum,

2069 2701 2125 2745 ut
2168 2708 2272 2746 non
2327 2701 2469 2745 esset
2512 2707 2669 2753 unus,
2703 2690 2794 2743 sed
2840 2689 3030 2742 fratres
3080 2688 3295 2741 haberet
3341 2685 3638 2751 adOptatos.

2067 2783 2180 2836 Non
2213 2783 2353 2836 enim
2381 2798 2478 2835 nos
2508 2781 2614 2834 nali
2647 2794 2826 2833 smnus
2853 2779 2918 2832 de
2952 2779 3078 2840 Deo,
3103 2775 3368 2844 quomodo
3396 2775 3483 2827 ille
3512 2771 3639 2826 Uui-

2066 2872 2290 2941 genitns,
2335 2870 2428 2923 Sed
2475 2869 2705 2937 adoptati
2754 2884 2843 2936 per
2882 2867 3100 2935 gratiam
3148 2865 3330 2934 ipsius.
3364 2863 3454 2916 Ille
3499 2863 3640 2916 eniut

2067 2963 2210 3014 Venit
2240 2961 2550 3029 Unigenitus
2573 2960 2775 3012 solvere
2806 2968 3034 3027 peccata.
3071 2957 3261 3024 quibus
3285 2953 3516 3023 peccatis
3545 2953 3638 3004 im-

2067 3055 2412 3123 plicabantur,
2447 3068 2510 3104 ne
2539 3052 2811 3119 adoptaret
2846 3066 2940 3102 nos
2969 3058 3178 3117 prOpter
3204 3045 3638 3114 impedimentum

2067 3162 2285 3201 eorum:
2311 3160 2444 3213 quos
2489 3144 2586 3197 sibi
2638 3145 2824 3196 fratres
2868 3141 3040 3195 facere
3065 3139 3290 3201 volebat,
3321 3139 3430 3204 ipse
3460 3134 3638 3197 solvit,

2067 3251 2120 3292 et
2147 3238 2262 3291 fecit
2287 3237 2612 3291 colueredes.
2649 3235 2737 3290 Sic
2777 3237 2918 3290 enim
2972 3232 3100 3286 dicit
3128 3230 3430 3299 Apostolus,
3465 3227 3524 3282 Si
3549 3244 3640 3280 au-

2068 3337 2161 3381 tem
2183 3327 2340 3396 ﬁlius,
2367 3336 2412 3379 et
2450 3327 2608 3380 hwres
2659 3343 2746 3395 per
2800 3324 2956 3376 Deum
2988 3321 3178 3394 (Galat.
3227 3336 3295 3384 tv,
3331 3321 3490 3387 7):ct
3543 3319 3639 3371 ite-

2035 3405 2206 3483 .rnm,
2255 3418 2495 3472 Ilwredes
2557 3417 2756 3488 quidem
2784 3416 2896 3476 Dei,
2927 3413 3208 3467 cohaeredes
3252 3422 3416 3464 autem
3455 3409 3642 3464 Christi

2069 3511 2243 3584 (Rom.
2312 3526 2422 3575 vm,
2457 3511 2520 3562 l7
2553 3510 2596 3579 ).
2633 3509 2742 3563 Non
2803 3507 2970 3560 timuit
3009 3505 3098 3558 ille
3162 3504 3358 3558 habere
3401 3502 3641 3556 coluere-

2067 3603 2194 3667 des;
2222 3601 2343 3670 quia
2398 3600 2678 3653 Inrrcditas
2729 3600 2844 3667 ejus
2891 3613 2996 3651 non
3047 3595 3104 3648 fit
3127 3605 3366 3665 angusta,
3412 3595 3454 3647 si
3495 3594 3640 3646 multi

2069 3693 2423 3761 possederint.
2490 3691 2564 3745 Illi
2635 3691 2734 3760 ipsi
2785 3699 2928 3745 certe
3000 3688 3090 3743 illo
3153 3687 3456 3757 possidente
3509 3687 3639 3737 fiunt

2070 3784 2350 3837 Iurreditas
2405 3784 2588 3854 ipsius,
2644 3793 2697 3836 et
2759 3783 2868 3850 ipso
2928 3781 3160 3834 vicissim
3234 3779 3289 3831 lit
3356 3775 3638 3830 hmreditas

2069 3877 2322 3943 ipsorum.
2357 3875 2490 3928 Audi
2518 3873 2780 3943 quomodo
2824 3873 2918 3941 ipsi
2959 3872 3083 3922 fiant
3124 3868 3403 3922 lueretlitas
3431 3866 3594 3934 ipsius
3624 3883 3636 3914 ε

2069 3965 2314 4018 Dominus
2355 3965 2481 4017 dixit
2521 3965 2587 4015 ad
2624 3961 2891 4027 me,l“ilius
2919 3977 3054 4013 mens
3077 3976 3128 4012 es
3152 3969 3235 4020 tu;
3267 3974 3354 4027 ego
3376 3957 3522 4008 hodie
3553 3972 3638 4018 ge-

2069 4057 2156 4108 nui
2187 4066 2250 4106 te.
2294 4055 2505 4107 [’ostula
2534 4071 2563 4105 a
2593 4069 2686 4115 me,
2717 4061 2761 4104 et
2801 4050 2929 4104 dabo
2973 4049 3058 4102 tibi
3097 4058 3262 4117 gentes
3298 4046 3638 4099 hatreditatont

2070 4158 2206 4199 luant
2237 4145 2405 4216 (Psal.
2439 4161 2495 4204 tt,
2526 4145 2577 4205 7,
2606 4144 2680 4212 8).
2712 4142 2803 4196 Ille
2831 4139 3096 4210 quomodo
3142 4141 3197 4191 lit
3238 4136 3516 4191 Increditas
3553 4150 3640 4189 eo-

2071 4237 2229 4290 rum?
2261 4237 2394 4289 Dicit
2427 4236 2475 4287 in
2507 4234 2714 4289 I’salmo
2741 4251 2752 4285 :
2791 4232 3040 4285 Dominus
3065 4247 3180 4299 pars
3201 4228 3503 4282 [hereditatis
3523 4242 3643 4279 mea

2070 4338 2115 4380 et
2138 4326 2307 4380 colicis
2329 4327 2424 4378 mei
2454 4325 2625 4395 (Psal.
2656 4341 2740 4389 xv,
2773 4320 2847 4392 5):
2876 4323 2938 4376 Et
2963 4337 3061 4376 nos
3088 4322 3231 4374 illutn
3258 4319 3642 4388 possideamus,

2069 4427 2122 4472 et
2149 4417 2261 4485 ipse
2290 4432 2385 4470 nos
2417 4416 2683 4486 possideat
2711 4415 2831 4469 :ille
2858 4412 3267 4482 nospossideat,
3299 4413 3436 4468 sicut
3455 4411 3642 4464 Domi-

2071 4529 2202 4577 nus;
2233 4526 2329 4566 nos
2359 4512 2502 4564 illmn
2531 4511 2893 4580 possideamus
2917 4510 3048 4564 sicut
3063 4509 3310 4570 salutem,
3333 4522 3430 4560 nos
3459 4509 3638 4577 possi-

2069 4585 2289 4658 deamus
2311 4603 2443 4658 sicut
2472 4603 2660 4656 lucem.
2695 4602 2828 4670 Quid
2860 4617 2985 4670 ergo
3010 4601 3155 4655 dedit
3190 4601 3270 4653 his
3298 4600 3387 4678 qui
3425 4615 3640 4668 recepe-

2070 4704 2193 4748 runt
2224 4695 2408 4748 illum?
2429 4693 2577 4746 Dedit
2601 4694 2671 4746 eis
2693 4702 2981 4762 potestatem
3004 4692 3135 4758 ﬁlios
3159 4690 3253 4744 Dei
3279 4692 3407 4758 ﬁeri,
3444 4690 3520 4743 Itis
3559 4691 3642 4758 qui

2069 4787 2278 4840 credunt
2325 4788 2376 4839 in
2416 4787 2613 4838 nomine
2655 4786 2766 4853 ejus
2797 4800 2816 4839 :
2853 4792 2909 4838 ut
2941 4793 3151 4838 teneant
3180 4783 3397 4852 lignum,
3420 4791 3475 4838 et
3498 4797 3644 4834 mare

2071 4885 2361 4930 transeant.

2141 4967 2226 5019 M.
2248 4966 2314 5018 Et
2336 4965 2600 5034 quomodo
2615 4965 2690 5018 illi
2712 4964 3031 5019 nascuntur?
3055 4964 3139 5018 Isti
3156 4965 3274 5034 quia
3294 4961 3494 5017 filiiDei
3513 4962 3645 5016 fiunt

2069 5066 2124 5111 et.
2154 5057 2339 5112 fratres
2367 5057 2597 5122 Christi,
2627 5058 2806 5127 utique
2830 5065 3137 5112 nascuntur.
3161 5057 3289 5109 Nam
3317 5055 3359 5108 si
3393 5069 3494 5106 non
3525 5069 3647 5110 nas-

2069 5157 2258 5203 cuntur
2282 5190 2296 5214 ,
2340 5148 2432 5201 filii
2477 5147 2742 5218 quomodo
2789 5163 2906 5203 esse
2934 5147 3192 5217 possunt?
3216 5145 3318 5199 Sed
3351 5143 3438 5197 filii
3471 5145 3644 5198 homi—

2069 5256 2195 5294 num
2227 5249 2515 5294 nascuntur
2540 5255 2605 5293 ex
2630 5255 2788 5294 carne
2814 5251 2867 5294 et
2896 5239 3176 5308 sanguine,
3203 5245 3256 5290 et
3285 5251 3348 5290 ex
3379 5237 3648 5293 voluntate

2068 5331 2198 5396 viri,
2240 5341 2294 5384 et
2319 5347 2384 5386 ex
2411 5331 2689 5400 complexu
2719 5331 2970 5400 conjugii.
3000 5329 3074 5383 Illi
3101 5335 3276 5382 autem
3302 5328 3568 5398 quomodo
3597 5329 3647 5383 ei

2069 5423 2397 5479 nascuntur?
2421 5422 2521 5488 Qui
2543 5439 2641 5476 non
2663 5440 2725 5477 ea:
2743 5421 3065 5492 sanguinibus
3094 5437 3107 5473 :
3138 5427 3386 5488 tanquam
3412 5420 3572 5473 maris
3593 5428 3648 5473 et

2067 5515 2296 5568 feminae.
2329 5513 2595 5584 Sanguina
2624 5515 2640 5546 ί
2677 5530 2780 5569 non
2805 5523 2884 5568 est
2911 5512 3126 5566 latinum
3159 5529 3172 5563 :
3200 5511 3295 5566 sed
3322 5512 3443 5581 quia
3471 5525 3644 5581 gneco

2071 5606 2296 5675 positum
2321 5614 2404 5660 est
2433 5605 2736 5675 pluraliter,
2771 5603 2950 5657 maluit
2975 5603 3061 5657 ille
3085 5604 3172 5673 qui
3201 5602 3645 5672 interpretabatur

2067 5698 2144 5752 sic
2187 5712 2418 5766 ponere,
2461 5707 2515 5752 et
2557 5697 2703 5767 quasi
2749 5695 2922 5748 minus
2967 5695 3129 5752 latine
3169 5696 3312 5766 loqui
3355 5692 3644 5749 secundum

2130 5800 2144 5831 ³
2172 5799 2368 5850 Calices
2383 5796 2580 5861 aliquot,
2604 5794 2890 5860 sanguines;
2915 5810 2942 5846 a
2965 5797 3177 5849 secunda
3200 5807 3359 5850 manu.
