4074 6462
429 369 455 423 1
466 367 571 424 593

426 480 822 552 grammaticos,
849 487 901 534 et
933 487 1105 534 tamen
1132 476 1396 547 explicare
1419 475 1692 530 veritatem
1715 467 2006 525 secundum

429 571 665 624 auditum
701 570 1049 625 infirmorum.
1081 567 1136 624 Si
1164 569 1304 623 enim
1333 567 1537 621 diceret
1559 562 1867 633 sanguinem
1894 559 2006 614 sin-

427 660 596 730 gulari
618 675 875 726 numero,
907 673 1012 713 non
1044 659 1332 728 explicaret
1355 655 1496 726 quod
1525 653 1736 708 volebat
1762 669 1777 706 :
1799 667 1864 708 ex
1887 666 2009 707 san-

429 751 674 821 guinibus
710 751 850 807 enim
890 750 1132 806 homines
1168 758 1454 804 nascuntur
1488 747 1650 802 maris
1685 756 1740 801 et
1775 745 2006 800 feminae.

429 840 678 896 Dicamus
703 856 850 911 ergo,
874 857 976 895 non
1002 842 1277 895 timeamus
1299 839 1492 894 ferulas
1506 837 2006 908 grammaticorum;

429 930 555 984 dum
585 939 760 986 tamen
787 932 853 986 ad
885 932 1158 986 veritatem
1187 930 1409 985 solidam
1439 939 1490 985 et
1515 930 1794 985 certiorem
1821 943 2009 999 perve-

429 1020 658 1075 niamus.
706 1021 1063 1090 Reprehendit
1090 1021 1179 1098 qui
1212 1021 1484 1091 intelligit,
1512 1022 1746 1090 ingratus
1773 1019 1895 1089 quia
1925 1019 2008 1072 in-

429 1113 654 1168 tellexit.
701 1113 823 1169 Non
861 1130 924 1168 ea:
965 1113 1289 1184 sanguinibus
1308 1153 1322 1178 ,
1351 1129 1506 1182 neque
1530 1128 1593 1165 ex
1616 1112 1868 1165 voluntate
1892 1126 2009 1164 car-

426 1203 508 1257 nis
530 1243 546 1269 ,
593 1220 750 1274 neque
790 1220 852 1257 ea:
892 1204 1143 1256 voluntate
1176 1203 1289 1256 viri.
1316 1201 1541 1256 Carnem
1571 1217 1668 1271 pro
1695 1200 1888 1256 femina
1917 1215 2012 1270 po—

428 1291 535 1346 suit
583 1311 597 1346 :
645 1294 764 1363 quia
807 1293 874 1347 de
913 1303 1057 1348 costa
1099 1308 1220 1347 cum
1259 1294 1392 1347 facta
1425 1301 1602 1356 esset,
1642 1291 1811 1345 Adam
1841 1290 2007 1356 dixit,

431 1381 546 1436 Hoc
581 1399 714 1436 nunc
754 1400 810 1437 os
851 1385 914 1438 de
955 1384 1146 1438 ossibus
1182 1384 1303 1438 meis
1327 1425 1342 1450 ,
1387 1392 1434 1436 et
1468 1399 1586 1436 caro
1623 1383 1686 1435 de
1722 1399 1873 1436 carne
1899 1397 2011 1434 mea

429 1469 584 1538 (Gen.
626 1487 694 1536 ιι,
729 1472 860 1542 23);
905 1483 959 1527 et
997 1474 1281 1544 Apostolus
1317 1474 1423 1536 ait,
1463 1473 1562 1537 Qui
1597 1473 1760 1542 diligit
1803 1488 2011 1526 uxorem

427 1576 571 1614 suam
593 1602 610 1626 ,
631 1563 851 1631 seipsum
875 1565 1038 1634 diligit
1061 1581 1079 1629 ;
1106 1581 1247 1617 nemo
1270 1564 1400 1618 enim
1419 1579 1634 1633 unquam
1651 1579 1850 1616 carnem
1865 1579 2011 1617 suam

429 1651 548 1706 odio
577 1652 723 1706 habet
753 1653 966 1726 (Ep/trs.
995 1670 1027 1708 ν
1049 1695 1065 1721 ,
1095 1653 1164 1709 28
1180 1665 1227 1707 ct
1245 1654 1358 1724 29).
1379 1653 1595 1707 Ponitur
1615 1667 1741 1722 ergo
1769 1667 1895 1708 caro
1915 1667 2010 1722 pro

425 1755 622 1806 uxore,
671 1744 938 1812 quomodo
985 1755 1039 1798 et
1080 1744 1362 1814 aliquando
1405 1744 1622 1812 Spiritus
1661 1758 1756 1813 pro
1796 1731 2006 1798 marito.

427 1830 646 1900 Quare?
689 1834 820 1902 Quia
869 1836 955 1890 ille
996 1837 1162 1905 regit,
1205 1835 1319 1890 haec
1360 1835 1601 1905 regitur:
1635 1835 1723 1890 ille
1749 1835 2012 1904 imperare

427 1923 620 1992 debet,
647 1925 746 1981 ista
772 1927 991 1982 servire.
1022 1927 1153 1982 Nam
1182 1928 1267 1982 ubi
1291 1943 1414 1982 caro
1437 1927 1774 1996 imperat,'et
1794 1927 2012 1996 spiritus

429 2017 624 2081 servit,
655 2033 902 2086 perversa
929 2017 1118 2074 domus
1141 2029 1242 2076 est.
1272 2018 1406 2086 Quid
1436 2019 1585 2088 pejus
1612 2018 1792 2084 domo,
1819 2018 1908 2072 ubi
1932 2017 2011 2073 fe-

426 2103 570 2161 mina
597 2107 756 2164 habet
782 2110 1057 2179 imperium
1089 2125 1250 2180 super
1279 2111 1495 2164 virum?
1520 2111 1681 2165 Recta
1706 2119 1883 2165 autem
1911 2109 2012 2165 do-

427 2211 580 2265 mus,
628 2198 717 2254 ubi
763 2200 843 2252 vir
886 2200 1141 2269 imperat,
1187 2201 1380 2255 femina
1423 2201 1772 2271 obtemperat.
1818 2201 2013 2256 Rectus

427 2303 557 2360 ergo
584 2289 697 2360 ipse
726 2291 886 2350 homo
907 2333 920 2356 ,
952 2293 1043 2348 ubi
1069 2293 1284 2363 spiritus
1314 2295 1572 2363 imperat,
1602 2309 1727 2348 caro
1755 2295 1938 2349 servit.

500 2379 589 2435 15.
620 2380 682 2434 Hi
709 2397 836 2451 ergo
863 2399 962 2436 non
985 2399 1047 2436 ex
1070 2385 1328 2440 voluntate
1347 2386 1513 2438 carnis
1531 2425 1547 2451 ,
1577 2401 1733 2454 neque
1756 2402 1818 2440 ea:
1843 2385 2013 2439 volun-

430 2478 531 2522 tate
547 2471 673 2537 viri,
696 2473 784 2526 sed
825 2489 889 2528 ea:
922 2471 1030 2528 Deo
1059 2476 1168 2527 nati
1190 2484 1325 2530 sunt.
1355 2474 1426 2530 Ut
1448 2483 1624 2530 autem
1653 2474 1897 2530 homines
1916 2491 2013 2529 na-

427 2571 708 2618 scerentur
748 2579 815 2619 ex
869 2564 1000 2630 Deo,
1045 2566 1218 2636 primo
1259 2581 1325 2621 ex
1368 2566 1496 2636 ipsis
1539 2575 1693 2620 natus
1723 2575 1804 2622 est
1851 2567 2013 2622 Dens.

424 2649 669 2707 Christus
699 2655 841 2708 enim
865 2655 1035 2720 Deus,
1067 2665 1122 2711 et
1146 2655 1386 2712 Christus
1417 2666 1572 2711 natus
1597 2672 1660 2712 ex
1689 2657 2010 2712 hominibus.

425 2741 540 2798 Non
577 2747 825 2814 qua‘sivit
848 2747 1059 2816 quidem
1090 2747 1191 2803 nisi
1217 2761 1439 2803 matrem
1471 2749 1524 2803 in
1559 2758 1727 2813 terra,
1761 2750 1879 2819 quia
1905 2749 2012 2818 jam

423 2843 629 2906 patrem
662 2836 887 2892 habebat
910 2837 962 2892 in
993 2838 1130 2894 coelo
1156 2857 1168 2891 :
1198 2848 1352 2892 natus
1379 2854 1444 2894 ex
1479 2839 1587 2893 Deo
1608 2881 1622 2905 ,
1648 2854 1743 2908 per
1761 2855 1916 2908 quem
1937 2839 2015 2894 ef-

425 2924 735 2994 ficeremur;
763 2936 819 2984 et
843 2937 998 2984 natus
1022 2946 1087 2985 ex
1113 2929 1329 2996 femina,
1354 2944 1450 2999 per
1469 2946 1627 3000 quem
1650 2932 2008 2985 reliceremur.

426 3014 548 3071 Noli
591 3031 719 3088 ergo
756 3019 973 3086 mirari,
1021 3035 1054 3074 o
1097 3019 1290 3085 homo,
1337 3022 1457 3090 quia
1495 3021 1722 3075 efliceris
1753 3021 1892 3075 filius
1923 3036 2015 3090 per

424 3107 684 3176 gratiam,
735 3111 855 3179 quia
904 3111 1140 3166 nasceris
1181 3127 1247 3166 ex
1293 3111 1402 3166 Deo
1446 3112 1734 3166 secundum
1779 3111 2011 3168 Verbum

425 3195 563 3266 ejus.
596 3197 749 3254 Prius
771 3199 940 3269 ipsum
963 3201 1193 3256 Verbum
1225 3201 1388 3256 voluit
1414 3202 1555 3256 nasci
1585 3217 1649 3256 ex
1674 3201 1888 3257 homine
1908 3244 1923 3268 ,
1957 3211 2016 3256 ut

427 3294 490 3344 tu
515 3303 737 3346 securus
779 3292 1076 3348 nascereris
1115 3308 1180 3348 ex
1221 3293 1365 3358 Deo,
1403 3302 1458 3348 et
1497 3292 1705 3349 diceres
1733 3294 1821 3349 tibi
1856 3313 1869 3348 :
1899 3293 2012 3348 Non

429 3379 550 3436 sine
568 3396 727 3436 causa
755 3383 898 3438 Deus
917 3385 1062 3438 nasci
1093 3400 1156 3439 ex
1185 3384 1400 3439 homine
1426 3385 1623 3451 voluit,
1653 3386 1752 3440 nisi
1774 3387 1892 3455 quia
1913 3387 2012 3440 alia

428 3471 584 3541 cujus
624 3475 878 3532 momenti
924 3491 1010 3530 me
1052 3477 1405 3543 existimavit,
1448 3487 1506 3531 ut
1545 3478 1899 3534 immortalem
1926 3495 2012 3534 me

427 3558 664 3629 faceret,
710 3572 765 3618 et
798 3579 896 3633 pro
933 3581 1017 3622 me
1056 3567 1351 3622 mortaliter
1387 3578 1713 3623 nasceretur.
1745 3568 1867 3624 Ideo
1891 3584 2013 3625 eum

428 3651 684 3719 dixisset,
725 3669 788 3708 ea:
823 3654 931 3708 Deo
971 3657 1076 3710 nati
1113 3668 1274 3724 sunt;
1309 3658 1456 3728 quasi
1494 3675 1560 3714 ne
1585 3661 1934 3727 miraremur,
1962 3671 2016 3716 et

429 3741 836 3799 exhorreremus
907 3754 1104 3801 tantam
1173 3749 1431 3817 gratiam,
1489 3757 1545 3804 ut
1589 3749 1743 3806 nobis
1790 3751 2017 3807 incredi-

431 3831 540 3888 bile
577 3833 846 3890 videretur
877 3837 997 3906 quia
1039 3837 1282 3893 homines
1308 3856 1370 3893 ex
1407 3840 1514 3895 Deo
1540 3841 1644 3894 nati
1675 3851 1833 3908 sunt,
1864 3844 2013 3912 quasi

433 3936 679 3978 securum
712 3935 762 3979 te
789 3927 983 3982 faciens
1001 3969 1014 3992 ,
1037 3929 1141 3982 ait:
1164 3928 1229 3982 Et
1264 3928 1478 3983 Verbum
1506 3948 1624 3985 caro
1644 3936 1834 4002 factum
1859 3943 1948 3996 est,
1972 3943 2016 3987 et

437 4017 675 4076 habitavit
703 4019 756 4073 in
785 4020 946 4076 nobis.
977 4021 1112 4088 Quid
1143 4037 1269 4092 ergo
1297 4023 1504 4078 miraris
1533 4024 1653 4093 quia
1683 4025 1926 4080 homines
1949 4042 2014 4080 ex

435 4110 549 4166 Deo
585 4114 912 4170 nascuntur?
951 4114 1182 4170 Attende
1218 4114 1388 4184 ipsum
1429 4115 1593 4171 Deum
1632 4126 1812 4172 natum
1835 4133 1900 4172 ex
1923 4117 2018 4171 ho-

438 4203 670 4260 minibus
707 4222 720 4258 :
758 4204 827 4258 Et
863 4203 1073 4260 Verbum
1093 4223 1211 4260 caro
1249 4209 1441 4277 factum
1479 4216 1581 4272 est,
1617 4218 1663 4261 et
1699 4208 1936 4262 habitavit
1964 4211 2018 4263 in

433 4296 596 4355 nobis.

510 4390 598 4445 16.
639 4391 770 4458 Quia
814 4405 939 4445 vero
977 4389 1191 4445 Verbum
1217 4408 1336 4446 caro
1364 4396 1554 4463 factum
1581 4401 1681 4458 est,
1710 4401 1755 4446 et
1780 4392 2018 4446 habitavit

434 4481 492 4538 in
528 4483 698 4544 nobis,
739 4484 849 4553 ipsa
886 4485 1156 4540 nativitate
1181 4485 1606 4555 collyriumfeeit
1629 4527 1644 4552 ,
1674 4485 1812 4539 unde
1843 4495 2017 4556 terge—

437 4583 624 4629 rentur
657 4575 796 4630 oculi
822 4576 997 4631 cordis
1027 4578 1230 4639 nostri,
1260 4586 1314 4630 ct
1340 4591 1616 4647 possemus
1646 4576 1825 4631 videre
1855 4577 2020 4646 maje-

439 4675 630 4722 atatem
675 4668 791 4736 ejus
827 4683 924 4738 per
962 4668 1076 4738 ejus
1100 4669 1447 4723 humilitatem
1478 4670 1516 4722 ί.
1564 4668 1686 4723 ldco
1727 4673 1918 4741 factum
1945 4679 2019 4723 est

446 4755 665 4811 Verbum
688 4774 836 4824 caro,
863 4768 910 4812 et
936 4760 1174 4812 habitavit
1199 4761 1250 4814 in
1276 4760 1419 4813 nobis
1437 4775 1458 4824 ;
1478 4760 1686 4814 sanavit
1710 4761 1892 4814 oculos
1920 4776 2018 4813 no-

440 4856 580 4904 stros
608 4867 622 4903 :
649 4857 702 4904 ct
727 4850 850 4919 quid
876 4851 1154 4920 sequitur?
1185 4849 1251 4904 Et
1274 4851 1486 4904 vidimus
1511 4851 1724 4922 gloriam
1741 4852 1869 4921 ejus.
1893 4851 2018 4908 Glo-

439 4938 574 4994 riam
613 4940 731 5010 ejus
759 4956 917 4996 nemo
946 4949 1123 5010 posset
1147 4940 1359 5004 videre,
1393 4941 1491 4997 nisi
1518 4941 1692 4996 carnis
1721 4941 2019 4998 humilitate

439 5042 736 5087 sanaretur.
765 5031 916 5087 Unde
945 5047 1051 5086 non
1079 5043 1379 5102 poteramus
1407 5033 1610 5089 videre?
1633 5033 1872 5090 Intendat
1891 5050 2019 5105 ergo

441 5120 683 5179 Charitas
717 5133 888 5178 vestra
909 5164 926 5190 ,
953 5133 1007 5178 et
1032 5123 1206 5179 videte
1230 5124 1369 5194 quod
1395 5123 1533 5181 dico.
1560 5124 1790 5180 lrruerat
1817 5125 2015 5179 homini

439 5214 591 5283 quasi
629 5215 801 5284 pulvis
837 5215 891 5270 in
930 5213 1141 5270 oculum
1165 5255 1181 5281 ,
1224 5215 1450 5270 irruerat
1484 5224 1622 5270 terra
1643 5257 1658 5281 ,
1691 5216 2020 5272 sauciaverat

441 5304 656 5360 oculum
691 5345 708 5370 ,
751 5305 932 5362 videre
971 5321 1075 5360 non
1124 5314 1332 5376 poterat
1385 5305 1554 5360 lucem
1609 5323 1623 5361 :
1675 5306 1862 5361 oculus
1920 5305 2019 5362 iste

438 5397 706 5458 sauciatus
753 5398 1057 5470 inuugitur;
1109 5409 1249 5455 terra
1283 5385 1562 5454 sauciatus
1607 5409 1753 5466 erat,
1804 5409 1858 5454 et
1878 5409 2018 5454 terra

442 5487 569 5544 illuc
594 5488 821 5544 mittitur
847 5500 904 5544 ut
928 5499 1160 5546 sanetur.
1194 5489 1382 5545 Omnia
1409 5491 1552 5544 enim
1579 5491 1794 5561 collyria
1819 5500 1875 5546 et
1902 5506 2019 5545 me-

443 5578 742 5636 dicamenta
760 5580 890 5636 nihil
911 5591 1034 5636 sunt
1051 5582 1151 5636 nisi
1172 5581 1238 5636 de
1260 5590 1422 5636 terra.
1448 5581 1524 5635 De
1553 5581 1767 5649 pulvere
1793 5591 2021 5636 emeatus

443 5687 505 5731 es
523 5715 542 5736 .
571 5674 639 5730 de
663 5675 878 5746 pulvere
902 5675 1104 5730 sanaris
1133 5694 1147 5731 :
1177 5689 1303 5746 ergo
1321 5689 1446 5731 caro
1473 5683 1522 5728 te
1547 5683 1865 5741 caaeavcrat,
1895 5689 2021 5730 curo

510 5785 528 5818 ¹
551 5791 598 5836 ιιι
620 5787 843 5837 omnbus
865 5800 1012 5850 prope
1037 5794 1161 5845 Mss,
1185 5798 1270 5849 per
1292 5785 1394 5846 ejus
1417 5783 1772 5837 hmmmilatcm.

1381 363 1446 417 IN
1482 358 1758 418 JOANNlS
1797 353 2258 420 EVANGELIUM,
2301 354 2358 412 S.
2402 354 2765 411 AUGUSTINI

3547 361 3688 420 1396

2114 475 2171 522 te
2197 475 2366 522 sanat.
2387 466 2626 522 Carnalis
2649 466 2792 522 enim
2819 467 2992 521 anima
3015 466 3150 525 facta
3172 476 3286 524 erat
3309 471 3693 530 consentiendo

2112 558 2386 614 affectibus
2427 559 2764 624 carnalibus;
2810 558 2934 614 inde
2971 558 3146 615 fuerat
3172 561 3356 617 oculus
3380 561 3557 618 cordis
3581 579 3694 621 ca:-

2111 660 2280 707 catus.
2323 651 2535 706 Verbum
2563 668 2679 705 caro
2706 651 2894 721 factum
2917 662 3032 706 est:
3057 653 3296 709 medicus
3322 655 3421 710 iste
3448 655 3540 711 tibi
3564 655 3693 714 fecit

2112 743 2409 814 collyrium.
2436 743 2503 797 Et
2527 743 2773 812 quoniam
2800 743 2879 802 sic
2905 743 3047 801 venit
3068 753 3123 799 ut
3147 744 3214 800 de
3235 759 3397 800 carne
3424 745 3550 802 vitia
3573 762 3696 804 caro

2115 833 2196 887 nis
2222 833 2599 904 exstingueret,
2631 834 2769 890 etde
2787 842 2959 890 morte
2981 835 3248 892 occideret
3272 828 3499 893 martem
3523 853 3538 904 ;
3562 838 3687 896 ideo

2115 922 2306 978 factum
2336 933 2417 978 est
2445 925 2494 978 in
2528 934 2608 988 te,
2641 933 2696 979 ut
2720 926 2968 995 quoniam
3003 925 3218 980 Verbum
3240 944 3358 982 caro
3382 932 3572 999 factum
3593 941 3692 998 est,

2114 1023 2170 1069 tu
2217 1015 2388 1084 possis
2429 1015 2641 1081 dicere,
2685 1015 2753 1070 Et
2794 1018 3007 1074 vidimus
3045 1018 3258 1090 gloriam
3299 1021 3428 1090 ejus.
3471 1022 3695 1090 Qualem

2113 1105 2331 1174 gloriam
2352 1107 2375 1159 ?
2398 1105 2578 1172 Qualis
2599 1107 2765 1162 factus
2789 1116 2870 1163 est
2897 1109 3030 1164 filius
3061 1111 3289 1165 hominis
3309 1112 3331 1165 Ἰ
3359 1112 3453 1167 llla
3481 1113 3696 1171 humili-

2116 1202 2194 1249 tas
2224 1196 2386 1265 ipsius
2411 1207 2509 1262 est,
2547 1213 2648 1251 non
2672 1198 2833 1268 gloria
2859 1199 3042 1270 ipsius.
3073 1199 3175 1255 Sed
3199 1217 3304 1270 quo
3335 1203 3584 1272 perducta
3611 1215 3695 1264 est

2114 1286 2256 1340 acies
2285 1287 2512 1340 hominis
2533 1329 2547 1352 ,
2573 1298 2756 1346 curata
2786 1305 2880 1358 per
2907 1290 3166 1344 carnem?
3203 1289 3429 1348 Vidimus
3446 1334 3462 1360 ,
3486 1294 3692 1366 inquit,

2114 1377 2326 1447 gloriam
2353 1379 2489 1447 ejus,
2521 1379 2734 1448 gloriati:
2758 1381 2902 1451 quasi
2931 1380 3187 1452 Unigeniti
3213 1399 3245 1436 a
3270 1373 3458 1452 Patre,
3491 1389 3696 1457 plenum

2113 1469 2274 1538 gratia
2312 1476 2358 1523 et
2394 1471 2615 1524 veritate.
2665 1471 2738 1524 De
2763 1471 2927 1542 gratia
2958 1482 3011 1528 et
3039 1474 3260 1532 veritate
3283 1477 3388 1532 alio
3417 1478 3536 1535 loco
3563 1480 3696 1537 ube-

2114 1561 2225 1614 rius
2268 1559 2322 1614 in
2368 1561 2482 1630 ipso
2519 1562 2835 1630 Evangelio,
2882 1563 2927 1617 si
2975 1564 3228 1621 Dominus
3265 1567 3510 1638 dignatus
3539 1570 3698 1628 fuerit

2113 1651 2341 1718 donare,
2391 1655 2748 1710 tractabimus.
2793 1657 2916 1712 Haec
2956 1675 3096 1716 nunc
3121 1660 3418 1729 sufﬁciant,
3448 1671 3503 1718 et
3526 1664 3697 1724 aditi.

2114 1744 2306 1798 camini
2335 1745 2386 1798 in
2413 1745 2624 1800 Christo
2643 1788 2658 1812 ,
2689 1756 2742 1802 et
2769 1749 3138 1807 conlortamini
3169 1751 3222 1805 in
3249 1751 3379 1820 fide,
3408 1762 3462 1808 et
3486 1754 3698 1825 vigilate

2116 1837 2169 1891 in
2213 1835 2366 1891 bonis
2410 1839 2692 1906 operibus:
2725 1850 2779 1895 et
2843 1856 2871 1894 a
2917 1843 3059 1912 ligno
3085 1845 3250 1900 nolite
3277 1846 3531 1904 recedere
3552 1889 3568 1917 ,
3600 1863 3696 1919 per

2116 1927 2256 1997 quod
2278 1929 2491 1998 possitis
2514 1945 2662 1986 mare
2683 1933 2931 1989 transire.

2642 2061 3052 2120 TRACTATUS
3079 2063 3146 2120 111

2116 2193 2191 2246 Ab
2217 2209 2274 2246 eo
2302 2193 2435 2264 quod
2462 2195 2704 2264 scriptum
2730 2205 2822 2259 est,
2850 2197 3082 2254 Joannes
3111 2199 3470 2257 testimonium
3495 2204 3684 2272 ρει-Ιιί..

2186 2283 2277 2338 bet
2299 2283 2366 2339 de
2387 2285 2520 2354 ipso,
2547 2295 2664 2351 etc.,
2691 2303 2846 2356 usque
2869 2289 2937 2342 ad
2957 2289 3031 2356 id,
3061 2289 3372 2362 Unigenitus
3400 2294 3587 2363 Filius,
3606 2297 3697 2368 qui

2187 2376 2342 2430 estin
2368 2377 2486 2433 sinu
2511 2377 2701 2446 Patris,
2736 2379 2847 2450 ipse
2866 2383 3150 2438 enarravit.
3183 2383 3309 2456 Cap.
3333 2403 3371 2455 ι,
3404 2388 3440 2457 ᾖ
3467 2431 3479 2444 .
3503 2390 3686 2450 15-18.

2190 2532 2241 2586 1.
2290 2531 2526 2587 Gratiam
2566 2542 2620 2589 et
2661 2535 2939 2591 veritatem
2978 2537 3109 2604 Dei,
3149 2555 3250 2610 qua
3291 2541 3478 2610 plenus
3503 2544 3699 2600 sanctis

2118 2624 2360 2692 apparuit
2389 2625 2688 2694 unigenitus
2718 2626 2884 2682 Filius
2905 2629 3158 2684 Dominus
3182 2641 3236 2685 et
3257 2630 3498 2687 Salvator
3516 2644 3700 2690 noster

2118 2713 2274 2769 Jesus
2314 2715 2558 2770 Christus
2577 2759 2592 2783 ,
2612 2718 3036 2788 distinguendam
3062 2734 3092 2774 a
3126 2720 3297 2776 Veteri
3325 2722 3697 2792 Testamento,

2118 2806 2366 2875 quoniam
2396 2822 2482 2862 res
2509 2816 2589 2862 est
2618 2809 2748 2863 Novi
2772 2809 3096 2865 Testamenti
3115 2853 3132 2878 ,
3163 2814 3494 2882 suscepimus
3521 2816 3573 2869 in
3604 2831 3700 2872 no-

2119 2897 2263 2954 mine
2301 2898 2541 2964 Domini,
2578 2908 2632 2954 et
2661 2909 2853 2955 vestrae
2880 2901 3137 2958 Charitati
3165 2906 3522 2974 promisimus.
3556 2907 3700 2963 Ade-

2119 2996 2256 3042 stote
2277 3003 2404 3058 ergo
2433 2990 2616 3044 intenti
2641 3032 2656 3057 ,
2691 2999 2746 3045 ut
2774 3000 2827 3046 et
2855 3001 3109 3062 quantum
3141 2996 3326 3064 capio,
3349 2995 3511 3053 donet
3537 2999 3698 3066 Deus,

2119 3090 2173 3134 et
2201 3088 2453 3150 quantum
2480 3083 2697 3151 capitis,
2731 3076 2981 3138 audiatis.
3009 3085 3290 3155 Reliquum
3312 3088 3454 3143 enim
3485 3091 3617 3157 erit,
3644 3100 3702 3148 ut

2118 3171 2163 3226 si
2190 3186 2372 3226 semen
2403 3173 2542 3242 quod
2572 3175 2836 3244 spargitur
2862 3175 2912 3229 in
2939 3176 3186 3232 cordibus
3211 3180 3422 3246 vestris,
3449 3196 3551 3235 non
3574 3183 3700 3238 abs-

2120 3262 2341 3317 tulerint
2382 3277 2538 3330 aves,
2590 3279 2689 3320 nec
2731 3266 2895 3335 spinae
2945 3269 3382 3337 praefocaverint,
3415 3287 3514 3327 nec
3541 3281 3703 3329 aestus

2118 3356 2412 3422 exusserit,
2457 3357 2741 3414 accedente
2772 3359 2944 3428 pluvia
2973 3360 3395 3416 cohortationum
3427 3364 3697 3432 quotidia-

2119 3463 2326 3516 narum,
2355 3460 2408 3504 et
2430 3450 2837 3520 cogitationibus
2857 3452 3049 3507 vestris
3075 3451 3226 3506 bonis
3254 3453 3445 3522 quibus
3466 3454 3566 3510 hoc
3585 3457 3689 3526 agi-

2120 3551 2206 3597 tur
2247 3544 2298 3598 in
2338 3544 2533 3612 corde,
2575 3545 2714 3615 quod
2755 3547 2927 3616 agitur
2966 3547 3017 3600 in
3059 3562 3186 3617 agro
3213 3549 3432 3613 rastris,
3464 3557 3521 3604 ut
3546 3549 3703 3619 gleba

2123 3634 2422 3706 frangatur,
2466 3645 2517 3691 et
2555 3652 2737 3692 semen
2772 3638 3043 3708 operiatur
3067 3648 3120 3692 et
3149 3640 3452 3708 germinare
3483 3641 3649 3708 possit
3683 3657 3698 3694 :

2122 3736 2177 3780 ut
2222 3727 2452 3781 alfcratis
2492 3727 2720 3783 fructum
2751 3730 2798 3794 ¹,
2850 3728 2916 3782 ad
2957 3745 3112 3799 quem
3153 3729 3382 3799 gaudeat
3416 3739 3470 3785 et
3497 3731 3705 3786 laetetur

2119 3821 2347 3891 agricola
2375 3821 2584 3894 (Matth.
2615 3838 2703 3876 xm
2723 3864 2738 3889 ,
2761 3822 2930 3892 5-25).
2955 3823 3007 3878 Si
3028 3833 3202 3878 autem
3227 3840 3320 3893 pro
3339 3825 3540 3879 semine
3562 3827 3704 3882 bono

2120 3923 2174 3968 et
2201 3929 2298 3984 pro
2325 3915 2494 3983 pluvia
2523 3917 2689 3980 bona,
2721 3931 2826 3969 non
2857 3914 3078 3970 fructum
3102 3957 3118 3980 ,
3147 3916 3242 3970 sed
3268 3916 3445 3985 spinas
3467 3918 3706 3972 attuleri-

2122 4021 2276 4070 mus;
2323 4021 2421 4059 nec
2448 4019 2630 4059 semen
2663 4005 3029 4071 accusabitur,
3061 4020 3160 4060 nec
3188 4007 3360 4076 pluvia
3391 4007 3491 4062 erit
3518 4008 3570 4062 in
3596 4009 3704 4063 cri-

2122 4097 2264 4152 mine
2288 4137 2303 4161 ,
2330 4096 2422 4150 sed
2449 4095 2616 4165 spinis
2644 4096 2776 4166 ignis
2802 4095 3014 4153 debitus
3040 4106 3385 4167 prieparatur.

2191 4188 2247 4244 2.
2271 4186 2524 4241 Homines
2549 4201 2752 4254 sumus,
2775 4187 2915 4256 quod
2940 4197 3066 4257 puto
3092 4204 3195 4242 non
3220 4189 3314 4243 diu
3338 4205 3458 4244 esse
3480 4190 3706 4246 suaden-
3797 4253 3802 4258 δ

2122 4279 2247 4336 dum
2292 4280 2546 4334 Charitati
2593 4289 2815 4344 vestrze,
2857 4279 3170 4347 christiani;
3215 4291 3269 4336 et
3305 4283 3351 4337 si
3389 4282 3702 4352 christiani,

2123 4374 2303 4442 utique
2344 4374 2460 4442 ipso
2499 4375 2711 4428 nomine
2748 4372 2815 4428 ad
2857 4372 3123 4428 Christum
3164 4374 3509 4443 pertinentes.
3541 4375 3707 4444 llujus

2123 4470 2328 4539 signum
2379 4469 2431 4522 in
2472 4466 2646 4523 fronte
2681 4474 2952 4538 gestamus
2996 4483 3008 4519 :
3050 4466 3116 4520 de
3157 4483 3262 4536 quo
3299 4481 3404 4521 non
3433 4467 3704 4522 erubesci-

2123 4577 2244 4616 mus
2263 4603 2278 4626 ,
2305 4561 2348 4616 si
2376 4569 2430 4614 et
2458 4560 2509 4614 in
2540 4559 2700 4615 corde
2719 4568 3007 4629 gestemns.
3041 4557 3259 4627 Signum
3289 4558 3404 4627 ejus
3430 4568 3511 4612 cst
3534 4557 3706 4611 humi-

2124 4652 2244 4706 litas
2255 4652 2388 4722 ejus.
2408 4651 2724 4706 Perstellam
2741 4665 2860 4704 eum
2876 4649 3009 4718 Magi
3026 4657 3388 4718 cognoverunt
3411 4647 3430 4719 (
3440 4648 3520 4702 Id.
3545 4665 3601 4714 ιι,
3618 4648 3701 4719 2);

2124 4755 2178 4799 et
2214 4754 2327 4798 erat
2354 4743 2453 4797 hoc
2481 4745 2687 4814 signum
2717 4742 2784 4797 de
2813 4742 3033 4796 Domino
3058 4741 3236 4796 datum
3257 4782 3271 4801 .
3299 4743 3516 4797 cteleste
3541 4752 3701 4812 atque

2126 4836 2436 4906 prtcclarum
2472 4853 2484 4888 :
2517 4835 2684 4888 noluit
2708 4833 2913 4887 stellam
2939 4845 3058 4887 esse
3084 4833 3134 4885 in
3164 4831 3337 4886 fronte
3368 4833 3598 4888 fidelium
3627 4836 3706 4889 si-

2124 4942 2286 4996 gnum
2339 4940 2526 4989 suum,
2573 4924 2667 4979 sed
2716 4937 2927 4978 crucem
2973 4938 3146 4976 suam.
3177 4922 3330 4978 Unde
3359 4922 3703 4988 humiliatus,

2125 5017 2249 5072 inde
2270 5017 2624 5086 glorilicatus:
2655 5013 2774 5068 inde
2801 5013 2972 5068 erexit
2999 5013 3242 5077 humiles,
3267 5029 3372 5083 quo
3401 5014 3705 5070 humiliatus

2126 5107 2238 5176 ipse
2262 5106 2553 5161 descendit.
2582 5105 2910 5160 Pertinemus
2928 5120 3056 5175 ergo
3075 5105 3138 5159 ad
3160 5105 3502 5175 Evangelium
3519 5107 3562 5172 ’,
3588 5122 3709 5176 per-

2126 5199 2353 5253 tinemus
2377 5196 2440 5250 ad
2460 5195 2662 5250 Novum
2689 5195 3104 5250 Testamentum.
3127 5194 3235 5249 Lex
3248 5211 3338 5267 per
3355 5195 3566 5266 Moysen
3586 5197 3710 5253 data

2126 5300 2230 5354 est,
2273 5287 2466 5343 Gratia.
2494 5296 2660 5341 autem
2697 5295 2745 5341 et
2771 5287 2952 5341 veritas
2978 5303 3065 5356 per
3087 5284 3264 5339 Jesum
3293 5285 3544 5340 Christum
3569 5287 3708 5356 facta

2127 5391 2216 5437 est.
2247 5381 2639 5449 lnterrogamus
2667 5379 2975 5448 Apostolum
2997 5419 3011 5443 ,
3043 5388 3098 5432 et
3123 5377 3251 5432 dicit
3277 5377 3430 5432 nobis
3453 5379 3703 5450 quoniam

2129 5489 2232 5529 non
2278 5488 2460 5529 sumus
2499 5471 2598 5527 sub
2625 5471 2794 5540 Lege,
2826 5469 2917 5524 sed
2946 5468 3046 5523 sub
3069 5469 3247 5524 Gratia
3274 5469 3449 5541 (Rom.
3470 5485 3523 5525 Vt
3541 5511 3558 5535 ,
3588 5471 3703 5536 ﬂ).

2131 5565 2272 5622 Misit
2299 5582 2425 5636 ergo
2456 5563 2648 5619 Filium
2676 5578 2822 5616 suum
2843 5560 3034 5631 factum
3061 5577 3124 5615 ex
3145 5561 3372 5630 muliere,
3398 5562 3589 5631 factum
3615 5563 3707 5625 sub

2194 5721 2210 5752 ⁸
2230 5725 2302 5769 Er.
2321 5719 2466 5779 Lugd.
2495 5725 2547 5766 et
2569 5725 2686 5767 ven.
2713 5714 2791 5779 hic
2812 5713 3021 5779 habent,
3036 5721 3086 5765 ut
3107 5717 3275 5779 aderat
3293 5715 3517 5779 fructum.
3585 5724 3640 5774 λι.

2195 5783 2216 5814 ¹
2239 5775 2458 5843 Plerique
2480 5786 2604 5830 Mss:
2633 5775 2924 5828 I'ertinemus
2945 5776 3070 5827 enim
3092 5775 3161 5827 ad
3180 5775 3498 5838 Et‘anqelittm.
