4074 6470
354 319 489 378 159⁸1

352 438 517 504 Lege,
548 442 601 486 ut
628 450 710 487 eos
735 433 820 502 qui
845 434 934 486 sub
965 432 1095 503 Lege
1114 442 1252 486 erant
1275 474 1286 495 ,
1311 431 1598 497 redimeret,
1624 441 1676 485 ut
1697 429 1928 497 adoptio-

350 544 465 583 nem
504 525 728 595 ﬁliorum
765 524 1098 595 reciperemus
1138 522 1335 595 (Galat.
1378 538 1462 588 tv,
1496 523 1549 587 4,
1582 522 1661 592 5).
1696 522 1835 575 Ecce
1859 521 1925 573 ad

354 621 453 675 hoc
499 617 647 672 venit
684 615 956 682 Christus,
998 625 1056 670 ut
1092 630 1187 670 eos
1210 616 1297 685 qui
1324 615 1421 669 sub
1446 614 1585 684 Lege
1607 621 1758 669 erant
1781 612 1924 667 redi-

350 718 521 765 meret
551 726 566 762 :
598 716 654 763 ut
673 711 784 777 jam
822 722 926 761 non
968 707 1133 761 simus
1164 707 1264 761 sub
1292 706 1449 773 Lege,
1481 705 1574 761 sed
1600 706 1699 760 sub
1724 704 1921 760 Gratia.

349 801 480 867 Quis
497 815 624 870 ergo
642 798 787 855 dedit
808 798 1001 869 Legem
1021 800 1045 852 ἲ
1074 798 1164 853 Ille
1183 798 1326 853 dedit
1349 800 1538 868 Legem
1560 839 1575 863 ,
1601 798 1689 867 qui
1709 796 1850 851 dedit
1870 806 1925 851 et

348 889 585 947 Gratiam
630 907 645 943 :
689 890 782 945 sed
810 890 1003 959 Legem
1042 904 1137 957 per
1162 904 1370 944 servum
1402 888 1571 953 misit,
1596 903 1716 942 eum
1745 886 1923 942 Gratia

347 983 463 1050 ipse
488 980 785 1036 descendit.
810 981 877 1035 Et
900 981 1039 1035 unde
1065 980 1185 1034 facti
1211 989 1361 1034 erant
1384 979 1624 1033 homines
1648 978 1746 1034 sub
1762 978 1925 1047 Lege?

345 1071 463 1125 Non
507 1071 783 1141 implendo
822 1071 1039 1141 Legem.
1076 1071 1175 1136 Qui
1204 1071 1345 1125 enim
1374 1070 1541 1139 legem
1570 1070 1787 1137 implet,
1820 1084 1922 1121 non

344 1170 428 1215 est
460 1161 562 1216 sub
592 1162 706 1231 lege
726 1203 740 1226 ,
767 1162 861 1215 sed
885 1178 1006 1215 cum
1036 1162 1153 1231 lege
1177 1179 1189 1213 :
1217 1160 1308 1229 qui
1336 1169 1512 1215 autem
1542 1159 1640 1213 sub
1670 1160 1782 1228 lege
1808 1167 1887 1211 est
1907 1199 1921 1220 ,

348 1268 459 1305 non
508 1251 856 1313 sublevatur,
902 1252 997 1306 sed
1038 1252 1297 1322 premitur
1344 1251 1475 1320 lege.
1516 1249 1714 1304 Omnes
1748 1248 1924 1317 itaque

347 1343 599 1397 homines
635 1342 734 1396 sub
760 1341 902 1413 Lege
929 1344 1244 1398 constitutos
1269 1383 1283 1406 ,
1312 1357 1433 1396 reos
1463 1340 1584 1395 facit
1610 1341 1713 1395 Lex
1737 1357 1750 1405 ;
1783 1348 1836 1394 et
1860 1339 1925 1392 ad

347 1436 452 1490 hoc
493 1436 599 1490 illis
636 1450 797 1504 super
836 1444 996 1505 caput
1035 1444 1152 1502 est,
1182 1444 1238 1490 ut
1265 1435 1514 1489 ostendat
1540 1442 1749 1503 peccata
1773 1475 1786 1497 ,
1820 1448 1923 1486 non

348 1528 518 1582 tollat.
562 1528 673 1582 Lex
713 1541 841 1597 ergo
879 1526 1063 1596 jubet,
1110 1526 1264 1581 dator
1308 1526 1438 1595 legis
1475 1525 1753 1578 miseretur
1783 1523 1834 1575 in
1861 1536 1926 1577 eo

344 1618 487 1688 quod
509 1619 661 1689 jubet
681 1619 787 1675 lex.
810 1620 1075 1673 Conantes
1098 1618 1338 1673 homines
1360 1617 1581 1686 implere
1601 1616 1798 1669 viribus
1818 1615 1926 1669 suis

342 1709 487 1779 quod
514 1724 548 1762 a
573 1710 687 1779 lege
709 1718 1028 1778 praeceptum
1050 1718 1150 1773 est,
1174 1709 1287 1779 ipsa
1307 1723 1400 1762 sua
1423 1706 1696 1762 temeraria
1719 1716 1772 1760 et
1793 1721 1927 1775 pra:-

341 1800 492 1871 cipiti
541 1802 952 1870 praesumptione
994 1799 1344 1863 ceciderunt;
1390 1808 1443 1853 et
1495 1814 1597 1852 non
1643 1806 1766 1852 sunt
1805 1812 1924 1851 cum

340 1890 487 1960 lege,
514 1892 609 1946 sed
630 1891 729 1946 sub
754 1892 868 1962 lege
889 1890 1010 1945 facti
1033 1901 1155 1945 sunt
1175 1892 1248 1945 rei
1283 1908 1294 1943 :
1319 1898 1371 1945 et
1392 1890 1636 1958 quoniam
1664 1889 1773 1941 suis
1796 1888 1925 1941 viri-

340 1980 445 2035 bus
483 1981 709 2051 implere
744 1997 849 2035 non
890 1990 1133 2051 poterant
1170 1980 1372 2049 legem,
1406 1980 1524 2033 facti
1556 1979 1629 2032 rei
1658 1979 1757 2032 sub
1782 1979 1923 2046 lege,

340 2073 759 2142 imploraverunt
790 2073 1085 2129 liberatoris
1110 2073 1381 2136 auxilium;
1398 2079 1450 2125 et
1471 2070 1788 2138 reatuslegis
1805 2070 1930 2123 fecit

338 2163 709 2233 aegritudinem
746 2164 1005 2233 superbis.
1051 2162 1331 2232 )Egritudo
1372 2161 1753 2230 superborum,
1794 2160 1928 2212 facta

338 2263 426 2309 est
464 2254 732 2310 confessio
776 2255 1052 2309 humilium
1082 2272 1095 2307 :
1123 2255 1230 2323 jam
1258 2252 1577 2307 confitentur
1601 2251 1783 2321 :rgroti
1808 2250 1927 2319 quia

345 2357 611 2419 aegrotant
635 2366 650 2413 ;
674 2350 849 2404 veniat
868 2348 1101 2403 medicus
1120 2390 1135 2413 ,
1159 2357 1211 2403 et
1231 2357 1381 2403 sanet
1401 2356 1647 2417 aegrotos.

416 2440 470 2493 3.
517 2440 749 2495 Medicus
785 2441 946 2510 quis?
984 2440 1236 2494 Dominus
1275 2448 1456 2494 noster
1489 2438 1643 2494 Jesus
1669 2438 1926 2492 Christus.

336 2532 471 2599 Quis
494 2532 750 2588 Dominus
776 2543 958 2588 noster
978 2534 1131 2589 Jcsus
1158 2534 1437 2589 Christus?
1465 2534 1556 2588 llle
1581 2534 1669 2603 qui
1692 2533 1835 2587 visus
1850 2540 1932 2587 est

338 2632 399 2678 et
414 2624 483 2677 ab
510 2623 595 2679 eis
612 2639 645 2679 a
669 2624 859 2694 quibus
880 2626 1162 2680 cruciﬁxus
1185 2633 1285 2680 est.
1311 2625 1402 2683 llle
1421 2626 1509 2695 qui
1531 2624 1893 2694 apprehensus
1911 2664 1925 2687 ,

335 2716 706 2785 colaphizatus
723 2755 739 2783 ,
768 2716 1060 2787 ﬂagellatus
1077 2759 1093 2786 ,
1118 2719 1287 2787 sputis
1314 2718 1495 2783 illitus,
1519 2718 1685 2787 Spillis
1702 2732 1926 2773 corona-

337 2816 461 2872 tus,
493 2807 548 2861 in
574 2822 733 2862 cruce
756 2822 1065 2877 suspensus,
1098 2815 1357 2873 mortuus,
1382 2808 1564 2863 lancea
1586 2808 1891 2863 vulneratus
1911 2848 1927 2874 ,

333 2896 409 2953 de
436 2912 602 2954 cruce
625 2897 893 2969 depositus
913 2940 929 2967 ,
960 2900 1013 2953 in
1040 2900 1283 2968 sepulcro
1312 2901 1536 2970 positus.
1566 2899 1660 2955 llle
1686 2900 1801 2970 ipse
1824 2900 1929 2954 Do-

336 2989 521 3044 minus
551 2998 738 3045 noster
763 2990 918 3045 Jesus
939 2990 1184 3046 Christus
1208 3008 1222 3055 ;
1253 2992 1343 3046 ille
1371 2993 1482 3062 ipse
1510 2993 1665 3061 plane
1690 3034 1704 3058 ,
1733 3000 1788 3047 et
1817 2993 1929 3061 ipse

334 3090 426 3135 est
447 3089 591 3136 totus
618 3081 857 3137 medicus
876 3082 1153 3138 vulnerum
1180 3094 1483 3139 nostrorum
1506 3127 1520 3151 ,
1543 3085 1823 3141 crucilixus
1845 3085 1929 3139 ille

336 3174 425 3228 cui
463 3176 775 3232 insultatum
801 3184 919 3242 est,
952 3191 1056 3246 quo
1081 3177 1346 3247 pendente
1378 3184 1748 3247 persecutores
1773 3187 1930 3247 caput

334 3266 642 3337 agitabant,
668 3277 725 3324 et
752 3269 1030 3336 dicebant,
1064 3269 1125 3326 Si
1151 3270 1288 3340 ﬁlius
1317 3269 1414 3325 Dei
1438 3278 1509 3324 est
1529 3312 1543 3337 ,
1573 3271 1837 3325 descendat
1864 3271 1927 3324 de

335 3376 485 3414 cruce
522 3361 735 3432 (Hatth.
774 3378 949 3429 xxvn,
989 3362 1088 3425 39,
1123 3362 1211 3433 40)
1244 3380 1257 3418 :
1286 3364 1397 3431 ipse
1422 3371 1502 3417 est
1529 3371 1666 3417 totus
1693 3362 1929 3417 medicus

337 3463 524 3509 noster
540 3494 557 3519 ,
584 3454 699 3522 ipse
721 3455 898 3524 plane.
925 3455 1101 3523 Quare
1125 3471 1251 3525 ergo
1281 3470 1386 3509 non
1412 3454 1645 3510 ostendit
1671 3455 1927 3508 insultan-

338 3544 483 3600 tibus
503 3585 517 3608 ,
556 3546 680 3615 quia
713 3546 826 3615 ipse
855 3556 969 3600 erat
1000 3547 1165 3600 Filius
1196 3546 1288 3601 Dei
1320 3563 1332 3599 :
1366 3555 1422 3599 ut
1450 3546 1495 3600 si
1521 3562 1578 3601 se
1605 3545 1843 3614 permisit
1876 3546 1927 3599 in

336 3652 554 3691 crucem
585 3637 782 3701 levari,
810 3638 997 3692 saltem
1023 3652 1143 3691 cum
1174 3638 1246 3693 illi
1277 3637 1513 3691 dicerent
1534 3678 1550 3702 ,
1584 3636 1643 3691 Si
1670 3636 1807 3705 filius
1837 3635 1929 3689 Dei

335 3736 413 3781 est
437 3770 454 3795 ,
485 3728 745 3782 descendat
763 3730 827 3782 de
850 3745 1032 3792 cruce;
1060 3738 1181 3783 tunc
1203 3728 1583 3791 descenderet,
1606 3737 1660 3781 et
1679 3727 1928 3781 ostende-

335 3829 424 3874 ret
445 3821 525 3875 eis
547 3835 725 3875 verum
748 3837 807 3876 se
826 3835 945 3876 esse
966 3821 1156 3877 Filium
1181 3821 1293 3886 Dei,
1318 3835 1472 3889 quem
1493 3820 1563 3873 illi
1582 3819 1693 3872 ausi
1716 3818 1921 3872 fuerant

337 3911 563 3966 irridere
584 3913 607 3965 ’ἒ
625 3911 822 3966 Noluit.
846 3913 1020 3978 Quare
1047 3912 1256 3966 noluit?
1280 3910 1531 3979 numquid
1553 3911 1670 3979 quia
1696 3925 1799 3963 non
1825 3924 1919 3978 po-

338 4004 481 4056 tuit?
518 4004 698 4058 Potuit
736 4005 910 4074 plane.
947 4004 1083 4072 Quid
1118 4015 1199 4058 est
1223 4004 1364 4059 enim
1391 4004 1616 4074 amplius
1636 4045 1649 4066 ,
1679 4002 1745 4057 de
1769 4016 1925 4055 cruce

335 4094 703 4161 descendere,
746 4111 812 4151 an
853 4096 920 4151 de
945 4096 1191 4165 sepulcro
1221 4096 1541 4164 resurgere?
1575 4094 1677 4148 Sed
1708 4094 1926 4163 pertulit

340 4184 656 4241 insultantes
681 4206 693 4241 :
717 4202 835 4240 nam
858 4202 985 4242 crux
1007 4202 1111 4242 non
1129 4186 1194 4240 ad
1215 4188 1461 4256 potentia:
1482 4186 1855 4240 documentum
1884 4186 1919 4247 ί,

339 4276 435 4333 sed
474 4279 541 4332 ad
576 4280 877 4349 exemplum
919 4281 1183 4348 patientia:
1210 4290 1452 4347 suscepta
1479 4288 1579 4333 est.
1608 4277 1678 4331 lbi
1708 4280 1924 4331 vulnera

340 4380 429 4425 tua
457 4372 693 4435 curavit,
722 4372 807 4424 ubi
833 4387 927 4426 sua
951 4372 1039 4426 diu
1068 4372 1283 4440 pertulit
1313 4388 1325 4423 :
1356 4370 1424 4423 ibi
1456 4380 1504 4423 te
1529 4386 1556 4422 a
1588 4379 1757 4422 morte
1780 4384 1921 4423 sem-

342 4465 551 4531 piterna
587 4465 821 4528 sanavit,
864 4463 949 4518 ubi
986 4462 1347 4531 temporalitcr
1378 4462 1509 4514 mori
1546 4461 1791 4529 dignatus
1820 4468 1920 4512 est.

343 4554 410 4608 Et
442 4563 685 4609 mortuus
719 4563 831 4620 est,
870 4570 936 4607 an
972 4554 1025 4607 in
1057 4554 1146 4608 illo
1178 4568 1321 4608 mors
1359 4564 1567 4607 mortua
1600 4551 1724 4606 est?
1745 4551 1926 4617 Qualis

342 4661 487 4700 mors
505 4687 519 4711 ,
552 4662 669 4716 qua:
693 4655 921 4701 mortem
949 4645 1184 4700 oeeidit?

410 4739 467 4791 4.
500 4739 616 4806 lpse
643 4745 723 4792 est
752 4747 924 4794 tamen
955 4738 1209 4792 Dominus
1254 4746 1435 4791 noster
1482 4737 1637 4792 Jesus
1684 4737 1924 4792 Christus

342 4837 506 4893 totus,
539 4828 625 4896 qui
654 4828 951 4892 videbatur,
997 4836 1051 4881 et
1078 4828 1371 4889 tenebatur,
1400 4836 1454 4881 et
1484 4827 1925 4898 cruciﬁgebatur?

342 4919 478 4973 Num
510 4930 654 4973 totus
680 4922 699 4951 ⁸
747 4919 850 4974 hoc
895 4920 1006 4988 ipse
1050 4920 1167 4973 est?
1196 4919 1312 4989 Ipse
1333 4921 1663 4989 estquidem,
1696 4921 1787 4974 sed
1821 4938 1923 4974 non

343 5023 489 5066 totus
542 5012 668 5065 illud
716 5011 855 5081 quod
894 5012 1137 5067 viderunt
1165 5012 1363 5076 Judu-i;
1401 5028 1503 5065 non
1537 5012 1637 5065 hoc
1667 5020 1748 5065 est
1787 5021 1925 5066 totus

340 5104 605 5157 Christus.
638 5104 703 5157 Et
740 5102 863 5173 quid
904 5103 1024 5158 est?
1073 5101 1138 5155 In
1182 5104 1430 5172 principio
1469 5114 1571 5179 erat
1603 5102 1834 5156 Verbum.
1868 5101 1924 5159 1n

340 5208 451 5261 quo
479 5192 774 5262 principio?
814 5192 881 5244 Et
912 5191 1127 5245 Verbum
1168 5201 1271 5244 erat
1301 5193 1438 5259 apud
1470 5192 1651 5245 Deum.
1677 5193 1743 5247 Et
1770 5195 1924 5262 quale

344 5283 576 5337 Verbum
597 5284 627 5336 ἓ
649 5283 714 5337 Et
743 5282 882 5336 Dens
910 5293 1013 5337 erat
1043 5281 1276 5336 Verbum.
1307 5283 1565 5351 Numquid
1591 5283 1727 5337 forte
1759 5300 1787 5337 a
1815 5286 1923 5340 Deo

342 5372 541 5427 factum
571 5384 653 5428 est
682 5373 783 5428 hoc
809 5372 1074 5427 Verbum?
1102 5372 1236 5427 Non.
1264 5372 1373 5426 Hoc
1399 5376 1539 5426 enim
1570 5384 1675 5426 erat
1702 5378 1755 5427 in
1782 5377 1923 5437 prin-

341 5464 479 5533 cipio
521 5466 657 5533 apud
698 5463 881 5517 Deum.
930 5463 1068 5531 Quid
1114 5466 1279 5533 ergo?
1320 5466 1433 5519 Alia
1480 5482 1597 5534 qua:
1640 5466 1925 5522 fecitDens

343 5573 452 5612 non
494 5557 685 5611 similia
713 5566 836 5612 sunt
864 5556 1079 5611 Verbo?
1119 5556 1231 5609 Non
1264 5574 1276 5609 :
1309 5558 1429 5626 quia
1458 5558 1623 5610 omnia
1646 5576 1733 5627 per
1758 5560 1923 5630 ipsum

408 5670 426 5701 ι
454 5679 559 5719 MSS.
578 5669 777 5732 aliquot,
800 5670 963 5732 proba:
986 5677 1131 5727 notze,
1148 5669 1212 5717 ad
1235 5665 1518 5778 iinfvotmlnv
1541 5670 1888 5726 docuntentnm.

413 5732 433 5763 ³
453 5734 528 5778 sic
546 5732 709 5778 plures
734 5741 835 5778 uss.
864 5739 916 5778 At
940 5731 1059 5778 editi
1076 5731 1152 5778 hic
1176 5736 1225 5778 et
1249 5734 1297 5778 in
1317 5744 1384 5778 ra.
1410 5738 1571 5778 totum.

413 5732 433 5763 ³
453 5734 528 5782 sic
540 5731 709 5792 plures
734 5731 835 5783 uss.
864 5739 916 5783 At
940 5731 1059 5781 editi
1076 5731 1152 5797 hic
1176 5736 1225 5780 et
1249 5731 1384 5793 infra,
1410 5738 1571 5783 totum.

1560 312 1967 373 TRACTATUS
2005 311 2090 367 111.
2131 315 2352 372 CAPUT
2389 317 2428 372 l.

3468 329 3603 386 1598

2036 430 2168 494 facta
2201 439 2336 497 sunt,
2362 440 2409 484 et
2450 431 2557 485 sine
2597 432 2706 502 ipso
2732 438 2919 503 factum
2944 443 3014 490 est
3038 437 3180 491 nihil.
3208 435 3484 505 Quomodo
3513 454 3606 507 per

2032 517 2201 586 ipsum
2257 523 2431 577 omnia
2478 534 2601 579 sunt
2647 524 2819 581 facta?
2865 528 2993 593 Quia
3033 531 3166 600 quod
3193 537 3382 602 factum
3420 540 3511 593 cst,
3548 532 3611 585 in

2030 607 2141 676 ipso
2177 610 2277 662 vita
2318 622 2469 666 erat:
2510 623 2563 668 et
2600 623 2880 685 antequam
2927 619 3093 683 lieret,
3127 620 3230 673 vita
3266 627 3402 674 erat.
3444 616 3597 687 Quou

2030 696 2221 751 factum
2266 710 2365 764 est,
2396 718 2498 756 non
2543 714 2624 759 est
2674 706 2777 759 vita
2822 726 2834 759 :
2876 707 2967 761 sed
3012 708 3065 762 in
3108 717 3239 773 arte,
3274 707 3377 765 hoc
3412 720 3515 775 est,
3547 714 3603 763 in

2028 786 2294 857 Sapientia
2325 792 2438 856 Dei,
2484 804 2763 866 antequam
2811 800 2981 865 lierct,
3029 800 3133 855 vita
3183 811 3315 856 erat.
3340 801 3491 867 Quod
3517 800 3596 856 [τις

2026 888 2170 936 ctum
2214 894 2315 948 est,
2366 888 2611 941 transiit:
2642 890 2780 958 quod
2831 900 2910 945 cst
2955 892 3005 945 in
3055 893 3343 961 Sapientia,
3374 894 3603 949 transire

2028 986 2133 1026 non
2163 983 2353 1042 potest.
2385 975 2501 1030 Vita
2541 992 2669 1047 ergo
2709 980 2759 1035 in
2802 982 2891 1035 illo
2929 990 3061 1048 erat,
3086 982 3224 1051 quod
3266 983 3461 1037 factum
3494 992 3599 1037 est.

2028 1060 2097 1115 Et
2145 1065 2315 1132 qualis
2361 1066 2501 1121 vita?
2551 1067 2680 1134 Quia
2728 1077 2784 1125 et
2830 1072 3002 1125 anima
3049 1074 3290 1141 corporis
3329 1071 3434 1128 vita
3471 1080 3595 1128 cst»:

2026 1167 2222 1222 corpus
2251 1166 2486 1211 nostrum
2517 1156 2673 1212 habet
2702 1159 2860 1214 vitam
2904 1176 3083 1223 suam;
3126 1178 3284 1232 quant
3312 1178 3431 1218 cum
3459 1166 3600 1218 anti-

2029 1245 2175 1310 serit,
2205 1260 2349 1301 mors
2386 1256 2467 1301 est
2504 1250 2742 1318 corporis
2784 1268 2799 1304 :
2848 1253 2962 1306 talis
3002 1268 3131 1322 ergo
3176 1263 3289 1309 erat
3328 1254 3414 1307 illa
3461 1253 3601 1308 vita?

2027 1333 2142 1388 Non
2178 1352 2190 1387 :
2214 1335 2306 1389 sed
2332 1336 2433 1389 vita
2472 1348 2576 1391 erat
2621 1338 2712 1392 lux
2739 1340 3013 1394 hominum.
3041 1342 3303 1412 Numquid
3327 1342 3412 1396 lux
3439 1357 3603 1412 peco-

2029 1427 2189 1481 rum?
2213 1428 2344 1483 Nam
2375 1431 2469 1484 ista
2500 1433 2586 1485 lux
2616 1440 2669 1487 et
2698 1432 2966 1487 hominum
2999 1442 3051 1489 et
3080 1450 3330 1503 pecorum
3364 1446 3465 1490 est.
3501 1433 3601 1489 Est

2029 1519 2268 1589 quaedam
2295 1522 2386 1575 lux
2419 1523 2686 1578 hominum
2718 1542 2733 1580 :
2774 1526 2911 1580 unde
2949 1526 3145 1580 distant
3176 1526 3417 1582 homines
3445 1541 3474 1579 a
3506 1541 3607 1595 pec-

2029 1611 2238 1666 coribus
2267 1613 2557 1681 videamus,
2599 1624 2650 1669 et
2696 1625 2817 1670 tunc
2846 1618 3196 1686 intelligemus
3231 1618 3354 1687 quid
3400 1618 3470 1673 sit
3508 1618 3599 1672 lux

2030 1701 2325 1759 hominum.
2368 1704 2482 1759 Non
2522 1706 2685 1760 distas
2713 1724 2741 1762 a
2769 1721 2980 1777 pectore,
3020 1708 3119 1762 nisi
3158 1708 3421 1762 intellectu
3448 1728 3462 1759 :
3489 1707 3599 1762 noli
3632 1746 3639 1757 κ

2030 1794 2242 1850 aliunde
2270 1795 2499 1864 gloriari.
2530 1798 2604 1851 De
2633 1798 2830 1851 viribus
2859 1799 3175 1868 praesumis?
3221 1815 3249 1851 a
3279 1797 3461 1853 hostiis
3489 1798 3603 1850 vin-

2030 1884 2167 1937 ceris
2200 1902 2213 1937 :
2246 1886 2313 1939 de
2354 1888 2630 1941 velocitate
2670 1890 2979 1957 praesumis?
3017 1903 3047 1944 a
3090 1891 3286 1943 muscis
3330 1889 3600 1944 vinceris:

2031 1973 2097 2029 de
2141 1976 2529 2043 pulchritudine
2570 1980 2880 2048 pricsumis?
2906 1989 3099 2049 quanta
3150 1979 3483 2049 pulchritudo
3524 1989 3606 2034 est

2033 2067 2083 2119 in
2113 2068 2298 2135 pennis
2327 2070 2573 2137 pavonis?
2606 2070 2752 2123 Unde
2780 2087 2905 2139 ergo
2933 2072 3120 2125 melior
3147 2074 3243 2125 es?
3276 2072 3349 2125 lix
3380 2071 3606 2141 imagine
3634 2108 3641 2111 μ

2037 2159 2147 2213 Dei.
2182 2160 2279 2214 Ubi
2312 2162 2483 2229 imago
2516 2162 2642 2216 Dei?
2672 2163 2722 2215 In
2761 2174 2955 2226 mente,
2987 2163 3036 2216 in
3069 2164 3356 2218 intellectu.
3392 2164 3446 2218 Si
3478 2178 3605 2233 ergo

2034 2248 2153 2302 ideo
2184 2251 2370 2302 melior
2412 2266 2622 2319 pecore,
2668 2256 2788 2323 quia
2834 2254 2998 2309 lmhcs
3028 2264 3256 2309 mentem
3282 2270 3385 2325 qua
3415 2255 3605 2309 intelli—

2032 2356 2126 2410 gas
2154 2344 2293 2412 quod
2336 2360 2437 2398 non
2485 2355 2654 2413 potest
2699 2364 2859 2416 pecus
2900 2350 3229 2419 intelligere;
3263 2349 3385 2405 inde
3424 2360 3607 2405 autem

2034 2432 2213 2501 homo,
2258 2436 2379 2503 quia
2429 2438 2615 2490 melior
2660 2454 2880 2505 pecore,
2935 2443 3018 2493 lux
3070 2440 3343 2494 hominum
3390 2452 3473 2496 cst
3518 2441 3607 2494 lux

2033 2527 2309 2581 mentium.
2343 2527 2451 2581 Lux
2485 2529 2738 2583 mentium
2768 2548 2924 2600 supra
2956 2544 3160 2587 mentes
3191 2543 3291 2598 cst,
3320 2543 3374 2587 ct
3401 2532 3611 2587 excedit

2033 2633 2219 2673 omnes
2245 2630 2467 2675 mentes.
2501 2621 2609 2676 lloc
2634 2630 2748 2677 erat
2774 2626 2877 2678 vita
2909 2625 2990 2678 illa
3019 2640 3114 2695 per
3136 2641 3293 2696 quam
3326 2622 3459 2678 facta
3486 2632 3612 2678 sunt

2033 2722 2229 2763 omnia.

2104 2801 2158 2855 5.
2195 2801 2290 2855 Ubi
2320 2804 2471 2857 erat?
2502 2804 2587 2858 hic
2613 2810 2757 2868 erat;
2778 2820 2845 2859 au
2874 2806 3013 2873 apud
3047 2808 3253 2861 l'atrcm
3280 2814 3413 2873 crat,
3440 2815 3495 2861 et
3524 2804 3611 2859 hic

2033 2906 2139 2946 non
2165 2893 2318 2947 erat?
2344 2908 2410 2947 an
2451 2894 2590 2962 quod
2626 2896 2803 2949 verius
2826 2904 2922 2958 est,
2954 2910 3009 2949 et
3049 2897 3183 2963 apud
3225 2896 3432 2951 Patrem
3472 2905 3607 2961 erat,

2033 2991 2085 3036 et
2132 2982 2217 3037 hic
2242 2983 2393 3037 erat?
2421 2984 2474 3038 Si
2503 3000 2630 3052 ergo
2668 2986 2754 3041 hie
2790 2996 2923 3045 erat,
2973 3004 3134 3057 quate
3162 3005 3266 3041 non
3296 2986 3609 3042 videbatur?

2035 3070 2168 3138 Quia
2198 3073 2288 3127 lux
2315 3074 2367 3127 in
2397 3074 2609 3129 tenebris
2627 3076 2775 3141 liuet,
2798 3088 2845 3129 et
2880 3077 3088 3129 tcnrhrw
3122 3094 3230 3130 eam
3261 3094 3361 3129 non
3385 3094 3613 3146 compre-

2034 3163 2328 3217 henderunt.
2383 3163 2428 3219 Ο
2467 3164 2728 3232 homines,
2786 3166 2951 3222 nolite
2996 3184 3118 3223 esse
3159 3170 3408 3232 tenebrae,
3449 3170 3612 3223 nolite

2033 3269 2151 3312 esse
2176 3255 2437 3326 inﬁdeles,
2463 3257 2664 3327 injusti,
2692 3258 2875 3331 iniqui,
2894 3274 3131 3329 rapaces,
3159 3262 3323 3327 avari,
3347 3270 3613 3316 amatores

2033 3348 2209 3402 seculi
2243 3366 2255 3401 :
2288 3348 2369 3403 hae
2402 3351 2685 3405 suntcnim
2715 3350 2964 3406 tenebar.
2999 3351 3112 3405 Lux
3146 3369 3248 3406 non
3279 3362 3359 3408 est
3393 3353 3609 3417 absens,

2031 3438 2126 3493 sed
2152 3455 2245 3493 vos
2275 3440 2521 3498 absentes
2548 3444 2681 3499 estis
2723 3456 2752 3496 a
2784 3443 2919 3498 lucc.
2947 3444 3131 3499 (ἓίυυιιε
3160 3445 3209 3498 iu
3239 3446 3350 3500 sole
3380 3461 3612 3514 przrsen-

2033 3537 2138 3584 tem
2168 3530 2327 3586 habet
2353 3533 2544 3598 sulem,
2565 3533 2661 3587 sed
2684 3532 2876 3588 ahscns
2905 3545 2981 3589 cst
3015 3535 3124 3606 ipsc
3145 3536 3266 3590 soli.
3289 3536 3459 3591 Nolite
3485 3552 3612 3604 ergo
3636 3578 3639 3581 -

2032 3636 2152 3676 esse.
2192 3622 2446 3678 tenebrae.
2475 3624 2600 3679 Ihm:
2635 3633 2715 3681 est
2750 3628 2889 3680 enim
2930 3625 3061 3680 forte.
3085 3628 3273 3696 gratia,
3306 3627 3372 3682 de
3397 3644 3498 3698 qua
3527 3629 3613 3683 di-

2040 3720 2221 3766 cturus
2247 3729 2386 3781 sum,
2415 3724 2472 3768 ut
2494 3715 2603 3781 jam
2630 3730 2733 3769 non
2754 3716 2922 3769 simus
2947 3718 3198 3780 tenebrtn,
3221 3727 3274 3771 et
3296 3718 3439 3772 dicat
3461 3719 3613 3774 uoliis

2034 3802 2357 3870 Apostolus:
2390 3802 2583 3858 Fuisti»
2617 3808 2749 3859 enim
2786 3809 3059 3875 ultr/nonde
3084 3810 3328 3872 tenebrw;
3356 3825 3488 3861 nunc
3521 3826 3612 3861 un-

2031 3902 2130 3946 tem
2162 3892 2249 3947 lux
2286 3894 2339 3946 in
2382 3895 2598 3949 Domino
2629 3895 2840 3969 Ephes.
2885 3914 2934 3960 ν,
2960 3900 3035 3968 8).
3070 3900 3199 3964 Quia
3231 3914 3357 3969 ergo
3397 3915 3501 3952 non
3531 3900 3611 3952 vi-

2030 3983 2253 4038 debatur
2278 3986 2363 4039 lux
2403 3986 2697 4049 hominum,
2726 3988 2774 4041 id
2802 3997 2887 4041 est
2911 3988 3001 4043 lux
3033 3990 3307 4054 mentium,
3336 4005 3470 4059 opus
3496 4000 3613 4043 erat

2032 4084 2088 4129 ut
2130 4075 2289 4130 homo
2335 4077 2538 4133 diceret.
2575 4077 2643 4133 dc
2687 4076 2804 4133 lucc
2850 4080 3230 4144 testimonium,
3262 4096 3365 4132 non
3396 4079 3609 4148 quidem

2031 4168 2361 4231 tenebrosus,
2408 4168 2501 4223 sed
2554 4170 2663 4235 jam
2716 4170 3060 4225 illumiuatus.
3101 4170 3209 4225 Nec
3263 4180 3436 4226 tamen
3489 4172 3611 4241 quia

2029 4261 2371 4326 illuminatus,
2417 4262 2535 4316 ideo
2561 4262 2669 4330 ipsa
2702 4264 2818 4327 lux;
2863 4264 2950 4317 sed
2977 4274 3027 4316 ut
3059 4265 3395 4319 testimonimn
3439 4267 3610 4334 perhi-

2040 4353 2168 4406 beret
2197 4353 2260 4406 de
2287 4354 2493 4409 lumine.
2523 4354 2651 4408 Nam
2699 4372 2799 4409 non
2829 4366 2933 4410 erat
2970 4357 3057 4410 ille
3093 4357 3197 4411 lux.
3229 4358 3297 4411 Et
3332 4374 3451 4427 qua:
3496 4368 3637 4411 crat-

2035 4442 2158 4497 lux?
2186 4440 2311 4496 Erat
2337 4445 2429 4499 lita:
2450 4459 2584 4505 veru,
2612 4461 2728 4513 qna:
2753 4448 3005 4500 illuminat
3034 4464 3229 4501 onmem
3256 4449 3506 4501 hominem
3532 4464 3613 4500 ve-

2029 4534 2243 4588 nientem
2284 4535 2337 4587 in
2383 4536 2515 4589 Imm:
2552 4538 2813 4590 mundum.
2848 4538 2912 4592 Et
2955 4539 3039 4591 ubi
3089 4547 3203 4593 erat
3252 4538 3473 4593 ista?In
3518 4542 3613 4592 hoc

2030 4628 2215 4681 mundo
2256 4638 2379 4682 erat.
2424 4628 2489 4682 Et
2529 4630 2796 4698 quomodo
2832 4630 2885 4682 in
2922 4630 3015 4683 hoc
3058 4632 3243 4684 nmndo
3284 4633 3426 4686 erat?
3454 4648 3610 4685 num-

2030 4719 2155 4788 quid
2206 4722 2341 4774 sicut
2379 4722 2475 4775 ista
2519 4721 2601 4775 lux
2642 4723 2793 4785 solis,
2837 4724 2993 4784 lunm,
3034 4724 3390 4789 lucernarum,
3445 4724 3520 4777 sic
3560 4735 3613 4776 et

2032 4810 2131 4864 i:.ta
2165 4810 2250 4863 lux
2293 4812 2345 4865 in
2386 4811 2729 4865 nunnloest?
2759 4812 2893 4867 Non.
2923 4813 3053 4881 Quia
3099 4815 3315 4869 mundus
3362 4832 3450 4885 per
3498 4831 3623 4868 eum.

2032 4904 2195 4971 [nctus
2231 4910 2335 4963 est,
2374 4912 2421 4957 et
2471 4902 2686 4956 mundus
2729 4920 2843 4956 eum
2892 4921 2991 4957 non
3039 4908 3265 4976 cognovit
3304 4922 3323 4960 :
3363 4905 3466 4960 hoc
3506 4916 3609 4966 CSI,

2034 4994 2126 5045 luat
2174 4991 2226 5044 in
2272 4993 2483 5047 tembria
2533 4992 2685 5060 lut'et,
2735 5004 2781 5047 ct
2826 4996 3038 5049 tenebrtc
3095 5014 3203 5051 eam
3243 5013 3343 5049 non
3386 5012 3614 5065 compre-

2034 5081 2328 5137 Iu‘udcruttl.
2380 5082 2607 5139 Mundus
2648 5084 2792 5139 cnim
2846 5086 3110 5149 tenebrze;
3156 5087 3275 5155 quia
3324 5084 3623 5139 dilectores,

2032 5177 2235 5240 mundi,
2284 5176 2530 5233 mundus.
2577 5176 2713 5233 Num
2756 5179 2897 5234 enim
2946 5190 3184 5234 creatura
3238 5193 3342 5231 non
3398 5181 3613 5249 agnovit

2031 5266 2337 5323 Creatorem
2368 5270 2557 5324 somn?
2580 5268 2965 5327 Testimonium
2994 5270 3136 5325 dedit
3163 5270 3357 5326 cmlum
3386 5271 3452 5325 de
3480 5273 3609 5326 stel—

2032 5356 2081 5412 la
2113 5357 2325 5428 (Mnuh.
2356 5374 2415 5425 n,
2452 5357 2545 5433 9);
2588 5361 2943 5415 testimonium
2983 5360 3127 5415 dedit
3168 5375 3332 5426 mare,
3379 5364 3613 5431 portavit

2030 5450 2386 5506 amhulantem
2439 5451 2714 5507 hominum
2765 5452 2871 5523 (Id.
2923 5467 3035 5517 xw,
3079 5452 3206 5523 26);
3252 5455 3608 5510 testimonium

2033 5543 2293 5598 dederunt
2316 5542 2482 5610 venti,
2508 5544 2573 5599 ad
2618 5546 2733 5614 ejus
2773 5546 2977 5615 jussum
3007 5546 3318 5616 quieverunt
3350 5547 3458 5618 (Id.
3491 5564 3607 5615 vui,

2032 5636 2158 5707 27);
2210 5639 2566 5695 testimOuium
2603 5639 2747 5694 dedit
2785 5646 2940 5703 terra,
2977 5639 3066 5693 illo
3108 5641 3361 5695 cruciﬁxo
3398 5650 3608 5695 contre-

2035 5734 2164 5784 muit
2192 5729 2298 5801 (Id.
2330 5747 2489 5797 xxvii,
2521 5732 2609 5800 Sil)
2644 5750 2654 5783 :
2686 5732 2729 5785 si
2769 5732 2944 5787 omnia
2993 5734 3090 5787 ista
3122 5734 3477 5790 testimonium
3510 5733 3603 5788 de
