4074 6458
467 315 606 373 1599

468 431 683 496 derunt,
726 426 991 498 quomodo
1041 424 1270 480 mundus
1324 436 1445 478 eum
1499 435 1603 474 non
1653 413 1921 486 cognovit,
1949 409 2054 466 nisi

469 519 592 587 quia
647 519 875 572 mundus
934 517 1218 572 dilectores
1277 511 1484 578 mundi,
1537 507 1700 563 corde
1751 504 2054 559 habitantes

473 608 770 664 mundum?
809 608 876 663 Et
915 608 1088 662 malus
1116 603 1361 666 mundus,
1392 602 1513 671 quia
1560 598 1684 652 mali
1732 595 2055 650 habitatores

474 697 660 753 mundi
692 716 706 754 :
735 698 872 754 sicut
910 697 1047 752 mala
1097 696 1305 758 domus,
1344 706 1448 746 non
1489 688 1737 760 parietes,
1775 685 1870 740 sed
1905 683 2056 739 iubas-

477 789 729 845 bitantes.

447 877 454 883 ’
549 881 602 936 6.
635 879 702 934 1η
733 881 940 950 propria
966 880 1116 940 venit,
1139 877 1193 931 id
1223 883 1324 938 est,
1349 875 1399 928 in
1422 887 1519 928 sua
1549 870 1692 926 venit
1721 887 1735 924 ε
1761 878 1807 923 et
1839 870 1919 922 sui
1942 882 2056 920 eum

481 988 585 1027 non
608 980 918 1043 receperunt.
947 970 1076 1037 Qua:
1101 983 1228 1039 ergo
1251 981 1373 1037 spes
1399 973 1500 1028 est,
1532 963 1634 1018 nisi
1672 961 1792 1030 quia
1819 967 2058 1031 quotquot

481 1071 768 1133 receperunt
794 1077 930 1127 eum,
958 1059 1095 1114 dedit
1125 1057 1196 1113 eis
1229 1064 1516 1127 potestatem
1549 1055 1681 1124 ﬁlios
1708 1052 1804 1128 Dei
1833 1050 1977 1112 ﬁeri?
2001 1048 2060 1104 Si

483 1154 576 1208 lilii
608 1154 755 1220 fiunt,
785 1160 1072 1207 nascuntur
1100 1167 1114 1203 :
1146 1150 1191 1203 si
1214 1159 1520 1212 nascuntur,
1544 1143 1809 1216 quomodo
1834 1157 2060 1196 nascun-

483 1243 609 1300 tur?
635 1244 746 1299 Non
769 1259 831 1298 ex
871 1257 1061 1308 carne,
1085 1257 1186 1295 non
1213 1255 1276 1294 ex
1297 1236 1640 1307 sanguinibus,
1667 1251 1767 1288 non
1795 1249 1858 1288 ex
1885 1232 2061 1286 volun-

485 1341 588 1388 tate
611 1333 796 1400 carnis,
822 1349 923 1386 non
957 1348 1019 1386 ea:
1043 1333 1295 1386 voluntate
1317 1330 1445 1395 viri;
1473 1328 1559 1383 sed
1579 1343 1641 1381 ea:
1667 1325 1772 1379 Deo
1798 1324 1903 1377 nati
1921 1331 2057 1377 sunt.

484 1423 760 1480 Gaudeant
788 1438 933 1492 ergo,
964 1422 1084 1492 quia
1132 1437 1198 1477 ex
1247 1421 1356 1475 Deo
1399 1419 1504 1472 nati
1549 1425 1710 1481 sunt;
1742 1421 2062 1485 praesumant

485 1529 548 1569 se
577 1515 839 1583 pertinere
879 1513 945 1567 ad
991 1515 1191 1576 Deum;
1222 1511 1480 1581 accipiant
1516 1509 1908 1570 documentum,
1940 1505 2062 1574 quia

485 1617 553 1658 ex
581 1604 691 1658 Deo
716 1603 824 1658 nati
849 1612 973 1658 sunt
1001 1621 1013 1656 :
1047 1602 1111 1656 Et
1163 1602 1372 1657 Verbum
1410 1617 1526 1654 caro
1559 1600 1750 1669 factum
1781 1606 1872 1663 est,
1897 1605 1943 1650 et
1967 1597 2063 1649 Ita-

487 1694 660 1749 bitavit
698 1696 753 1748 in
807 1695 966 1749 nobis.
1015 1694 1069 1749 Si
1126 1693 1355 1748 Verbum
1406 1706 1510 1745 non
1560 1689 1769 1744 erubuit
1809 1687 1952 1742 nasci
1997 1686 2064 1742 de

488 1784 723 1851 homine,
755 1786 1070 1840 erubescunt
1105 1783 1346 1838 homines
1382 1781 1524 1835 nasci
1569 1779 1636 1835 de
1666 1780 1806 1833 Deo?
1837 1778 1948 1832 lloc
1971 1791 2065 1831 au-

485 1882 595 1930 tem
621 1875 740 1944 quia
782 1874 922 1937 fecit,
951 1875 1155 1927 curavit
1183 1889 1196 1926 :
1223 1871 1342 1942 quia
1383 1869 1602 1933 curavit,
1649 1868 1906 1923 videmus.
1954 1865 2065 1924 Hoc

487 1965 630 2020 enim
657 1965 796 2034 quod
835 1963 1050 2018 Verbum
1073 1979 1191 2016 caro
1217 1967 1405 2033 factum
1433 1970 1524 2025 cst,
1565 1970 1609 2012 et
1636 1960 1872 2014 habitavit
1900 1960 1952 2012 in
1983 1976 2068 2013 no-

463 2054 588 2120 ,bis,
619 2054 1060 2122 medicamentum
1093 2053 1245 2107 nobis
1284 2054 1477 2105 factum
1505 2058 1605 2116 cst,
1631 2059 1689 2104 ut
1725 2050 1847 2119 quia
1877 2059 2015 2105 terra
2046 2052 2064 2082 ί

492 2145 846 2209 caecabamur,
889 2144 954 2198 de
994 2153 1132 2197 terra
1159 2157 1471 2198 sanarentur
1510 2160 1522 2193 :
1561 2149 1616 2195 ct
1642 2142 1810 2196 sanati
1836 2141 1960 2211 quid
1993 2141 2070 2195 vi-

488 2235 768 2291 deremus?
808 2234 876 2289 Et
923 2237 1155 2301 vidimus,
1201 2236 1388 2304 inquit,
1429 2235 1642 2306 gloriam
1680 2236 1809 2302 eius,
1854 2236 2068 2305 gloriam

489 2335 730 2396 tanquam
774 2326 1028 2398 Unigeniti
1053 2343 1086 2380 a
1116 2325 1290 2394 Patre,
1332 2325 1534 2392 plenum
1578 2325 1744 2396 gratia
1787 2333 1833 2379 et
1865 2325 2068 2391 veritate

488 2416 667 2488 (Joan.
697 2435 734 2485 l,
765 2419 945 2488 1-114).
1353 2426 1365 2436 '

561 2511 612 2564 7.
639 2509 863 2584 Joannes
893 2511 1226 2564 testimonium
1264 2511 1484 2580 perhibet
1533 2510 1594 2564 de
1635 2511 1768 2580 ipso,
1808 2519 1854 2564 et
1883 2511 2067 2564 clamat

487 2598 676 2663 dicens,
700 2598 801 2652 Ilic
839 2609 943 2653 erat
967 2617 1110 2669 quem
1144 2601 1270 2665 dixi,
1302 2599 1399 2664 Qui
1428 2611 1536 2668 post
1566 2619 1643 2654 me
1666 2602 1814 2664 venit,
1841 2612 1955 2656 ante
1991 2619 2070 2657 me

488 2690 653 2761 factus
680 2699 769 2742 est.
799 2689 926 2742 Post
962 2705 1046 2743 tne
1068 2690 1230 2753 venit,
1255 2697 1309 2745 et
1352 2691 1621 2760 praecessit
1651 2707 1756 2746 me.
1802 2691 1937 2758 Quid
1963 2701 2065 2758 est,

485 2787 602 2832 ante
627 2795 704 2833 me
744 2782 908 2850 [actus
953 2779 1067 2835 est?
1111 2780 1390 2835 Princessit
1437 2797 1526 2836 me
1564 2800 1575 2834 :
1609 2797 1736 2846 non,
1780 2782 1946 2838 laetus
1987 2792 2071 2838 est

485 2877 767 2940 antequam
815 2871 982 2926 factus
1039 2886 1212 2926 essem
1265 2887 1398 2942 ego;
1461 2872 1576 2938 scd,
1608 2874 1936 2942 antepositus
1988 2883 2071 2929 est

485 2960 616 3020 mihi
647 2979 660 3016 :
693 2962 794 3017 hoc
836 2971 935 3028 est,
981 2973 1097 3016 ante
1123 2979 1201 3020 me
1241 2964 1404 3032 [actus
1437 2974 1530 3018 est.
1565 2965 1738 3032 Quare
1761 2976 1885 3021 ante
1911 2976 1960 3021 te
1994 2967 2070 3020 fa-

487 3060 606 3107 ctus
630 3061 730 3119 est,
750 3069 869 3108 cum
890 3064 1008 3123 post
1033 3064 1085 3110 te
1102 3055 1338 3109 venerit?
1364 3055 1494 3121 Quia
1515 3056 1653 3125 prior
1673 3073 1751 3110 me
1772 3067 1899 3111 erat.
1920 3057 2071 3112 Prior

479 3152 560 3207 te,
597 3160 631 3200 0
659 3144 929 3203 Joannes?
967 3146 1102 3213 Quid
1147 3162 1430 3217 magnum,
1481 3149 1526 3202 si
1578 3149 1722 3218 prior
1769 3151 1862 3205 te?
1902 3151 2066 3216 Bene,

484 3234 608 3306 quia
647 3243 703 3290 tu
731 3237 803 3290 illi
837 3236 1082 3306 perhibes
1127 3238 1489 3293 testimonium
1531 3257 1544 3292 :
1581 3241 1857 3297 audiamus
1895 3242 2069 3312 ipsum

483 3324 772 3392 dicentem,
813 3324 880 3380 Et
911 3337 1026 3381 ante
1059 3327 1312 3381 Abraham
1350 3344 1440 3399 ego
1459 3345 1568 3383 sum
1608 3329 1783 3401 (Joan.
1819 3348 1927 3397 vnt,
1953 3331 2064 3404 58).

485 3413 593 3471 Sed
618 3425 673 3471 et
695 3415 961 3471 Abraham
992 3417 1046 3471 in
1081 3418 1258 3472 medio
1285 3434 1478 3488 genere
1511 3419 1742 3476 humano
1771 3431 1920 3477 ortus
1955 3433 2065 3489 est;

485 3508 639 3564 multi
665 3516 789 3563 ante
825 3509 992 3573 illum,
1023 3511 1176 3563 multi
1220 3519 1340 3579 post
1378 3511 1524 3566 illum
1561 3529 1573 3564 :
1603 3513 1725 3567 audi
1753 3529 1937 3569 vocem
1969 3515 2069 3569 Pa-

484 3600 588 3659 tris
607 3599 674 3655 ad
699 3599 911 3665 Filium,
934 3600 1062 3660 Ante
1083 3601 1350 3669 luciferum
1384 3604 1534 3674 genui
1569 3613 1616 3658 te
1641 3603 1810 3676 (Psal.
1843 3621 1954 3673 etx,
1988 3606 2064 3676 '5).

487 3689 588 3757 Qui
622 3699 746 3746 ante
772 3689 1047 3749 luciferum
1070 3691 1279 3760 genitus
1307 3700 1410 3759 est,
1441 3708 1628 3748 omnes
1650 3695 1762 3763 ipse
1783 3695 2064 3751 illuminat.

487 3782 671 3836 Dictus
695 3791 777 3837 est
803 3783 942 3836 enim
963 3782 1177 3853 quidam
1205 3783 1390 3839 lucifer
1418 3785 1506 3853 qui
1527 3786 1721 3841 cecidit
1747 3805 1760 3840 :
1787 3797 1902 3842 erat
1924 3790 2067 3844 enim

487 3871 730 3942 angelus,
761 3881 814 3928 et
846 3873 1013 3927 factus
1041 3882 1123 3928 est
1150 3873 1425 3939 diabolus;
1466 3884 1520 3929 et
1544 3876 1676 3931 dixit
1703 3877 1772 3934 de
1795 3879 1899 3940 illo
1926 3880 2070 3935 Scri-

487 3971 663 4032 ptura,
705 3962 909 4034 Lucifer
947 3965 1034 4035 qui
1073 3981 1219 4018 mane
1264 3965 1534 4035 oriebatur,
1571 3970 1746 4023 cecidit
1772 3969 2064 4044 (Isai..x1v,

487 4053 600 4127 12).
633 4053 788 4114 Unde
837 4055 1054 4110 lucifer?
1091 4057 1223 4124 Quia
1263 4053 1591 4115 illuminatus
1640 4062 1868 4118 lucebat.
1916 4064 2068 4122 Unde

489 4153 668 4203 autem
701 4145 1015 4202 tenebrosus
1047 4147 1250 4202 factus?
1278 4150 1409 4214 Quia
1449 4150 1499 4204 in
1529 4153 1748 4207 veritate
1784 4169 1887 4208 non
1923 4156 2069 4212 stetit

493 4237 674 4310 (Joan.
701 4254 812 4304 vnt,
834 4239 947 4310 44).
972 4241 1111 4310 Ergo
1133 4242 1218 4297 ille
1238 4251 1362 4298 ante
1384 4243 1676 4313 luciferum,
1705 4256 1828 4304 ante
1852 4257 2065 4306 Omnem

487 4327 846 4384 illuminatum
882 4348 893 4382 :
927 4330 1187 4399 siquidem
1213 4344 1334 4388 ante
1363 4349 1574 4390 omnem
1603 4337 1954 4394 illuminatum
1995 4341 2066 4396 sit

486 4434 710 4475 necesse
737 4428 838 4488 est,
867 4435 897 4474 a
926 4436 1030 4490 quo
1061 4421 1420 4480 illuminantur
1447 4442 1632 4482 omnes
1660 4431 1747 4499 qui
1786 4430 2066 4486 illuminari

487 4521 730 4582 possunt.

559 4605 619 4663 8.
658 4603 782 4664 Ideo
825 4607 927 4662 hoc
965 4606 1242 4678 sequitur:
1273 4606 1340 4662 Et
1379 4609 1441 4665 de
1488 4611 1798 4679 plenitudine
1842 4615 1948 4684 ejus
1975 4632 2067 4670 nos

487 4713 660 4752 omnes
702 4700 1005 4769 accepimus.
1055 4700 1190 4767 Quid
1242 4703 1553 4770 accepistis?
1597 4702 1664 4758 Et
1713 4707 1926 4776 gratiam
1975 4724 2066 4778 pro

487 4789 670 4859 gratia.
722 4791 811 4845 Sic
852 4792 993 4845 enim
1042 4791 1236 4847 habent
1281 4795 1439 4849 verba
1488 4799 1821 4866 evangelica,
1875 4800 2066 4856 collata

485 4895 608 4937 cum
629 4883 1020 4952 exemplaribus
1047 4885 1252 4954 grmcis.
1274 4885 1390 4940 Non
1429 4888 1522 4951 ait,
1558 4890 1620 4943 Et
1644 4890 1710 4945 de
1737 4893 2067 4960 plenitudine

485 4972 602 5041 ejus
643 4987 741 5028 nos
775 4988 964 5030 omnes
995 4975 1317 5044 accepimus,
1347 4978 1568 5047 gratiam
1604 4995 1699 5048 pro
1731 4983 1930 5051 gratia;
1971 4982 2066 5038 sed

484 5064 563 5118 sic
581 5065 674 5132 ait,
702 5063 770 5118 Et
797 5065 858 5118 de
890 5067 1206 5139 plenitudine
1233 5069 1341 5138 ejus
1371 5085 1461 5122 nos
1497 5086 1666 5124 omnes
1689 5073 1988 5142 accepimus,
2019 5081 2066 5128 et

484 5154 702 5225 gratiam
733 5172 828 5226 pro
850 5159 1039 5227 gratia,
1073 5156 1125 5211 id
1149 5168 1251 5224 est,
1273 5160 1574 5228 accepimus
1606 5177 1620 5215 :
1649 5169 1706 5216 ut
1733 5165 1914 5219 nescio
1941 5166 2065 5234 quid

485 5259 586 5301 nos
617 5245 841 5301 voluerit
867 5248 1158 5318 intelligere
1186 5249 1253 5303 de
1278 5249 1602 5317 plenitudine
1630 5253 1745 5322 ejus
1764 5256 2062 5324 accepisse;

482 5344 540 5390 et
577 5335 793 5406 insuper
827 5340 1047 5408 gratiam
1097 5354 1194 5409 pro
1236 5342 1424 5411 gratia.
1460 5343 1770 5412 Aeccpimus
1814 5346 1953 5400 enim
1999 5347 2066 5404 de

482 5427 811 5498 plenitudine
853 5431 987 5500 ejus,
1019 5431 1190 5501 primo
1217 5432 1474 5502 gratiam;
1512 5444 1566 5488 et
1605 5450 1816 5490 rursum
1853 5439 2065 5509 accepi-

483 5539 601 5586 mus
624 5523 876 5594 gratiam,
907 5524 1132 5596 gratiam
1166 5540 1262 5596 pro
1297 5525 1485 5597 gratia.
1517 5526 1684 5593 Quam
1713 5529 1935 5598 gratiam
1961 5530 2066 5600 pri-

545 5658 566 5730 ξ
589 5663 823 5730 Mss._trcs
841 5693 855 5718 ,
881 5672 964 5727 qut
985 5672 1015 5709 a
1043 5662 1188 5712 terra.
1213 5660 1297 5711 Alii
1322 5661 1539 5724 totidem,
1560 5661 1672 5726 quia
1694 5676 1725 5714 a
1745 5669 1892 5717 terra.
1918 5672 2063 5730 Unus,

485 5719 904 5779 Madeterra'
1526 5719 1582 5726 ”
2032 5719 2043 5734 γ’

1450 308 1513 363 ΙΝ
1552 299 1825 364 JOANNIS
1862 289 2321 365 EVANGELIUM,
2353 295 2411 352 S.
2450 295 2811 354 AUGUSTINI

3601 297 3740 358 “00

2161 424 2252 464 mo
2279 411 2615 481 accepimus?
2640 412 2842 468 Fidem.
2871 412 2929 469 ln
2965 413 3070 470 fide
3102 414 3452 483 ambulantes,
3479 417 3532 472 in
3561 422 3734 489 gratia

2163 501 2515 559 ambulamus.
2545 501 2698 558 Unde
2736 504 2878 559 enim
2916 504 3019 560 hoc
3060 507 3388 564 meruimus?
3416 508 3608 578 quibus
3632 524 3736 564 no.

2163 592 2288 646 stris
2313 593 2731 663 praecedentibus
2759 595 3000 651 meritis?
3028 596 3143 652 Non
3166 612 3226 653 se
3251 599 3474 669 quisque
3499 601 3735 671 eompal-

2164 692 2252 754 pet
2279 685 2318 750 ⁸,
2347 683 2529 739 redeat
2565 685 2620 738 in
2656 685 3032 741 conscientiam
3071 701 3243 755 suam,
3272 697 3477 758 quaerat
3510 689 3740 748 latebras

2164 774 2541 844 cogitationum
2565 790 2802 845 suarum,
2829 777 3013 834 redeat
3036 777 3104 834 ad
3127 780 3316 836 seriem
3343 779 3601 840 factorum
3621 799 3741 840 suo-

2162 883 2283 922 rum
2329 885 2344 921 :
2389 883 2496 922 non
2524 869 2760 925 attendat
2787 870 2913 942 quid
2941 871 3028 935 sit,
3058 872 3102 928 si
3123 871 3237 942 jam
3259 873 3455 945 aliquid
3482 883 3593 942 est;
3638 877 3739 933 sed

2164 958 2291 1027 quid
2329 959 2504 1025 fuerit,
2537 968 2595 1015 ut
2621 969 2762 1016 esset
2784 961 3016 1032 aliquid;
3045 962 3278 1019 inveniet
3301 979 3407 1020 non
3427 980 3487 1022 se
3517 966 3739 1038 dignum

2164 1047 2328 1103 fuisse
2368 1050 2470 1104 nisi
2506 1050 2783 1121 supplicio.
2824 1051 2881 1106 Si
2913 1067 3040 1123 ergo
3068 1053 3331 1124 supplicio
3355 1055 3546 1127 dignus
3571 1056 3740 1124 fuisti,

2166 1149 2220 1195 et
2265 1143 2408 1196 venit
2449 1143 2538 1199 ille
2577 1145 2665 1214 qui
2711 1160 2816 1200 non
2857 1154 3074 1215 peccata
3119 1148 3348 1218 puniret,
3391 1149 3486 1205 sed
3527 1161 3745 1222 peccata

2165 1231 2424 1299 donaret;
2467 1235 2634 1304 gratia
2675 1236 2768 1291 tibi
2815 1237 2937 1292 data
2979 1247 3080 1306 est,
3117 1254 3222 1294 non
3266 1255 3472 1297 merces
3512 1242 3740 1298 reddita.

2167 1322 2320 1379 Unde
2367 1334 2583 1380 vocatur
2623 1327 2825 1396 gratia?
2857 1328 2988 1395 Quia
3032 1330 3195 1399 gratis
3241 1329 3414 1387 datur.
3454 1330 3569 1386 Non
3599 1333 3746 1388 enim

2167 1415 2588 1486 praecedentibus
2630 1419 2834 1483 meritis
2880 1421 3053 1475 emisti
3098 1421 3239 1490 quod
3277 1423 3549 1493 accepisti.
3595 1423 3747 1480 Hanc

2167 1519 2295 1574 ergo
2331 1508 2534 1576 accepit
2574 1508 2795 1577 gratiam
2837 1509 3061 1577 primam
3091 1519 3358 1579 peccator,
3386 1520 3444 1566 ut
3478 1511 3594 1582 ejus
3617 1529 3746 1584 pec-

2169 1604 2284 1649 cata
2311 1595 2717 1652 dimitterentur.
2740 1598 2875 1665 Quid
2898 1601 3125 1654 meruit?
3147 1599 3749 1674 Interrogetjustitiam;

2170 1686 2372 1741 invenit
2403 1702 2614 1757 pamam
2657 1705 2669 1741 :
2716 1690 3005 1760 interroget
3047 1692 3498 1757 misericordiam;
3543 1694 3750 1749 invenit

2169 1776 2412 1846 gratiam.
2442 1777 2545 1832 Sed
2575 1779 2674 1832 hoc
2699 1787 2753 1832 et
2783 1779 3098 1849 promiserat
3124 1781 3262 1835 Deus
3289 1796 3384 1850 per
3411 1781 3703 1852 Prophetas
3727 1799 3755 1838 :-

2170 1867 2346 1938 itaque
2383 1883 2501 1923 eum
2529 1869 2671 1924 venit
2699 1869 2826 1924 dare
2863 1870 3004 1940 quod
3040 1871 3389 1941 promiserat;
3428 1887 3534 1929 non
3571 1873 3747 1929 solum

2169 1961 2388 2031 gratiam
2435 1961 2599 2025 dedit,
2629 1961 2723 2016 sed
2772 1971 2826 2016 et
2867 1961 3165 2017 veritatem.
3193 1963 3473 2029 Quomodo
3513 1964 3748 2021 exhibita

2171 2059 2254 2106 est
2279 2053 2511 2106 veritas?
2541 2052 2671 2119 Quia
2700 2053 2892 2107 factum
2915 2061 2998 2107 est
3020 2052 3159 2122 quod
3185 2054 3506 2123 promissum
3535 2062 3638 2110 est.

2241 2141 2294 2196 9.
2327 2143 2463 2211 Quid
2495 2153 2579 2198 est
2613 2159 2762 2214 ergo,
2797 2145 3011 2216 gratiam
3035 2161 3127 2216 pro
3155 2144 3352 2214 gratia?
3373 2144 3502 2200 Fide
3536 2160 3749 2215 prome-

2169 2251 2352 2290 remur
2382 2236 2578 2301 Deum;
2622 2245 2676 2291 et
2713 2236 2805 2307 qui
2840 2236 2985 2307 digni
3023 2252 3128 2291 non
3165 2251 3376 2291 eramus
3403 2238 3595 2308 quibus
3623 2253 3748 2308 pec-

2170 2333 2287 2381 cata
2310 2326 2720 2391 dimitterentur,
2748 2341 2814 2381 ex
2841 2341 2906 2381 eo
2935 2327 3056 2396 quia
3082 2335 3285 2381 tantum
3318 2326 3515 2382 donum
3545 2329 3749 2400 indigni

2170 2421 2490 2491 accepimus,
2540 2421 2704 2490 gratia
2750 2429 2988 2475 vocatur.
3036 2419 3174 2486 Quid
3222 2429 3304 2475 est
3342 2421 3546 2491 gratia?
3583 2423 3748 2493 gratis

2171 2512 2310 2566 data.
2342 2511 2478 2578 Quid
2505 2520 2590 2568 est
2627 2512 2790 2582 gratis
2832 2511 2996 2567 data?
3035 2513 3256 2579 Donata,
3298 2527 3404 2568 non
3435 2514 3657 2570 reddita.
3689 2515 3752 2572 Si

2170 2604 2484 2672 debebatur,
2514 2620 2720 2660 merces
2741 2605 2944 2660 reddita
2965 2613 3066 2670 est,
3096 2621 3201 2660 non
3241 2607 3409 2676 gratia
3435 2606 3661 2674 donata;
3701 2609 3748 2663 si

2171 2705 2349 2751 autem
2380 2711 2506 2750 vere
2533 2695 2846 2759 debebatur,
2890 2697 3062 2750 bonus
3103 2695 3246 2751 luisti
3286 2713 3300 2750 :
3331 2697 3376 2753 si
3403 2706 3583 2752 autem
3617 2700 3660 2766 ³,
3688 2706 3750 2753 ut

2173 2801 2358 2840 verum
2381 2795 2480 2850 est,
2507 2785 2681 2840 malus
2703 2784 2865 2849 fuisti,
2898 2785 3171 2841 credidisti
3205 2796 3380 2842 autem
3414 2787 3467 2842 in
3498 2801 3620 2842 eum
3654 2788 3749 2858 qui

2168 2876 2424 2946 justiﬁcat
2457 2877 2675 2947 impium
2727 2876 2900 2947 (Rom.
2928 2891 2999 2942 tv,
3037 2878 3095 2948 5)
3147 2877 3304 2950 (Quid
3333 2886 3438 2945 est,
3466 2879 3555 2949 qui
3587 2878 3748 2949 justi-

2173 2968 2296 3023 ficat
2324 2968 2579 3037 impium?
2611 2969 2692 3023 Ex
2718 2969 2880 3038 impio
2918 2969 3039 3024 facit
3076 2967 3265 3042 pium);
3293 2970 3465 3040 cogita
3500 2970 3625 3041 quid
3657 2985 3751 3041 per

2173 3059 2343 3130 legem
2374 3059 2469 3115 tibi
2514 3059 2794 3114 imminere
2836 3059 3081 3125 debebat,
3129 3059 3348 3128 etquid
3389 3074 3484 3129 per
3525 3060 3747 3130 gratiam

2173 3161 2489 3206 consecutus
2525 3151 2619 3206 sis.
2669 3150 2998 3206 Consecutus
3033 3158 3212 3206 autem
3241 3151 3396 3206 istam
3436 3152 3660 3222 gratiam
3690 3151 3751 3206 fi-

2172 3242 2279 3310 dei,
2310 3244 2415 3298 eris
2455 3245 2630 3312 justus
2673 3223 2750 3297 ex,
2790 3242 2892 3297 fide
2939 3241 3143 3313 (Justus
3178 3243 3318 3298 enim
3361 3258 3424 3298 ex
3469 3243 3572 3300 fide
3601 3241 3749 3316 vivit)

2174 3335 2396 3409 (Habac.
2423 3352 2478 3402 ιι,
2507 3336 2575 3400 4;
2609 3334 2760 3390 Rom.
2799 3350 2835 3401 t,
2881 3335 3006 3405 17);
3051 3345 3106 3390 et
3148 3335 3539 3406 promereberis
3579 3335 3750 3390 Deum

2173 3426 2397 3481 vivendo
2435 3441 2500 3481 ex
2548 3425 2693 3480 lide:
2733 3440 2855 3481 cum
2911 3425 3266 3495 promerueris
3317 3425 3482 3500 Deum
3522 3424 3752 3480 vivendo

2171 3535 2238 3574 ex
2262 3518 2399 3586 (ide,
2431 3519 2659 3588 accipies
2699 3519 2971 3588 pmmium
3014 3517 3480 3582 immortalitatem,
3505 3525 3560 3570 et
3586 3517 3751 3572 vitam

2171 3618 2446 3664 aeternam.
2475 3609 2542 3664 Et
2569 3609 2654 3662 illa
2689 3609 2856 3679 gratia
2896 3617 2998 3663 est.
3024 3608 3158 3666 Nam
3185 3623 3281 3676 pro
3306 3622 3412 3677 quo
3441 3608 3631 3662 merito
3654 3621 3752 3662 ac-

2171 3699 2306 3768 cipis
2337 3700 2498 3754 vitam
2526 3699 2816 3754 aeternam?
2852 3699 2955 3756 Pro
2981 3700 3169 3768 gratia.
3200 3699 3256 3754 Si
3283 3699 3425 3754 enim
3456 3697 3589 3753 fides
3625 3713 3752 3769 gra-

2172 3788 2243 3842 tia
2273 3796 2375 3854 est,
2413 3797 2466 3843 et
2493 3789 2598 3844 vita
2637 3801 2836 3844 aeterna
2874 3790 3025 3859 quasi
3063 3805 3269 3844 merces
3306 3797 3391 3845 est
3415 3788 3540 3844 ﬁdei
3567 3806 3582 3844 :
3605 3789 3752 3844 vide-

2171 3889 2258 3934 tur
2281 3881 2495 3950 quidem
2540 3881 2679 3935 Deus
2721 3882 2882 3934 vitam
2931 3892 3184 3936 aaternam
3221 3891 3468 3951 tanquam
3516 3880 3750 3937 debitam

2172 3973 2396 4029 reddere
2437 3973 2556 4043 (Cui
2599 3973 2866 4030 debitam?
2895 3973 3084 4037 Fideli,
3127 3975 3248 4044 quia
3281 3974 3574 4044 promeruit
3608 3975 3751 4029 illam

2172 4077 2268 4132 per
2309 4061 2523 4134 ﬁdem);
2569 4063 2663 4118 sed
2705 4063 2825 4132 quia
2872 4063 2985 4132 ipsa
3028 4063 3158 4118 fides
3199 4064 3365 4134 gratia
3409 4072 3512 4130 est,
3551 4073 3606 4120 et
3643 4065 3752 4120 vita

2170 4164 2366 4210 atterna
2388 4155 2553 4224 gratia
2579 4162 2660 4208 est
2687 4169 2782 4223 pro
2806 4155 2994 4225 gratia.

2243 4245 2330 4302 10.
2371 4245 2507 4300 Audi
2552 4245 2770 4300 Paulum
2801 4247 3100 4316 apostolum
3135 4245 3474 4302 confitentem
3501 4245 3749 4316 gratiam,

2171 4347 2226 4395 et
2245 4348 2431 4410 postea
2459 4339 2693 4394 debitum
2721 4348 3082 4410 expetentem.
3113 4337 3390 4394 Confessio
3423 4339 3605 4408 gratiae
3632 4353 3753 4408 qua:

2171 4432 2328 4487 estin
2355 4430 2556 4486 Paulo?
2585 4429 2686 4496 Qui
2717 4431 2857 4502 prius
2895 4432 2971 4502 fui
3009 4431 3346 4501 blasphemus,
3374 4439 3419 4484 et
3445 4437 3747 4501 persecutor,

2170 4535 2218 4579 et
2259 4526 2534 4595 injuriosus
2565 4540 2585 4580 :
2624 4523 2714 4578 sed
2758 4523 3170 4587 misericordiam,
3213 4523 3409 4594 inquit,
3459 4533 3753 4576 consecutus

2169 4634 2280 4672 sum
2314 4617 2358 4683 (ι
2387 4617 2498 4671 Tim
2549 4632 2588 4682 ι,
2630 4616 2740 4688 15).
2787 4615 3152 4686 lndignumse
3179 4615 3313 4670 dixit
3340 4615 3429 4685 qui
3458 4629 3753 4685 conseque-

2170 4716 2359 4763 retur:
2392 4718 2735 4764 consecutum
2785 4717 2961 4764 tamen
3006 4722 3111 4762 non
3161 4722 3256 4776 per
3299 4707 3486 4763 merita
3513 4722 3628 4772 sua,
3656 4707 3751 4762 sed

2171 4816 2266 4869 per
2291 4799 2709 4862 misericordiam
2746 4799 2862 4854 Dei.
2909 4798 3043 4854 Audi
3094 4798 3246 4860 illum
3279 4798 3387 4868 jam
3425 4799 3750 4870 flagitantem

2171 4889 2426 4955 debitum,
2457 4890 2547 4960 qui
2583 4891 2754 4958 primo
2796 4887 3082 4943 indebitam
3131 4898 3440 4961 susceperat
3475 4889 3699 4959 gratiam
3733 4908 3746 4942 :

2176 4981 2282 5052 Ego
2312 4982 2462 5045 enim,
2495 4982 2677 5050 inquit,
2702 4981 2815 5050 jam
2852 4979 3104 5048 immolor,
3131 4991 3179 5035 et
3207 4990 3400 5053 tempus
3433 4981 3785 5036 resolutionis‘

2171 5090 2294 5128 meae
2317 5075 2488 5127 instat.
2529 5072 2728 5127 Bonum
2765 5084 3015 5128 certamen
3049 5075 3251 5142 certavi,
3282 5091 3485 5129 cursum
3511 5091 3752 5130 consum-

2171 5168 2322 5230 mavi,
2346 5167 2498 5234 ﬁdem
2519 5166 2750 5221 servavi:
2779 5166 2842 5221 de
2871 5175 3047 5220 cwtero
3074 5166 3291 5236 reposita
3315 5176 3386 5221 est
3413 5166 3536 5220 mihi
3563 5181 3752 5220 corona

2161 5258 2396 5328 justitiaz.
2426 5257 2542 5312 Jam
2585 5256 2822 5312 debitum
2868 5257 3087 5328 ﬂagitat,
3126 5259 3235 5327 jam
3281 5257 3515 5313 debitum
3564 5258 3750 5328 exigit.

2170 5349 2300 5405 Nam
2331 5349 2451 5404 vide
2476 5349 2633 5404 verba
2661 5350 2933 5419 sequentia
2965 5367 2978 5404 :
3013 5349 3178 5415 Quam
3200 5350 3325 5404 mihi
3355 5349 3530 5404 reddet
3564 5347 3752 5404 Domi-

2171 5460 2268 5498 nus
2309 5444 2364 5497 in
2408 5441 2503 5497 illa
2540 5442 2640 5509 die,
2683 5444 2854 5514 justus
2891 5443 3056 5512 judea:
3099 5442 3167 5514 (ll
3217 5437 3350 5497 Tim.
3400 5458 3471 5509 tv,
3501 5441 3647 5512 6-8).
3683 5439 3753 5498 Ut

2235 5602 2251 5633 ι
2276 5601 2680 5659 Ms.Fossatensis,
2993 5597 3191 5662 palpet;
3212 5609 3240 5669 a
3261 5597 3471 5648 sectmda
3491 5607 3651 5646 mnu.

2235 5665 2254 5693 '
2276 5664 2394 5710 Editi
2429 5661 2801 5710 internonebant
2880 5674 2939 5710 c.
2981 5673 3074 5710 non
3108 5666 3278 5710 mento
3303 5666 3417 5710 tuo:
3451 5659 3578 5710 quod
3608 5658 3651 5708 al

2218 5664 2394 5774 Βἔξάὶιὶ
2429 5658 2801 5726 interponebant
2828 5658 2906 5711 hic
2924 5694 2939 5720 ,
2981 5658 3085 5710 non
3108 5659 3278 5712 merito
3303 5666 3417 5721 tuo;
3451 5659 3578 5723 quod
3608 5658 3752 5716 abest

2171 5737 2199 5774 a
2311 5760 2324 5773 .
