4074 6474
290 336 423 395 “Ol

289 461 413 506 ante
458 444 751 515 susciperet
789 442 1034 512 gratiam,
1064 438 1460 495 misericordem
1506 446 1707 506 patrem
1735 446 1868 502 Opus

291 541 523 599 habebat
556 557 569 593 :
598 548 656 592 ut
695 536 969 607 praemium
1013 533 1217 604 gratiae,
1251 530 1483 600 judicem
1519 530 1739 597 justum.
1767 523 1867 591 Qui

291 648 393 688 non
426 628 697 686 damnavit
731 627 973 696 impium,
1015 623 1285 678 damnabit
1328 619 1569 675 ﬁdelem?
1598 618 1665 671 Et
1690 625 1866 670 tamen
1894 662 1898 667 .

290 726 336 779 si
378 723 516 777 bene
557 720 777 790 cogites,
824 717 941 787 ipse
983 714 1129 771 dedit
1174 713 1331 767 ﬁdem
1376 711 1564 780 primo,
1614 723 1715 777 qua
1745 721 1865 761 eum

288 812 632 886 promeruisti
682 826 695 863 :
748 824 856 863 non
900 808 1041 863 enim
1090 804 1157 859 de
1196 813 1285 858 tuo
1311 800 1646 871 promeruisti
1690 807 1747 851 ut
1775 796 1865 850 tibi

286 904 485 976 aliquid
529 903 832 959 deberetur.
875 898 1027 968 Quod
1068 912 1195 967 ergo
1238 894 1514 965 praemium
1556 889 1866 945 immortali-

287 998 412 1052 tatis
456 1004 638 1065 postea
686 993 890 1060 tribuit,
939 991 1075 1046 dona
1110 1004 1205 1044 sua
1245 994 1486 1053 coronat,
1529 999 1632 1038 non
1678 982 1865 1035 merita

289 1097 399 1141 tua.
442 1087 600 1155 Ergo,
644 1084 854 1149 fratres,
892 1098 1063 1136 omnes
1102 1081 1164 1133 de
1190 1078 1498 1151 plenitudine
1530 1078 1638 1145 ejus
1667 1074 1865 1143 accepi-

286 1195 400 1230 mus
442 1192 461 1230 :
503 1177 573 1231 de
616 1173 947 1245 plenitudine
988 1169 1364 1225 misericordia:
1407 1167 1542 1236 ejus,
1593 1166 1659 1220 de.
1701 1165 1865 1219 abun-

287 1270 471 1324 dantia
501 1267 753 1323 bonitatis
777 1266 892 1335 ejus
921 1265 1241 1333 accepimus.
1273 1259 1447 1327 Quid?
1474 1258 1866 1313 Remissionem

287 1369 654 1431 peccatorum,
702 1366 759 1412 ut
795 1355 1205 1427 justiﬁcaremur
1259 1366 1325 1407 ex
1373 1350 1494 1405 ﬁde.
1543 1350 1608 1403 Et
1653 1349 1867 1415 insuper

287 1452 451 1523 quid?
476 1450 547 1505 Et
570 1452 784 1521 gratiam
813 1465 905 1519 pro
926 1447 1121 1518 gratia;
1157 1443 1207 1498 id
1239 1453 1339 1506 est,
1371 1458 1466 1511 pro
1493 1442 1593 1495 hac
1618 1440 1785 1509 gratia
1813 1438 1867 1491 in

284 1558 388 1613 qua
418 1558 485 1597 ex
530 1541 633 1595 ﬁde
669 1540 914 1603 vivimus,
959 1536 1221 1606 recepturi
1264 1550 1448 1589 sumus
1493 1533 1648 1586 aliam
1693 1548 1706 1585 :
1742 1529 1865 1599 quid

285 1644 467 1689 tamen
508 1633 613 1686 nisi
652 1628 917 1701 gratiam?
943 1629 1076 1683 Nam
1114 1628 1156 1681 si
1196 1626 1379 1680 dixero
1407 1625 1525 1694 quia
1556 1631 1609 1677 et
1648 1622 1747 1676 hoc
1775 1620 1868 1674 de-

284 1724 466 1788 betur,
494 1722 693 1793 aliquid
724 1721 853 1775 mihi
892 1719 1123 1787 assigno,
1156 1716 1304 1786 quasi
1335 1716 1416 1769 cui
1460 1713 1733 1767 debeatur.
1760 1710 1865 1763 Co-

288 1827 450 1873 ronat
487 1826 666 1871 autem
703 1816 755 1869 in
793 1813 946 1868 nobis
972 1813 1112 1867 Deus
1138 1810 1275 1863 dona
1304 1805 1681 1864 misericordiae
1708 1804 1817 1856 sua:
1850 1817 1863 1853 :

288 1908 385 1963 sed
412 1909 459 1963 si
483 1908 537 1962 in
564 1923 628 1961 ea
656 1905 822 1976 gratia
843 1919 997 1974 quam
1026 1902 1248 1971 primam
1279 1898 1595 1969 accepimus,
1626 1908 1870 1965 perseve-

279 2008 466 2055 ranter
492 1997 846 2053 ambulemus.

354 2091 447 2145 11.
491 2088 601 2143 Lex
626 2088 754 2141 enim
782 2103 871 2158 per
897 2084 1107 2155 Moysen
1145 2081 1263 2135 data
1289 2089 1358 2135 est
1384 2096 1402 2134 :
1429 2093 1547 2149 quae
1564 2086 1693 2131 'reos
1713 2083 1867 2130 tene-

285 2181 401 2236 bat.
454 2180 593 2246 Quid
642 2178 783 2233 enim
826 2178 899 2231 ait
949 2174 1272 2245 Apostolus?
1314 2170 1421 2225 Lex
1459 2167 1773 2233 subintravit,
1816 2173 1871 2219 ut

284 2273 569 2327 abundaret
595 2271 827 2324 delictum
858 2267 1031 2342 (Rom.
1061 2283 1113 2332 v,
1133 2265 1248 2336 20).
1277 2265 1387 2319 Hoc
1414 2263 1661 2333 proderat
1687 2275 1872 2329 supcr-

284 2365 390 2430 bis,
422 2374 478 2419 ut
497 2363 792 2418 abundaret
810 2362 1058 2416 delictum
1078 2375 1091 2411 :
1118 2357 1342 2411 multum
1360 2355 1499 2410 enim
1526 2353 1626 2408 sibi
1651 2352 1867 2417 dabant,

287 2466 344 2513 ct
368 2457 525 2527 quasi
551 2455 750 2509 viribus
778 2453 890 2507 suis
918 2451 1137 2504 multum
1161 2446 1493 2515 assignabanl
1516 2461 1530 2510 ;
1560 2453 1613 2499 et
1640 2457 1743 2496 non
1772 2455 1869 2509 po-

285 2558 464 2605 terant
513 2546 735 2616 implere
759 2543 1038 2614 justitiam,
1080 2541 1179 2595 nisi
1216 2538 1489 2607 adjuvaret
1525 2536 1616 2590 ille
1643 2534 1731 2604 qui
1753 2533 1870 2602 jus-

285 2649 452 2696 serat.
485 2638 802 2708 Superbiam
832 2637 1040 2689 illorum
1067 2634 1255 2688 volens
1291 2631 1507 2685 domare
1537 2629 1695 2691 Deus,
1728 2625 1874 2680 dedit

287 2732 508 2801 Legem,
556 2739 806 2799 tanquam
851 2727 1034 2782 dicens
1067 2726 1238 2779 :Eccc
1290 2722 1526 2791 implete,
1574 2734 1643 2773 ne
1679 2718 1872 2788 putetis

287 2824 480 2879 deesse
500 2821 800 2891 iubentem.
830 2818 945 2874 Non
975 2817 1125 2873 deest
1152 2816 1241 2887 qui
1264 2814 1469 2885 jubeat,
1493 2810 1586 2867 sed
1606 2810 1758 2865 deest
1782 2808 1871 2879 qui

287 2915 525 2985 impleat.

359 3005 450 3060 η.
492 3004 549 3060 Si
587 3017 715 3073 ergo
752 3001 903 3057 deest
938 3000 1026 3071 qui
1068 2998 1299 3068 impleat,
1332 2995 1471 3050 unde
1508 3008 1615 3048 non
1654 2989 1874 3062 implet?

290 3098 427 3168 Quia
462 3106 618 3152 natus
644 3111 765 3150 cum
796 3094 1011 3148 traduce
1038 3090 1236 3161 peccati
1281 3098 1334 3144 et
1359 3086 1564 3141 mortis.
1600 3086 1675 3139 Dc
1705 3083 1873 3138 Adam

287 3201 471 3255 natus,
503 3188 659 3242 traxit
700 3200 880 3241 secum
910 3184 1049 3254 quod
1080 3183 1148 3236 ibi
1187 3188 1498 3248 conceptum
1530 3186 1629 3231 est.
1675 3173 1874 3229 Cecidit

286 3285 500 3356 primus
524 3282 718 3344 homo;
750 3287 805 3334 et
832 3291 1015 3332 omnes
1048 3275 1137 3345 qui
1164 3273 1233 3328 de
1264 3273 1353 3326 illo
1384 3270 1489 3324 nati
1520 3276 1664 3331 sunt,
1695 3265 1763 3320 de
1785 3265 1875 3319 illo

289 3380 572 3429 traxerunt
599 3368 1083 3439 concupiscentiam
1126 3364 1320 3419 carnis.
1369 3360 1660 3429 Oportebat
1697 3365 1752 3410 ut
1782 3371 1876 3409 na-

291 3474 534 3520 sceretur
574 3463 709 3517 alius
741 3462 899 3515 homo
939 3459 1026 3528 qui
1068 3456 1266 3510 nullam
1302 3452 1459 3507 traxit
1497 3448 1877 3516 concupiscen-

292 3559 446 3612 tiam.
476 3556 663 3620 ilomo,
687 3561 742 3609 et
767 3554 925 3606 homo
949 3569 961 3603 :
987 3550 1145 3603 homo
1175 3547 1240 3601 ad
1268 3553 1517 3609 mortem,
1546 3551 1600 3597 et
1621 3541 1779 3596 homo
1808 3539 1875 3594 ad

291 3650 484 3703 vitam.
518 3648 605 3702 Sic
633 3646 760 3700 dicit
787 3642 1070 3713 Apostolus
1102 3658 1114 3693 :
1151 3638 1401 3704 Quoniam
1441 3634 1641 3705 quidem
1667 3649 1757 3703 per
1785 3631 1877 3683 ho-

290 3740 491 3793 minem
526 3754 670 3798 mors,
698 3746 743 3789 et
792 3752 880 3805 per
922 3733 1172 3785 hominem
1207 3727 1502 3782 resurrectio
1541 3734 1872 3776 mortuorum.

290 3830 401 3885 Per
424 3843 584 3899 quem
612 3827 880 3880 hominem
908 3837 1068 3886 mors,
1100 3830 1153 3876 et
1176 3834 1271 3890 per
1304 3832 1461 3888 quem
1490 3814 1757 3869 hominem
1789 3827 1877 3866 re—

292 3920 556 3976 surrectio
584 3916 952 3972 mortuorum?
978 3914 1091 3968 Noli
1118 3912 1367 3967 festinare
1390 3927 1403 3961 :
1433 3906 1694 3976 sequitur,
1726 3913 1779 3957 et
1799 3902 1879 3956 di-

296 4013 408 4066 cit:
435 4010 579 4066 Sicut
619 4010 752 4063 enim
793 4010 845 4060 in
883 4006 1046 4059 Adam
1085 4020 1253 4058 omnes
1292 4002 1591 4060 moriuntur,
1635 3998 1705 4050 sic
1748 4004 1792 4048 et
1824 3995 1877 4047 in

297 4102 498 4156 Christo
538 4116 709 4153 omnes
750 4097 1132 4165 viviﬁcabuntur
1162 4092 1203 4166 (l
1230 4092 1347 4148 Cor.
1380 4106 1473 4156 xv,
1506 4090 1593 4151 21,
1620 4086 1733 4156 9.2).
1778 4085 1877 4151 Qui

300 4194 569 4262 pertinent
605 4190 673 4243 ad
705 4187 911 4243 Adam?
940 4188 1136 4241 Omnes
1160 4184 1250 4254 qui
1288 4183 1397 4235 nati
1435 4190 1558 4234 sunt
1588 4179 1653 4231 de
1684 4177 1875 4230 Adam.

298 4285 401 4352 Qui
426 4284 494 4338 ad
522 4282 830 4338 Christum?
860 4280 1056 4335 Omnes
1084 4277 1173 4346 qui
1197 4277 1303 4328 nati
1334 4282 1456 4327 sunt
1476 4287 1569 4341 per
1587 4269 1875 4324 Christum.

298 4378 479 4443 Quare
498 4389 686 4429 omnes
710 4375 762 4427 in
791 4368 1045 4442 peccato?
1070 4368 1201 4435 Quia
1227 4379 1386 4422 nemo
1415 4374 1569 4418 natus
1589 4370 1670 4416 est
1692 4369 1882 4430 prteter

302 4466 497 4520 Adam.
532 4464 601 4520 Ut
629 4472 803 4517 autem
846 4468 1188 4515 nascerentur
1225 4472 1289 4511 ex
1328 4455 1518 4519 Adam,
1552 4452 1881 4509 necessitatis

301 4560 401 4614 fuit
442 4575 511 4614 ex
537 4557 878 4612 damnatione
910 4573 923 4608 :
956 4553 1098 4607 nasci
1134 4567 1230 4621 per
1269 4549 1560 4614 Christum,
1600 4544 1883 4600 voluntatis

300 4662 385 4705 est
412 4659 469 4706 et
498 4650 700 4720 gratim.
728 4646 845 4701 Non
873 4653 1132 4714 c0guntur
1156 4642 1399 4696 homines
1428 4639 1574 4692 nasci
1604 4652 1697 4707 per
1726 4634 1882 4690 Chri-

304 4756 448 4799 stum
472 4763 483 4797 :
504 4760 608 4796 non
634 4741 755 4811 quia
777 4740 1075 4801 voluerunt,
1100 4735 1205 4788 nati
1233 4741 1355 4787 sunt
1380 4747 1447 4786 ex
1476 4730 1664 4784 Adam.
1688 4729 1884 4782 Omnes

306 4847 485 4889 tamen
515 4833 606 4903 qui
624 4847 687 4886 ex
716 4830 904 4891 Adam,
936 4842 1054 4881 cum
1086 4832 1300 4894 peccato
1326 4828 1631 4891 peccatores
1659 4836 1670 4867 :
1699 4830 1885 4870 omnes

304 4930 394 4999 qui
422 4942 523 4997 per
550 4922 838 4985 Christum,
857 4916 1125 4988 iustiﬁcati
1147 4922 1200 4969 et
1220 4913 1367 4983 justi,
1398 4926 1501 4965 non
1532 4911 1581 4963 in
1610 4925 1687 4973 se,
1718 4907 1808 4962 sed
1834 4908 1886 4960 in

306 4998 420 5076 illo.
444 5018 577 5071 Nam
599 5016 651 5069 in
679 5029 737 5067 se
757 5012 801 5068 si
830 5012 1143 5077 interroges,
1168 5005 1332 5059 Adam
1355 5012 1477 5057 sunt
1501 5020 1512 5053 :
1540 5002 1588 5055 in
1614 5000 1704 5054 illo
1730 4999 1774 5052 si
1803 4998 1887 5052 in-

308 5124 572 5185 terroges,
595 5104 791 5161 Christi
818 5102 992 5157 sunt‘.
1020 5097 1236 5167 Quare?
1264 5097 1393 5162 Quia
1416 5094 1503 5148 ille
1529 5100 1685 5161 caput
1712 5090 1890 5143 Domi-

310 5218 416 5259 nus
456 5180 637 5256 noster
659 5196 814 5251 Jesus
843 5192 1105 5255 Christus,
1136 5203 1239 5241 non
1281 5202 1401 5241 cum
1445 5184 1661 5239 traduce
1685 5180 1891 5251 peccati

309 5295 459 5351 venit
483 5310 497 5346 :
520 5291 613 5346 sed
645 5299 820 5343 tamen
848 5284 992 5339 venit
1017 5296 1137 5336 cum
1154 5288 1313 5333 carne
1342 5274 1572 5330 mortali.

385 5387 477 5442 15.
518 5384 658 5439 Mors
683 5389 1019 5451 peccatorum
1041 5388 1195 5445 poena
1223 5372 1361 5426 erat‘|
1405 5387 1417 5421 :
1449 5370 1499 5422 in
1530 5366 1752 5420 Domino
1775 5378 1893 5417 mu-

312 5495 417 5537 nus
444 5472 822 5532 misericordia:
860 5476 992 5531 erat,
1023 5480 1130 5520 non
1161 5476 1316 5534 poena
1344 5458 1567 5529 peccati.
1605 5457 1719 5512 Non
1750 5456 1890 5510 enim

313 5569 513 5642 aliquid
535 5565 764 5622 habebat
791 5559 1048 5617 Dominus
1070 5570 1233 5627 quare
1258 5553 1402 5624 juste
1429 5558 1745 5605 moreretur.
1779 5546 1895 5617 Ipse

383 5706 404 5737 ⁸
421 5698 809 5754 ωαιεεουθιιεὶε
826 5702 933 5754 his,
953 5690 1167 5743 Christus
1187 5697 1312 5740 sunt.
1517 5753 1522 5754 ί
1754 5700 1762 5710 ·

382 5771 408 5809 ι
428 5751 788 5830 estquam“:
808 5751 932 5810 lori
952 5756 1004 5808 in
1027 5754 1177 5806 Adam
1199 5765 1340 5817 poena
1360 5753 1661 5815 peccatorum
1682 5751 1802 5798 erat.

1486 314 1892 376 TRACTATUS
1930 317 2011 373 Ill.
2051 319 2278 379 CAPUT
2316 290 2357 380 i.

3407 334 3545 391 “0%

1974 434 2068 499 ait,
2104 434 2235 489 Ecce
2271 437 2400 491 venit
2436 439 2666 511 princeps
2701 441 2853 512 hujus
2893 444 3087 511 mundi,
3125 455 3171 499 et
3212 445 3265 499 in
3307 464 3385 501 me
3417 451 3546 504 nihil

1975 523 2177 577 invenit.
2234 527 2406 594 Quare
2451 545 2577 599 ergo
2613 533 2870 587 moreris?
2924 533 3030 588 Sed
3081 545 3135 588 ut
3171 538 3332 589 sciant
3374 554 3544 591 omnes

1974 614 2091 680 quia
2135 617 2436 673 voluntatem
2478 618 2627 674 Paris
2666 624 2765 675 mei
2796 624 2947 692 facio,
2981 627 3184 695 surgite,
3225 644 3394 680 eamus
3431 630 3547 681 hinc

1975 702 2150 775 (Joan.
2184 722 2295 774 xxv,
2323 710 2392 763 50
2407 720 2453 764 et
2472 712 2584 782 51).
2604 712 2719 766 Νοη
2744 713 2970 768 habebat
2997 716 3084 771 ille
3110 733 3273 786 quare
3303 734 3541 772 morere-

1974 803 2079 861 tur,
2117 805 2172 851 ct
2208 799 2447 854 mortuus
2472 811 2594 856 est:
2629 813 2681 857 tu
2724 804 2887 860 habes
2915 821 3099 873 quare,
3144 817 3199 861 et
3229 811 3360 861 mori
3388 808 3541 862 dedi-

1972 886 2187 955 gnaris?
2216 888 2436 958 Dignare
2460 907 2611 961 aequo
2636 894 2813 947 animo
2844 896 2946 963 pati
2973 911 3067 964 per
3093 897 3337 950 meritum
3370 907 3538 959 tuum,

1974 976 2114 1044 quod
2144 977 2233 1032 ille
2272 979 2376 1046 pati
2403 980 2645 1050 dignatus
2672 992 2775 1045 est,
2800 994 2855 1037 ut
2882 992 2930 1037 te
2964 1000 2995 1037 a
3020 986 3338 1055 sempiterna
3371 997 3542 1041 morte

1974 1064 2238 1120 liberaret.
2260 1068 2449 1133 llomo,
2473 1080 2524 1123 et
2542 1071 2727 1125 homo:
2752 1073 2843 1126 sed
2861 1074 2965 1138 ille,
2985 1076 3193 1128 nonnisi
3215 1076 3402 1139 homo;
3425 1078 3542 1140 iSIe,

1973 1156 2112 1210 Deus
2135 1158 2292 1213 homo
2312 1161 2352 1214 ι.
2377 1161 2469 1215 llle
2497 1162 2657 1217 homo
2684 1166 2901 1232 peccati,
2929 1166 3027 1220 iste
3048 1167 3286 1235 justitizc.
3310 1168 3544 1223 Mortuus

1973 1262 2031 1300 es
2082 1248 2134 1301 in
2160 1249 2345 1314 Adam,
2370 1268 2584 1319 resurgo
2609 1254 2657 1306 in
2683 1254 2921 1309 Christo:
2940 1272 3057 1310 nam
3085 1260 3544 1328 utrumquedebe-

1974 1346 2059 1391 tur
2086 1340 2195 1393 tibi.
2235 1340 2348 1395 Jam
2390 1344 2657 1398 credidisti
2710 1346 2761 1398 in
2806 1345 3092 1412 Christum,
3138 1350 3326 1403 reddes
3368 1359 3544 1404 tamen

1972 1432 2110 1499 quod
2137 1432 2299 1486 debes
2327 1433 2393 1487 de
2421 1435 2605 1488 Adam.
2641 1436 2745 1491 Sed
2775 1452 2879 1491 non
2911 1447 2960 1491 te
2988 1439 3037 1491 in
3059 1448 3311 1494 aeternum
3344 1441 3545 1495 tenebit

1972 1522 2235 1575 vinculum
2259 1526 2455 1591 peccati
2478 1542 2490 1587 ;
2515 1527 2633 1595 quia
2660 1536 2883 1582 mortem
2912 1538 3049 1582 tuam
3072 1519 3319 1585 {uernam
3350 1532 3545 1586 occidit

1973 1629 2116 1668 mors
2156 1617 2461 1683 temporalis
2490 1618 2695 1672 Domini
2740 1620 2830 1672 tui.
2869 1619 2984 1689 Ipsa
3035 1631 3117 1675 est
3144 1623 3328 1690 gratia,
3357 1623 3543 1677 fratres

1974 1704 2097 1768 mei,
2123 1705 2231 1774 ipsa
2262 1714 2342 1759 est
2368 1712 2421 1760 et
2448 1708 2662 1773 veritas,
2694 1708 2812 1778 quia
2835 1711 3094 1778 promissa
3120 1720 3172 1763 et
3196 1711 3449 1764 exhibita.

2047 1795 2130 1853 14.
2173 1795 2286 1849 Non
2318 1807 2431 1850 erat
2470 1798 2567 1851 ista
2609 1800 2660 1852 in
2688 1798 2865 1853 Veteri
2898 1800 3257 1865 Testamento,
3289 1801 3409 1871 quia
3436 1800 3546 1856 Lex

1973 1885 2289 1951 minabatur,
2322 1902 2424 1941 non
2455 1888 2841 1958 Opitulabatur;
2860 1889 3101 1959 jubebat,
3132 1905 3236 1944 non
3287 1891 3545 1956 sanabat;

1973 1976 2285 2047 languorem
2313 1982 2642 2045 ostendebat,
2686 1997 2790 2035 non
2818 1982 3087 2037 auferebat
3116 2001 3129 2039 :
3158 1984 3249 2037 sed
3289 1984 3361 2038 illi
3408 2000 3546 2054 prie-

1975 2067 2192 2135 parabat
2216 2069 2423 2125 medico
2454 2080 2676 2125 venturo
2702 2086 2819 2127 cum
2860 2074 3024 2141 gratia
3066 2084 3120 2127 et
3150 2075 3401 2138 veritate;
3432 2083 3549 2128 tan-

1975 2173 2130 2226 quam
2166 2159 2232 2211 ad
2260 2159 2488 2228 aliquem
2519 2176 2675 2230 quem
2717 2177 2904 2216 curare
2938 2163 3049 2216 vult
3086 2163 3342 2227 medicus,
3375 2164 3551 2218 mittat

1976 2249 2146 2317 primo
2168 2265 2375 2304 servum
2399 2268 2573 2318 suum,
2606 2264 2661 2306 ut
2683 2255 2897 2323 ligatum
2926 2255 3070 2308 illum
3094 2256 3343 2309 inveniat.
3372 2255 3544 2311 Sanus

1977 2355 2081 2394 non
2112 2350 2246 2405 erat,
2279 2343 2452 2396 sanari
2487 2344 2714 2409 nolebat,
2748 2354 2802 2399 et
2835 2362 2901 2399 ne
2942 2354 3238 2412 sanaretur,
3280 2361 3465 2399 sanum
3491 2360 3552 2401 se

1974 2445 2093 2486 esse
2114 2431 2346 2501 jactabat
2373 2452 2387 2486 :
2419 2434 2577 2487 missa
2605 2434 2714 2488 Lex
2743 2442 2840 2498 cst,
2878 2435 3056 2503 ligavit
3080 2450 3237 2500 cum;
3270 2434 3470 2491 invenit
3493 2449 3553 2490 se

1978 2538 2151 2589 reum,
2190 2523 2299 2592 jam
2327 2523 2520 2577 clamat
2546 2523 2613 2578 de
2642 2525 2881 2594 Iigatnra.
2914 2524 3071 2579 Venit
3103 2524 3376 2591 Dominus,
3403 2532 3555 2579 curat

1975 2613 2170 2666 amaris
2215 2612 2540 2682 aliquantum
2592 2623 2647 2668 et
2697 2613 2907 2671 acribus
2948 2614 3388 2668 medicamentis:
3425 2613 3555 2668 dicit

1974 2705 2115 2758 enim
2136 2712 2353 2773 aegroto,
2374 2703 2559 2771 Ferto;
2583 2704 2731 2770 dicit,
2761 2705 2984 2769 Tolera;
3013 2704 3161 2769 dicit,
3184 2698 3302 2759 Noli
3328 2704 3551 2774 diligere

1977 2793 2255 2858 mundum,
2280 2793 2474 2848 habeto
2508 2795 2836 2866 patientiam,
2866 2802 3015 2847 curet
3042 2802 3091 2847 te
3120 2793 3254 2862 ignis
3277 2794 3555 2847 continen-

1977 2886 2085 2951 tiae,
2119 2884 2317 2940 ferrum
2345 2885 2770 2954 persecutionum
2800 2884 3025 2939 telerent
3051 2882 3269 2937 vulnera
3302 2890 3408 2936 tua.
3440 2881 3553 2937 Ex-

1979 2978 2299 3046 pavescebas
2325 2977 2565 3045 quamvis
2601 2976 2791 3045 ligatus
2820 2993 2832 3029 :
2864 2975 3001 3029 liber
3025 2975 3114 3029 ille
3151 2983 3205 3029 et
3232 2989 3337 3028 non
3362 2973 3553 3042 ligatus

1978 3068 2110 3123 bibit
2135 3068 2275 3137 quod
2314 3069 2403 3121 tibi
2440 3068 2627 3130 dabat;
2658 3068 2802 3136 prior
2833 3080 3019 3135 passus
3043 3074 3201 3121 estut
3230 3075 3282 3119 te
3307 3064 3551 3119 consola-

1978 3167 2143 3224 retur,
2178 3168 2425 3227 tanquam
2452 3156 2653 3223 dicens,
2677 3157 2827 3223 Quod
2861 3157 3013 3209 times
3042 3156 3149 3224 pati
3174 3169 3271 3224 pro
3304 3163 3376 3221 te,
3409 3154 3557 3223 prior

1978 3251 2152 3320 patior
2180 3265 2276 3318 pro
2308 3259 2378 3304 te.
2409 3249 2531 3303 llaec
2556 3258 2638 3303 est
2669 3248 2859 3318 gratia,
2906 3256 2961 3302 ct
2988 3262 3175 3317 magna
3202 3246 3389 3316 gratia.
3418 3245 3549 3311 Quis

1978 3342 2121 3394 illam
2152 3340 2309 3408 digne
2338 3339 2640 3395 collaudat?

2052 3432 2138 3486 l5.
2182 3431 2256 3484 De
2287 3430 2581 3484 humilitate
2612 3429 2806 3484 Christi
2832 3429 3039 3498 loquor,
3072 3428 3262 3483 fratres
3288 3427 3413 3483 mei.
3441 3426 3555 3482 Ma~

1975 3523 2223 3593 jeSIatem
2253 3522 2447 3575 Christi
2479 3530 2534 3576 et
2571 3522 2898 3575 divinitatem
2925 3520 3121 3574 Christi
3148 3520 3267 3589 quis
3291 3518 3556 3587 loquitur?

1981 3616 2035 3669 In
2063 3615 2373 3683 explicando
2400 3624 2453 3668 et
2478 3613 2703 3668 dicendo
2731 3622 2787 3665 ut
2813 3610 3185 3680 quoquoniodo
3206 3609 3557 3663 humilitatem

1978 3706 2176 3761 Christi
2208 3706 2565 3773 loqueremur,
2610 3719 2715 3758 non
2754 3701 3065 3765 sufﬁcimus,
3100 3701 3208 3753 imo
3233 3699 3510 3753 deﬁcimus
3537 3715 3558 3755 :

1982 3805 2149 3854 totum
2183 3793 2535 3863 cogitantibus
2556 3793 2951 3854 committimus,
2983 3806 3086 3843 non
3112 3789 3445 3844 audientibus
3472 3787 3561 3843 ad-

1980 3886 2281 3955 implemus.
2305 3884 2546 3953 Cogitate
2573 3882 2920 3935 humilitatem
2948 3879 3163 3934 Christi.
3193 3878 3299 3933 Sed
3327 3879 3445 3948 quis
3470 3892 3560 3932 no-

1980 3979 2084 4043 bis,
2114 3978 2306 4047 inquis,
2342 3991 2460 4030 eam
2499 3976 2742 4044 explicat,
2774 3974 2875 4028 nisi
2907 3982 2957 4026 tu
2988 3972 3170 4027 dicas?
3195 3972 3288 4025 llle
3312 3972 3451 4025 intus
3479 3970 3561 4024 di-

1981 4078 2085 4122 cat.
2118 4068 2305 4122 Melius
2336 4066 2463 4121 illud
2490 4066 2616 4121 dicit
2638 4067 2727 4135 qui
2758 4065 2898 4118 intus
2925 4064 3142 4127 habitat,
3176 4076 3336 4132 quam
3356 4062 3445 4131 qui
3475 4060 3560 4114 foo

1981 4145 2057 4217 ris
2093 4161 2305 4214 clamat.
2353 4159 2471 4229 Ipse
2510 4159 2663 4213 vobis
2703 4156 2947 4211 ostendat
2989 4155 3213 4224 gratiam
3249 4152 3564 4207 humilitatis

1982 4252 2112 4315 sum,
2137 4251 2225 4320 qui
2256 4251 2416 4319 coepit
2442 4249 2678 4304 habitare
2708 4248 2760 4301 iu
2787 4246 3036 4301 cordibus
3071 4244 3281 4298 vestris.
3313 4241 3563 4298 Jamvero

1983 4343 2027 4394 si
2057 4341 2106 4394 in
2130 4341 2244 4409 ejus
2266 4340 2561 4394 humilitate
2581 4336 2888 4407 explicanda
2909 4346 2963 4389 et
2980 4334 3241 4403 eroganda
3263 4332 3560 4397 deﬁdhnus,
3614 4346 3619 4353 '

1985 4430 2311 4499 majestatem
2332 4430 2446 4499 ejus
2469 4429 2585 4498 quis
2606 4426 2888 4496 loquatur?
2913 4426 2966 4480 Si
3004 4425 3217 4479 Verbum
3236 4440 3354 4477 caro
3374 4428 3564 4494 factum

1984 4522 2263 4577 conturbat
2287 4536 2403 4587 nos,
2436 4519 2501 4574 In
2528 4520 2774 4591 principio
2804 4528 2909 4572 erat
2950 4517 3159 4571 Verbum
3181 4516 3299 4585 quis
3334 4515 3567 4585 explica-

1986 4614 2097 4669 bit?
2127 4613 2327 4668 Tenete
2354 4628 2500 4683 ergo,
2534 4611 2743 4676 fratres,
2781 4610 3102 4665 soliditatem
3133 4610 3310 4666 istam.

2059 4704 2146 4759 16.
2188 4703 2296 4763 Lex
2332 4720 2420 4774 per
2446 4703 2659 4773 Moysen
2702 4703 2823 4755 data
2850 4711 2941 4765 est,
2983 4700 3145 4771 gratia
3179 4708 3225 4753 et
3262 4698 3445 4753 veritas
3477 4713 3566 4767 per

1986 4792 2165 4849 Iesum
2191 4793 2445 4849 Christum
2487 4798 2622 4863 facta
2648 4803 2738 4847 est.
2771 4792 2873 4847 Per
2901 4806 3113 4846 servum
3141 4790 3245 4845 Lex
3289 4789 3415 4845 data
3444 4797 3525 4841 est
3548 4803 3565 4852 ;

1989 4903 2112 4943 reos
2156 4886 2283 4944 fecit
2314 4910 2327 4939 :
2361 4902 2455 4955 per
2497 4886 2875 4954 Imperatorem
2927 4882 3244 4952 indulgentia
3284 4880 3405 4937 data
3447 4886 3565 4943 est;

1990 4994 2112 5034 reos
2137 4978 2396 5033 liberavit.
2425 4977 2533 5031 Lex
2558 4994 2645 5046 per
2671 4976 2885 5047 Moysen
2907 4976 3027 5029 data
3064 4983 3156 5028 est.
3196 4973 3312 5027 Non
3338 4971 3437 5026 sibi
3466 4971 3568 5025 ali-

1992 5075 2115 5145 quid
2142 5074 2369 5144 amplius
2397 5088 2582 5127 servus
2618 5072 2872 5139 assignet,
2915 5085 3071 5139 quain
3112 5066 3253 5137 quod
3288 5080 3381 5133 per
3420 5064 3568 5119 illum

1995 5166 2187 5224 factum
2216 5173 2317 5219 est.
2351 5165 2564 5219 Electus
2588 5163 2652 5217 ad
2677 5177 2923 5229 magnum
2952 5158 3299 5214 ministerium
3322 5167 3571 5226 tanquam

1994 5257 2164 5312 ﬁdelis
2180 5257 2231 5311 in
2251 5257 2429 5321 domo,
2453 5255 2546 5311 sed
2575 5265 2749 5308 tamen
2768 5269 2971 5315 servus,
2991 5264 3145 5320 agere
3166 5248 3455 5303 secundum
3474 5247 3574 5302 Le-

1995 5365 2113 5420 gem
2144 5358 2331 5418 potest,
2353 5349 2556 5402 solvere
2580 5362 2607 5399 a
2632 5356 2775 5400 reatu
2801 5344 2952 5414 Legis
2978 5357 3080 5395 non
3105 5348 3296 5409 potest.
3319 5339 3426 5393 Lex
3446 5352 3575 5408 ergo

1998 5458 2087 5511 per
2115 5439 2323 5509 Moysen
2354 5439 2472 5491 data
2501 5447 2594 5503 est,
2633 5436 2807 5492 Gratia
2834 5444 2878 5487 et
2912 5432 3093 5486 veritas
3119 5446 3207 5500 per
3228 5429 3575 5484 JesuntChri-

1999 5545 2128 5592 stum
2150 5536 2284 5605 facta
2308 5542 2399 5587 est.

2066 5742 2081 5773 ¹
2109 5740 2245 5805 Editi,
2276 5747 2401 5789 Deus
2429 5741 2473 5788 et
2494 5735 2646 5785 homo.
2674 5731 2965 5793 Expungitur
2984 5763 2999 5792 ,
3021 5734 3094 5793 et,
3118 5727 3400 5779 auctoritate
3419 5729 3527 5774 Ιιι.
