4012 6492
542 335 681 390 1105

613 448 701 502 17.
743 447 810 502 Ει
825 461 892 501 ne
907 445 1045 503 forte
1062 444 1253 516 aliquis
1268 444 1426 510 dicat,
1449 443 1518 499 Et
1533 442 1712 500 Gratia
1729 449 1783 497 et
1797 441 1992 497 veritas
2007 453 2118 496 non

538 550 622 597 est
642 541 773 595 facta
792 555 886 610 per
907 539 1143 610 Moysen,
1173 539 1262 609 qui
1289 537 1420 592 vidit
1446 535 1646 591 Deum?
1669 534 1848 589 statim
1866 532 2114 604 subjecit,

540 632 706 688 Deum
721 648 864 686 nemo
880 631 1000 685 vidit
1020 647 1261 699 unquam.
1280 629 1347 684 Et
1365 627 1502 684 unde
1521 624 1924 696 innotuitMoysi
1941 623 2118 680 Deus?

495 739 502 746 '
539 723 672 792 Quia
716 723 972 778 revelavit
1015 737 1172 777 servo
1213 736 1308 775 suo
1349 719 1623 774 Dominus.
1663 717 1791 784 Quis
1829 715 2117 771 Dominus?

537 817 556 870 1
565 831 660 886 pse
681 814 945 881 Christus,
973 814 1062 884 qui
1085 811 1338 883 prtemisit
1358 811 1551 879 Legem
1575 823 1672 879 per
1689 823 1920 872 servum,
1951 814 2010 860 ut
2029 821 2117 861 ve-

535 909 678 964 niret
706 907 821 977 ipse
863 923 982 961 cum
1022 905 1197 960 Gratia
1237 912 1291 958 et
1316 903 1556 957 veritate.
1589 900 1753 954 Deum
1794 900 1934 954 enim
1971 915 2117 953 nemo

535 999 660 1053 vidit
688 1016 927 1068 unquam.
953 997 1020 1052 Et
1046 996 1183 1051 unde
1211 996 1283 1050 illi
1312 1009 1468 1051 servo
1497 1002 1747 1063 quantum
1773 1005 1964 1060 capere
1989 1004 2115 1060 pos-

536 1098 620 1144 set
643 1089 947 1159 apparuit?-
961 1087 1063 1142 Sed
1090 1086 1392 1156 unigenilus,
1426 1084 1611 1153 inquit,
1645 1082 1692 1136 F
1693 1083 1809 1136 ilius
1835 1081 1920 1149 qui
1955 1091 2027 1134 est
2062 1081 2117 1134 in

535 1182 650 1236 sinu
674 1179 865 1245 Patris,
889 1181 997 1250 ipse
1019 1179 1288 1232 enarravit.
1317 1177 1451 1244 Quid
1473 1185 1576 1242 est,
1603 1177 1656 1229 in
1683 1176 1797 1228 sinu
1829 1174 2032 1228 Patris?
2057 1173 2114 1228 In

535 1280 745 1327 secreto
775 1272 962 1326 Patris.
991 1270 1107 1325 Non
1134 1272 1274 1326 enim
1292 1270 1432 1325 Deus
1458 1269 1617 1324 habet
1641 1270 1834 1331 sinum,
1858 1267 1992 1322 sicut
2017 1282 2115 1322 nos

536 1361 792 1416 habemus
821 1361 874 1414 in
919 1360 1171 1425 vestibus,
1217 1369 1308 1414 aut
1351 1359 1662 1430 cogitandus
1703 1367 1786 1414 est
1823 1360 1900 1413 sic
1926 1358 2114 1414 sedere

532 1452 800 1522 quomodo
830 1468 948 1519 nos,
981 1461 1071 1506 aut
1093 1453 1228 1507 forte
1247 1453 1451 1506 cinctus
1475 1460 1557 1506 est
1576 1459 1633 1505 ut
1657 1451 1829 1505 sinum
1857 1449 2110 1504 haberet:

530 1546 625 1601 sed
651 1546 775 1616 quia
805 1547 953 1600 sinus
979 1555 1161 1601 noster
1188 1546 1327 1599 intus
1349 1554 1450 1607 est,
1483 1552 1747 1600 secretum
1771 1543 1941 1596 Patris
1965 1543 2114 1597 sinus

530 1638 704 1692 Patris
734 1647 972 1692 vocatur.
1007 1639 1062 1692 In
1097 1647 1306 1692 secreto
1337 1637 1530 1702 Patris,
1567 1637 1655 1706 qui
1688 1636 1898 1690 Patrem
1939 1635 2104 1698 novit,

530 1728 646 1798 ipse
679 1729 971 1782 enarravit.
1018 1728 1147 1782 Nam
1178 1727 1345 1781 Deum
1374 1744 1518 1781 nemo
1551 1726 1675 1779 via'it
1719 1742 1960 1794 unquam.
1993 1723 2112 1794 ipse

529 1831 659 1887 ergo
684 1818 848 1884 venit,
873 1828 928 1873 et
949 1819 1182 1872 narravit
1203 1819 1456 1888 quidquid
1477 1817 1626 1871 vidit.
1655 1817 1790 1883 Quid
1812 1815 1941 1870 vidit.
1969 1815 2112 1885 Moy-

529 1907 653 1961 ses?
680 1907 887 1978 Moyses
911 1908 1042 1961 vidit
1066 1910 1282 1974 nubem,
1307 1909 1436 1962 vidit
1455 1909 1723 1977 angelum,
1749 1908 1878 1961 vidit
1899 1908 2109 1976 ignem:

527 1999 706 2053 omnis
735 2000 822 2053 illa
859 2009 1101 2054 creatura
1132 2009 1250 2066 cst;
1292 2010 1470 2070 typum
1504 2001 1713 2055 Domini
1755 2001 1836 2055 sui
1871 2001 2108 2071 gerebat,

528 2103 636 2144 non
677 2090 844 2159 ipsius
893 2092 1100 2147 Domini
1147 2093 1484 2161 prrcsentiam
1527 2093 1829 2148 exhibebat.
1874 2094 2112 2164 Namque

525 2185 711 2247 aperte
745 2179 908 2235 habes
936 2182 987 2234 in
1014 2181 1176 2251 Lege,
1202 2181 1269 2235 Et
1308 2183 1601 2253 loquebatur
1638 2183 1842 2255 Moyses
1866 2201 1980 2238 cum
2005 2184 2112 2238 Do-

526 2272 684 2334 mino,
707 2279 881 2324 contra
901 2273 954 2324 in
979 2284 1152 2326 contra
1178 2275 1302 2327 sicut
1323 2276 1512 2328 amicus
1537 2291 1647 2328 cum
1673 2276 1836 2328 amico
1862 2292 1974 2329 suo.
2007 2275 2104 2331 Se-

524 2361 710 2430 queris
742 2362 912 2431 ipsam
942 2361 1290 2432 Scripturam,
1335 2373 1388 2419 et
1432 2367 1638 2421 invenis
1665 2367 1884 2438 Moysen
1924 2368 2108 2422 dicen-

527 2459 657 2516 tem,
685 2451 748 2508 Si
780 2455 948 2508 inveni
981 2457 1196 2525 gratiam
1231 2458 1284 2510 in
1314 2468 1579 2528 conspectu
1609 2468 1714 2524 tuo,
1755 2461 1959 2516 ostende
1987 2461 2110 2515 mihi

527 2544 742 2613 teipsum
785 2547 1065 2617 manifeste,
1118 2556 1172 2600 ut
1206 2548 1400 2602 videam
1438 2559 1503 2602 te.
1546 2549 1613 2602 Et
1650 2565 1834 2619 parum
1873 2557 1954 2604 est
1987 2550 2109 2619 quia

524 2632 1041 2704 dixitzrespousum
1096 2637 1317 2706 accepit,
1367 2638 1486 2692 Non
1530 2650 1667 2709 potes
1718 2639 1884 2693 videre
1928 2641 2111 2710 faciem

523 2725 916 2797 meam;(Exod.
960 2744 1154 2792 xxxnt,
1191 2730 1275 2794 11,
1313 2731 1398 2794 13,
1442 2730 1553 2799 20).
1584 2729 1922 2800 Loquebatur
1959 2745 2105 2800 ergo,

524 2815 719 2872 fratres
748 2819 872 2882 mei,
901 2833 1021 2873 cum
1054 2818 1233 2889 Moyse
1261 2821 1500 2890 angelus,
1539 2829 1753 2890 portans
1782 2829 1962 2891 typum
1999 2821 2109 2875 Do-

524 2907 655 2962 mini
685 2925 698 2962 :
731 2917 785 2962 et
823 2909 911 2962 illa
938 2910 1117 2963 omnia
1155 2926 1272 2979 qua:
1305 2911 1375 2964 ibi
1405 2927 1500 2979 per
1523 2911 1765 2980 angelum
1798 2910 1932 2964 facta
1961 2919 2104 2974 sunt,

523 2997 753 3053 futuram
795 3001 951 3054 istam
1002 3003 1226 3070 gratiam
1276 3011 1330 3055 et
1379 3003 1658 3056 veritatem
1704 3003 2104 3072 promittebant.

523 3087 625 3154 Qui
665 3087 800 3142 bene
837 3098 1138 3143 scrutantur
1175 3089 1392 3160 Legem,
1440 3100 1704 3144 noverunt
1732 3109 1745 3142 :
1770 3101 1824 3146 et
1866 3106 1987 3145 cum
2013 3106 2109 3160 op-

522 3188 806 3250 portunum
841 3191 940 3246 est,
973 3189 1030 3234 ut
1068 3191 1120 3236 et
1153 3196 1248 3236 nos
1277 3184 1475 3252 aliquid
1503 3184 1626 3238 inde
1655 3184 1915 3249 dicamus,
1942 3201 2109 3253 quan-

523 3280 634 3326 tum
666 3271 924 3346 Dominus
951 3273 1167 3337 revelat,
1209 3289 1314 3327 non
1344 3283 1579 3328 tacemus
1607 3274 1861 3329 Charitati
1889 3283 2103 3334 vestrm.

593 3363 682 3419 18.
723 3363 858 3418 illud
890 3374 1067 3419 autem
1098 3366 1298 3431 sciatis,
1329 3366 1450 3436 quia
1473 3367 1651 3423 omnia
1677 3384 1793 3437 quae
1819 3370 2108 3438 corporali-

521 3461 605 3508 ter
632 3454 741 3508 visa
771 3463 914 3518 sunt,
944 3471 1048 3508 non
1079 3466 1229 3511 erant
1253 3457 1341 3510 illa
1371 3456 1662 3512 substantia
1699 3458 1810 3513 Dei.
1843 3458 1932 3514 llla
1963 3461 2104 3514 enim

519 3545 688 3600 oculis
717 3547 892 3601 carnis
916 3546 1160 3602 videmus
1189 3565 1202 3601 :
1240 3549 1330 3602 Dei
1369 3549 1660 3605 substantia
1694 3551 1834 3605 unde
1857 3551 2106 3606 videtur?

518 3635 862 3707 Evangelium
905 3637 1175 3708 interroga
1206 3657 1219 3692 :
1251 3638 1397 3694 Beati
1425 3641 1614 3694 mundo
1654 3642 1835 3708 corde;
1863 3643 1980 3712 quia
2005 3643 2107 3713 ipsi

517 3725 684 3782 Deum
702 3727 934 3782 videbunt
958 3729 1170 3801 (Matth.
1199 3747 1251 3797 v,
1276 3731 1356 3801 8).
1382 3731 1615 3786 Fuerunt
1641 3732 1884 3788 homines
1912 3733 1985 3806 (a)
2013 3736 2102 3804 qui

516 3819 758 3876 dicerent
784 3822 1020 3877 vanitate
1042 3823 1123 3877 sui
1150 3823 1328 3878 cordis
1363 3824 1593 3893 decepti,
1636 3826 1796 3880 Pater
1825 3827 2103 3884 invisibilis

514 3921 621 3977 est,
643 3911 811 3966 Filius
831 3921 1006 3966 autem
1032 3913 1254 3967 visibilis
1288 3923 1390 3968 est.
1423 3913 1577 3969 Unde
1607 3915 1864 3970 visibilis?
1895 3916 1952 3970 Si
1981 3933 2104 3986 pro-

515 4001 640 4063 pter
657 4009 899 4060 carnem,
929 3996 1050 4064 quia
1087 3997 1320 4065 suscepit
1349 4012 1596 4063 carnem;
1625 3998 1966 4054 manifestum
1997 4010 2098 4058 est.

516 4082 598 4138 Illi
623 4085 765 4139 enim
791 4086 880 4151 qui
905 4101 1124 4140 carnem
1155 4087 1350 4143 Christi
1379 4088 1642 4156 viderunt,
1673 4091 1833 4161 aliqui
1855 4092 2101 4148 credide-

516 4185 660 4243 runt,
714 4177 875 4248 aliqui
923 4179 1420 4236 crucifixeruntzet
1462 4183 1553 4252 qui
1594 4183 1954 4252 crediderunt,
2008 4186 2100 4241 illo

515 4269 770 4325 cruciliso
799 4279 1150 4338 nutaverant;
1182 4282 1237 4328 et
1277 4274 1376 4328 nisi
1405 4275 1570 4342 ipsam
1600 4285 1719 4345 post
1756 4279 2102 4333 resurrectio-

513 4375 637 4418 nem
667 4361 967 4432 palparent,
999 4362 1130 4418 fides
1158 4363 1223 4418 ad
1245 4378 1338 4426 eos
1367 4379 1474 4420 non
1504 4377 1859 4423 revocaretur.
1889 4369 1945 4425 Si
1971 4386 2100 4443 ergo

513 4461 736 4523 propter
755 4469 969 4510 carnem
992 4455 1211 4511 visibilis
1234 4457 1430 4524 Filius;
1461 4467 1516 4514 ct
1542 4475 1638 4515 nos
1661 4463 2022 4527 concedimus,
2045 4475 2102 4520 et

511 4551 596 4600 est
628 4546 885 4602 catholica
918 4547 1052 4602 fides
1075 4565 1088 4602 :
1115 4548 1161 4604 si
1191 4558 1367 4605 autem
1407 4560 1529 4606 ante
1569 4567 1784 4608 carnem
1820 4555 1958 4609 sicut
1995 4556 2096 4626 ipsi

510 4634 715 4701 dicunt,
744 4636 798 4692 id
837 4647 943 4706 est,
975 4647 1258 4709 antequam
1289 4642 1686 4709 incarnaretur;
1714 4645 1936 4699 multum
1959 4645 2096 4702 deli-

509 4733 652 4795 rant,
681 4735 736 4782 et
759 4729 984 4784 multum
1011 4741 1210 4786 errant.
1239 4732 1400 4788 Facta
1429 4735 1568 4788 enim
1598 4745 1722 4790 sunt
1751 4737 1842 4792 illa
1872 4739 2095 4806 visibilia

510 4819 860 4888 corporaliter
891 4836 987 4891 per
1009 4832 1329 4892 creaturam,
1356 4825 1406 4880 in
1443 4827 1634 4897 quibus
1663 4837 1819 4900 typus
1842 4832 2094 4887 ostende-

510 4915 700 4964 retur:
729 4923 836 4965 non
865 4911 1047 4982 utique
1085 4913 1378 4969 substantia
1409 4917 1520 4986 ipsa
1548 4901 2016 4976 demonstrabaitur
2042 4930 2097 4977 et

510 4998 973 5058 manifestabatur.
1004 5002 1073 5058 Et
1099 5004 1200 5060 hoc
1231 5005 1470 5063 attendat
1498 5007 1741 5064 Charitas
1769 5020 1946 5066 vestra
1973 5013 2094 5068 lene

511 5087 887 5147 documentum
907 5093 946 5147 ί.
973 5092 1242 5164 Sapientia
1265 5095 1360 5152 Dei
1380 5097 1547 5154 videri
1571 5100 1738 5156 oculis
1764 5116 1871 5156 non
1897 5113 2090 5172 potest.

510 5179 748 5250 Fratres,
807 5184 854 5238 si
906 5182 1150 5239 Christus
1194 5185 1464 5256 Sapientia
1507 5188 1632 5255 Dei,
1677 5198 1733 5245 et
1775 5191 1953 5247 Virtus
1997 5193 2091 5248 Dei

513 5271 558 5344 (l
587 5272 706 5327 Cor.
735 5289 774 5341 ι,
799 5274 928 5346 24);
973 5276 1017 5330 si
1052 5276 1296 5334 Christus
1329 5279 1557 5336 Verbum
1583 5282 1710 5348 Dei;
1741 5284 1959 5339 verbum
1989 5284 2091 5340 ho-

509 5361 670 5417 minis
696 5365 866 5422 oculis
893 5381 1001 5424 non
1024 5367 1252 5436 videtur,
1284 5369 1514 5428 Verbum
1546 5373 1642 5429 Dei
1676 5373 1845 5430 videri
1884 5376 1961 5432 sic
1989 5392 2088 5448 po-

509 5455 651 5514 ῑεδιτ

507 5587 989 5706 ὠιὲξεεὼξὲθτίςυθ,
1028 5591 1128 5648 leve
1149 5593 1511 5650 doctauentum:
1533 5597 1657 5652 forte
1692 5614 1799 5665 pro,
1835 5600 1975 5656 breve
2009 5604 2090 5655 do-

568 5728 642 5796 (a)
677 5732 850 5788 Ariani.

1515 325 1579 382 1N
1618 309 1893 378 manuus
1931 316 2397 384 svssceuun,
2435 319 2492 373 s.
2519 288 2917 398 aucusnnt

3657 331 3790 389 “Oi

2296 436 2386 496 19.
2429 438 2688 508 Expellite
2713 456 2840 510 ergo
2863 441 2930 496 de
2955 439 3207 496 cordibus
3229 440 3423 497 vestris
3445 443 3686 498 carnales
3709 460 3796 500 co-

2223 531 2526 603 gitationes,
2558 540 2615 585 ut
2636 545 2758 586 vere
2780 531 2897 586 sitis
2923 531 3022 585 sub
3046 531 3233 601 gratia,
3261 541 3321 586 ut
3343 532 3409 587 ad
3436 531 3639 588 Novum
3667 535 3795 594 Tes-

2225 629 2515 676 tamentum
2557 621 2889 692 pertineatis.
2930 620 3054 676 Ideo
3091 622 3196 676 vita
3237 631 3436 678 :nterna
3477 625 3797 693 promittitur

2223 712 2279 767 in
2305 713 2452 769 Novo
2479 713 2838 769 Testamento.
2867 712 3050 782 Legite
3079 713 3242 768 Vetus
3269 713 3666 770 Testamentum
3687 758 3701 782 ,
3741 728 3796 774 et

2221 807 2396 862 videte
2419 808 2542 877 quia
2567 808 2764 862 carnali
2788 807 2960 862 adhuc
2983 807 3177 876 populo
3200 821 3261 861 ea
3283 805 3496 876 quidem
3523 809 3796 879 praecipie-

2221 899 2415 955 bantur
2443 916 2560 970 qua:
2587 901 2757 956 nobis.
2786 900 2916 954 Nam
2949 915 3111 954 unum
3141 900 3306 954 Deum
3334 899 3532 966 colere,
3560 909 3616 956 et
3641 902 3794 956 nobis

2221 991 2540 1060 prtecipitur.
2574 990 2695 1044 Non
2721 992 2935 1061 accipies
2962 990 3014 1044 in
3042 1006 3225 1044 vanum
3257 1006 3438 1045 nomen
3463 990 3671 1046 Domini
3697 991 3792 1047 Dei

2147 1087 2151 1095 '
2219 1083 2321 1150 tui,
2354 1090 2408 1138 et
2435 1083 2586 1138 nobis
2613 1083 2914 1152 przeeipitur
2945 1099 2958 1136 :
2991 1082 3130 1153 quod
3157 1091 3241 1138 est
3267 1081 3557 1137 secundum
3589 1098 3792 1152 praece-

2219 1183 2384 1244 ptum.
2421 1173 2639 1229 Observa
2667 1175 2798 1228 diem
2823 1172 3046 1238 sabbati,
3076 1174 3242 1243 magis
3271 1173 3424 1228 nobis
3449 1174 3751 1243 prtecipitur
3774 1191 3788 1229 :

2219 1267 2338 1336 quia
2357 1266 2700 1336 spiritualiter
2715 1266 3101 1322 observandum
3118 1267 3273 1335 praaci
3279 1265 3438 1335 pitur.
3459 1264 3627 1320 Judaei
3647 1266 3791 1321 enim

2218 1357 2482 1412 serviliter
2515 1357 2803 1412 observant
2841 1356 2981 1411 diem
3016 1355 3252 1421 sabbati,
3298 1355 3366 1409 ad
3399 1355 3696 1422 luxuriam,
3724 1355 3794 1410 ad

2216 1447 2548 1503 ebrietatem.
2577 1448 2785 1515 Quanto
2813 1449 3002 1504 melius
3037 1447 3247 1502 femina:
3281 1461 3465 1501 eorum
3504 1447 3677 1502 lanam
3711 1446 3796 1502 fa-

2217 1547 2427 1606 cerent,
2454 1555 2611 1610 quam
2638 1540 2730 1594 illo
2757 1539 2842 1594 dic
2868 1540 2922 1594 in
2947 1539 3222 1593 mzenianis
3243 1538 3260 1569 ¹
3289 1537 3580 1592 saltarent?
3605 1538 3790 1602 Absit,

2215 1629 2408 1686 fratres
2427 1673 2442 1698 ,
2483 1641 2540 1686 ut
2574 1632 2693 1686 illos
2720 1633 2958 1687 dicamus
2984 1631 3267 1686 observare
3293 1629 3589 1685 sabbatum.
3619 1629 3795 1700 Spiri-

2217 1721 2428 1776 tualiter
2452 1722 2698 1776 observat
2725 1722 2999 1777 sabbatum
3037 1721 3387 1786 Christianus,
3426 1720 3699 1775 abstinens
3733 1735 3795 1774 se

2215 1812 2283 1867 ab
2307 1827 2469 1881 opere
2492 1813 2690 1867 servili.
2719 1812 2856 1880 Quid
2894 1820 2977 1869 est
3016 1813 3164 1867 enim
3194 1811 3262 1866 ab
3302 1825 3464 1880 opere
3499 1809 3720 1865 servili?
3750 1812 3794 1865 Α

2215 1911 2455 1972 peccato.
2500 1904 2567 1958 Et
2608 1903 2750 1958 unde
2793 1902 3111 1973 probamus?
3152 1902 3430 1956 Dominum
3475 1901 3746 1972 interroga
3779 1919 3791 1955 :

2219 1995 2394 2049 Omnis
2413 1997 2498 2066 qui
2517 1995 2641 2065 facit
2661 2005 2940 2066 peccatum,
2963 2010 3130 2050 servus
3153 2004 3225 2048 est
3251 1995 3441 2065 peccati
3467 1993 3524 2065 (1
3528 2011 3646 2048 oan.
3670 2010 3790 2059 vut,

2213 2085 2328 2158 54).
2361 2087 2500 2156 Ergo
2527 2095 2582 2140 et
2607 2087 2760 2141 nobis
2791 2085 3092 2154 praecipitur
3117 2084 3460 2154 spiritualiter
3491 2085 3796 2140 observatio

2214 2177 2438 2232 sabbati.
2469 2176 2584 2232 Jam
2614 2177 2698 2230 illa
2728 2177 2902 2231 omnia
2933 2183 3198 2245 pntecepta
3227 2175 3381 2229 nobis
3409 2174 3574 2244 magis
3601 2174 3796 2244 praci-

2213 2269 2449 2337 piuntur,
2479 2278 2533 2323 et
2561 2266 2889 2323 observanda
2918 2277 3076 2323 sunt:
3109 2265 3233 2321 Non
3260 2266 3485 2333 occides,
3515 2265 3636 2320 Non
3663 2282 3794 2321 mae-

2213 2358 2457 2422 chaberis,
2486 2357 2607 2413 Non
2634 2359 2900 2428 furaberis,
2928 2357 3050 2412 Non
3073 2359 3256 2429 falsum
3279 2359 3614 2413 testimonium
3634 2357 3794 2424 dices,

2215 2448 2429 2504 Honora
2456 2459 2649 2519 patrem
2673 2460 2720 2506 et
2740 2459 2968 2515 matrem,
3001 2448 3123 2504 Non
3143 2449 3460 2518 concupisces
3485 2464 3592 2502 rem
3615 2449 3797 2518 proxi-

2212 2542 2283 2593 mi
2306 2541 2398 2605 tui,
2427 2539 2481 2592 N
2484 2557 2549 2594 οη
2574 2541 2891 2610 concupisces
2911 2556 3120 2595 uxorem
3143 2540 3358 2608 proximi
3379 2541 3449 2592 tui
3470 2539 3662 2609 (Exod.
3694 2555 3796 2603 xx,

2211 2632 2394 2700 5-17).
2426 2629 2614 2686 Nonne
2642 2632 2740 2686 ista
2767 2631 2944 2685 omnia
2973 2639 3028 2686 et
3055 2631 3207 2686 nobis
3234 2631 3648 2700 praecipiuntur?
3686 2630 3798 2686 Sed

2212 2738 2392 2791 quaere
2421 2722 2739 2786 mercedem,
2763 2731 2816 2776 et
2842 2723 3078 2776 invenies
3103 2723 3175 2777 ibi
3203 2721 3306 2778 dici
3331 2740 3343 2775 :
3368 2721 3438 2777 Ut
3457 2721 3800 2790 expelluntur

2214 2813 2396 2869 hostes
2419 2829 2448 2867 a
2477 2812 2611 2868 facie
2639 2822 2748 2880 tua,
2775 2823 2832 2869 et
2855 2815 3124 2883 accipiatis
3149 2821 3342 2869 terram
3368 2829 3525 2884 quam
3551 2814 3801 2884 promisit

2213 2907 2354 2961 Deus
2393 2905 2632 2974 patribus
2669 2907 2859 2960 vestris
2895 2906 3079 2975 (Levit.
3123 2922 3282 2972 xxvr,
3325 2905 3494 2976 1-15).
3525 2906 3658 2972 Quia
3687 2921 3802 2963 non

2211 3006 2456 3068 poterant
2483 3013 2676 3067 capere
2709 2996 2988 3054 invisibilia
3010 3039 3024 3063 ,
3064 3013 3158 3067 per
3189 2997 3416 3052 visibilia
3455 2998 3797 3052 tenebantur.

2211 3090 2387 3157 Quare
2419 3091 2771 3145 tenebantur?
2801 3090 2877 3144 Ne
2905 3090 3116 3159 penitus
3141 3091 3448 3154 interirent,
3478 3098 3532 3144 et
3556 3089 3620 3144 ad
3651 3090 3802 3145 idola

2212 3184 2536 3238 laberentur.
2567 3181 2698 3236 Nam
2725 3183 2965 3237 fecerunt
2990 3182 3108 3245 hoc,
3138 3181 3327 3235 fratres
3353 3181 3478 3245 mei,
3501 3181 3636 3236 sicut
3662 3180 3804 3251 legi-

2211 3282 2318 3337 tur,
2350 3274 2500 3329 obliti
2525 3282 2666 3328 tanta
2694 3274 2948 3328 miracula
2974 3289 3089 3344 qua:
3111 3273 3235 3328 fecit
3261 3273 3598 3327 Deuscoram
3622 3273 3801 3328 oculis

2209 3378 2417 3419 eorum.
2460 3365 2601 3420 Mare
2628 3365 2907 3420 discissum
2939 3375 3050 3430 est;
3091 3364 3175 3418 via
3214 3363 3350 3420 facta
3390 3372 3474 3420 est
3509 3365 3561 3418 in
3603 3364 3816 3420 mediis

2208 3453 2453 3508 ﬂuctibus
2475 3472 2488 3520 ;
2511 3464 2794 3525 sequentes
2818 3454 2998 3510 hostes
3019 3470 3202 3509 eorum
3223 3455 3424 3510 eisdem
3447 3455 3597 3525 aquis
3616 3456 3800 3523 Operti

2209 3554 2353 3611 sunt,
2380 3561 2478 3615 per
2500 3561 2632 3616 quas
2661 3546 2735 3600 illi
2764 3544 3090 3600 transierunt
3119 3543 3310 3616 (Exod.
3339 3559 3442 3608 xw,
3467 3544 3662 3614 21-31)
3690 3561 3706 3596 :
3743 3555 3803 3599 et.

2207 3651 2327 3691 cum
2371 3637 2578 3708 Moyses
2606 3636 2768 3691 homo
2798 3637 2889 3691 Dei
2920 3637 3230 3691 recessisset
3260 3635 3327 3689 ab
3362 3635 3530 3690 oculis
3564 3649 3758 3689 eorum
3781 3676 3799 3702 ,

2207 3729 2406 3784 idolum
2437 3730 2721 3799 petierunt,
2753 3738 2808 3783 et
2835 3728 3082 3784 dixerunt
3105 3747 3118 3782 :
3143 3727 3253 3781 Fac
3276 3729 3417 3783 nobis
3441 3728 3560 3783 deos
3583 3730 3671 3798 qui
3699 3746 3814 3785 nos.

2210 3828 2450 3889 praaeant,
2481 3820 2599 3888 quia
2625 3818 2712 3874 ille
2741 3819 2888 3872 homo
2913 3817 3100 3871 dimisit
3137 3833 3249 3873 nos.
3271 3816 3402 3871 Tota
3441 3831 3563 3887 spes
3601 3833 3811 3874 eorum

2207 3911 2260 3964 in
2289 3911 2502 3965 homine
2529 3911 2697 3979 posita
2727 3918 2862 3975 erat,
2895 3924 3000 3964 non
3030 3910 3081 3963 in
3111 3909 3240 3963 Deo.
3269 3908 3408 3964 Ecce
3433 3918 3678 3964 mortuus
3709 3919 3804 3968 est

2206 3999 2369 4054 homo
2397 4018 2411 4054 :
2438 3999 2693 4067 numquid
2722 4007 2960 4053 mortuus
2981 4007 3062 4053 est
3086 3998 3223 4053 Deus
3251 3998 3341 4068 qui
3366 4009 3578 4053 eruerat
3603 4014 3699 4054 eos
3723 4000 3802 4056 de

2208 4099 2348 4146 terra
2379 4091 2633 4162 Egypti?
2663 4092 2731 4146 Et
2751 4106 2870 4146 cum
2898 4091 3148 4147 fecissent
3172 4091 3268 4148 sibi
3300 4091 3582 4161 imaginem
3611 4092 3808 4159 vituli,

2205 4180 2579 4246 adoraverunl,
2604 4188 2659 4235 et
2682 4180 2952 4246 dixerunt,
2979 4179 3050 4233 Hi
3073 4189 3191 4235 sunt
3214 4181 3287 4234 dii
3306 4180 3398 4247 tui,
3425 4179 3608 4243 Israel,
3630 4182 3720 4250 qui
3748 4194 3802 4236 te

2206 4271 2538 4325 liberaverunt
2564 4272 2628 4325 de
2651 4280 2786 4326 terra
2822 4270 3041 4342 Egypti
3079 4270 3186 4343 (Id.
3223 4287 3401 4337 χχχιι,
3439 4271 3575 4341 1-4).
3613 4271 3800 4338 Quam

2201 4362 2310 4418 cito
2353 4362 2502 4417 obliti
2548 4369 2654 4416 tam
2700 4361 3030 4416 manifestam
3057 4363 3078 4392 ²
3107 4360 3368 4430 gratiam!
3416 4360 3618 4428 Quibus
3655 4375 3817 4431 ergo-

2201 4453 2379 4508 modis
2404 4462 2677 4510 teneretur
2701 4454 2928 4523 populus
2955 4453 3106 4521 talis,
3145 4453 3245 4507 nisi
3284 4453 3560 4522 promissis
3595 4467 3802 4508 carna-

2201 4543 2374 4598 libus?

2270 4634 2363 4690 20.
2391 4634 2464 4689 Ea
2493 4635 2567 4690 ibi
2588 4635 2840 4704 iubentur
2862 4636 2914 4690 in
2940 4634 3193 4705 decalogo
3212 4634 3368 4705 Legis
3388 4649 3506 4704 quae
3524 4643 3572 4690 et
3595 4635 3796 4702 nobis;

2199 4725 2296 4782 sed
2325 4742 2426 4782 non
2449 4743 2511 4783 ea
2542 4727 2919 4796 promittuntur
2944 4742 3061 4796 qua:
3092 4727 3264 4782 nobis.
3303 4726 3467 4782 Nobis
3498 4727 3623 4797 quid
3653 4744 3797 4797 pro-

2200 4817 2462 4872 mittitur?
2499 4817 2616 4874 Vita
2645 4829 2866 4874 :eterna.
2904 4817 3031 4872 ch
3055 4828 3127 4873 est
3152 4828 3320 4872 autem
3344 4819 3447 4873 vita
3471 4829 3694 4886 (eterna,
3731 4830 3806 4875 ut

2199 4919 2500 4978 cognoscant
2523 4918 2570 4962 te
2588 4924 2744 4962 unum
2767 4925 2937 4964 verum
2963 4907 3144 4973 Deum,
3170 4919 3216 4964 et
3239 4925 3384 4980 quem
3406 4909 3584 4964 misisti
3601 4907 3801 4965 Iesum

2200 4999 2457 5053 Christum
2498 4997 2682 5071 (Joan.
2715 5015 2852 5065 xvn,
2881 4998 2974 5070 5).
3015 4998 3259 5070 Cognitio
3287 4999 3380 5054 Dei
3407 4999 3741 5069 promittitur
3776 5020 3795 5056 :

2198 5087 2312 5158 ipsa
2349 5098 2432 5144 est
2465 5088 2630 5156 gratia
2659 5104 2758 5160 pro
2783 5089 2973 5160 gratia.
3013 5089 3261 5157 Fratres,
3288 5089 3449 5145 modo
3472 5089 3752 5146 credimus
3776 5135 3796 5152 .

2196 5194 2305 5235 non
2348 5179 2590 5234 videmus
2626 5197 2639 5234 :
2681 5195 2778 5248 pro
2816 5179 2916 5234 ista
2953 5179 3058 5234 [ide
3100 5180 3376 5248 prmmium
3420 5180 3552 5246 erit,
3595 5179 3804 5237 videre

2196 5270 2338 5340 quod
2360 5271 2646 5328 credimus.
2663 5271 2932 5327 Noveram
2953 5271 3055 5326 hoc
3074 5271 3372 5342 Prophetas,
3395 5271 3487 5327 sed
3508 5271 3811 5331 occultum-

2197 5370 2312 5418 erat
2335 5371 2617 5433 antequam
2642 5364 2866 5419 veniret.
2887 5363 3019 5419 Nam
3041 5362 3254 5433 quidam
3279 5365 3552 5434 suspirans
3569 5373 3803 5422 amator

2195 5451 2252 5507 in
2276 5452 2500 5508 Psalmis
2525 5454 2600 5508 ait
2629 5471 2643 5506 :
2677 5453 2843 5509 Unam
2866 5455 2987 5525 petii
3009 5470 3040 5508 a
3064 5453 3282 5509 Domino
3299 5495 3316 5523 ,
3346 5456 3475 5509 Itane
3500 5458 3800 5526 requiram.

2258 5565 2276 5597 ³
2300 5564 2436 5624 Editi,
2453 5565 2712 5632 neomeniis
2734 5573 2996 5632 :corrupte
3017 5581 3133 5630 pro,
3167 5566 3418 5619 mamianis
3434 5601 3449 5627 ,
3468 5567 3595 5632 quod
3620 5572 3808 5632 nostri

2193 5639 2364 5692 omnes
2393 5633 2500 5677 Mss.
2534 5629 2814 5692 prtefcrunt.
2849 5627 3072 5680 Maéuiaua
3107 5627 3309 5681 veteres
3342 5627 3509 5681 vocant
3541 5627 3806 5692 paetulos,

2192 5700 2284 5738 seu
2306 5687 2558 5738 domorum
2578 5690 2767 5739 salaria.

2258 5753 2278 5781 ³
2301 5749 2421 5800 Editi
2438 5784 2454 5814 ,
2476 5749 2796 5820 magniﬁcam.
2837 5759 2943 5803 Mss.
2971 5767 3166 5817 omnes,
3209 5753 3523 5817 numifcstnm.
