4074 6520
166 404 316 467 ιωε

180 523 243 579 ει
269 515 474 590 quieris
499 508 626 584 quid
653 503 832 579 petat?
862 501 1020 557 Forte
1045 496 1185 554 enim
1215 502 1410 548 terram
1438 489 1565 559 petit
1590 484 1762 539 ﬂuen-

198 576 306 669 εω-
330 611 473 663 lacte
509 576 566 659 et
600 576 755 656 melle
794 593 1099 656 carnaliter,
1144 585 1384 658 quamvis
1424 576 1768 650 spiritualiter

172 711 282 760 ista
307 694 598 770 quarenda
625 693 695 746 sit
718 698 773 744 et
800 683 1025 756 petenda
1055 699 1069 735 :
1097 691 1190 734 aut
1217 676 1356 732 forte
1383 671 1768 742 subjectionem

181 792 418 850 hostium
450 799 666 841 suorum
685 823 700 847 ,
729 788 821 834 aut
848 785 1074 831 mortem
1104 770 1458 827 inimicorum,
1487 770 1578 816 aut
1604 760 1771 827 impe—

183 887 261 941 n‘a
291 893 347 938 et
373 879 658 936 facultates
687 872 843 942 hujus
871 867 1072 923 smeuli.
1102 862 1266 918 Ardet
1293 858 1433 914 enim
1463 867 1644 910 amore
1665 891 1678 915 ,
1719 857 1776 904 et

187 976 414 1035 multum
454 971 721 1040 suspirat,
762 973 818 1020 et
856 968 1077 1025 mstuat,
1119 966 1173 1010 et
1209 952 1442 1008 anhelat.
1493 946 1775 1002 Videamus

187 1067 314 1140 quid
342 1074 492 1136 petat
511 1103 529 1128 ,
555 1036 732 1116 tUnant
752 1056 870 1127 petii
891 1071 920 1106 a
942 1050 1178 1111 Domino,
1201 1049 1331 1101 hanc
1350 1043 1618 1115 requiram.
1640 1036 1778 1106 Quid

192 1130 274 1218 est
302 1130 406 1212 hoc
434 1153 579 1225 quod
607 1147 862 1220 requirit?
895 1144 960 1200 Ut
988 1140 1292 1202 inhabilem,
1319 1134 1508 1204 inquit,
1548 1132 1603 1184 in
1631 1130 1779 1183 domo

193 1247 424 1313 Domini,
565 1256 736 1296 omnes
762 1239 867 1291 dies
893 1236 1004 1288 vita:
1029 1247 1168 1286 meae.
1193 1229 1260 1283 Et
1282 1235 1406 1297 puta
1431 1223 1547 1294 quia
1577 1220 1782 1274 habitas

194 1307 702 1397 indomo'Domini,
732 1328 873 1384 unde
924 1326 993 1381 ibi
1039 1323 1140 1378 erit
1183 1317 1432 1390 gaudium
1480 1311 1661 1368 tuum?
1715 1307 1784 1365 Ut

197 1427 506 1498 contentpler
536 1466 553 1492 ,
604 1421 822 1492 inquit,
881 1413 1256 1471 delectationem
1334 1404 1540 1461 Domini
1595 1398 1782 1472 (Psal.

197 1535 336 1581 nvi,
369 1518 454 1586 4).

263 1611 354 1663 2L
399 1579 623 1662 Fratres
651 1601 790 1667 mei,
819 1597 961 1652 unde
990 1589 1260 1654 clamatis,
1300 1585 1442 1641 unde
1476 1579 1750 1638 exsultatis
1770 1619 1788 1646 ,

202 1701 338 1758 unde
367 1699 569 1752 amatis
588 1737 602 1760 ,
634 1693 732 1748 nisi
761 1691 882 1762 quia
915 1688 983 1742 ibi
1013 1693 1094 1740 est
1119 1679 1346 1737 scintilla
1374 1675 1532 1745 hujus
1557 1669 1791 1727 charita-

205 1792 300 1849 tis?
322 1790 469 1859 Quid
495 1785 812 1844 desideratis
828 1825 842 1848 ,
871 1795 1000 1850 rogo
1019 1775 1152 1831 vos?
1185 1771 1360 1829 Videri
1386 1778 1563 1840 potest
1587 1762 1793 1820 oculis?

205 1854 600 1953 tangi'potest?
642 1871 977 1947 pulchritudo
1006 1868 1178 1936 aliqua
1221 1871 1304 1918 est
1340 1876 1459 1931 quae
1487 1857 1669 1914 oculos
1696 1854 1792 1909 de-

205 1970 400 2032 lectat?
439 1968 637 2024 Nonne
673 1973 934 2034 martyres
969 1957 1130 2013 amati
1170 1962 1293 2009 sunt
1331 1950 1704 2010 vehementer;
1743 1953 1798 1998 et

209 2063 422 2135 quando
461 2077 562 2116 eos
600 2066 1112 2115 commemoramus,
1157 2043 1540 2102 iuardescimus
1579 2034 1797 2092 amore?

211 2125 339 2222 Quid
382 2154 438 2206 in
477 2151 586 2217 illis
612 2161 883 2209 amamus,
923 2139 1152 2196 fratres?
1182 2135 1413 2191 Membra
1441 2131 1634 2185 laniata
1658 2143 1687 2181 a
1715 2125 1797 2181 fe-

212 2245 316 2302 ris?
353 2243 501 2312 Quid
540 2240 759 2305 ftedius,
797 2237 842 2291 si
881 2233 1065 2289 oculos
1098 2228 1274 2284 carnis
1309 2220 1640 2292 interroges?
1675 2217 1802 2289 quid

215 2337 521 2410 pulchrius,
558 2335 601 2388 si
631 2327 815 2388 oculos
842 2326 1018 2382 cordis
1045 2316 1376 2389 interroges?
1405 2314 1543 2383 Quid
1586 2313 1677 2367 tibi
1717 2311 1802 2364 vi-

216 2403 366 2484 detur
385 2425 709 2480 adolescens
730 2415 1116 2490 pulcherrimus
1139 2409 1258 2466 l'ur?
1285 2405 1560 2476 Quomodo
1585 2403 1807 2460 horrent

217 2519 352 2575 oculi
384 2517 459 2570 tui
482 2516 509 2569 ?
535 2510 802 2582 Numquid
827 2507 966 2563 oeuli
995 2503 1168 2559 carnis
1195 2497 1448 2554 horrent?
1475 2496 1528 2551 Si
1559 2495 1700 2563 ipsos
1727 2492 1805 2545 in-

218 2620 482 2678 terroges,
514 2604 646 2659 nihil
671 2603 762 2657 illo
792 2612 1015 2668 corpore
1040 2591 1402 2663 compositius,
1433 2587 1560 2642 nihil
1590 2585 1806 2640 ordina-

223 2703 321 2760 tius
346 2677 400 2766 ‘7;
429 2709 486 2755 et
522 2695 760 2769 parilitas
786 2691 1175 2750 membrorum,
1221 2693 1276 2740 et
1303 2682 1498 2737 coloris
1530 2677 1808 2734 delectatio

223 2765 590 2849 illicitocul'os
623 2804 638 2841 :
668 2791 724 2840 et
751 2792 924 2838 tamen
953 2794 1072 2834 cum
1099 2773 1251 2830 audis
1277 2772 1400 2840 quia
1430 2769 1512 2823 fur
1540 2777 1642 2832 est,
1676 2765 1810 2832 fugis

227 2886 500 2942 hominem
529 2881 730 2934 animo.
752 2874 914 2930 Vides
939 2888 1005 2926 ex
1033 2870 1133 2922 alia
1157 2873 1306 2937 parte
1348 2877 1529 2918 senem
1562 2871 1809 2921 curvum,

227 2976 416 3032 baculo
446 2972 764 3027 innitentem
787 3007 802 3030 ,
840 2965 926 3019 vix
955 2977 1014 3018 se
1040 2967 1342 3014 moventem
1363 2995 1377 3019 ,
1409 2951 1554 3021 rugis
1585 2948 1815 3016 undique

229 3077 553 3122 exaratum:
599 3058 726 3129 quid
769 3055 918 3109 vides
957 3049 1097 3119 quod
1133 3047 1316 3103 oculos
1355 3038 1620 3098 delectet?
1653 3035 1817 3092 Audis

233 3158 352 3228 quia
374 3156 556 3225 justus
581 3159 701 3216 est;
732 3162 878 3201 amas
899 3187 913 3209 ,
938 3141 1296 3212 amplecteris.
1325 3135 1467 3190 Talia
1498 3134 1649 3187 nobis
1679 3146 1818 3200 prm-

233 3249 337 3306 rnia
382 3246 649 3318 promissa
685 3248 836 3304 sunt,
874 3237 1066 3291 fratres
1090 3233 1232 3290 mei:
1267 3230 1369 3283 tale
1394 3225 1590 3295 aliquid
1614 3231 1818 3290 amate,

235 3340 325 3394 tali
349 3312 515 3407 regno
537 3332 821 3402 suspirate,
847 3329 1002 3382 talem
1032 3323 1258 3394 patriam
1280 3317 1609 3380 desiderate;
1638 3314 1681 3369 si
1708 3312 1825 3366 vul-

239 3431 307 3482 tis
337 3400 712 3497 perveniread
739 3419 790 3474 id
820 3432 938 3472 cum
967 3429 1072 3484 quo
1097 3411 1244 3466 venit
1270 3407 1521 3463 Dominus
1543 3412 1743 3467 uoster,
1773 3400 1826 3458 id

240 3491 359 3583 est,
402 3517 473 3570 ad
521 3513 741 3586 gratiam
789 3517 843 3564 et
885 3506 1180 3560 veritatem.
1227 3499 1283 3555 Si
1320 3506 1494 3551 autem
1534 3491 1828 3562 corporalia

243 3607 466 3679 praemia
497 3602 828 3673 concupieris
872 3613 901 3652 a
944 3597 1080 3660 Deo,
1129 3590 1302 3646 adhuc
1343 3588 1441 3642 sub
1475 3586 1615 3655 Lege
1655 3599 1742 3647 es,
1777 3591 1832 3636 et

248 3672 372 3754 ideo
398 3700 571 3768 ipsam
603 3672 792 3764 Legem
824 3705 931 3744 non
962 3684 1226 3754 implebis.
1266 3678 1488 3746 Quando
1513 3675 1652 3730 enim
1682 3672 1832 3727 vidc-

248 3793 325 3848 ris
363 3766 638 3844 abundare
675 3787 774 3840 ista
815 3779 1124 3850 temporalia
1159 3776 1209 3828 in
1242 3775 1320 3828 eis
1349 3771 1436 3841 qui
1471 3771 1632 3822 Deum
1663 3766 1836 3820 oll'eu-

254 3885 406 3944 dunt,
441 3887 630 3935 nutant
656 3888 870 3946 gressus
898 3872 992 3934 tui,
1022 3880 1072 3923 et
1101 3865 1236 3921 dicis
1265 3863 1355 3918 tibi
1386 3880 1398 3916 :
1432 3862 1565 3914 Ecce
1594 3873 1691 3926 ego
1722 3856 1840 3909 colo

257 3977 458 4037 Deum,
492 3969 726 4040 quotidie
757 3966 820 4020 ad
849 3962 1125 4018 ecclesiam
1152 3971 1337 4019 curro,
1368 3967 1535 4023 genua
1561 3949 1689 4004 mihi
1722 3947 1842 4000 trita

259 4074 384 4119 sunt
407 4063 462 4117 in
492 4057 858 4120 orationibus;
886 4062 938 4107 et
958 4049 1170 4105 assidue
1197 4053 1395 4116 :rgroto
1424 4060 1438 4096 :
1464 4039 1742 4094 homicidia
1767 4035 1847 4089 fa-

259 4156 410 4209 ciunt
439 4151 715 4226 homines,
757 4145 971 4214 rapinas
1016 4140 1240 4200 faciunt;
1278 4132 1543 4190 exsultant
1585 4137 1638 4183 et
1675 4128 1846 4181 abun-

262 4245 412 4308 dant,
439 4242 580 4297 bene
603 4218 681 4294 cst
709 4235 832 4291 illis.
856 4231 1002 4288 Talia
1030 4242 1159 4298 ergo
1179 4223 1454 4296 qumrebas
1474 4236 1502 4273 a
1528 4218 1668 4272 Deo?
1691 4216 1849 4271 Certe

264 4337 332 4389 ad
371 4333 598 4404 gratiam
631 4324 996 4399 pertiuehas'.
1041 4319 1098 4374 sa
1135 4316 1356 4388 gratiam
1407 4313 1525 4366 ideo
1575 4308 1667 4364 tibi
1708 4307 1854 4361 dedit

265 4400 432 4491 Deus,
463 4422 587 4492 quia
614 4422 778 4490 gratis
806 4415 970 4478 dedit,
997 4411 1160 4482 gratis
1181 4423 1320 4462 ama.
1346 4404 1463 4460 Noli
1489 4402 1553 4456 ad
1577 4400 1853 4472 praemium

268 4490 497 4586 diligere
523 4513 729 4576 Deum;
771 4509 884 4577 ipse
909 4505 976 4559 sit
1001 4501 1274 4573 praemium
1307 4504 1470 4550 tuum.
1503 4494 1650 4548 Dicat
1675 4490 1857 4544 anima

274 4621 385 4673 tua,
418 4605 589 4662 Unam
613 4603 732 4674 petii
750 4619 781 4654 α
802 4598 1040 4660 Domino,
1065 4594 1193 4647 hanc
1212 4592 1482 4659 requiram,
1512 4596 1564 4640 ut
1589 4583 1860 4638 inhabilem

276 4702 328 4754 in
351 4699 504 4752 domo
540 4693 746 4748 Domini
769 4708 857 4762 per
877 4703 1046 4742 omnes
1067 4685 1172 4738 dies
1192 4683 1306 4736 vita:
1325 4677 1465 4744 mete,
1489 4686 1541 4730 ut
1563 4685 1750 4730 contem
1757 4672 1865 4742 pler

277 4791 663 4847 delectationem
687 4782 912 4838 Domini.
940 4780 1057 4836 Noli
1080 4779 1265 4832 timere
1287 4787 1353 4827 ne
1376 4770 1585 4825 fastidio
1611 4766 1862 4822 delicias:

281 4886 404 4940 talis
430 4882 535 4938 erit
563 4881 651 4934 illa
677 4875 959 4936 delectatio
983 4866 1393 4946 pulchritudinis
1411 4905 1427 4931 ,
1455 4873 1512 4916 ut
1539 4875 1749 4930 semper
1773 4857 1869 4913 tibi

281 4988 526 5047 praesens
551 4971 648 5034 sit,
681 4978 736 5024 et
764 4980 1030 5035 nunquam
1061 4959 1302 5020 satieris;
1335 4957 1439 5009 imo
1470 4967 1681 5020 semper
1707 4949 1872 5003 satie-

283 5068 393 5130 ris,
438 5073 495 5118 et
529 5073 799 5130 nunquam
853 5054 1079 5109 satieris.
1121 5050 1174 5106 Si
1212 5049 1353 5103 enim
1391 5045 1574 5100 dixero
1613 5040 1731 5112 quia
1769 5054 1872 5092 non

286 5155 574 5214 satiaberis
593 5196 608 5220 ,
637 5129 806 5206 fames
829 5148 988 5212 erit;
1009 5146 1055 5199 si
1093 5143 1278 5197 dixero
1304 5137 1424 5209 quia
1452 5133 1758 5196 satiaberis,
1796 5129 1876 5184 ia-

289 5247 511 5306 stidium
540 5245 702 5298 timeo
732 5257 746 5295 :
775 5239 867 5294 tibi
908 5251 1006 5290 nec
1049 5231 1316 5288 fastidium
1363 5227 1495 5292 erit,
1538 5238 1636 5280 nec
1678 5224 1876 5282 fames,

291 5339 423 5410 quid
468 5335 640 5392 dicam
685 5331 902 5393 nescio;
947 5325 1040 5381 sed
1080 5325 1220 5378 Deus
1261 5319 1419 5374 habet
1457 5315 1596 5387 quod
1636 5311 1884 5367 exhibeat

295 5423 840 5488 noninvenientibus
881 5415 1149 5490 quomodo
1191 5413 1405 5477 dicant,
1451 5417 1504 5463 et
1545 5401 1886 5462 credentibus

297 5521 444 5596 quod
471 5519 753 5589 accipiant.

369 5755 387 5790 ι
411 5749 556 5808 miti.
574 5737 920 5808 mea
941 5734 1120 5808 melius
1129 5735 1257 5808 ﬁas.
1264 5766 1279 5808 ε
1297 5720 1582 5780 ordinatius.

367 5815 392 5851 ³
903 5811 996 5851 nott
1015 5791 1297 5864 pertinebas.

1350 367 1760 432 TRACTATUS
1794 364 1885 422 IV.
1938 362 2160 421 CAPUT
2198 360 2240 415 l.

3300 341 3439 402 “06

2387 465 2794 526 TRACTATUS
2832 463 2918 521 IV.

1869 587 1946 643 Ab
1976 602 2033 642 eo
2057 583 2191 655 quod
2217 583 2458 652 scriptum
2487 577 2659 644 est,Et
2687 575 2793 630 hoc
2809 582 2891 630 est
2905 567 3264 628 testimonium
3283 565 3444 622 Joan-

1944 680 2049 746 nis,
2065 675 2276 748 quando
2293 675 2550 729 miserunt
2569 670 2735 727 Judaei
2758 668 2826 722 ab
2841 661 3186 735 Jerosolymis
3205 658 3448 716 sacerdo-

1946 784 2049 840 tes,
2074 780 2194 837 etc.,
2223 785 2377 839 usque
2405 767 2471 821 ad
2502 766 2576 830 id,
2609 765 2730 835 lpse
2759 770 2842 818 est
2872 760 2959 828 qui
2992 757 3223 829 baptizat
3246 753 3300 809 in
3329 748 3450 822 Spi-

1946 865 2053 920 ritu
2078 869 2281 927 sancto,
2305 869 2398 914 etc.
2421 857 2549 928 Cap.
2579 873 2616 922 ι,
2662 856 2698 926 7
2723 894 2736 908 .
2765 852 2958 909 19-55.

1951 979 1977 1033 1
1991 1017 2004 1030 .
2039 974 2341 1044 Saepissime
2356 969 2826 1026 audivitSanctitas
2840 973 3037 1029 vestra,
3059 970 3114 1018 et
3133 960 3332 1030 optime
3355 971 3460 1012 no-

1881 1061 1998 1132 stis,
2020 1065 2266 1136 quoniam
2287 1063 2519 1117 Joannes
2539 1058 2768 1128 Baptista
2790 1063 2985 1125 quanto
3016 1049 3317 1122 praeclarior
3339 1053 3454 1101 erat

1883 1162 1937 1216 in
1963 1160 2102 1215 natis
2129 1157 2430 1218 mulierum,
2459 1162 2513 1208 et
2534 1158 2731 1221 quanto
2760 1147 3010 1203 humilior
3033 1143 3100 1199 ad
3124 1153 3454 1213 cognoscen-

1885 1252 2010 1307 dum
2048 1247 2366 1313 Dominum,
2411 1251 2558 1298 tanto
2603 1239 2798 1294 meruit
2841 1251 2962 1292 esse
3001 1232 3206 1288 amicus
3243 1226 3460 1299 sponsi;

1887 1356 2086 1414 sponso
2113 1340 2324 1402 zelans,
2367 1351 2472 1390 non
2503 1333 2638 1398 sibi;
2675 1346 2782 1386 non
2821 1343 2971 1382 suum
3011 1325 3270 1381 honorem
3311 1335 3460 1391 quaa-

1891 1447 2043 1498 rens,
2075 1430 2166 1485 sed
2193 1425 2383 1498 judicis
2403 1425 2519 1490 sui,
2552 1437 2708 1492 quem
2738 1428 2983 1488 tanquam
3013 1429 3189 1486 praeco
3221 1410 3460 1483 praeibat.

1892 1525 2072 1593 Itaque
2097 1518 2375 1588 Prophetis
2401 1511 2818 1586 praecedentibus
2841 1506 3134 1579 prmuuntia
3144 1519 3200 1558 re
3220 1502 3286 1557 de
3307 1499 3467 1555 Chri-

1894 1623 1978 1671 sto
2007 1612 2181 1667 futura
2206 1621 2518 1664 concessum
2547 1613 2661 1669 est;
2705 1602 2830 1655 huic
2864 1609 3038 1654 autem
3081 1596 3246 1665 digito
3282 1601 3468 1648 osten-

1897 1706 2044 1762 dere.
2091 1704 2238 1759 Sicut
2283 1701 2424 1756 enim
2471 1696 2812 1768 ignorabatur
2851 1691 3094 1748 Christus
3142 1687 3210 1744 ab
3256 1686 3339 1740 his
3382 1685 3470 1754 qui

1899 1795 2179 1866 Prophetis
2207 1807 2312 1848 non
2339 1789 2678 1846 crediderunt
2706 1794 2987 1853 antequam
3021 1778 3257 1842 veniret,
3298 1774 3376 1830 sic
3408 1773 3475 1828 ab

1901 1887 1978 1943 eis
2012 1885 2351 1956 ignorabatur
2387 1887 2441 1935 et
2473 1893 2728 1950 praesens.
2756 1875 2988 1928 Venerat
3020 1870 3162 1926 enim
3207 1864 3477 1920 humiliter

1902 1980 2075 2052 primo
2099 1987 2152 2032 et
2177 1975 2446 2038 occultus;
2480 1981 2624 2026 tanto
2651 1966 2927 2033 occultior,
2954 1971 3154 2034 quanto
3179 1957 3432 2013 humilior
3459 1969 3474 2007 :

1904 2071 2081 2144 populi
2107 2079 2279 2123 autem
2309 2071 2623 2135 spernentes
2649 2076 2742 2131 per
2767 2056 3064 2128 superbiam
3091 2067 3240 2108 suam
3265 2047 3483 2110 humilis

1906 2174 2066 2220 tatem
2100 2163 2208 2226 Dei,
2253 2158 2626 2215 cruciﬁxerunt
2658 2153 2987 2208 Salvatorem
3035 2161 3210 2211 suum,
3241 2151 3296 2198 et
3337 2140 3482 2198 fece.

1908 2265 2031 2311 runt
2055 2254 2419 2309 damnatorcm
2449 2261 2624 2300 suum.

1977 2347 2032 2400 2.
2073 2345 2179 2400 Sed
2210 2342 2297 2412 qui
2330 2341 2499 2410 primo
2527 2336 2672 2392 venit
2699 2332 2959 2396 occultus,
2989 2327 3109 2398 quia
3138 2323 3283 2379 venit
3308 2319 3486 2376 humi-

1910 2441 1997 2505 lis,
2047 2433 2298 2505 numquid
2337 2432 2587 2497 deinceps
2621 2441 2725 2480 non
2762 2431 2844 2478 est
2879 2428 3131 2474 venturus
3158 2411 3490 2476 manifestus,

1911 2531 2033 2602 quia
2083 2523 2364 2583 excelsus?
2392 2518 2625 2576 Audistis
2650 2515 2807 2570 modo
2845 2511 3113 2566 Psahnum
3154 2523 3168 2560 :
3205 2503 3342 2557 Deus
3375 2516 3488 2554 ma-

1914 2623 2122 2692 nifestus
2149 2618 2322 2682 veniet,
2353 2614 2488 2667 Dens
2522 2620 2689 2664 noster
2722 2616 2768 2661 et
2795 2621 2894 2658 non
2920 2600 3102 2656 silebit.
3141 2594 3299 2652 Siluit
3328 2601 3382 2647 ut
3402 2592 3492 2658 jus

1915 2715 2201 2776 dicaretur,
2265 2723 2372 2762 non
2416 2703 2590 2758 silebit
2630 2715 2748 2754 cum
2801 2694 3024 2764 eruperit
3065 2689 3321 2759 judicare.
3379 2683 3496 2738 Non

1916 2809 2202 2868 diceretur,
2249 2797 2544 2868 manifestus
2580 2793 2755 2856 veniet,
2799 2789 2897 2842 nisi
2942 2787 3112 2855 primo
3152 2779 3381 2832 venisset
3409 2789 3500 2828 oc-

1919 2899 2129 2959 cultus;
2171 2908 2268 2947 nec
2315 2891 2598 2948 diceretur,
2645 2899 2743 2936 non
2783 2879 2964 2942 silebit,
3013 2875 3111 2928 uisi
3159 2871 3277 2940 quia
3328 2868 3499 2935 primo

1922 2991 2086 3046 siluit.
2128 2983 2406 3053 Quomodo
2448 2977 2630 3034 siluit?
2667 2975 2933 3039 Interroga
2964 2967 3151 3020 Isaiam
3182 2979 3195 3015 :
3227 2960 3369 3015 Sicut
3399 2955 3505 3009 ovis

1923 3083 1991 3138 ad
2028 3081 2325 3135 occisionem
2354 3074 2532 3126 ductus
2561 3076 2653 3132 est,
2685 3075 2730 3120 et
2774 3064 2897 3118 sicut
2938 3073 3096 3129 agnus
3134 3067 3302 3107 coram
3339 3064 3396 3102 eo
3419 3044 3505 3114 qni

1925 3193 1979 3231 se
2017 3171 2237 3228 tonderet
2268 3169 2307 3234 ‘,
2341 3166 2434 3232 fuit
2475 3163 2582 3215 sine
2626 3173 2762 3220 voce,
2809 3155 2879 3206 sic
2915 3168 3013 3204 non
3051 3143 3243 3218 aperuit
3270 3158 3325 3196 os
3359 3152 3511 3192 suum

1931 3266 2081 3340 (Isai.
2115 3278 2221 3324 LIII,
2247 3258 2326 3329 7).
2368 3253 2538 3309 Veniet
2565 3258 2740 3302 autem
2778 3243 3089 3312 manifestus,
3122 3245 3168 3289 et
3199 3249 3298 3286 non
3323 3227 3506 3284 silebit.

1931 3317 2210 3424 Quomodo
2255 3341 2592 3416 manifestus?
2637 3338 2770 3410 ignis
2811 3343 2925 3387 ante
2967 3345 3076 3384 eum
3121 3323 3336 3396 prwibit,
3377 3328 3421 3373 et
3457 3317 3513 3370 in

1934 3449 2144 3504 circuitu
2185 3445 2294 3512 ejus
2337 3445 2600 3506 tempestas
2644 3430 2811 3485 valida
2851 3424 3018 3499 (Psal.
3055 3435 3198 3484 XLIX,
3230 3417 3309 3486 5).
3351 3411 3513 3467 Tem-

1938 3550 2117 3614 pestas
2158 3511 2244 3590 illa
2291 3532 2481 3587 tollere
2511 3526 2670 3580 habet
2706 3532 2867 3576 totam
2907 3517 3107 3586 paleam
3131 3511 3196 3565 de
3224 3521 3368 3570 area,
3398 3517 3518 3573 quas

1940 3631 2098 3687 modo
2129 3629 2440 3686 trituratur;
2490 3628 2543 3672 et
2571 3615 2705 3685 ignis
2737 3608 3020 3664 incendere
3053 3600 3192 3673 quod
3232 3603 3523 3664 tempestas

1941 3717 2236 3776 abstulerit.
2270 3683 2435 3767 Modo.
2466 3683 2641 3760 autem
2670 3709 2805 3756 tacet
2837 3716 2850 3750 :
2884 3702 3022 3750 tacet
3043 3690 3260 3761 judicio,
3288 3683 3384 3739 sed
3413 3698 3519 3736 nou

1947 3819 2084 3864 tacet
2122 3810 2406 3875 przccepto.
2447 3797 2502 3852 Si
2545 3795 2686 3848 enim
2731 3797 2870 3844 tacet
2921 3783 3182 3844 Christus,
3245 3773 3369 3844 quid
3421 3771 3522 3825 sibi

1947 3904 2133 3958 volunt
2163 3899 2276 3957 lucc
2307 3885 2628 3959 Evangelia?
2658 3882 2780 3953 quid
2824 3878 2922 3933 sibi
2967 3875 3150 3927 volunt
3195 3880 3358 3921 voces
3399 3876 3527 3931 apo-

1949 3995 2168 4052 stolicae,
2209 3985 2332 4056 quid
2364 3953 2567 4036 caulica
2600 3975 2948 4030 Psalmorum,
2981 3961 3105 4034 quid
3151 3956 3357 4028 eloquia
3397 3953 3528 4006 Pro-

1951 4051 2270 4158 phetaruni?
2297 4078 2354 4131 lu
2393 4074 2475 4129 his
2501 4069 2642 4126 enim
2672 4061 2916 4119 omnibus
2941 4056 3180 4113 Christus
3223 4063 3326 4103 non
3369 4051 3528 4099 tacet.

1954 4144 2059 4236 Sed
2091 4182 2231 4230 tacet
2267 4167 2445 4233 modo,
2473 4170 2533 4217 ut
2561 4175 2664 4213 non
2690 4153 2918 4209 vindicet
2951 4165 2964 4202 :
2993 4161 3097 4202 non
3140 4148 3298 4206 tacet,
3327 4144 3386 4191 ut
3427 4147 3534 4188 non

1955 4274 2191 4326 moneat.
2218 4259 2408 4315 Veniet
2459 4260 2633 4308 autem
2693 4243 2978 4316 praeclarus
3032 4237 3085 4291 in
3127 4230 3432 4289 vindictam,
3483 4230 3540 4278 et

1961 4355 2238 4432 apparebit
2260 4348 2526 4411 omnibus,
2557 4351 2610 4397 et
2639 4339 2725 4410 qui
2752 4337 2808 4391 in
2832 4347 2952 4389 eum
2984 4343 3086 4383 non
3115 4321 3356 4380 credunt.
3385 4312 3538 4370 Modo.

1963 4413 2093 4508 verro
2121 4446 2241 4518 quia
2269 4451 2322 4497 et
2348 4448 2582 4510 praesens
2607 4427 2846 4486 occultus
2871 4431 3006 4486 erat,
3037 4413 3312 4486 oportebat
3341 4417 3399 4463 ut
3420 4420 3542 4461 con-

3285 4516 3360 4518 ηη-
3374 4496 3517 4518 ΑΛ..-

1974 4496 2088 4508 ’ν¹“’
2125 4496 2240 4518 Ἰ“”””
2281 4496 2290 4497 ί
2349 4496 2363 4510 ι

1967 4548 2312 4600 temneretur.
2339 4530 2448 4586 Nisi
2483 4525 2625 4582 enim
2664 4518 3114 4574 contemneretur,
3143 4519 3248 4559 non
3272 4496 3546 4566 cruciﬁge-

1966 4647 2115 4691 retur
2157 4648 2172 4684 :
2213 4629 2257 4683 si
2301 4639 2406 4680 non
2444 4615 2862 4684 cruciligeretur,
2905 4617 3009 4657 non
3047 4594 3294 4655 funderet
3333 4584 3549 4658 sanguio

1970 4740 2114 4789 nem,
2138 4735 2243 4791 quo
2264 4715 2431 4788 pretio
2451 4723 2548 4764 nos
2572 4678 2817 4762 redemit.
2843 4695 2914 4752 Ut
2940 4700 3117 4746 autem
3145 4686 3295 4741 daret
3320 4678 3550 4752 pretium

1974 4831 2071 4888 pro
2097 4775 2580 4873 ndbis,.cruciﬁxus
2620 4799 2734 4856 est;
2775 4796 2834 4842 ut
2868 4781 3284 4850 cruciﬁgeretur,
3312 4775 3552 4825 contemv

1978 4867 2098 4981 ptus
2125 4911 2234 4966 est;
2262 4907 2319 4954 ut
2341 4892 2793 4952 contemneretur,
2821 4874 3037 4933 humilis
3062 4867 3323 4941 apparuit.

2049 4999 2103 5053 5.
2137 4995 2338 5048 Tamen
2367 4985 2488 5057 quia
2515 4977 2663 5051 quasi
2699 4975 2753 5029 in
2782 4978 2938 5026 nocte
2977 4960 3218 5035 apparuit
3257 4957 3308 5011 in
3334 4960 3562 5018 corpore

1983 5085 2212 5148 mortali,
2237 5082 2507 5135 lucernam
2547 5068 2648 5125 sibi
2673 5061 2916 5120 accendit
2951 5057 3092 5112 unde
3126 5051 3415 5106 videretur.
3441 5039 3562 5110 Ipsa

1983 5133 2459 5238 .loannes
2483 5171 2598 5222 erat
2620 5159 2799 5232 (Joan.
2826 5170 2878 5221 v,
2912 5149 3022 5222 55),
3051 5148 3117 5238 de
3144 5157 3247 5238 quo
3264 5141 3372 5238 jam
3399 5133 3568 5238 multa

1988 5268 2264 5328 audivistis
2290 5281 2305 5317 :
2337 5271 2392 5317 et
2430 5266 2666 5329 praesens
2694 5247 2851 5304 lectio
2890 5236 3180 5308 Evangelii,
3205 5228 3366 5285 verba
3400 5223 3568 5280 Joan-

1990 5367 2076 5423 nis
2100 5361 2356 5421 continet,
2390 5317 2580 5424 primo,
2620 5343 2760 5417 quod
2784 5339 3102 5412 przecipuum
3133 5335 3234 5393 est,
3265 5317 3575 5418 conﬁtentis

1994 5457 2114 5530 quia
2146 5466 2248 5506 non
2276 5448 2390 5517 ipse
2422 5449 2536 5498 erat
2566 5435 2826 5492 Christus.
2848 5428 3015 5482 Tanta
3053 5426 3226 5474 autem
3261 5405 3572 5468 excellentia

2947 5515 2977 5530 ι·
3024 5508 3263 5530 Πι-..ε-ι--..
3295 5522 3308 5530 .
3345 5511 3390 5530 ,ιο
3426 5500 3478 5530 ἓ..
3509 5496 3572 5530 5'“

1998 5496 2114 5604 :rat
2159 5544 2210 5597 in
2259 5496 2484 5600 Jbanue,
2513 5539 2571 5585 ut
2618 5533 2796 5598 posset
2837 5515 2982 5583 credi
3023 5508 3266 5567 Christus
3295 5522 3310 5560 :
3340 5511 3395 5558 et
3426 5500 3479 5555 in
3509 5496 3576 5556 eo

2001 5636 2220 5710 probata
2258 5638 2342 5686 est
2379 5621 2650 5680 humilitas
2689 5615 2822 5685 ejus,
2869 5607 2992 5678 quia
3028 5601 3162 5659 dixit
3187 5614 3248 5655 se
3288 5609 3393 5652 non
3435 5601 3578 5656 esse.

2069 5771 2085 5804 ί
2113 5765 2249 5827 editi,
2274 5759 2448 5814 tondet.
2477 5763 2529 5806 Al.
2552 5761 2674 5811 uss,
2700 5744 2930 5798 tonderet.
