4074 6514
543 381 677 438 “07

538 511 661 548 cum
705 502 880 563 posset
924 491 1066 547 credi
1111 475 1248 546 esse.
1304 488 1462 558 Ergo,
1511 484 1625 538 Hoc
1671 490 1743 536 est
1782 477 2118 532 testimonium

538 587 776 653 Joannis,
803 585 1006 655 quando
1028 585 1268 638 miserunt
1295 579 1466 634 Judaei
1509 577 1570 630 ab
1606 571 1934 642 Jerosolymis
1958 584 2124 622 sacer-

537 679 678 730 dotes
704 685 752 728 et
777 675 974 728 Levitas
998 675 1066 727 ad
1095 691 1227 736 eum,
1252 679 1309 724 ut
1341 671 1703 736 interrogarent
1741 678 1874 728 eum,
1903 660 1983 714 Tu
2010 659 2121 728 quis

537 767 627 819 es?
657 764 770 820 Non
802 777 977 819 autem
999 764 1288 825 mitterent,
1321 759 1419 812 nisi
1447 762 1786 810 moverentur
1812 747 2120 806 excellentia

537 857 868 912 auctoritatis
895 858 1030 926 ejus,
1065 855 1186 924 quia
1213 867 1373 907 ausus
1401 859 1482 904 est
1512 848 1798 918 baptizare.
1833 843 1898 897 Et
1919 844 2118 912 confes-

536 965 622 1002 sus
671 959 763 1013 est,
803 959 852 1004 et
895 965 993 1002 non
1033 950 1243 1017 negavit.
1274 943 1410 1012 Quid
1437 940 1711 997 confessus
1750 935 1866 992 est?
1896 932 1963 988 Et
1997 949 2121 988 con-

540 1043 702 1110 fessus
728 1049 818 1106 est,
853 1041 985 1104 Quia
1013 1056 1112 1092 non
1136 1055 1246 1092 sum
1276 1053 1365 1108 ego
1391 1034 1637 1088 Christus.
2048 1041 2053 1046 ‘

611 1135 666 1185 4.
706 1130 774 1184 Et
812 1131 1240 1199 interrogaverunt
1268 1143 1398 1188 eum,
1425 1125 1560 1191 Quid
1597 1121 1748 1193 ergo?
1776 1117 1920 1173 Etias
1949 1134 1999 1172 es
2029 1117 2124 1171 tu?

540 1222 806 1277 Noveram
829 1221 970 1276 enim
997 1221 1117 1290 quia
1147 1234 1502 1289 prmcessurus
1527 1224 1638 1271 erat
1660 1214 1806 1268 Elias
1828 1210 2119 1266 Christum.

544 1312 660 1367 Non
691 1313 830 1367 enim
857 1312 1010 1366 alicui
1037 1311 1360 1380 incognitum
1389 1316 1502 1362 erat
1525 1321 1718 1361 nomen
1758 1301 1954 1358 Christi
1983 1299 2123 1370 apud

541 1403 774 1457 Judmos.
819 1402 978 1456 istum
1019 1417 1122 1456 non
1172 1406 1488 1472 putaverunt
1515 1411 1633 1451 csse
1661 1393 1930 1449 Christum
1970 1408 1982 1443 :
2017 1406 2121 1444 non

541 1494 758 1548 omnino
786 1493 1053 1548 Christum
1078 1509 1180 1547 non
1207 1507 1324 1547 esse
1357 1499 1656 1544 venturum.
1687 1487 1818 1542 Cum
1847 1489 2124 1553 sperarent

539 1592 841 1650 venturum,
873 1585 950 1640 sic
975 1583 1310 1639 offenderunt
1348 1583 1399 1635 in
1428 1590 1760 1650 prmscntem,
1787 1573 2124 1628 offenderunt

539 1683 789 1746 tauquam
835 1677 885 1730 in
916 1676 1166 1731 humilem
1206 1675 1453 1744 lapidem.
1483 1671 1641 1742 Lapis
1665 1671 1806 1726 enim
1836 1669 1925 1723 ille
1949 1667 2122 1722 adhuc

539 1782 732 1836 parvus
762 1776 894 1832 erat,
919 1768 1025 1837 jam
1063 1767 1274 1837 quidem
1309 1764 1560 1834 przecisus
1585 1763 1651 1816 de
1672 1769 1849 1815 monte
1878 1760 1991 1812 sine
2013 1773 2125 1812 ma-

540 1856 696 1912 nibus
726 1875 738 1911 :
769 1858 903 1913 sicut
926 1857 1053 1914 dicit
1079 1857 1261 1912 Daniel
1288 1856 1563 1926 propheta,
1591 1852 1786 1908 vidisse
1813 1865 1872 1905 se
1893 1847 2121 1919 lapidem

538 1949 816 2017 pratcisum
841 1949 909 2004 de
932 1959 1109 2004 monte
1135 1950 1248 2003 sine
1278 1948 1540 2002 manibus.
1563 1944 1667 2001 Sed
1692 1943 1817 2014 quid
1847 1936 2121 2010 sequitur?

538 2038 607 2096 Et
631 2043 801 2108 crevit,
831 2043 1016 2112 inquit,
1049 2042 1180 2110 lapis
1217 2041 1321 2105 ille,
1352 2049 1398 2093 et
1422 2041 1589 2110 factus
1616 2045 1687 2091 est
1712 2051 1854 2089 mons
1877 2047 2116 2103 magnus,

537 2141 587 2185 et
609 2132 831 2200 implevit
858 2133 1142 2186 universam
1179 2131 1361 2202 faciem
1388 2138 1534 2182 terra:
1571 2126 1744 2196 (Dan.
1775 2141 1829 2190 It,
1861 2125 1950 2188 54,
1981 2122 2050 2179 55
2075 2122 2115 2192 )-

543 2218 727 2274 Vi‘deat
751 2236 876 2290 ergo
906 2221 1148 2276 Charitas
1179 2229 1351 2275 vestra
1377 2217 1518 2289 quod
1543 2217 1664 2272 dico
1689 2235 1702 2270 :
1730 2215 1970 2269 Christus
1995 2221 2120 2266 ante

537 2307 749 2366 Judaeos
767 2312 874 2382 jam
905 2313 1157 2382 prmcisus
1183 2321 1297 2367 erat
1317 2310 1383 2364 de
1406 2319 1603 2364 monte.
1634 2308 1865 2362 Montem
1895 2319 2117 2374 regnum

537 2401 651 2458 vult
679 2402 898 2473 intelligi
919 2401 1245 2460 Judacorum.
1271 2399 1376 2455 Sed
1401 2414 1620 2469 regnum
1662 2396 1963 2452 Judaeorum
2011 2409 2116 2448 non

537 2490 849 2562 impleverat
877 2494 1175 2548 universam
1202 2492 1388 2547 faciem
1411 2499 1584 2546 terrm.
1617 2488 1744 2544 lndc
1769 2489 2018 2556 praecisus
2037 2493 2118 2540 est

538 2581 627 2638 ille
657 2583 807 2652 lapis,
839 2585 960 2654 quia
990 2584 1112 2638 inde
1138 2593 1292 2638 natus
1317 2591 1398 2637 est
1439 2582 1493 2636 in
1527 2581 1806 2651 priesentia
1837 2580 2115 2634 Dominus.

539 2673 606 2731 Et
646 2689 808 2743 quare
835 2675 951 2729 sine
979 2675 1258 2730 manibus?
1295 2674 1427 2741 Quia
1457 2673 1573 2728 sine
1601 2686 1764 2740 opere
1789 2671 1928 2725 virili
1957 2670 2118 2740 Virgo

539 2767 746 2837 peperit
770 2766 1056 2822 Christum.
1098 2767 1214 2822 Jam
1244 2781 1371 2836 ergo
1417 2773 1530 2820 erat
1573 2764 1706 2834 lapis
1747 2761 1836 2818 ille
1865 2761 2119 2832 praecisus

537 2856 654 2911 sine
683 2857 958 2924 manibus,
997 2867 1120 2913 ante
1149 2858 1330 2912 oculos
1367 2856 1669 2912 Iudaeorum
1711 2872 1723 2908 :
1764 2854 1857 2911 sed
1905 2853 2119 2908 humilis

537 2956 672 3001 erat.
705 2947 818 3002 Non
850 2948 1148 3014 immerito;
1180 2948 1302 3018 quia
1330 2948 1560 3002 nondum
1583 2954 1824 3001 creverat
1849 2946 1981 3016 lapis
2009 2944 2118 3011 ille,

538 3046 594 3092 et
624 3038 931 3107 impleverat
952 3040 1134 3094 orbem
1165 3048 1424 3094 terrarum
1460 3055 1472 3091 :
1519 3037 1663 3108 quod
1701 3036 1933 3092 ostendit
1955 3036 2008 3090 in
2037 3050 2122 3090 re-

540 3145 646 3200 gno
666 3145 783 3197 suo,
807 3131 944 3198 quod
965 3142 1047 3187 est
1071 3133 1330 3196 Ecclesia,
1357 3146 1459 3202 qua
1483 3131 1716 3200 implevit
1741 3137 1906 3183 totam
1932 3127 2124 3183 faciem

543 3229 718 3275 terrm.
764 3221 896 3288 Quia
943 3237 1069 3292 ergo
1099 3222 1331 3276 nondum
1374 3229 1646 3288 creverat,
1689 3220 2023 3275 offenderunt
2069 3220 2122 3273 in

544 3311 690 3364 illum
720 3320 964 3382 tanquam
993 3313 1045 3367 in
1073 3313 1297 3382 lapidem
1324 3330 1336 3365 :
1369 3322 1422 3366 et
1448 3311 1644 3367 factum
1674 3320 1756 3366 est
1784 3312 1834 3366 in
1862 3313 1940 3367 eis
1982 3309 2127 3382 quod

544 3403 796 3472 scriptum
828 3413 928 3471 est,
972 3404 1070 3470 Qui
1093 3404 1323 3459 ceciderit
1357 3422 1506 3474 super
1543 3405 1761 3474 lapidem
1801 3405 1976 3471 istum,
2005 3420 2126 3458 con-

544 3495 889 3562 quassabitur;
918 3505 964 3550 et
991 3513 1144 3566 super
1169 3513 1293 3567 quos
1332 3495 1563 3551 ceciderit
1602 3497 1732 3567 lapis
1770 3494 1876 3560 ille,
1909 3503 2127 3549 conteret

546 3601 629 3639 eos
653 3585 806 3656 (Luc.
832 3602 904 3640 xx
923 3628 938 3652 ,
977 3586 1088 3656 18).
1121 3586 1298 3641 Primo
1323 3601 1482 3656 super
1506 3585 1759 3642 humilem
1783 3587 2124 3651 ceciderunt;

546 3680 787 3734 excelsus
809 3695 968 3749 super
993 3681 1112 3734 illos
1133 3689 1386 3734 venturus
1410 3688 1491 3734 est
1518 3697 1531 3733 :
1557 3679 1654 3735 sed
1676 3689 1731 3735 ut
1755 3695 1848 3735 eos
1871 3688 2128 3735 venturus

545 3773 789 3826 excelsus
813 3781 1069 3838 conterat,
1093 3773 1264 3842 primo
1289 3786 1382 3826 eos
1402 3771 1614 3826 humilis
1634 3773 1918 3842 quassavit.
1946 3771 2128 3827 Oil‘en-

546 3863 738 3919 derunt
765 3865 816 3918 in
861 3880 1014 3931 eum,
1046 3873 1100 3920 et
1146 3863 1381 3934 quassati
1410 3873 1559 3930 sunt;
1593 3880 1696 3920 non
1743 3866 1990 3932 contriti,
2033 3867 2129 3922 sed

546 3954 780 4025 quassati
811 3971 823 4007 :
857 3955 1035 4009 veniet
1061 3955 1326 4020 excelsus,
1356 3964 1410 4009 et
1437 3964 1679 4010 conteret
1707 3971 1816 4011 eos.
1851 3956 1956 4012 Sed
1982 3957 2131 4027 igno—

547 4044 801 4099 scendum
827 4053 909 4100 est
927 4047 943 4076 ¹
962 4044 1158 4102 ιῐιιάαλὶε
1175 4087 1189 4109 ,
1214 4046 1336 4115 quia
1361 4045 1693 4100 otl'enderunt
1713 4046 1764 4101 in
1788 4046 2015 4116 lapidem
2041 4047 2131 4116 qui

547 4135 783 4191 nondum
805 4144 1066 4190 creverat.
1097 4136 1294 4202 Quales
1323 4147 1448 4192 sunt
1471 4139 1545 4193 illi
1575 4139 1662 4208 qui
1691 4139 1744 4192 in
1771 4138 1944 4208 ipsum
1974 4153 2131 4194 mon-

548 4235 658 4284 tem
686 4228 1056 4284 oll‘enderunt?
1095 4229 1210 4285 Jam
1245 4230 1311 4285 de
1351 4231 1542 4301 quibus
1570 4232 1743 4287 dicam
1791 4233 2128 4302 cognoscitis.

455 4380 457 4383 l
549 4319 652 4386 Qui
675 4330 868 4390 negant
899 4321 1188 4376 Ecclesium
1216 4330 1328 4377 toto
1353 4323 1484 4378 orbe
1521 4323 1788 4390 diﬂ‘usam,
1818 4339 1922 4379 non
1950 4325 2005 4379 in
2036 4325 2134 4378 hu-

550 4411 730 4466 milem
751 4411 997 4482 lapidem,
1017 4413 1108 4467 sed
1129 4413 1180 4466 in
1203 4412 1377 4483 ipsum
1395 4424 1629 4468 montem
1651 4414 1924 4470 otl‘endunt
1951 4434 1965 4472 :
1988 4415 2130 4485 quod

549 4503 720 4559 factus
743 4513 822 4558 est
849 4505 937 4558 ille
961 4505 1096 4574 lapis
1117 4505 1242 4559 dum
1268 4513 1550 4560 cresceret.
1580 4503 1720 4560 (Ξωεὶ
1739 4505 1906 4561 Judaei
1928 4522 2034 4561 non
2055 4507 2134 4561 vi-

546 4595 740 4650 derunt
764 4595 1014 4650 humilem
1042 4595 1269 4665 lapidem
1298 4614 1310 4649 :
1342 4604 1537 4666 quanta
1569 4596 1779 4651 caicitas
1804 4594 1886 4652 e'st
1924 4612 2029 4651 non
2051 4597 2132 4652 vi.

547 4685 676 4741 dere
705 4685 976 4740 montem?

623 4778 676 4833 5.
720 4777 859 4848 Ergo
895 4777 1138 4832 viderunt
1172 4777 1423 4832 humilem
1445 4817 1458 4841 ,
1504 4785 1560 4833 et
1605 4791 1710 4831 non
1747 4787 2129 4848 cognoverunt.

554 4869 1026 4925 Demonstrabatur
1054 4870 1158 4924 illis
1195 4885 1291 4940 per
1316 4870 1604 4924 lucernam.
1633 4869 1765 4924 Nam
1810 4871 1980 4940 primo
2005 4869 2127 4936 ille,

550 4975 659 5030 quo
678 4959 848 5030 major
870 4975 1028 5016 nemo
1056 4969 1361 5017 surrexerat
1397 4960 1452 5015 in
1479 4961 1616 5038 natis
1644 4960 1946 5027 mulierum,
1977 4960 2129 5027 dixit,

551 5049 676 5104 Non
705 5067 816 5104 sum
843 5067 933 5120 ego
962 5050 1209 5105 Christus.
1241 5051 1551 5120 Dictumque
1578 5050 1651 5104 illi
1675 5059 1776 5118 εει,
1801 5049 2064 5121 Numquid
2079 5060 2134 5105 tu

550 5157 602 5195 es
626 5140 808 5196 Elius?
829 5142 1126 5212 Respondit,
1145 5158 1245 5197 non
1260 5157 1388 5196 sum.
1415 5137 1654 5196 Christus
1681 5141 1822 5196 enim
1861 5141 2136 5210 prmmittit

549 5239 676 5286 ante
699 5247 758 5286 se
783 5231 952 5287 Eliam
981 5249 994 5286 :
1025 5241 1078 5286 et
1103 5231 1254 5297 dixit,
1283 5230 1405 5286 Non
1427 5249 1558 5297 sum,
1587 5240 1641 5287 et
1657 5231 1780 5286 fecit
1800 5231 1953 5286 nobis
1981 5247 2130 5301 quaa-

549 5320 800 5376 stionem.
829 5321 1142 5377 Timendum
1177 5330 1258 5376 est
1287 5322 1430 5378 enim
1465 5338 1534 5379 ne
1560 5322 1735 5376 minus
1759 5321 2127 5392 intelligentes,

548 5414 814 5468 contraria
841 5423 1024 5485 putent
1041 5414 1298 5470 Joannem
1323 5414 1518 5469 dixisse
1537 5429 1694 5484 quam
1715 5411 1957 5469 Christus
1976 5412 2129 5470 dixit.

549 5505 788 5574 Quodam
825 5508 966 5564 enim
1006 5507 1155 5572 loco,
1199 5520 1319 5582 cum
1347 5506 1600 5561 Dominus
1625 5503 1780 5561 Jesus
1807 5504 2051 5560 Christus
2075 5504 2131 5560 in

549 5597 841 5672 Evangelia
865 5600 1107 5672 quaidam
1127 5599 1332 5659 diceret
1348 5599 1418 5656 de
1440 5614 1522 5667 se,
1544 5597 1933 5669 responderunt
1950 5596 2027 5653 illi
2050 5595 2131 5654 di-

617 5799 636 5833 ι
658 5805 806 5852 vetus
825 5799 980 5851 codex
1011 5801 1329 5866 remigiensis
1353 5812 1366 5851 :
1393 5797 1790 5864 siignoscendmn
1825 5807 1918 5849 non
1948 5801 2034 5850 est.

1453 373 1518 428 IN
1556 363 1831 427 JOANNIS
1869 356 2333 428 EVANGELIUM,
2373 361 2430 414 S.
2482 360 2842 418 AUGUSTINI

3662 375 3687 430 Ι
3697 373 3801 432 408

2228 473 2412 543 scipuli
2443 491 2457 528 :
2491 475 2752 540 Quomodo
2776 494 2892 548 ergo
2918 479 3087 532 dicunt
3116 478 3328 548 Scribaa,
3357 482 3407 537 id
3429 493 3509 540 est
3531 487 3683 555 periti
3705 489 3810 546 Le-

2228 567 2325 636 gis,
2357 569 2473 636 quia
2502 565 2671 623 Etiam
2709 578 2903 640 Oportet
2927 571 3142 640 primum
3167 574 3366 628 venire?
3394 574 3462 630 Et
3498 578 3574 632 ait
3617 580 3806 637 Domi-

2229 675 2328 713 nus
2355 679 2366 713 :
2396 658 2540 714 Elius
2559 663 2672 731 jam
2701 665 2831 716 venit
2849 703 2863 727 ,
2889 673 2934 717 et
2963 665 3186 733 fecerunt
3214 668 3259 720 ei
3293 685 3405 739 qua:
3431 672 3695 728 voluerunt
3718 691 3738 740 ;
3761 687 3813 730 et

2227 749 2271 803 si
2295 748 2444 804 vultis
2459 751 2606 817 scire,
2650 752 2756 820 ipse
2798 760 2871 806 est
2898 751 3121 808 Joannes
3149 755 3379 826 Baptista
3416 759 3435 831 (
3457 760 3640 816 Matth.
3670 781 3811 832 xvn,

2231 839 2412 904 10-13,
2456 848 2502 893 et
2530 856 2617 907 ιι,
2652 842 2813 896 11-14
2833 843 2870 912 ).
2919 843 3170 900 Dominus
3198 846 3354 904 Jesus
3383 848 3624 908 Christus
3653 855 3808 923 dixit,

2229 926 2376 984 Elius
2391 935 2503 1000 jam
2527 932 2675 997 venit,
2710 942 2758 987 et
2791 934 2899 1003 ipse
2920 943 2992 989 est
3020 934 3244 991 Joannes
3279 936 3511 1010 Baptista
3529 958 3548 995 :
3576 943 3813 1002 Joannes

2229 1029 2403 1076 autem
2422 1021 2771 1092 interrogatus
2790 1025 2867 1078 sic
2883 1039 2940 1080 se
2959 1024 3233 1083 confessus
3253 1039 3335 1084 est
3357 1030 3521 1086 Eliam
3540 1049 3645 1088 non
3665 1051 3809 1103 esse,

2229 1111 2494 1181 quomodo
2523 1128 2621 1169 nec
2647 1113 2918 1170 Christum
2944 1130 3083 1172 esse.
3116 1119 3183 1172 Et
3218 1121 3398 1191 utique
3440 1124 3577 1180 sicut
3622 1142 3811 1182 verum

2228 1202 2502 1258 confessus
2524 1213 2605 1258 est
2625 1203 2894 1260 Christum
2917 1221 2975 1261 se
2998 1223 3100 1263 non
3122 1224 3263 1276 esse,
3291 1212 3367 1267 sic
3391 1229 3575 1269 verum
3600 1217 3816 1272 contes-

2229 1308 2321 1348 sus
2345 1301 2428 1348 est
2452 1309 2548 1349 nec
2572 1295 2739 1350 Eliam
2767 1311 2826 1351 se
2854 1311 2992 1353 esse.
3023 1289 3298 1365 Quomodo
3324 1318 3450 1374 ergo
3478 1309 3814 1376 comparabi-

2228 1399 2346 1439 mus
2373 1385 2510 1440 dicta
2542 1389 2802 1455 praeconis
2839 1403 2959 1443 cum
2985 1390 3138 1445 dictis
3163 1392 3391 1462 judicis?
3409 1396 3561 1452 Absit
3584 1407 3641 1459 ut
3668 1415 3813 1468 prm-

2228 1491 2293 1532 co
2322 1475 2608 1532 mentiatur
2637 1496 2650 1532 :
2683 1479 2785 1534 hoc
2810 1480 2950 1534 enim
2973 1481 3204 1551 loquitur
3228 1485 3368 1553 quod
3395 1486 3589 1541 audita
3610 1488 3814 1558 judice.

2229 1569 2402 1636 Quare
2422 1585 2548 1640 ergo
2575 1570 2684 1638 ille,
2717 1569 2838 1625 Non
2865 1589 2976 1626 sum
3005 1571 3187 1629 Elias:
3217 1585 3271 1630 et
3292 1577 3569 1645 Dominus,
3596 1579 3718 1650 Ipse
3737 1592 3814 1637 est

2228 1660 2371 1715 Elias
2391 1663 2417 1716 ?
2441 1662 2571 1729 Quia
2600 1663 2650 1716 in
2679 1677 2744 1716 eo
2766 1663 3019 1719 Dominus
3037 1664 3191 1720 Jesus
3211 1667 3450 1723 Christus
3475 1670 3823 1742 praeﬁgurarc

2227 1753 2392 1806 voluit
2421 1753 2654 1807 futurum
2682 1752 2964 1809 adventum
2993 1769 3166 1823 suum,
3189 1765 3243 1811 et
3262 1757 3362 1814 hoc
3384 1758 3583 1827 dicere,
3611 1763 3733 1831 quia
3756 1764 3814 1818 in

2226 1843 2412 1912 spiritu
2442 1843 2572 1898 Elia:
2606 1852 2722 1899 erat
2757 1844 3008 1900 Joannes.
3048 1847 3112 1900 Et
3131 1847 3274 1917 quod
3314 1858 3429 1904 erat
3468 1849 3701 1908 Joannes
3744 1853 3824 1908 ad

2225 1934 2453 2004 primum
2484 1934 2802 2002 adventum,
2835 1935 2938 1992 hoc
2977 1938 3077 1992 erit
3105 1938 3248 1994 Elias
3285 1939 3351 1995 ad
3392 1942 3688 1998 secundum
3712 1944 3818 1999 ad-

2225 2033 2460 2078 ventum.
2493 2025 2768 2092 Quomodo
2786 2026 2891 2081 duo
2915 2027 3171 2083 adventus
3191 2029 3407 2098 judicis,
3438 2033 3514 2087 sic
3534 2033 3640 2089 duo
3669 2050 3817 2105 pras-

2223 2131 2404 2171 cones.
2431 2115 2601 2171 Judex
2627 2117 2840 2187 quidem
2863 2119 2994 2187 ipse,
3020 2134 3292 2188 prmcones
3320 2130 3499 2177 autem
3527 2123 3634 2179 duo
3659 2142 3671 2178 :
3695 2140 3810 2181 non

2223 2205 2328 2261 duo
2344 2205 2570 2276 judices.
2597 2206 2884 2276 Oportebat
2904 2208 3044 2262 enim
3062 2208 3292 2278 iudicem
3315 2211 3484 2280 primo
3513 2215 3692 2270 venire
3711 2216 3821 2286 ju-

2223 2297 2525 2353 dicandum.
2557 2298 2697 2352 Misit
2723 2312 2846 2355 ante
2881 2313 2940 2356 se
2971 2300 3197 2369 primum
3229 2317 3526 2371 praeconem
3547 2349 3561 2374 ,
3595 2309 3818 2364 vocavit

2223 2392 2372 2446 illum
2398 2391 2605 2454 Etiam;
2637 2391 2759 2461 quia
2786 2391 2887 2447 hoc
2914 2393 3015 2448 erit
3041 2393 3095 2446 in
3122 2394 3355 2450 secundo
3379 2395 3610 2453 adventu
3637 2398 3786 2455 Elias
3803 2433 3822 2460 ο

2221 2485 2362 2557 quod
2391 2485 2444 2539 in
2467 2483 2639 2554 primo
2659 2483 2910 2540 Joannes.

2293 2578 2345 2634 6.
2387 2577 2623 2646 Namque
2661 2576 2900 2631 intendat
2931 2575 3174 2638 Charitas
3218 2586 3398 2634 vestra
3427 2594 3585 2650 quam
3615 2597 3812 2638 verum

2222 2669 2416 2724 dicam.
2455 2667 2678 2735 Quando
2724 2678 3012 2738 conceptus
3063 2677 3145 2724 est
3186 2669 3452 2736 Joannes,
3501 2673 3588 2727 vel
3634 2674 3817 2743 potius

2222 2758 2433 2830 quando
2454 2767 2612 2812 natus
2632 2766 2732 2822 est,
2764 2756 2989 2828 Spiritus
3018 2767 3232 2814 sanctus
3255 2761 3356 2815 hoc
3377 2761 3443 2817 de
3472 2763 3563 2818 illo
3593 2764 3818 2821 homine

2223 2849 2548 2918 implendum
2576 2848 2910 2919 prophetavit
2941 2867 2955 2903 :
2987 2847 3053 2903 Et
3069 2851 3180 2916 erit,
3212 2852 3398 2922 inquit,
3423 2855 3820 2922 prwcursorAt-

2226 2942 2420 3008 tissimi,
2453 2944 2506 2997 in
2533 2943 2714 3012 spiritu
2742 2952 2786 2997 et
2802 2943 2980 2997 virtute
3004 2941 3137 2996 Elia?
3162 2943 3309 3015 (Luc.
3337 2961 3376 3011 ι,
3405 2943 3518 3018 17).
3543 2946 3657 3001 Non
3685 2962 3823 3018 ergo

2226 3035 2390 3100 Elias,
2413 3035 2507 3091 sed
2528 3037 2581 3089 in
2609 3037 2789 3105 spiritu
2818 3045 2864 3089 et
2887 3037 3064 3090 virtute
3088 3035 3239 3091 Elite.
3270 3037 3407 3106 Quid
3432 3045 3538 3106 est,
3561 3039 3612 3092 in
3631 3040 3825 3108 spiritu

2227 3137 2274 3182 et
2301 3129 2482 3181 virtute
2521 3124 2692 3182 Elite?
2729 3128 2788 3182 ln
2825 3127 3013 3183 eodem
3056 3123 3257 3198 Spiritu
3293 3141 3479 3186 sancto
3516 3133 3633 3187 vice
3661 3131 3820 3187 Elite.

2227 3221 2400 3287 Quare
2423 3221 2538 3277 vice
2560 3221 2727 3276 Elim?
2746 3221 2876 3288 Quia
2905 3222 3045 3292 quod
3066 3223 3208 3278 Elias
3236 3224 3490 3291 secundo,
3519 3225 3621 3280 hoc
3643 3225 3778 3280 Joan
3793 3252 3823 3265 -

2228 3328 2324 3367 nes
2363 3313 2536 3384 primo
2579 3313 2827 3368 adventui
2865 3312 2981 3368 fuit.
3020 3315 3182 3369 Recte
3218 3331 3347 3386 ergo
3383 3315 3543 3370 modo
3580 3315 3821 3372 Joannes

2229 3405 2444 3475 proprie
2482 3404 2774 3474 respondit.
2816 3405 2948 3459 Nam
2978 3405 3231 3462 Dominus
3261 3409 3502 3478 ﬁgurate,
3532 3406 3679 3463 Etias
3707 3411 3825 3478 ipse

2231 3506 2303 3551 est
2329 3495 2554 3552 Joannes
2573 3498 2727 3552 siste
2766 3505 2942 3554 autem
2967 3539 2981 3563 ,
3016 3506 3075 3552 ut
3099 3497 3235 3562 dixi,
3285 3500 3518 3568 proprie,
3557 3499 3679 3554 Non
3703 3517 3831 3556 sum-

2231 3607 2322 3661 ego
2361 3587 2524 3644 Elias.
2553 3590 2614 3645 Si
2640 3590 2856 3661 figuram
2889 3591 3257 3660 prmcursionis
3282 3591 3548 3660 advertas,
3582 3592 3824 3652 Joannes

2231 3682 2347 3753 ipse
2371 3691 2453 3737 est
2482 3682 2624 3737 Elias
2660 3699 2672 3735 :
2703 3682 2844 3752 quod
2869 3682 3010 3737 enim
3040 3682 3130 3736 ille
3157 3682 3224 3736 ad
3242 3683 3468 3752 primum
3490 3683 3822 3752 adventum,

2232 3772 2336 3828 hoc
2365 3773 2452 3828 ille
2479 3773 2552 3828 ad
2576 3754 3017 3829 secundum-erit.
3062 3773 3120 3828 Si
3165 3775 3537 3845 proprietatem
3573 3792 3820 3847 persona:

2233 3863 2546 3934 interroges,
2565 3862 2796 3919 Joannes
2817 3863 3066 3928 Joannes,
3094 3865 3234 3920 Elias
3261 3866 3436 3930 Elias;
3462 3866 3712 3923 Dominus
3731 3884 3822 3922 cr~

2231 3969 2300 4024 go
2325 3953 2390 4008 ad
2413 3953 2890 4024 prmiigurationem
2921 3964 3085 4021 recte,
3122 3955 3242 4026 Ipse
3271 3966 3343 4011 est
3369 3955 3514 4010 Elias
3541 3974 3560 4012 :
3585 3958 3821 4014 Joannes

2234 4053 2412 4098 autem
2461 4053 2603 4099 recte
2645 4044 2710 4099 ad
2756 4046 3165 4115 proprietatem,
3199 4045 3321 4100 Non
3354 4063 3466 4101 sum
3504 4046 3670 4103 Etias.
3707 4049 3819 4104 Nec

2233 4136 2466 4194 Joannes
2495 4136 2706 4204 falsum,
2730 4152 2828 4192 nec
2849 4138 3101 4193 Dominus
3127 4137 3317 4197 falsum
3344 4158 3356 4194 :
3388 4155 3485 4195 nec
3514 4156 3690 4210 prreco
3718 4141 3819 4197 fal-

2235 4244 2375 4293 sum,
2407 4244 2506 4283 nec
2529 4229 2698 4284 Judex
2723 4228 2949 4297 falsum;
2989 4231 3082 4285 sed
3108 4231 3152 4285 si
3181 4231 3459 4300 intelligas.
3487 4231 3615 4300 Quis
3639 4241 3818 4288 autem

2235 4319 2524 4390 intelliget?
2552 4319 2651 4386 Qui
2684 4319 2916 4375 imitatus
2943 4319 3100 4376 fuerit
3140 4320 3488 4375 humilitatem
3519 4324 3817 4391 przcconiss,

2234 4421 2289 4468 ct
2321 4413 2630 4482 cngnoverit
2653 4411 3021 4468 celsitudinem
3048 4398 3260 4480 judicis.
3293 4411 3430 4466 Nihil
3470 4413 3610 4466 enim
3639 4413 3818 4468 humi-

2235 4501 2337 4556 lius
2365 4502 2480 4571 ipso
2500 4516 2763 4571 praecone.
2793 4501 3010 4556 Fratres
3036 4502 3160 4568 mei,
3194 4501 3393 4555 nullum
3423 4510 3622 4556 tantum
3651 4504 3819 4558 meri-

2238 4604 2346 4649 tum
2384 4593 2613 4649 Joannes
2655 4593 2836 4649 habuit
2877 4610 3034 4664 quam
3073 4594 3139 4648 de
3176 4595 3272 4649 ista
3312 4594 3627 4660 humilitate,
3673 4597 3818 4666 quod

2236 4699 2357 4738 cum
2377 4692 2553 4753 posset
2579 4683 2762 4739 fallere
2784 4685 3049 4748 homines,
3074 4693 3128 4739 et
3156 4684 3325 4751 putari
3347 4683 3589 4740 Christus
3607 4726 3622 4752 ,
3641 4694 3694 4740 et
3718 4685 3820 4740 ha-

2236 4775 2347 4830 beri
2379 4790 2475 4844 pro
2498 4772 2711 4828 Christo
2742 4776 2926 4844 (tantm
2953 4774 3094 4827 enim
3127 4774 3314 4843 gratiae
3351 4783 3615 4844 tantaeque
3642 4777 3822 4830 excel-

2236 4865 2412 4923 lentia:
2439 4863 2574 4936 fuit),
2597 4863 2870 4920 conlbssus
2901 4872 2982 4918 est
3009 4874 3182 4918 tamen
3214 4873 3416 4933 aperte.
3440 4873 3494 4919 et
3516 4864 3668 4933 dixit,
3694 4864 3819 4922 Non

2235 4973 2347 5010 sum
2378 4974 2469 5027 ego
2491 4955 2736 5011 Christus.
2762 4954 3024 5025 Numquid
3049 4965 3100 5010 tu
3121 4954 3264 5010 Elias
3283 4957 3372 5011 es?
3389 4956 3504 5012 Jam
3526 4960 3571 5013 si
3593 4958 3818 5026 diceret,

2237 5047 2382 5102 Elias
2423 5063 2571 5113 sum;
2613 5062 2739 5118 ergo
2771 5047 2881 5117 jam
2910 5049 2964 5102 in
3001 5048 3236 5104 secundo
3263 5048 3490 5105 adventu
3527 5050 3822 5107 adveniens

2235 5139 2474 5194 Christus
2513 5139 2804 5210 judicaret,
2833 5155 2938 5196 non
2969 5141 3141 5200 adhuc
3177 5143 3228 5196 in
3256 5141 3426 5210 primo
3465 5143 3817 5212 judicaretur.

2235 5231 2504 5303 Tanquam
2531 5232 2734 5298 dicens,
2763 5232 3026 5288 Venturus
3045 5242 3127 5288 est
3155 5242 3204 5288 et
3227 5234 3398 5299 Elias;
3425 5233 3546 5289 Non
3575 5252 3705 5302 sum,
3733 5237 3818 5292 in-

2234 5327 2367 5397 quit,
2399 5325 2560 5382 Elius.
2594 5327 2699 5385 Sed
2726 5330 3004 5384 observate
3029 5328 3306 5396 humilem,
3337 5338 3461 5385 ante
3488 5345 3652 5400 quem.
3672 5333 3821 5388 venit

2233 5418 2491 5485 Joannes,
2536 5435 2604 5476 ne
2637 5420 2879 5475 sentiatis
2917 5419 3186 5474 excelsum
3224 5429 3349 5475 ante
3375 5435 3533 5491 quem
3557 5429 3816 5478 venturus

2234 5519 2314 5566 est
2363 5511 2525 5566 Elias.
2573 5511 2704 5566 Nam
2731 5521 2785 5566 et
2823 5510 3078 5565 Dominus
3113 5510 3181 5565 ita
3211 5511 3495 5580 complevit
3525 5529 3538 5565 :
3579 5511 3704 5582 Ipse
3741 5523 3817 5568 est

2231 5601 2456 5655 Joannes
2488 5601 2720 5672 Baptista
2747 5601 2832 5673 qui
2856 5609 3092 5656 venturus
3119 5610 3210 5656 est.
3241 5602 3356 5671 ipsa
3386 5602 3816 5674 przeﬁguratione

2234 5694 2380 5747 venit
2404 5695 2534 5758 istc,
2576 5709 2678 5764 qua
2710 5693 3034 5763 proprietate
3071 5703 3328 5749 venturus
3355 5703 3439 5751 est
3464 5694 3628 5750 Elias.
3661 5695 3814 5753 Tunc

2235 5783 2377 5842 Elia:
2396 5799 2493 5857 per
2515 5785 2890 5857 pr0prietatem
2917 5783 3058 5842 Ellas
3084 5784 3205 5856 erit,
3229 5799 3369 5841 nunc
3390 5799 3486 5857 per
3510 5785 3812 5846 similitudi-
