4074 6506
224 325 363 387 “09
1438 325 1744 372 't‘ttAUt'A't
1763 325 1809 369 u:

223 435 349 475 nem
388 416 627 473 Joannes
671 419 805 466 erat.
844 407 999 465 Modo
1031 406 1263 465 Joannes
1300 420 1395 477 per
1435 407 1809 476 proprietatem

224 513 480 572 Joannes,
508 523 606 577 per
632 501 1030 560 similitudinem
1060 501 1203 556 Elias
1230 500 1365 554 est‘.
1405 498 1577 553 Ambo
1606 511 1809 566 praeco-

224 620 321 659 nes
345 602 450 656 sibi
470 600 731 655 dederunt
752 594 1123 651 similitudines
1147 606 1290 658 suas,
1313 600 1366 645 et
1390 599 1671 645 tenuerunt
1692 603 1813 657 pro-

226 697 481 765 prietatcs
508 704 632 743 suas
670 706 683 741 :
722 702 859 741 unus
884 694 1059 739 autem
1091 683 1346 738 Dominus
1364 680 1550 751 judex,
1580 680 1691 733 sive
1721 678 1812 733 illo

225 798 473 857 praecone
494 778 847 851 praecedente,
878 777 989 831 sive
1013 776 1123 829 illo.

295 879 345 932 7.
374 875 445 929 Et
474 876 905 943 interrogaverunt
932 882 1076 923 eum:
1111 866 1244 931 Quid
1272 864 1424 936 ergo?
1449 861 1592 916 Elius
1638 876 1691 914 es
1719 859 1813 913 tu?

228 968 291 1025 Et
312 969 446 1022 dixit
468 984 487 1021 :
512 965 567 1019 Ν
571 982 656 1018 οη.
692 961 758 1016 Et
786 963 1019 1016 dixerunt
1047 960 1127 1013 ei:
1154 958 1411 1027 Propheta
1435 972 1487 1009 es
1514 965 1565 1007 tu
1590 954 1615 1007 .’
1646 952 1711 1007 Et
1734 969 1815 1006 re-

223 1062 427 1133 spondit
447 1060 473 1114 2
503 1057 649 1111 Non.
686 1055 931 1108 Dixerunt
950 1068 1066 1123 ergo
1086 1051 1131 1103 ei
1153 1058 1171 1103 .‘
1200 1049 1323 1114 Quis
1344 1064 1393 1101 es
1415 1056 1465 1099 tu
1486 1045 1512 1099 .’
1536 1055 1586 1098 ut
1609 1060 1812 1114 respon-

222 1170 329 1209 sum
350 1153 533 1205 demus
559 1150 635 1201 his
671 1148 755 1217 qui
786 1146 1022 1198 miseruttt
1061 1158 1170 1195 nos.
1206 1138 1338 1205 Quid
1366 1138 1491 1191 dicis
1530 1135 1593 1189 de
1616 1134 1813 1204 teipse?

224 1248 340 1302 Ait:
380 1242 498 1314 Ego
533 1258 631 1295 vox
666 1238 929 1292 clamantis
964 1236 1016 1288 in
1046 1234 1258 1286 deserto.
1301 1230 1463 1284 lsaias
1513 1226 1639 1282 illud
1679 1226 1813 1280 dixit

224 1336 376 1407 (Isa.,
410 1351 516 1397 sn,
552 1334 608 1401 ’5)
656 1330 710 1383 ln
750 1329 954 1383 Joanne
993 1323 1269 1394 prephetia
1306 1322 1401 1375 ista
1434 1319 1645 1387 impleta
1689 1325 1808 1382 est,

222 1429 331 1501 Ego
352 1444 456 1481 vox
483 1423 750 1480 clamantis
779 1423 830 1474 in
856 1421 1067 1472 deserto.
1098 1414 1233 1482 Quid
1260 1412 1575 1467 clamantis?
1599 1410 1813 1480 Dirigite

220 1524 348 1574 riam
370 1518 607 1579 Domini,
634 1524 792 1568 rectas
818 1512 966 1583 facite
985 1510 1184 1562 semitas
1205 1506 1300 1559 Dei
1321 1506 1494 1559 nostri.
1522 1503 1636 1557 Non
1666 1502 1812 1555 vobis

220 1609 434 1664 videtur
462 1606 729 1678 praeconis
757 1617 875 1657 esse
895 1600 1094 1665 dicere,
1126 1597 1297 1660 Exite,
1325 1594 1481 1649 facite
1504 1592 1676 1646 viam?
1702 1590 1812 1645 Nisi

218 1700 358 1772 quod
391 1712 574 1769 prI'CO
605 1697 757 1750 Exite
785 1693 907 1747 dicit
935 1708 947 1743 :
978 1691 1211 1744 Joannes
1237 1687 1383 1752 dicit,
1410 1684 1616 1739 Venite.
1649 1683 1689 1735 A
1730 1681 1814 1751 ju—

220 1797 331 1849 dice
355 1791 573 1861 repellit
618 1802 810 1858 pra-co,
841 1785 905 1839 ad
943 1782 1176 1853 judicem
1221 1786 1377 1833 vocat
1423 1777 1654 1831 Joannes
1703 1774 1812 1827 lino

220 1894 373 1938 vocat
402 1883 645 1938 Joannes
665 1879 731 1932 ad
764 1877 1034 1940 humilem,
1068 1888 1135 1927 ne
1153 1870 1316 1941 judex
1347 1868 1604 1922 sentiatur
1633 1864 1809 1919 excel-

218 1992 324 2031 sus.
353 1972 471 2044 Ego
499 1988 599 2025 vox
617 1967 882 2023 clamantis
906 1967 957 2019 in
978 1966 1190 2027 deserto,
1214 1961 1411 2031 dirigite
1432 1960 1561 2011 viam
1581 1954 1809 2020 Domini,

219 2069 339 2121 sicut
362 2065 498 2117 dixit
524 2062 690 2115 Isaias
708 2058 969 2131 prOpheta.
986 2054 1103 2110 Non
1124 2053 1274 2119 dixit,
1298 2053 1405 2120 Ego
1426 2064 1540 2103 sum
1558 2048 1806 2109 Joannes,

221 2176 314 2229 ego
332 2172 456 2211 sum
482 2155 649 2218 Elias,
670 2153 779 2221 Ego
796 2165 911 2203 smn
936 2148 1213 2217 propheta.
1237 2143 1341 2199 Sed
1369 2142 1493 2212 quid
1515 2140 1682 2195 dixit?
1703 2140 1813 2194 Hoc

221 2268 403 2314 vocor,
437 2248 555 2302 Vox
573 2245 841 2301 clamantis
866 2244 918 2296 in
934 2243 1148 2307 deserto,
1169 2238 1385 2309 Dirigite
1402 2238 1531 2290 viam
1552 2234 1769 2289 Domino
1795 2252 1808 2288 :

218 2356 314 2415 ego
340 2358 464 2397 sum
487 2342 603 2410 ipsa
634 2336 925 2408 prophetia.
1380 2326 1383 2327 ⁷

285 2436 343 2491 8.
370 2434 439 2488 Et
471 2433 561 2502 qui
582 2429 719 2484 missi
749 2433 968 2498 fuerant,
1010 2434 1234 2482 erantex
1272 2421 1547 2476 Pharisceis
1576 2436 1593 2474 :
1618 2418 1671 2475 id
1701 2427 1809 2485 est,

222 2543 284 2582 ex
309 2524 649 2597 principibus
678 2521 1004 2576 Judmorum.
1035 2516 1100 2570 Et
1122 2518 1569 2585 interrogaverunt,
1594 2522 1640 2566 et
1667 2512 1811 2565 dixe-

222 2631 337 2675 nm!
359 2620 403 2673 ei
429 2637 442 2672 :
471 2616 611 2682 Quid
638 2630 753 2685 ergo
775 2611 1019 2682 baptizas,
1043 2610 1087 2663 si
1108 2618 1160 2662 tu
1191 2624 1290 2661 non
1311 2625 1360 2661 es
1385 2606 1632 2671 Christus,
1656 2620 1815 2673 neque

224 2710 388 2775 Elius,
420 2724 585 2778 neque
610 2704 896 2778 propheta?
932 2700 1093 2769 Quasi
1123 2700 1355 2754 audacia:
1393 2697 1671 2752 videbatur
1696 2710 1815 2750 esse

225 2804 530 2874 baptizare,
562 2799 745 2869 quasi,
776 2796 834 2851 In
862 2809 962 2866 qua
989 2793 1252 2864 persona?
1296 2790 1592 2857 Quaerimus
1635 2796 1811 2842 utrum

226 2908 279 2951 tu
308 2898 383 2950 sis
403 2894 693 2957 Christus;
729 2900 783 2944 tu
818 2889 950 2943 dicis
978 2898 1030 2943 te
1072 2901 1175 2940 non
1217 2900 1336 2938 esse
1379 2900 1391 2937 :
1432 2882 1717 2953 qu:crimus
1747 2894 1815 2935 ne

228 2989 363 3045 forte
397 3000 707 3057 praeeursor
733 2983 871 3037 illius
903 2981 976 3035 sis
998 3021 1010 3043 ,
1038 2978 1161 3049 quia
1191 2977 1435 3031 novimus
1464 2983 1586 3029 ante
1616 2973 1814 3028 Christi

227 3081 515 3136 adventura
538 3085 819 3131 venturum
845 3086 964 3128 esse
988 3072 1187 3136 Eliam;
1229 3083 1392 3139 negas
1411 3076 1463 3122 te
1488 3082 1640 3122 esse:
1666 3080 1815 3135 quae-

227 3174 393 3228 rimus
419 3186 491 3224 ne
521 3169 657 3223 forte
697 3166 887 3236 aliquis
916 3165 1135 3218 multum
1175 3162 1505 3233 praeveniens
1531 3174 1706 3230 prmco
1734 3174 1812 3224 es,

228 3263 278 3317 id
295 3270 379 3317 est
397 3260 679 3331 propheta,
701 3266 754 3311 et
777 3256 1024 3324 accepisti
1044 3255 1179 3308 hanc
1203 3261 1513 3323 poteStatem
1535 3266 1549 3317 ;
1575 3265 1673 3305 nec
1691 3260 1817 3320 pro-

230 3354 444 3425 phetam
472 3360 524 3406 te
547 3365 667 3405 esse
693 3348 845 3403 dicis.
879 3348 943 3400 Et
966 3360 1070 3399 non
1100 3354 1216 3399 erat
1242 3342 1499 3413 propheta
1537 3341 1768 3396 Joannes
1802 3357 1815 3395 :

230 3448 402 3517 major
425 3453 544 3500 erat
569 3458 725 3513 quam
748 3438 1028 3511 propheta.
1064 3437 1318 3491 Dominus
1342 3438 1407 3489 de
1430 3435 1518 3488 illo
1542 3433 1645 3487 tale
1669 3432 1823 3487 testi-

230 3538 473 3593 monium
503 3534 650 3589 dedit
682 3549 695 3584 :
728 3531 866 3598 Quid
885 3530 1052 3583 existis
1078 3529 1126 3581 in
1148 3528 1395 3581 desertum
1410 3523 1623 3578 videre?
1652 3523 1821 3576 Arun-

232 3631 398 3684 dinem
433 3637 579 3681 vento
620 3623 824 3695 agitari.
882 3621 1096 3690 Utique,
1128 3618 1242 3672 Non
1273 3628 1430 3672 vento
1460 3614 1665 3685 agitari,
1690 3613 1818 3668 sub-

233 3723 412 3786 audis;
449 3720 574 3789 quia
614 3732 717 3771 non
748 3715 851 3769 hoc
877 3724 989 3768 erat
1014 3712 1244 3766 Joannes
1266 3751 1279 3776 ,
1311 3708 1462 3778 quasi
1489 3707 1576 3776 qui
1603 3721 1633 3759 a
1662 3713 1821 3759 vento

232 3821 581 3867 moveretur:
616 3808 704 3878 qui
733 3806 873 3861 enim
908 3819 939 3857 a
972 3811 1128 3856 vento
1160 3808 1420 3862 movetur,
1465 3795 1823 3851 circumdatur

233 3906 377 3961 omni
409 3902 602 3974 spiritu
640 3897 961 3954 seductorio.
994 3894 1099 3949 Sed
1128 3892 1248 3964 quid
1274 3893 1445 3946 existis
1484 3888 1686 3943 videre?
1714 3887 1823 3939 Ilo-

233 3998 422 4050 minem
465 3991 697 4046 mollibus
734 3987 1002 4042 vestitum?
1033 3980 1364 4040 Vesticbatur
1407 3983 1546 4037 enim
1592 3981 1822 4035 Joannes

236 4086 467 4156 asperis,
495 4084 547 4136 id
589 4091 690 4146 est,
719 4080 895 4133 tunica
933 4076 1068 4130 facta
1096 4075 1162 4129 de
1200 4075 1319 4143 pilis
1344 4074 1551 4127 cameli.
1582 4070 1716 4125 Ecce
1738 4071 1823 4141 qui

234 4181 475 4234 mollibus
511 4177 806 4237 vestiuntur,
836 4173 887 4224 in
927 4170 1157 4223 domibus
1183 4183 1356 4238 regum
1380 4176 1513 4220 sunt.
1544 4166 1657 4219 Non
1698 4180 1824 4234 ergo

236 4272 422 4326 existis
458 4269 640 4323 videre
665 4266 932 4319 hominem
978 4262 1228 4315 mollibus
1255 4260 1521 4314 vestitum.
1563 4258 1667 4313 Sed
1703 4258 1825 4327 quid

238 4363 407 4416 etiam
433 4361 601 4413 videre
619 4359 644 4411 ?
673 4354 1016 4425 Prophetam?
1044 4350 1129 4404 Ita
1160 4350 1271 4425 dico
1300 4348 1453 4412 vobis,
1487 4349 1650 4418 major
1677 4364 1827 4418 quant

238 4453 487 4522 propheta
509 4451 589 4502 hic
620 4447 827 4518 (Matth.
850 4445 993 4509 30,7,
1012 4444 1064 4510 8,
1087 4442 1140 4514 9)
1180 4460 1194 4497 :
1222 4441 1341 4511 quia
1372 4441 1643 4510 propheta:
1671 4440 1827 4508 longe

238 4552 363 4598 ante
408 4540 894 4611 prarnuntiaverunt
923 4577 939 4604 ,
983 4535 1215 4590 Joannes
1254 4540 1570 4603 praesentem
1610 4530 1828 4584 demon-

238 4636 465 4690 ambat.

310 4729 366 4783 9.
413 4726 553 4793 Quid
578 4742 694 4795 ergo
722 4733 772 4777 tu
802 4722 1046 4792 baptizas,
1076 4720 1120 4774 si
1158 4734 1210 4773 tu
1239 4735 1338 4772 non
1373 4734 1424 4771 es
1453 4715 1710 4784 Christus,
1736 4733 1827 4770 ne-

239 4836 334 4889 que
375 4816 545 4883 Elius,
583 4832 737 4884 neque
780 4810 1058 4885 propheta?
1090 4809 1363 4881 Respondit
1395 4810 1464 4863 eis
1501 4807 1744 4872 Joannes,
1783 4815 1831 4859 et

241 4912 372 4964 dixit
400 4924 420 4963 :
450 4906 563 4979 Ego
586 4909 778 4976 baptizo
800 4910 852 4958 in
872 4919 1041 4974 aqua;
1068 4902 1261 4956 medius
1282 4910 1449 4953 autem
1475 4908 1687 4952 vestrum
1699 4898 1831 4951 stetit

240 5018 389 5070 quem
414 5016 503 5053 vos
533 4998 748 5052 nescitis.
772 4995 995 5049 Humilis
1015 4994 1156 5048 enim
1181 5006 1286 5045 non
1312 4990 1605 5054 videbatur,
1631 4996 1686 5041 et
1710 5003 1833 5057 pro-

242 5103 430 5161 pterea
452 5090 667 5143 lucerna
685 5101 903 5140 accensa
917 5094 992 5139 est
1005 5123 1017 5138 .
1042 5083 1228 5137 Videte
1250 5080 1512 5149 quomodo
1528 5080 1617 5133 dat
1635 5080 1827 5144 locum,

241 5181 499 5253 quialiud
526 5188 705 5250 posset
734 5177 925 5249 putari.
963 5174 1083 5246 Ipse
1106 5184 1178 5227 est
1201 5174 1285 5240 qui
1312 5181 1421 5241 post
1463 5187 1541 5223 me
1578 5171 1727 5235 venit,
1746 5170 1831 5241 qui

242 5284 362 5327 ante
382 5289 465 5326 me
491 5272 653 5340 factus
672 5281 764 5324 est.
796 5268 942 5324 Sicut
969 5267 1075 5337 jam
1104 5265 1362 5327 diximus,
1392 5262 1441 5315 id
1480 5272 1577 5326 est,
1608 5270 1832 5328 antepo-

243 5368 380 5419 situs
405 5373 489 5417 est
505 5362 655 5417 mihi.
676 5360 832 5430 Cujus
848 5374 936 5430 ego
952 5374 1052 5412 non
1072 5372 1182 5411 sum
1207 5354 1387 5424 dignus
1406 5363 1458 5406 ut
1474 5353 1662 5405 solvam
1677 5351 1837 5404 carri-

245 5461 384 5533 giam
401 5455 723 5512 calceamenti
740 5454 867 5526 ejus.
883 5452 1146 5519 Quantum
1165 5463 1223 5504 se
1238 5445 1461 5517 abjecit?
1478 5445 1543 5500 Et
1560 5443 1678 5500 ideo
1696 5443 1835 5496 mul—

313 5601 330 5633 ι
355 5600 431 5649 Sic
448 5608 619 5647 omnes
639 5602 746 5645 Mss.
766 5598 823 5643 At
838 5590 985 5641 editi:
1007 5598 1139 5640 Num
1153 5600 1239 5652 per
1636 5589 1839 5652 Joarmes

249 5660 378 5711 Elius
400 5648 523 5710 erat.
549 5657 688 5721 Modo
708 5664 911 5721 Joqmes
931 5664 1019 5716 per
1039 5648 1379 5721 proprietatem
1397 5649 1603 5696 Joannes
1624 5648 1711 5706 est,
1726 5650 1839 5695 tunc

246 5737 336 5780 per
355 5719 723 5777 similitudem
744 5716 871 5769 Elius
887 5716 1219 5767 Joatnes‘erit.

1438 310 1845 372 TRACTATUS
1878 310 1968 366 1V.
2008 308 2232 371 CAPUT
2268 312 2312 371 ι.

3357 323 3489 379 Mli)

1918 416 2024 460 tum
2040 405 2276 462 elevatus
2297 415 2412 475 est;
2434 409 2682 479 quaniam
2704 412 2791 482 qui
2818 427 2875 467 se
2899 410 3157 479 humiliat,
3176 410 3489 471 evaltahitur

1920 496 2068 567 (Luc.
2101 505 2208 565 xlv,
2256 498 2363 571 11).
2395 499 2547 555 Unde
2574 500 2733 556 debet
2772 503 2949 559 videre
2983 503 3249 560 Sanctitas
3279 517 3450 561 vestra
3470 548 3485 572 ,

1915 587 2037 654 quia
2064 587 2106 639 si
2128 586 2358 642 Joannes
2381 589 2457 644 sic
2481 605 2539 645 se
2563 589 2876 659 humiliavit,
2905 602 2961 647 ut
2984 593 3205 659 diceret,
3237 593 3358 649 Non
3377 613 3492 650 sum

1915 693 2005 747 ego
2049 678 2231 748 dignus
2267 682 2536 752 corrigiam
2575 683 2803 751 solvere;
2845 686 3111 755 quomodo
3153 688 3349 742 habent
3387 687 3492 742 bu-

1915 768 2127 833 miliari,
2160 770 2247 839 qui
2275 771 2454 827 dicunt
2481 791 2493 825 :
2524 774 2630 829 Nos
2652 776 2996 846 baptizamus,
3023 793 3122 833 nos
3145 780 3283 849 quod
3304 780 3493 835 damus

1915 870 2151 916 nostrum
2178 871 2292 927 est,
2322 872 2375 918 et
2411 866 2549 934 quod
2577 878 2815 923 nostrum
2838 879 2951 936 est,
2988 878 3228 926 sanctum
3266 881 3366 927 est.
3399 872 3493 928 ille

1914 950 2063 1018 dicit,
2102 952 2215 1007 Non
2254 969 2372 1023 ego,
2405 956 2500 1011 sed
2543 957 2632 1014 ille
2661 976 2673 1011 :
2708 960 2781 1014 illi
2821 960 3035 1030 dicunt,
3070 962 3177 1018 Nos
3212 962 3343 1037 (a).
3376 963 3492 1020 Non

1916 1052 2000 1097 est
2046 1043 2235 1113 dignus
2278 1045 2509 1102 Joannes
2558 1050 2767 1106 solvere
2810 1052 3089 1127 corrigiam
3144 1055 3491 1112 calceamenli

1916 1134 2029 1202 ejus
2054 1152 2066 1187 :
2095 1136 2236 1204 quod
2265 1136 2310 1191 si
2337 1136 2548 1206 dignum
2581 1154 2639 1194 se
2666 1140 2886 1207 diceret,
2914 1160 3070 1214 quam
3092 1145 3302 1200 humilis
3327 1146 3491 1201 esset?

1916 1226 1982 1279 Et
2010 1227 2053 1281 si
2079 1227 2295 1298 dignum
2316 1245 2376 1284 se
2398 1230 2620 1298 diceret,
2651 1241 2706 1287 et
2722 1233 2797 1287 sic
2820 1235 3041 1303 diceret,
3072 1236 3167 1291 Ille
3192 1237 3337 1291 venit
3366 1247 3489 1307 post

1916 1333 2022 1384 me,
2051 1321 2137 1388 qui
2161 1330 2283 1374 ante
2310 1336 2396 1375 me
2428 1321 2593 1376 factus
2621 1332 2721 1385 est,
2754 1324 2904 1394 cujus
2926 1326 3286 1381 tantummodo
3314 1329 3487 1383 carri.

1915 1410 2051 1480 giam
2072 1412 2415 1466 ealceamenti
2438 1414 2626 1483 dignus
2653 1429 2768 1468 sum
2799 1416 3033 1481 solvere;
3064 1417 3282 1472 multum
3306 1434 3363 1473 se
3388 1418 3490 1473 hu-

1916 1502 2190 1558 miliasset.
2215 1503 2436 1570 Quando
2465 1514 2638 1559 autem
2672 1521 2770 1562 nec
2797 1506 2862 1561 ad
2891 1507 2991 1561 hoc
3018 1508 3233 1578 dignum
3254 1524 3311 1564 se
3337 1509 3489 1573 dicit,

1917 1609 2041 1648 vere
2066 1595 2255 1664 plenus
2283 1594 2480 1664 Spiritu
2515 1607 2699 1651 sancto
2724 1608 2857 1665 erat,
2886 1599 2974 1668 qui
3009 1599 3086 1653 sic
3109 1615 3289 1655 servus
3311 1600 3489 1654 Domi-

1916 1702 2039 1739 mnn
2062 1688 2291 1756 agnovit,
2325 1696 2377 1742 et
2395 1703 2457 1742 ex
2485 1702 2644 1742 servo
2674 1689 2875 1744 amicus
2904 1690 3017 1744 ﬁeri
3045 1692 3257 1745 meruit.

1988 1778 2073 1832 10.
2119 1777 2244 1831 Haec
2272 1778 2322 1831 in
2348 1777 2595 1833 Bethania
2620 1784 2754 1849 facta
2780 1789 2895 1835 sunt
2920 1792 3057 1835 trans
3081 1781 3375 1847 Iordanem,
3405 1783 3490 1836 ubi

1916 1880 2021 1922 erat
2044 1869 2269 1924 Joannes
2302 1871 2579 1941 baptizans.
2616 1872 2788 1926 Altera
2818 1873 2899 1927 die
2921 1875 3042 1927 vidit
3065 1873 3289 1928 Joannes
3316 1873 3496 1929 Iesum

1917 1962 2189 2013 venientem
2214 1962 2280 2014 ad
2309 1979 2379 2025 se,
2412 1971 2458 2016 et
2485 1964 2554 2015 ait
2578 1978 2596 2016 :
2621 1962 2751 2017 Ecce
2774 1963 2947 2033 Agnus
2974 1963 3087 2029 Dei,
3120 1978 3229 2018 ecce
3254 1964 3340 2034 qui
3364 1963 3497 2018 tollit

1918 2061 2173 2120 peccatum
2200 2053 2392 2106 mundi.
2422 2053 2588 2108 Nemo
2616 2055 2714 2109 sibi
2739 2064 2968 2123 arroget,
2998 2064 3051 2108 et
3072 2055 3213 2109 dicat
3237 2056 3355 2124 quia
3381 2055 3497 2124 ipse

1917 2144 2121 2198 auferat
2148 2155 2419 2214 peccatum
2446 2146 2643 2200 mundi.
2671 2147 2786 2201 Jam
2815 2147 3067 2202 intendite
3092 2151 3130 2214 ¹,
3158 2158 3342 2202 contra
3362 2163 3496 2218 quos

1917 2235 2176 2303 superbos
2207 2236 2509 2291 intendebat
2542 2237 2762 2306 digitum
2792 2238 3041 2293 Joannes.
3069 2238 3313 2292 Nondum
3343 2249 3496 2293 erant

1919 2326 2027 2379 nati
2059 2325 2313 2390 hmretici,
2345 2338 2397 2381 et
2422 2328 2529 2394 jam
2556 2328 2973 2383 ostendebantur
2997 2346 3008 2383 :
3036 2338 3216 2383 contra
3243 2329 3363 2384 illos
3391 2329 3499 2384 cla-

1920 2417 2097 2470 mabat
2142 2426 2265 2471 tunc
2305 2431 2334 2469 a
2377 2416 2555 2483 ﬂuvio,
2601 2428 2781 2472 contra
2827 2434 2960 2488 quos
3000 2419 3157 2472 modo
3195 2420 3387 2473 clamat
3431 2434 3500 2475 ex

1920 2505 2223 2576 Evangelia.
2256 2507 2406 2561 Venit
2426 2508 2577 2563 Jesus
2604 2523 2617 2573 ;
2644 2516 2697 2562 et
2723 2509 2846 2578 quid
2871 2509 2999 2563 dicit
3020 2509 3149 2564 ille?
3174 2509 3304 2563 Ecce
3327 2510 3502 2580 Agnus

1918 2596 2034 2652 Dei.
2073 2598 2129 2653 Si
2169 2614 2336 2668 agnus
2372 2600 2645 2663 innocens,
2678 2608 2733 2654 et
2772 2599 3005 2655 Joannes
3048 2614 3234 2670 agnus.
3268 2602 3348 2654 An
3394 2616 3500 2656 non

1919 2698 1971 2744 et
2001 2691 2113 2760 ipse
2140 2691 2435 2746 innocens?
2461 2691 2565 2745 Sed
2590 2692 2706 2761 quis
2734 2692 3031 2746 innocens?
3058 2701 3310 2762 quantum
3342 2694 3499 2747 inno-

1919 2784 2088 2837 cens?
2118 2781 2314 2838 Omnes
2343 2800 2406 2838 cx
2450 2785 2537 2838 illa
2583 2784 2799 2839 traduce
2829 2786 3045 2838 veniunt
3080 2794 3132 2839 et
3163 2801 3225 2839 ex
3256 2786 3341 2839 illa
3381 2803 3500 2854 pro-

1921 2878 2143 2948 pagine,
2179 2878 2245 2933 de
2273 2895 2374 2948 qua
2405 2888 2575 2933 cantat
2620 2893 2834 2948 gemens
2867 2878 3028 2932 David
3054 2896 3064 2930 :
3098 2878 3207 2948 Ego
3237 2879 3287 2931 in
3318 2879 3515 2947 iniqui-‘

1922 2977 2020 3021 tate
2047 2978 2313 3037 conceptus
2352 2985 2491 3031 sunt,
2530 2978 2575 3021 et
2606 2968 2656 3021 in
2686 2969 2899 3038 peccatis
2937 2978 3093 3021 mater
3121 2986 3229 3021 mea
3272 2969 3324 3022 in
3363 2978 3501 3022 utero

1921 3075 2000 3110 me
2023 3058 2147 3111 aluit
2176 3058 2196 3129 (
2220 3056 2359 3112 Ps‘al.
2394 3074 2445 3125 ι,
2476 3058 2566 3129 7).
2593 3057 2750 3113 Solus
2779 3073 2906 3127 ergo
2934 3059 3020 3112 ille
3046 3062 3244 3127 Agnus,
3277 3059 3363 3127 qui
3392 3075 3499 3113 non

1922 3151 1999 3204 sic
2048 3152 2210 3205 venit.
2266 3151 2378 3203 Non
2434 3152 2573 3206 enim
2628 3153 2681 3205 in
2724 3152 2994 3221 iniquitate
3035 3161 3322 3221 conceptus
3379 3161 3498 3218 est;

1923 3242 2042 3311 quia
2081 3256 2186 3295 non
2226 3241 2294 3296 de
2330 3243 2648 3297 mortalitate
2676 3253 2966 3311 conceptus
3003 3251 3119 3297 est:
3152 3258 3250 3298 nec
3286 3259 3406 3298 eum
3448 3244 3505 3297 in

1925 3332 2158 3403 peccatis
2196 3342 2366 3388 mater
2394 3334 2508 3399 ejus
2547 3333 2598 3387 in
2642 3342 2791 3387 utero
2817 3333 2980 3398 aluit,
3012 3349 3167 3402 quem
3198 3334 3344 3403 virgo
3372 3349 3503 3388 con-

1924 3424 2080 3493 cepit,
2105 3424 2255 3493 virgo
2285 3425 2522 3492 peperit;
2551 3424 2669 3494 quia
2703 3424 2806 3478 fide
2830 3424 3089 3492 concepit,
3118 3433 3171 3477 et
3196 3422 3298 3478 ﬁde
3327 3438 3507 3479 susce-

1925 3514 2020 3583 pit.
2051 3514 2192 3583 Ergo
2228 3528 2341 3567 ecce
2380 3514 2551 3583 Agnus
2596 3514 2706 3567 Dei.
2743 3514 2857 3568 Non
2894 3513 3053 3567 habet
3096 3515 3193 3568 iste
3236 3514 3507 3571 traducem

1925 3605 1992 3659 de
2024 3604 2191 3659 Adam
2217 3622 2229 3659 :
2259 3619 2471 3659 carnem
2503 3613 2705 3658 tantum
2741 3604 2966 3673 sumpsit
3004 3603 3071 3659 de
3096 3604 3285 3670 Adam,
3320 3620 3507 3674 peccao

1925 3706 2035 3751 tum
2080 3712 2187 3751 non
2231 3697 2535 3766 assumpsit.
2582 3697 2680 3764 Qui
2736 3712 2839 3749 non
2886 3696 3170 3764 assumpsit
3212 3697 3277 3751 de
3326 3706 3504 3751 nostra

1927 3806 2097 3845 massa
2124 3800 2418 3860 peccatum,
2444 3790 2556 3857 ipse
2577 3798 2658 3843 est
2678 3790 2764 3857 qui
2790 3788 2923 3842 tollit
2944 3799 3181 3842 nostrum
3207 3798 3501 3857 peccatum.

1929 3882 2061 3936 Ecce
2084 3882 2256 3953 Agnus
2282 3882 2395 3947 Diri,
2423 3898 2530 3935 ecce
2558 3882 2644 3951 qui
2669 3882 2797 3933 tollit
2823 3889 3081 3949 peccatum
3109 3880 3301 3932 mundi.

2001 3975 2085 4027 ll.
2126 3973 2297 4027 Nostis
2328 3974 2447 4043 quia
2474 3972 2684 4041 quidam
2717 3972 2955 4026 homines
2981 3970 3161 4025 dicunt
3186 3969 3503 4039 aliquando:

1928 4066 2035 4121 Nos
2070 4066 2301 4119 tollimus
2333 4075 2543 4133 peccata
2586 4063 2920 4127 hominibus,
2950 4064 3035 4133 qui
3076 4072 3241 4116 sancti
3281 4078 3504 4116 sumus:

1930 4157 1972 4211 si
2017 4158 2159 4210 enim
2214 4172 2316 4209 non
2363 4154 2520 4208 fuerit
2564 4165 2776 4209 sanctus
2824 4154 2910 4223 qui
2955 4154 3202 4222 baptizzit,
3241 4152 3507 4223 quomodo

1931 4249 2068 4301 tollit
2116 4257 2385 4317 peceatum
2428 4246 2665 4310 alterius,
2698 4261 2817 4299 cum
2862 4245 2929 4298 sit
2972 4243 3132 4298 homo
3170 4244 3281 4314 ipse
3318 4244 3507 4314 plenus

1933 4338 2191 4406 peccato?
2216 4338 2411 4391 Contra
2444 4338 2569 4390 istas
2597 4336 2979 4405 disputationes
3006 4336 3164 4390 verba
3194 4345 3371 4389 nostra
3397 4350 3504 4390 non

1930 4431 2187 4494 dicamus,
2215 4430 2351 4482 hunc
2380 4428 2613 4495 legamus
2638 4446 2649 4480 :
2677 4428 2805 4480 Ecce
2824 4428 2992 4497 Agnus
3010 4426 3122 4489 Dei,
3149 4443 3258 4480 ecce
3279 4427 3364 4496 qui
3379 4426 3511 4480 tollit

1933 4530 2190 4591 peccatum
2227 4521 2421 4573 mundi.
2463 4519 2577 4573 Non
2619 4519 2687 4573 sit
2730 4520 3071 4588 praesumptio
3108 4517 3408 4571 hominibus
3451 4518 3503 4572 in

1933 4610 2175 4664 homines
2201 4629 2213 4661 :
2246 4626 2350 4662 non
2384 4610 2719 4678 transmigret
2749 4624 2933 4679 passer
2962 4609 3012 4662 in
3048 4616 3285 4673 montes,
3317 4609 3369 4662 in
3400 4609 3506 4663 Do-

1935 4702 2079 4756 mino
2104 4700 2335 4755 conlidat
2362 4699 2528 4771 (Psal.
2559 4715 2615 4763 χ,
2639 4698 2696 4766 2)
2721 4715 2734 4763 ;
2761 4710 2813 4753 et
2837 4700 2881 4753 si
2908 4699 3043 4753 levat
3069 4699 3250 4753 oculos
3278 4699 3333 4752 in
3359 4714 3500 4754 mon.

1935 4802 2034 4854 tes,
2063 4794 2203 4848 unde
2233 4793 2407 4847 veniet
2433 4776 2683 4845 auxilium
2723 4793 2792 4859 ei,
2827 4792 3081 4862 intelligat
3109 4793 3228 4862 quia
3257 4792 3507 4845 auxilium

1936 4888 2050 4957 ejus
2078 4903 2108 4940 a
2133 4886 2375 4952 Domino,
2404 4885 2490 4954 qui
2512 4884 2634 4939 fecit
2662 4885 2856 4939 caelum
2886 4892 2940 4939 et
2964 4894 3156 4939 terram
3186 4883 3354 4955 (Psal.
3378 4898 3508 4948 cxx,

1938 4982 1990 5043 i,
2020 4979 2055 5033 2
2074 4977 2113 5052 ).
2146 4980 2329 5033 Tantm
2375 4978 2701 5033 excellentire
2726 4976 2957 5033 Joannes
2977 5019 2991 5043 ,
3021 4978 3210 5033 dicitur
3238 4978 3285 5032 ei
3306 5019 3319 5042 ,
3347 4977 3427 5031 Tu
3454 4992 3513 5031 es

1936 5072 2220 5130 Christus?
2250 5072 2402 5136 Dicit,
2434 5071 2570 5125 Non.
2603 5070 2680 5124 Tu
2707 5084 2765 5125 es
2794 5070 2981 5125 Elias?
3009 5071 3161 5136 Dicit,
3193 5068 3327 5123 Non.
3352 5068 3429 5122 Tu
3461 5085 3519 5124 es

1938 5165 2235 5238 propheta?
2279 5165 2442 5227 Dicit,
2486 5163 2620 5218 Non.
2671 5163 2845 5229 Quare
2895 5178 3023 5233 ergo
3068 5161 3340 5229 baptizas?
3384 5160 3520 5215 Ecce

1941 5264 2110 5329 Agnus
2142 5257 2254 5321 Dei,
2284 5272 2393 5309 ecce
2424 5257 2507 5325 qui
2542 5254 2669 5308 tollit
2704 5264 2960 5323 peccatum
2991 5252 3166 5305 mundi
3193 5266 3211 5303 :
3246 5251 3326 5303 hic
3356 5260 3425 5304 est
3459 5253 3521 5303 de

1939 5369 2035 5415 quo
2062 5352 2186 5414 disi,
2223 5348 2344 5402 Post
2377 5364 2455 5401 me
2482 5349 2612 5400 venit
2641 5346 2715 5399 vir
2738 5346 2822 5415 qui
2851 5354 2964 5398 ante
2992 5359 3070 5396 me
3094 5343 3257 5411 factus
3283 5350 3374 5409 est,
3404 5344 3520 5409 quia

1945 5445 2083 5514 prior
2107 5459 2185 5495 me
2211 5451 2336 5494 erat.
2369 5439 2490 5493 Post
2513 5456 2588 5491 me
2608 5438 2759 5504 venit,
2783 5438 2902 5508 quia
2930 5435 3189 5504 posterius
3218 5444 3370 5490 natus
3399 5447 3481 5491 est
3504 5455 3516 5490 :

2007 5577 2021 5608 ¹
2050 5577 2120 5625 sic
2150 5583 2254 5623 Mss.
2272 5585 2425 5636 prope
2457 5583 2643 5621 omnes.
2665 5578 2719 5620 At
2738 5569 2885 5620 editi:
2909 5568 3098 5633 auferat
3136 5576 3346 5633 peccata.
3389 5572 3520 5622 L'nde

1934 5640 2043 5703 jam
2065 5637 2307 5688 intendite.

2005 5702 2078 5765 (a)
2112 5706 2461 5750 Donatistarum
2493 5695 2738 5758 superbia.
