4012 6482
552 355 680 416 NH

548 480 665 526 ante
690 487 766 525 me
791 471 957 542 factus
995 477 1089 536 est,
1127 466 1248 538 quia
1277 464 1523 536 praelatus
1552 471 1635 518 est
1663 461 1792 514 mihi
1833 476 1846 511 :
1887 473 2025 528 prior
2051 472 2130 510 me

553 572 688 628 erat,
727 562 846 631 quia
872 561 926 612 in
949 559 1198 630 principio
1235 565 1341 611 erat
1395 555 1640 618 Verbum,
1681 561 1728 605 et
1767 549 1984 604 Verbum
2023 557 2129 603 erat

549 654 691 726 apud
713 652 901 716 Deum,
928 662 974 705 et
995 650 1136 705 Deus
1155 661 1262 704 erat
1295 649 1528 702 Verbum.

620 744 708 799 12.
740 762 760 796 ι
788 744 851 798 Ει
873 757 972 814 ego
1001 742 1301 798 nesciebam
1330 755 1482 806 eum,
1511 737 1676 792 dixit:
1705 735 1798 792 sed
1827 742 1885 789 ut
1909 733 2131 788 manife-

548 843 779 892 staretur
797 832 1002 898 lsraeli,
1027 840 1308 902 propterea
1331 833 1452 884 veni
1476 843 1574 899 ego
1599 829 1648 882 in
1675 842 1808 897 aqua
1835 825 2128 895 baptizans.

556 929 620 980 Et
647 925 1004 980 testimonium
1043 923 1309 993 perhibuit
1346 922 1600 988 Joannes,
1633 919 1838 984 dicens,
1867 917 1999 984 Quia
2025 917 2130 970 vidi

552 1017 807 1088 Spiritum
835 1017 900 1071 de
933 1016 1070 1070 etnlo
1095 1015 1502 1074 descendentem
1543 1012 1692 1083 quasi
1727 1010 2045 1072 columbam,
2077 1016 2136 1064 et

549 1111 746 1166 mansit
787 1125 947 1178 super
975 1123 1096 1163 eum
1123 1125 1136 1161 :
1167 1117 1220 1162 et
1258 1122 1357 1177 ego
1401 1105 1700 1160 nesciebam
1734 1117 1876 1166 eum,
1907 1100 2000 1154 sed
2043 1100 2132 1169 qui

551 1218 638 1258 me
683 1203 827 1256 misit
869 1201 1138 1270 baptizare
1187 1200 1239 1253 in
1289 1213 1446 1269 aqua,
1478 1197 1566 1252 ille
1593 1195 1721 1250 mihi
1764 1193 1917 1260 dixit,
1961 1193 2134 1260 Super

549 1308 708 1364 quem
749 1291 946 1346 videris
993 1288 1246 1359 Spiritum
1285 1287 1691 1342 descendentem
1731 1293 1786 1340 et
1829 1291 2131 1337 manentem

549 1397 712 1452 super
735 1397 880 1448 eum,
910 1379 995 1434 hic
1019 1390 1103 1435 est
1130 1379 1221 1449 qui
1250 1379 1480 1448 baptizat
1519 1378 1572 1430 in
1602 1375 1796 1446 Spiritu
1825 1381 2008 1428 sancto
2036 1391 2048 1424 :
2079 1381 2133 1426 et

549 1489 650 1544 ego
677 1473 803 1540 vidi,
832 1481 885 1527 et
916 1469 1272 1528 testimonium
1303 1469 1545 1540 perhihui
1585 1469 1707 1538 quia
1747 1467 1834 1521 hic
1860 1475 1942 1520 est
1969 1464 2132 1518 Filius

551 1565 668 1620 Dei.
704 1583 723 1617 ι
757 1562 1002 1618 lntendat
1043 1563 1306 1617 modicum
1349 1560 1595 1614 Charitas
1624 1567 1796 1614 vestra
1839 1575 1853 1611 :
1901 1555 2134 1611 Joannes

550 1653 764 1722 quando
789 1654 968 1708 didicit
995 1653 1306 1708 Christum?
1331 1653 1520 1706 Missus
1544 1659 1626 1706 est
1647 1651 1788 1704 enim
1813 1657 1871 1702 ut
1894 1647 2132 1717 baptiza-

552 1753 638 1799 ret
678 1743 731 1798 in
771 1759 926 1813 aqua.
956 1743 1244 1810 Qumsltum
1277 1751 1368 1796 rest
1403 1741 1608 1812 quare?
1639 1739 1704 1794 Ut
1735 1739 2134 1808 manifestat-etm-

551 1832 771 1897 lsraeli,
797 1832 950 1888 dixit.
981 1832 1116 1898 Quid
1156 1831 1351 1901 profuit
1388 1831 1679 1901 baptismus
1715 1827 1978 1884 Joannis?
2006 1827 2135 1880 Fra-

553 1931 666 1982 tres
708 1926 835 1993 mei,
881 1925 924 1980 si
971 1923 1170 1995 profuit
1209 1924 1438 1994 aliquid,
1479 1933 1536 1978 et
1577 1923 1738 1977 niodo
1783 1929 2042 1984 maneret,
2081 1927 2136 1973 et

551 2018 948 2088 haptizarentur
988 2016 1229 2071 homines
1272 2016 1534 2087 baptismo
1573 2013 1830 2080 Joannis;
1859 2023 1914 2067 et
1939 2012 2018 2066 sie
2047 2026 2136 2065 ve-

549 2111 728 2164 nirent
754 2109 822 2163 ad
848 2109 1168 2179 baptismum
1197 2108 1412 2164 Christi.
1442 2107 1548 2162 Sed
1576 2107 1698 2177 quid
1728 2107 1802 2160 ait
1821 2106 1846 2158 ‘2
1879 2105 1944 2160 Ut
1971 2103 2134 2158 mani-

552 2205 820 2274 {estaretur
845 2201 1029 2257 Israeli
1053 2217 1071 2256 :
1099 2202 1150 2256 id
1178 2212 1280 2268 est,
1309 2201 1408 2270 ipsi
1441 2201 1633 2266 Israel,
1663 2199 1856 2268 populo
1885 2198 2048 2252 lsrael
2080 2207 2136 2250 ut

551 2293 979 2350 manifestaretur
1005 2293 1265 2358 Christus,
1297 2293 1440 2348 venit
1467 2293 1734 2360 baptizare
1765 2293 1813 2344 in
1845 2307 2000 2359 aqua.
2033 2292 2136 2342 Ae-

551 2386 693 2457 cepit
721 2385 1072 2440 ministerium
1099 2385 1429 2454 baptismatis
1457 2383 1708 2446 Joannes,
1731 2383 1782 2436 in
1809 2397 1942 2452 aqua
1969 2381 2134 2448 patui-

551 2478 731 2532 tcntiae
759 2491 946 2546 parare
975 2477 1110 2530 viam
1145 2476 1364 2528 Domino
1384 2516 1399 2542 ,
1441 2489 1545 2528 non
1575 2475 1812 2528 existens
1843 2473 2130 2526 Dominus:

552 2577 608 2622 at
629 2568 716 2624 ubi
737 2567 980 2637 cognitus
1003 2575 1084 2621 est
1117 2567 1368 2620 Dominus
1389 2607 1402 2628 ,
1431 2565 1700 2633 superﬂuo
1725 2564 1773 2618 ei
1801 2565 1881 2616 via
1915 2563 2134 2632 paraba-

555 2674 678 2728 tur;
709 2663 829 2731 quia
856 2658 1296 2728 cognoscentibus
1325 2674 1384 2712 se
1414 2659 1526 2727 ipse
1561 2657 1729 2710 factus
1765 2665 1846 2710 est
1879 2657 1999 2709 via:
2031 2653 2134 2708 ita-

553 2769 658 2824 que
682 2769 785 2808 non
807 2753 1016 2807 duravit
1035 2752 1122 2805 diu
1147 2752 1438 2820 baptismus
1458 2750 1700 2804 Joannis.
1743 2748 1846 2802 Sed
1871 2746 2138 2818 quomodo

551 2847 948 2900 demonstratus
965 2853 1044 2898 est
1063 2842 1354 2898 Dominus?
1375 2842 1594 2894 lltunilis
1615 2857 1630 2906 ;
1655 2849 1714 2894 ut
1734 2840 1852 2893 ideo
1873 2839 2140 2907 acciperet

552 2936 811 3003 baptisma
835 2934 1092 2998 Joannes,
1121 2933 1175 2986 in
1201 2949 1306 3002 quo
1335 2933 1690 3002 baptizaretur
1716 2931 1827 3000 ipse
1856 2931 2132 2984 Dominus.

626 3027 712 3078 15.
754 3025 820 3078 Ει
857 3039 990 3093 opus
1019 3031 1132 3077 erat
1163 3023 1386 3076 Domino
1415 3023 1666 3092 baptizari
1688 3022 1710 3074 ’ἶ
1753 3023 1816 3075 Et
1837 3037 1936 3090 ego
1975 3025 2139 3075 inter-

553 3128 746 3184 rogans
788 3115 894 3168 cito
941 3113 1240 3185 respondeo
1277 3132 1286 3164 :
1330 3113 1474 3181 Opus
1521 3121 1633 3167 erat
1686 3113 1906 3168 Domino
1951 3113 2137 3166 nasci?

555 3221 690 3275 opus
713 3213 828 3260 erat
855 3205 1077 3258 Domino
1104 3204 1338 3274 cruciﬁgi
1361 3205 1383 3258 ?
1409 3219 1540 3273 opus
1569 3213 1681 3258 erat
1711 3205 1932 3259 Domino
1957 3203 2138 3258 mori?

554 3311 692 3364 opus
717 3303 832 3351 erat
861 3296 1084 3350 Domino
1125 3296 1379 3364 sepeliri?
1417 3295 1472 3350 Si
1509 3311 1635 3366 ergo
1666 3305 1863 3350 tantam
1903 3296 2138 3366 suscepit

554 3403 652 3456 pro
679 3387 830 3442 nobis
857 3386 1226 3452 humilitatem,
1248 3388 1567 3458 baptismum
1591 3403 1694 3442 non
1722 3397 1838 3442 erat
1862 3395 2139 3456 susceptu-

555 3478 688 3534 rus?
719 3479 786 3533 Et
817 3479 940 3550 quid
973 3479 1169 3548 profuit
1194 3479 1314 3548 quia
1342 3481 1574 3548 suscepit
1601 3481 1919 3549 baptismum
1949 3479 2088 3532 servi
2113 3479 2136 3532 ?

555 3563 624 3625 Ut
649 3577 703 3624 tu
731 3585 834 3622 non
865 3569 1232 3639 dedignareris
1255 3571 1525 3638 suscipere
1551 3570 1870 3639 baptismum
1903 3570 2133 3624 Domini.

553 3661 798 3716 lntendat
821 3660 1068 3716 Charitas
1091 3671 1282 3716 vestra.
1313 3661 1496 3715 Futuri
1521 3671 1673 3716 erant
1691 3662 1849 3732 aliqui
1878 3663 1930 3716 in
1957 3663 2139 3716 Eccle—

552 3755 630 3804 sia
679 3751 989 3807 excelsioris
1037 3753 1221 3822 gratiae
1277 3751 1664 3806 catechumeni.
1713 3753 1798 3806 Fit
1845 3753 1986 3806 enini
2032 3753 2136 3806 ali-

551 3843 763 3913 quando
785 3854 842 3900 ut
861 3846 1044 3900 videas
1063 3847 1503 3900 catechumenum
1525 3846 1880 3900 abstinentem
1903 3847 1970 3902 ab
1991 3847 2136 3904 omni

551 3938 856 4003 concubitu,
882 3938 1276 3992 valefucientem
1307 3939 1524 4005 seculo,
1549 3940 1936 3994 renuntiantem
1964 3941 2137 3994 omnia-

551 4027 651 4083 bns
695 4044 815 4098 qua:
858 4029 1181 4097 possidebat,
1227 4029 1634 4084 distribuentem
1675 4031 2034 4099 pauperibus;
2080 4040 2136 4086 et

549 4120 964 4174 catechumenos
992 4130 1093 4184 est,
1122 4121 1408 4175 instructus
1435 4122 1592 4176 etiam
1621 4121 1756 4176 forte
1783 4122 2024 4177 doctrina
2048 4137 2136 4177 sa-

551 4209 711 4265 lutari
747 4225 906 4280 supra
945 4210 1143 4266 multos
1179 4212 1382 4268 ﬁdeles.
1429 4213 1744 4268 Timendum
1783 4222 1867 4269 est
1904 4213 2027 4268 huic
2064 4229 2134 4270 ne

551 4304 692 4358 dicat
735 4303 878 4374 apud
933 4305 1276 4372 semetipsum
1319 4305 1388 4360 de
1431 4306 1752 4374 Baptismate
1799 4317 1984 4362 sancto
2026 4324 2132 4378 quo

551 4403 767 4464 peccata
827 4395 1162 4450 dimittuntur
1203 4413 1218 4450 :
1267 4395 1402 4464 Quid
1453 4397 1568 4465 plus
1613 4407 1928 4465 accepturus
1970 4401 2131 4454 sum?

552 4483 692 4543 Ecce
721 4502 820 4558 ego
846 4489 1032 4543 melior
1057 4504 1173 4544 sum
1203 4490 1296 4544 illo
1323 4489 1462 4544 ﬁdeli
1490 4499 1538 4543 et
1571 4490 1659 4544 illo
1687 4489 1826 4546 ﬁdeli
1853 4511 1866 4547 :
1894 4494 2132 4562 cogitans

553 4581 736 4636 fideles
761 4591 850 4636 aut
873 4581 1202 4652 conjugatos,
1231 4589 1322 4637 aut
1349 4582 1483 4639 forte
1517 4583 1728 4648 idiotas,
1757 4597 1847 4640 aut
1873 4586 2132 4644 habentes

551 4681 607 4727 et
637 4671 966 4742 possidentes
991 4687 1076 4727 res
1103 4687 1245 4738 suas,
1278 4689 1408 4743 quas
1439 4675 1550 4744 ipse
1575 4675 1843 4730 distribuit
1864 4677 1972 4747 jam
2001 4693 2134 4749 pau-

549 4763 786 4833 peribus,
813 4773 868 4818 et
897 4764 1168 4818 meliorem
1194 4781 1251 4820 se
1280 4779 1398 4821 esse
1423 4767 1686 4822 arbitrans
1713 4783 1869 4838 quam
1909 4769 1998 4825 ille
2039 4772 2129 4840 qui

549 4851 656 4926 jam
685 4853 982 4924 baptizatus
1009 4863 1109 4922 est,
1137 4855 1452 4926 dedignatur
1473 4858 1654 4912 venire
1679 4859 1744 4912 ad
1775 4859 2125 4928 Baptismum,

549 4945 762 5012 dicens,
799 4947 911 5001 Hoc
935 4961 1050 5001 sum
1081 4959 1396 5017 accepturus
1423 4949 1563 5018 quod
1603 4949 1762 5006 habet
1791 4953 1878 5006 ille
1917 4962 1970 5007 et
1997 4953 2124 5019 ille;

548 5047 605 5092 et
645 5047 908 5108 pr0ponat
935 5038 1034 5093 sibi
1075 5038 1194 5092 illos
1222 5051 1355 5109 quos
1383 5043 1690 5106 euntemnit,
1720 5051 1773 5096 et
1814 5044 1964 5112 quasi
2005 5059 2126 5099 sor-

547 5129 674 5184 deat
697 5129 769 5184 illi
791 5128 894 5186 hoc
915 5130 1158 5200 accipere
1179 5130 1319 5200 quod
1345 5141 1663 5200 acceperunt
1684 5131 1980 5199 inferiores,
2004 5136 2126 5205 quia

543 5219 654 5290 jam
680 5219 889 5274 videtur
914 5221 1030 5290 ipse
1056 5221 1155 5276 sibi
1177 5221 1365 5276 melior
1390 5239 1403 5275 :
1431 5230 1484 5276 et
1509 5231 1681 5279 tamen
1708 5225 1884 5279 omnia
1912 5235 2127 5293 peccata

548 5327 710 5382 super
749 5313 895 5368 illum
937 5322 1080 5380 sunt,
1111 5323 1167 5368 et
1203 5315 1305 5368 nisi
1347 5315 1554 5370 venerit
1591 5315 1656 5371 ad
1699 5318 1984 5374 salutarem
2029 5318 2127 5372 Ba-

547 5405 820 5476 ptismum,
843 5405 930 5461 ubi
953 5413 1166 5476 peccata
1193 5406 1488 5472 solvuntur,
1506 5423 1624 5462 cum
1645 5411 1786 5464 omni
1814 5411 2125 5466 excellentia

549 5509 644 5550 sua
683 5511 787 5551 non
831 5503 1007 5566 potest
1044 5498 1242 5552 intrare
1283 5498 1335 5552 in
1375 5513 1600 5569 regnum
1639 5502 1912 5556 caelorum.
1940 5503 2042 5559 Sed
2071 5513 2128 5560 ut

547 5583 692 5642 illam
725 5585 1094 5643 excellentiam
1137 5589 1385 5644 invitaret
1416 5590 1668 5646 Dominus
1697 5592 1760 5646 ad
1805 5593 2124 5662 baptismum

548 5693 728 5744 suum,
755 5687 814 5734 ut
837 5687 1050 5751 peccata
1076 5679 1148 5734 illi
1176 5681 1590 5750 dimitterentur,
1623 5683 1768 5738 venit
1793 5685 1906 5756 ipse
1935 5687 2000 5742 ad
2027 5689 2124 5743 ba-

549 5771 800 5842 ptismum
829 5769 970 5825 servi
999 5769 1081 5825 sui
1109 5787 1122 5831 :
1148 5777 1342 5828 etcum
1372 5771 1486 5842 ipse
1513 5789 1620 5834 non
1651 5773 1870 5833 haberet
1907 5781 2044 5849 quod
2076 5783 2122 5838 ei

1533 343 1598 402 lN
1634 339 1912 399 JOANNIS
1940 335 2410 399 EVANGELIUM.
2449 337 2508 394 S.
2548 337 2915 398 AUGUSTINI

3685 345 3824 404 1412

2241 455 2620 520 dimitteretur,
2661 469 2762 510 nec
2803 453 2944 526 quod
2977 454 3030 510 in
3069 453 3161 511 illo
3197 454 3487 524 lavaretur,
3525 461 3764 532 suscepit
3791 477 3825 518 ιι

2237 559 2398 601 servo
2440 545 2802 615 baptismum;
2840 557 2895 602 et
2940 555 3186 618 tanquam
3229 547 3492 604 allocutus
3535 559 3619 604 est
3655 550 3828 610 tilium

2240 637 2639 706 superbientem
2664 645 2718 690 et
2743 637 3084 693 extollentem
3111 653 3191 704 se,
3213 653 3276 693 ac
3294 637 3667 710 dedignantem
3689 639 3830 698 forte

2237 727 2484 796 accipere
2523 743 2642 782 cum
2687 727 2864 783 idiotis
2903 728 3042 784 unde
3069 729 3120 784 ei
3161 730 3327 800 possit
3351 731 3498 785 salus
3536 731 3738 798 venire,
3769 742 3829 790 et

2239 817 2404 888 quasi-
2429 817 2611 874 dicens
2638 835 2652 872 :
2693 817 2956 886 Quantum
2984 823 3036 874 te
3064 819 3351 876 extendis?
3377 831 3629 892 quantum
3657 826 3833 880 extol-

2238 905 2352 964 lis?
2391 920 2586 980 quanta
2627 919 2710 965 est
2745 911 3060 966 excellentia
3090 912 3221 966 tua?
3261 922 3454 983 quanta
3489 916 3656 984 gratia
3695 917 3830 972 tua?

2241 999 2412 1070 major
2437 1009 2610 1071 potest
2633 1016 2753 1056 esse
2778 1017 2937 1072 quam
2962 1002 3124 1058 mea?
3145 1003 3191 1058 si
3215 1017 3314 1074 ego
3346 1004 3467 1058 veni
3495 1003 3562 1058 ad
3589 1018 3830 1074 servum,

2241 1099 2296 1145 tu
2346 1091 2652 1163 dedignaris
2695 1089 2877 1149 venire
2921 1094 2986 1148 ad
3035 1094 3360 1150 Dominum?
3390 1095 3436 1150 si
3481 1111 3580 1166 ego
3620 1099 3833 1166 suscepi

2239 1181 2561 1252 baptismum
2593 1184 2764 1250 servi,
2793 1193 2847 1238 tu
2875 1184 3180 1254 dedignaris
3209 1200 3238 1238 a
3269 1186 3495 1240 Domino
3521 1186 3780 1258 baptizari
3805 1187 3831 1241 ?

2311 1273 2399 1326 14.
2438 1273 2570 1327 Nam
2599 1284 2658 1328 ut
2683 1276 2954 1340 noveritis,
2981 1275 3174 1330 fratres
3203 1277 3328 1342 mei,
3355 1278 3477 1347 quia
3507 1294 3612 1332 non
3643 1294 3710 1333 ex
3732 1294 3836 1333 ne-

2237 1363 2487 1418 cessitate
2529 1364 2755 1436 alicujus
2793 1367 2988 1420 vinculi
3035 1367 3234 1437 peccati
3279 1368 3533 1424 Dominus
3572 1370 3828 1425 veniebat

2238 1453 2306 1508 ad
2352 1455 2522 1524 ipsum
2571 1455 2869 1522 Joannem;
2919 1459 3056 1512 sicut
3099 1459 3284 1512 dicunt
3329 1460 3414 1514 alii
3463 1461 3830 1530 evangelistte,

2239 1559 2360 1600 cum
2391 1547 2456 1600 ad
2485 1547 2632 1600 illum
2673 1549 2878 1602 veniret
2917 1549 3262 1618 baptizandus
3299 1550 3575 1616 Dominus,
3604 1551 3680 1604 ait
3713 1551 3835 1621 ipse

2238 1637 2473 1693 Joannes
2497 1656 2510 1691 :
2541 1637 2620 1694 Tu
2645 1643 2711 1692 ad
2742 1657 2819 1693 me
2847 1641 3022 1695 uenis?
3047 1659 3135 1712 ego
3161 1659 3192 1693 a
3219 1652 3264 1694 te
3288 1642 3438 1694 debeo
3465 1642 3728 1711 baptizari.
3763 1643 3836 1696 Et

2238 1731 2364 1798 quid
2395 1731 2443 1784 ei
2475 1732 2587 1801 ipse
2623 1732 2940 1802 reSpondit?
2973 1733 3098 1786 Sine
3137 1737 3328 1796 modo;
3365 1734 3630 1804 impleatur
3669 1736 3835 1788 omnis

2227 1821 2432 1889 justiti’a
2463 1821 2672 1893 (Matth.
2705 1839 2782 1889 ιιι,
2817 1825 2902 1888 14,
2939 1825 3050 1894 15).
3071 1824 3206 1892 Quid
3237 1835 3340 1889 est,
3371 1825 3645 1894 impleatur
3667 1827 3836 1880 omnis

2229 1901 2434 1970 iustitia
2467 1914 2494 1968 .9
2539 1914 2670 1968 Mori
2713 1915 2833 1969 veni
2877 1931 2974 1986 pro
3023 1915 3362 1982 hominibus,
3411 1916 3666 1986 baptizari
3714 1931 3830 1970 non

2239 2004 2410 2060 habeo
2433 2021 2529 2076 pro
2555 2007 2897 2062 hominibus?
2917 2007 3052 2074 Quid
3075 2017 3176 2071 est,
3199 2007 3466 2078 impleatur
3483 2007 3646 2061 omni;
3662 2007 3830 2078 justi-

2243 2097 2357 2150 tia?
2381 2095 2668 2166 Impleatur
2695 2100 2869 2152 omnis
2899 2098 3190 2152 humilitas.
3217 2097 3354 2165 Quid
3384 2097 3553 2168 ergo?
3579 2112 3684 2152 non
3715 2105 3840 2152 erat

2241 2185 2584 2256 suscepturus
2611 2188 2930 2258 baptismum
2957 2204 2986 2241 a
3017 2188 3154 2244 bono
3181 2204 3336 2244 servo
3355 2231 3370 2255 ,
3399 2190 3488 2258 qui
3525 2189 3836 2260 passionem

2239 2277 2472 2346 suscepit
2518 2292 2548 2330 a
2594 2279 2764 2332 servis
2808 2279 3002 2334 malis?
3051 2280 3312 2335 intendite
3360 2296 3508 2350 ergo.
3558 2281 3836 2350 Baptizan

2240 2366 2488 2434 Domino,
2513 2369 2562 2422 si
2603 2379 2884 2439 propterea
2921 2371 3208 2440 baptizavit
3244 2371 3496 2438 Joannes,
3529 2381 3585 2425 ut
3621 2371 3674 2426 in
3713 2371 3838 2442 ejus

2241 2457 2504 2527 baptismo
2565 2461 2818 2516 Dominus
2871 2463 3176 2518 ostenderet
3235 2463 3625 2532 humilitatem,
3671 2479 3836 2518 nemo

2241 2551 2376 2604 alius
2421 2551 2779 2620 baptizaretur
2827 2553 3091 2623 baptismo
3145 2555 3409 2610 Joannis?
3456 2557 3598 2612 Multi
3646 2567 3834 2614 autem

2243 2642 2490 2713 baptizati
2519 2657 2642 2699 sunt
2679 2646 2939 2717 baptismo
2967 2648 3225 2716 Joannis;
3267 2650 3564 2721 baptizatus
3602 2660 3685 2706 est
3717 2652 3834 2706 Do-

2243 2735 2417 2789 minus
2457 2737 2715 2806 baptismo
2742 2739 2980 2804 Joannis,
3007 2751 3062 2796 et
3090 2743 3318 2796 cessavit
3345 2743 3631 2812 baptismus
3657 2743 3836 2799 Joan-b

2244 2825 2326 2879 nis
2351 2844 2364 2880 :
2393 2827 2515 2882 inde
2537 2829 2646 2896 jam
2676 2830 2869 2884 missus
2895 2840 2976 2885 est
3007 2832 3058 2884 in
3083 2847 3350 2888 carcerem
3375 2833 3644 2899 Joannes;
3674 2835 3835 2890 deina

2241 2932 2369 2987 ceps
2410 2935 2567 2974 nemo
2609 2921 2905 2990 baptizatus
2949 2924 3215 2978 invenitur
3261 2927 3351 2978 illo
3395 2929 3728 2997 baptismate.
3771 2929 3834 2984 Si

2243 3026 2371 3080 ergo
2397 3021 2680 3082 propterea
2712 3017 2851 3068 venit
2879 3023 2936 3069 ct
2955 3015 3188 3070 Joannes
3213 3016 3506 3086 baptizans,
3535 3028 3590 3073 ut
3615 3020 3832 3075 Domini

2244 3099 2512 3156 humilitas
2543 3105 2694 3158 nobis
2725 3105 3214 3175 demonstraretur,
3246 3117 3301 3162 ut
3327 3110 3447 3180 quia
3483 3112 3568 3164 ille
3593 3113 3835 3182 suscepit

2243 3206 2272 3245 a
2303 3209 2478 3257 servo,
2507 3210 2607 3250 nos
2635 3211 2740 3249 non
2767 3197 3177 3267 dedignaremur
3201 3201 3473 3269 suscipere
3499 3215 3530 3254 a
3557 3202 3786 3258 Domino
3813 3221 3831 3272 ξ

2244 3286 2524 3341 Dominum
2568 3290 2738 3344 solum
2782 3290 3016 3346 Joannes
3061 3291 3397 3362 baptizaret?
3425 3293 3530 3348 Sed
3569 3294 3612 3347 si
3651 3297 3834 3350 solum

2244 3376 2523 3432 Dominum
2553 3379 2785 3434 Joannes
2809 3381 3118 3450 baptizaret,
3147 3398 3250 3436 non
3279 3383 3528 3438 deessent
3554 3385 3640 3453 qui
3666 3397 3834 3454 puta-

2242 3476 2364 3522 rent
2390 3471 2622 3524 sanctius
2651 3471 2810 3527 fuisse
2851 3472 3110 3542 baptisma
3139 3473 3357 3528 Joannis
3400 3489 3556 3544 quam
3587 3474 3786 3530 Christi
3815 3495 3832 3532 :

2241 3560 2393 3628 quasi
2441 3559 2756 3629 baptismate
2802 3562 3021 3619 Joannis
3069 3563 3214 3617 solus
3259 3563 3499 3618 Christus
3543 3566 3836 3620 meruisset

2241 3651 2521 3722 baptizari,
2550 3653 2866 3722 baptismate
2894 3667 3069 3712 autem
3097 3657 3291 3712 Christi
3317 3671 3483 3727 genus
3509 3657 3830 3714 humanum.

2241 3741 2484 3798 lnteudat
2503 3745 2746 3800 Charitas
2773 3755 2967 3800 vestra.
2999 3747 3320 3816 Baptismale
3347 3747 3544 3803 Christi
3571 3749 3832 3818 baptizati

2241 3853 2458 3906 smnus,
2495 3856 2598 3893 non
2630 3847 2832 3893 tantum
2863 3855 2958 3894 nos
2977 3881 2990 3905 ,
3021 3841 3116 3894 sed
3145 3849 3198 3895 et
3237 3841 3510 3896 universus
3535 3841 3679 3897 orbis
3713 3853 3832 3898 ter-

2241 3947 2442 3997 rarum,
2472 3941 2525 3986 et
2563 3933 2862 4002 baptizatur
2901 3949 3065 4004 usque
3109 3934 3158 3987 in
3202 3933 3380 3990 tinem.
3413 3936 3541 4002 Quis
3577 3946 3828 3993 nostrum

2241 4032 2414 4093 potest
2451 4039 2518 4078 ex
2555 4023 2728 4092 aliqua
2772 4031 2920 4092 parte
2957 4026 3254 4093 comparari
3297 4025 3540 4092 Christo,
3568 4028 3722 4096 cujus
3764 4043 3832 4084 se

2235 4115 2471 4170 Joannes
2517 4115 2650 4169 dixit
2697 4115 2965 4185 indignant
3017 4117 3224 4170 solvere
3280 4119 3558 4186 corrigiam
3607 4119 3828 4176 calcea—

2238 4207 2447 4261 menli?
2473 4207 2526 4261 Si
2557 4223 2682 4277 ergo
2713 4207 2800 4260 ille
2830 4207 3071 4262 Christus
3099 4217 3255 4262 tantm.
3287 4209 3612 4264 excellentia:
3654 4209 3828 4266 homo

2239 4298 2412 4364 Dens,
2467 4299 2613 4352 solus
2665 4299 3018 4366 baptizaretur
3073 4299 3335 4366 baptismo
3389 4299 3634 4367 Joannis,
3685 4303 3830 4372 quid

2237 4392 2428 4448 dicturi
2487 4405 2638 4448 erant
2693 4393 2988 4447 homines?
3041 4394 3262 4460 Qualem
3339 4397 3656 4464 baptismum
3719 4397 3828 4451 ha-

2237 4484 2350 4538 buit
2399 4483 2668 4538 Joannes?
2720 4483 2964 4554 Magnum
3023 4483 3344 4552 baptismum
3396 4485 3590 4552 habuit,
3625 4486 3827 4543 ineﬂ‘a-

2234 4574 2340 4628 bile
2381 4584 2766 4628 sacramentum
2811 4593 2824 4628 :
2873 4575 3014 4642 vide,
3062 4575 3186 4644 quia
3230 4579 3373 4631 solus
3417 4577 3662 4633 Christus
3693 4591 3827 4634 me-

2234 4672 2342 4726 ruit
2397 4671 2648 4740 baptizari
2687 4669 2906 4725 Joannis
2946 4671 3230 4741 baptismo.
3287 4673 3460 4742 Atque
3515 4673 3586 4727 ita
3639 4673 3828 4744 major

2235 4763 2503 4818 videretur
2543 4763 2836 4832 baptismus
2864 4763 3024 4826 servi,
3067 4778 3224 4832 quant
3255 4762 3548 4832 baptismus
3577 4764 3822 4820 Domini.

2235 4854 2490 4922 Baptizati
2531 4863 2654 4908 sunt
2699 4863 2752 4907 et
2795 4854 2880 4906 alii
2929 4853 3196 4924 baptismo
3240 4847 3480 4918 Joannis,
3509 4870 3579 4912 ne
3622 4857 3831 4913 melior

2233 4946 2526 5016 baptismus
2551 4946 2816 4999 videretur
2836 4946 3056 5000 Joannis
3075 4963 3231 5017 quam
3255 4947 3450 5002 Christi
3474 4965 3490 5014 ;
3517 4948 3834 5020 baptizatus

2233 5046 2410 5092 autem
2435 5046 2488 5090 et
2513 5036 2787 5098 Dominus,
2815 5045 2869 5089 ut
2895 5036 3118 5092 Domino
3143 5039 3466 5109 suscipiente
3490 5039 3832 5109 baptismum

2232 5127 2392 5187 servi,
2411 5141 2511 5179 non
2529 5125 2939 5196 dedignare'ntur
2951 5126 3038 5181 alii
3055 5128 3478 5199 servisuscipere
3491 5129 3836 5200 baptismum

2235 5217 2442 5272 Domini
2468 5235 2480 5270 :
2508 5217 2576 5272 ad
2605 5217 2704 5272 hoc
2733 5233 2860 5288 ergo
2889 5220 3084 5274 missus
3109 5229 3224 5274 erat
3247 5221 3500 5278 Joannes.

2305 5310 2392 5365 15.
2431 5308 2536 5364 Sed
2581 5320 2803 5364 noverat
2843 5308 3134 5378 Christum,
3179 5327 3246 5366 an
3293 5327 3400 5368 non
3446 5314 3708 5371 noverat?
3753 5311 3836 5374 Si

2231 5417 2336 5458 non
2368 5409 2604 5466 noverat,
2635 5415 2800 5472 quare
2839 5399 3048 5481 dicebat
3074 5403 3286 5472 quando
3319 5405 3464 5458 venit
3495 5404 3562 5459 ad
3591 5403 3834 5464 ﬂuvium

2230 5496 2472 5553 Christus
2497 5513 2511 5550 :
2542 5496 2650 5566 Ego
2675 5513 2706 5549 a
2735 5505 2782 5550 te
2809 5495 2962 5550 debeo
2991 5496 3279 5566 baptizari?
3306 5495 3406 5552 hoc
3435 5507 3537 5562 est,
3569 5497 3694 5554 Scio
3721 5501 3834 5570 qui

2231 5591 2326 5646 sis.
2358 5589 2414 5644 Si
2443 5605 2570 5660 ergo
2589 5589 2697 5659 jam
2729 5596 2969 5655 noverat,
2997 5599 3143 5644 certe
3171 5597 3296 5642 tunc
3323 5589 3569 5658 cognovit
3593 5589 3832 5659 quando

2232 5686 2362 5740 vidit
2385 5683 2680 5740 columbam
2722 5681 3156 5737 descendentem.
3185 5679 3522 5737 Manifestum
3559 5689 3644 5736 est
3681 5683 3830 5751 quia

2231 5780 2471 5837 columba
2502 5791 2608 5834 non
2635 5774 2914 5833 descendit
2937 5789 3100 5848 super
3129 5775 3430 5846 Dominum,
3460 5775 3560 5830 nisi
3589 5783 3828 5846 postea-
