4074 6542
1427 355 1836 442 'rnacrarus
1869 355 1930 409 v.
1971 347 2192 407 CAPUT
2231 345 2269 401 I.
3317 325 3456 384 tttt

1883 469 1944 521 21
1984 474 2028 518 et
2056 463 2170 534 Ὢ).
2213 460 2268 516 Si
2299 459 2408 529 jam
2434 453 2753 524 baptizatum
2783 446 3063 520 cognovit,
3108 442 3336 498 venienti
3389 440 3455 494 ad

1887 531 2147 624 baptisma
2179 546 2444 621 quomodo
2473 544 2620 610 dicit,
2675 540 2784 611 Ego
2822 547 2927 592 ate
2978 533 3127 589 debeo
3169 531 3458 603 baptizari?

1891 623 2038 701 llane
2089 643 2356 696 vobiscum
2408 635 2620 692 interim
2671 630 2971 692 ruminate,
3023 627 3158 680 hanc
3190 623 3463 678 vobiscum

1891 733 2151 798 conferte,
2195 732 2331 786 hanc
2360 726 2629 782 vobiScum
2671 729 2909 776 tract-ate.
2957 717 3180 772 Praestet
3207 711 3464 767 Dominus

1897 829 2036 881 Deus
2064 829 2312 878 nosterut
2331 827 2655 886 antequama
2676 827 2759 867 me
2797 803 3212 873 audiatis,alicui
3231 812 3466 858 vestrum

1896 915 2057 986 priori
2084 929 2199 968 eam
2241 909 2459 966 revelet.
2490 907 2709 967 Tamen,
2740 903 2948 964 tratres,
2978 897 3081 951 hoc
3117 895 3316 960 sciatis,
3348 892 3469 963 quia

1899 985 1992 1078 per
2021 1006 2169 1060 istius
2186 999 2492 1074 quzestiouis
2517 996 2856 1059 solutionem,
2888 1005 3070 1045 vocem
3112 1002 3234 1058 pars
3279 985 3470 1040 Donati

1899 1076 1965 1152 de
1995 1091 2250 1164 Baptismi
2281 1088 2468 1161 gratia,
2496 1086 2588 1141 ubi
2611 1085 2828 1140 nebulas
2858 1079 3150 1136 obtendunt
3189 1076 3468 1146 imperitis,

1901 1197 1953 1241 et
1981 1187 2111 1240 retia
2143 1182 2362 1238 tendunt
2401 1179 2586 1233 avibus
2631 1175 2929 1230 volantibus
2953 1214 2968 1238 ,
3017 1173 3062 1228 si
3099 1170 3325 1226 frontem
3381 1165 3475 1220 ha-

1902 1275 2098 1341 beant,
2147 1273 2364 1327 onmino
2409 1285 2512 1324 non
2561 1267 2864 1322 habebunt:
2897 1267 3336 1320 omnino-eorum
3376 1273 3468 1315 ora

1903 1366 2234 1422 claudentur.

196 402 335 461 HIS

194 528 356 588 quam
385 503 628 564 ascendit
652 499 719 555 ab
743 509 876 567 aqua
902 487 1171 561 baptismi.
1202 482 1457 538 Dominus
1481 476 1776 542 baptizatus

199 571 443 659 ascendit
466 595 536 652 ab
559 607 715 662 aqua,
743 585 910 657 aperti
933 590 1055 636 sunt
1076 577 1218 643 coeli,
1242 583 1295 628 et
1316 571 1447 626 vidit
1472 581 1631 637 super
1659 577 1782 619 eum

199 656 524 750 columbam.
673 656 800 751 ergo
851 684 968 744 post
1010 668 1330 739 baptismum
1375 656 1648 715 descendit
1688 667 1785 707 eo:

203 742 801 848 antequain
836 742 1196 834 baptizaretur
1231 754 1518 815 Dominus,
1553 747 1686 802 dixit
1711 742 1783 797 illi

203 836 459 938 Joannes,
503 865 582 923 Tu
615 836 680 918 ad
718 876 796 915 me
833 856 1007 912 venis?
1041 868 1130 922 ego
1167 867 1200 903 a
1231 856 1276 902 te
1315 845 1464 898 debeo
1503 836 1790 911 baptizari?

206 975 350 1029 ante,
382 932 533 1017 illum
563 961 802 1019 noverat,
830 949 916 1004 cui
952 945 1105 1010 dixit,
1136 941 1212 995 Tu
1240 939 1307 992 ad
1338 952 1414 990 me
1447 932 1732 1000 venis?ego
1757 945 1791 981 a

206 1071 253 1113 te
283 1026 439 1110 debeo
474 1046 763 1121 baptizari?
799 1037 1065 1113 quomodo
1091 1048 1218 1103 ergo
1245 1030 1397 1094 dixit,
1431 1044 1450 1078 ι
1485 1026 1552 1079 Et
1577 1037 1675 1092 ego
1698 1035 1794 1074 ne-

210 1149 445 1204 sciebam
487 1117 647 1205 eum;
679 1135 774 1193 sed
805 1133 892 1204 qui
933 1145 1018 1185 me
1057 1126 1206 1182 misit
1240 1121 1507 1191 baptizare
1545 1117 1597 1170 in
1635 1127 1791 1182 aqua,

211 1241 297 1293 ille
324 1235 458 1290 mihi
487 1231 642 1296 dixit,
673 1223 847 1295 Super
873 1234 1032 1292 quem
1059 1215 1260 1270 videris
1289 1210 1544 1280 Spiritum
1569 1205 1795 1260 descen-

213 1329 430 1382 dentem
479 1322 618 1376 sicut
655 1312 976 1376 columbam,
1018 1314 1072 1361 et
1108 1310 1410 1360 manentem
1455 1311 1616 1366 super
1652 1307 1794 1357 eum,

217 1420 329 1489 ipse
365 1425 451 1471 est
479 1413 569 1483 qui
600 1406 834 1478 baptizat
867 1404 918 1457 in
945 1398 1143 1470 Spiritu
1180 1391 1405 1450 sancto?
1443 1410 1461 1443 ι
1491 1388 1606 1443 Νοιι
1641 1399 1800 1456 parva

216 1482 443 1579 qumstio
469 1482 574 1563 est,
604 1499 793 1554 fratres
818 1493 942 1550 mei.
974 1490 1032 1545 Si
1061 1487 1265 1542 vidistis
1294 1482 1662 1554 qumstionem,
1697 1492 1801 1531 nou

220 1570 407 1671 parum
436 1592 645 1648 vidistis
671 1609 684 1646 :
715 1593 956 1657 superest
983 1591 1041 1636 ut
1081 1579 1245 1650 ipsius
1273 1576 1590 1631 solutionem
1622 1570 1804 1625 Domi-

222 1664 319 1745 nus
361 1687 478 1742 det.
523 1684 725 1738 Tamen
767 1676 896 1733 illud
936 1674 1074 1738 dico,
1103 1672 1148 1726 si
1192 1669 1396 1723 vidistis
1438 1664 1803 1736 qumstiouem,

225 1795 327 1834 non
357 1785 443 1831 est
483 1787 693 1844 parum.
719 1769 857 1823 Ecce
884 1765 1085 1835 positus
1111 1768 1192 1816 est
1225 1760 1457 1814 Joannes
1481 1765 1604 1809 ante
1629 1753 1809 1807 oculos

224 1881 463 1932 vestros,
512 1875 662 1920 stans
709 1861 775 1915 ad
823 1858 1039 1913 ﬂuvium
1086 1853 1319 1908 Joannes
1363 1848 1638 1918 Baptista;
1687 1860 1812 1899 ecce

225 1961 372 2015 venit
386 1958 647 2013 Dominus
663 1952 837 2006 adhuc
858 1945 1222 2017 baptizandus,
1236 1942 1470 1996 nondum
1491 1938 1810 2008 baptizatus:

227 2051 350 2106 andi
377 2062 574 2102 vocem
609 2041 850 2108 Joannis,
879 2038 959 2093 Tu
994 2037 1060 2090 ad
1099 2051 1176 2088 me
1212 2032 1500 2101 venis?ego
1534 2046 1564 2081 a
1595 2039 1639 2080 te
1664 2027 1816 2080 debeo

231 2140 514 2212 baptizari;
551 2151 676 2192 ecce
701 2134 810 2204 jam
855 2128 1125 2200 cognoscit
1168 2126 1479 2185 Dominum,
1508 2137 1536 2175 a
1568 2135 1672 2190 quo
1710 2116 1821 2172 vult

234 2231 518 2302 baptizari.
543 2227 849 2296 Baptizatus
878 2221 1133 2276 Dominus
1162 2215 1400 2271 ascendit
1427 2213 1492 2266 ab
1517 2226 1671 2281 aqua,
1699 2224 1821 2278 ape-

237 2327 450 2379 riuntur
488 2318 632 2384 cmli,
665 2314 937 2370 descendit
974 2311 1220 2380 Spiritus,
1253 2305 1412 2361 modo
1439 2305 1584 2358 illum
1625 2317 1824 2371 cognos-

240 2415 339 2470 scit
379 2412 621 2468 Joannes
657 2425 672 2463 :
715 2408 760 2462 si
801 2404 960 2460 modo
999 2402 1148 2456 illum
1186 2397 1489 2468 cognoscit,
1530 2393 1654 2464 quid
1698 2392 1830 2447 dixit

243 2518 422 2570 antea,
453 2502 568 2573 Ego
605 2518 636 2554 a
666 2510 713 2554 te
751 2499 902 2552 debeo
928 2493 1214 2565 baptizari?
1255 2491 1311 2545 Si
1341 2498 1516 2544 autem
1561 2502 1665 2540 non
1710 2500 1829 2540 eum

249 2598 409 2652 modo
433 2593 728 2664 cognoscit,
751 2590 871 2660 quia
893 2589 1002 2658 jam
1027 2591 1248 2639 noverat
1273 2597 1417 2648 eum,
1439 2579 1564 2650 quid
1586 2587 1666 2632 est
1693 2574 1832 2646 quod

253 2689 406 2754 dixit,
440 2705 462 2739 ι
493 2685 611 2740 Non
646 2695 896 2736 noveram
927 2693 1046 2733 eum
1074 2694 1088 2739 ;
1120 2675 1214 2730 sed
1253 2673 1344 2743 qui
1371 2687 1454 2726 me
1494 2670 1638 2724 misit
1664 2667 1836 2737 bapti-

257 2800 385 2840 zare
432 2783 489 2837 in
531 2796 690 2850 aqua,
737 2779 824 2833 ille
867 2777 996 2831 mihi
1041 2774 1193 2841 dixit,
1226 2773 1399 2841 Super
1445 2785 1601 2840 quem
1646 2766 1841 2822 videris

257 2874 518 2942 Spiritum
564 2868 976 2925 descendentem
1003 2908 1018 2932 ,
1069 2873 1123 2919 et
1165 2870 1468 2917 manentem
1517 2874 1675 2927 super
1719 2871 1843 2911 eum

263 2969 403 3020 sicut
454 2963 780 3026 columbam,
830 2960 944 3030 ipse
999 2964 1082 3012 est
1131 2955 1219 3026 qui
1270 2954 1500 3024 baptizat
1548 2951 1602 3005 in
1647 2949 1847 3019 Spiritu

269 3067 453 3114 sancto
472 3057 498 3110 ?
530 3075 550 3108 ›

343 3149 431 3204 16.
475 3146 710 3210 Fratres,
735 3144 834 3200 ista
861 3141 1081 3213 quaestio
1111 3141 1156 3194 si
1186 3136 1345 3193 hodie
1373 3136 1625 3202 solvatur,
1670 3142 1853 3204 gravat

271 3253 390 3305 vos,
420 3253 529 3292 non
560 3236 743 3292 dubito
762 3276 776 3300 ,
803 3233 926 3304 quia
967 3232 1077 3302 jam
1108 3230 1269 3284 multa
1298 3227 1435 3283 dicta
1483 3234 1622 3282 sunt.
1665 3225 1854 3280 Sciatis

272 3338 457 3384 autem
485 3328 642 3384 talem
659 3328 812 3382 istam
834 3324 1182 3395 quaestionem
1212 3336 1351 3387 esse,
1374 3329 1432 3374 ut
1456 3319 1569 3373 haec
1590 3319 1701 3373 sola
1729 3333 1856 3387 per-

278 3423 413 3475 imat
440 3428 645 3490 partem
673 3417 879 3472 Donati.
909 3415 989 3469 Ad
1015 3415 1117 3468 hoc
1143 3413 1250 3467 dixi
1280 3411 1534 3467 Charitati
1563 3419 1772 3475 vestrm,
1804 3415 1862 3462 ut

280 3511 519 3566 intentos
539 3524 634 3564 vos
658 3508 910 3572 facerem,
942 3505 1188 3561 similiter
1213 3512 1269 3557 ut
1297 3502 1472 3566 soleo;
1495 3501 1650 3554 simul
1673 3507 1864 3554 utore~

286 3605 356 3656 tis
382 3618 482 3673 pro
507 3601 660 3656 nobis
684 3609 737 3655 et
760 3598 911 3653 vobis
929 3638 945 3663 ,
971 3607 1031 3652 ut
1053 3604 1106 3650 et
1130 3594 1282 3649 nobis
1312 3593 1401 3648 det
1427 3593 1679 3646 Dominus
1708 3591 1865 3659 digna

212 3722 218 3728 -
287 3692 431 3762 loqui
455 3733 473 3756 ,
500 3700 555 3746 et
578 3705 672 3746 vos
698 3691 857 3760 digna
888 3702 1076 3757 capere
1105 3684 1436 3740 mereamini.
1470 3682 1682 3738 Interim
1711 3681 1868 3735 hodie

288 3782 583 3854 dignamini
605 3781 839 3836 diﬂ'erre.
862 3779 967 3835 Sed
996 3779 1095 3832 hoc
1113 3775 1344 3831 breviter
1372 3774 1490 3827 dico
1520 3772 1752 3836 interim,
1771 3771 1870 3824 do-

292 3889 394 3929 nec
411 3873 650 3930 solvatur
677 3889 691 3925 :
714 3872 1032 3938 interrogate
1061 3866 1297 3936 pacifice,
1321 3865 1434 3918 sine
1459 3863 1587 3926 rixa,
1609 3861 1723 3914 sine
1743 3875 1870 3914 con«

295 3965 552 4031 teutione,
578 3963 693 4018 sine
712 3959 1166 4022 altercationibus,
1197 3957 1312 4011 sine
1343 3953 1668 4015 inimicitiis;
1701 3959 1755 4005 et
1781 3965 1876 4004 vo-

297 4055 506 4110 biscum
544 4051 788 4123 quaerite,
814 4057 866 4104 et
891 4048 1022 4103 alios
1047 4048 1396 4114 interrogate,
1427 4051 1481 4097 et
1522 4042 1699 4107 dicite,
1731 4040 1878 4094 Hanc

298 4145 649 4215 quaestionem
681 4141 956 4212 proposuit
985 4139 1138 4194 nobis
1167 4137 1323 4192 hodie
1351 4136 1630 4206 episcopus
1673 4143 1875 4195 noster,

299 4234 591 4306 aliquando
617 4233 662 4288 si
694 4232 948 4287 Dominus
967 4227 1314 4292 concesserit,
1334 4227 1602 4280 soluturus
1619 4240 1756 4279 eam.
1777 4221 1880 4277 Sed

301 4327 418 4380 sive
444 4325 681 4379 solvatur
705 4323 816 4377 sive
835 4336 940 4376 non
968 4321 1221 4383 solvatur,
1241 4326 1420 4388 putate
1442 4331 1528 4370 me
1548 4314 1884 4385 proposuisse

303 4414 452 4485 quod
481 4429 568 4469 me
593 4421 770 4468 movet
801 4431 814 4465 :
849 4426 1070 4465 moveor
1099 4409 1240 4464 enim
1280 4406 1524 4462 multum.
1559 4406 1695 4459 Dicit
1722 4405 1884 4458 Joan-

306 4520 426 4569 nes,
455 4503 570 4574 Ego
595 4521 627 4557 a
653 4513 700 4556 te
721 4503 872 4556 debeo
894 4500 1175 4571 baptizari;
1202 4508 1450 4568 tanquam
1471 4495 1683 4549 Christo
1707 4493 1890 4564 cogni-

2437 1442 2841 1505 TRACTATUS
2890 1445 2954 1500 Υ.

1910 1570 2128 1626 Rursum
2156 1569 2210 1622 in
2253 1565 2403 1629 illud,
2435 1561 2503 1618 Et
2531 1577 2629 1630 ego
2666 1558 2964 1614 nesciebam
3017 1568 3158 1622 eum,
3211 1565 3304 1608 etc.
3350 1551 3483 1619 Quid

1985 1660 2097 1714 novi
2146 1657 2371 1712 Joannes
2416 1652 2644 1706 didicerit
2688 1650 2750 1702 de
2787 1647 3008 1702 Domino
3051 1663 3137 1716 per
3185 1645 3484 1727 columbam.

1985 1750 2110 1820 Cap.
2135 1765 2172 1814 I,
2212 1748 2245 1818 ᾖ
2271 1785 2285 1798 .
2311 1747 2399 1802 55.

1981 1884 2034 1937 l.
2051 1878 2463 1936 SicutDomiuus
2477 1875 2661 1940 voluit,
2676 1871 2743 1926 ad
2758 1871 2899 1927 diem
2919 1867 3281 1940 promissionis
3297 1874 3492 1919 nostra:

1921 1973 2289 2043 pervenimus:
2315 1966 2584 2037 przestabit
2601 1965 2760 2020 etiam
2788 1964 2906 2025 hoc,
2927 1971 2984 2014 ut
2999 1960 3061 2014 ad
3088 1960 3249 2028 ipsius
3271 1957 3496 2026 promis-

1922 2064 2085 2118 sionis
2109 2060 2459 2116 redditionem
2483 2055 2768 2126 pervenire
2789 2051 3068 2122 possimus.
3093 2051 3241 2104 'l‘unc
3265 2049 3404 2103 enim
3432 2062 3496 2103 ea

1925 2165 2041 2223 qua:
2069 2151 2313 2209 dicimus,
2339 2156 2395 2204 et
2423 2146 2575 2201 nobis
2603 2153 2653 2200 et
2684 2143 2832 2197 vobis
2877 2142 2920 2197 si
2953 2141 3099 2194 utilia
3127 2151 3267 2201 sunt,
3292 2139 3357 2192 ab
3383 2138 3498 2205 ipso

1928 2251 2080 2297 sunt:
2107 2257 2222 2310 quae
2239 2249 2411 2293 autem
2429 2238 2495 2291 ab
2511 2236 2722 2290 homine
2738 2242 2877 2298 sunt,
2898 2231 3168 2287 mendacia
3188 2238 3337 2294 sunt;
3360 2230 3497 2282 sicut

1932 2325 2044 2404 ipse
2069 2333 2198 2386 dixit
2220 2330 2471 2384 Dominus
2491 2336 2671 2380 uoster
2689 2325 2844 2379 Jesus
2869 2323 3128 2385 Christus,
3161 2320 3256 2385 Qui
3284 2320 3505 2388 loquitur

1936 2422 2269 2483 mendacium,
2292 2417 2354 2470 de
2367 2433 2457 2471 suo
2480 2416 2696 2480 loquitur
2723 2410 2900 2486 (Joan.
2930 2426 3044 2476 VIII,
3077 2411 3192 2481 44).
3221 2409 3385 2462 Nemo
3415 2407 3511 2461 ha-

1937 2516 2026 2569 bet
2051 2513 2118 2568 de
2143 2527 2260 2576 suo,
2285 2509 2385 2563 nisi
2416 2507 2746 2562 mendacium
2765 2512 2817 2558 et
2846 2510 3142 2572 peccatum.
3182 2502 3235 2554 Si
3263 2499 3386 2569 quid
3417 2515 3511 2551 au-

1942 2613 2046 2660 tem
2079 2604 2238 2657 homo
2263 2600 2420 2654 habet
2446 2597 2682 2652 veritatis
2719 2603 2876 2664 atque
2901 2593 3138 2662 justitiac,
3166 2591 3232 2644 ab
3257 2591 3344 2644 illo
3371 2590 3515 2643 fonte

1943 2705 2044 2761 est,
2071 2709 2226 2765 quem
2251 2693 2505 2747 debemus
2533 2689 2680 2743 sitire
2695 2688 2746 2741 in
2774 2686 2874 2740 hac
2895 2698 3096 2748 eremo,
3122 2691 3177 2735 ut
3195 2698 3260 2736 cx
3285 2696 3351 2736 eo
3367 2680 3515 2749 quasi

1943 2787 2107 2857 guttis
2155 2782 2468 2854 quibusdam
2521 2777 2750 2839 irrorali,
2794 2785 2848 2830 et
2889 2776 2942 2828 in
2973 2773 3071 2828 hac
3100 2772 3519 2841 peregrinatione

1949 2878 2156 2932 interim
2179 2873 2454 2936 consolati,
2482 2888 2547 2924 ne
2568 2869 2871 2933 deficiamus
2900 2866 2952 2920 in
2979 2866 3080 2928 via,
3106 2865 3285 2918 venire
3312 2863 3376 2915 ad
3406 2864 3521 2931 ejus

1952 2967 2185 3036 requiem
2217 2965 2618 3029 satietatemqne
2643 2958 2926 3027 possimus.
2949 2955 3002 3010 Si
3033 2968 3157 3024 ergo
3177 2955 3262 3022 qui
3302 2954 3522 3021 loquitur

1955 3056 2290 3119 mendacium,
2316 3054 2377 3106 de
2391 3068 2482 3106 suo
2503 3051 2757 3120 loquitur;
2779 3047 2865 3117 qui
2888 3046 3119 3115 loquitur
3141 3045 3435 3106 veritatem,
3459 3043 3525 3097 de

1961 3149 2067 3201 Deo
2091 3145 2340 3215 loquitur.
2371 3143 2539 3196 Verax
2567 3140 2818 3201 Joannes,
2850 3138 3044 3191 veritas
3069 3135 3338 3198 Christus;
3372 3151 3530 3188 verax

1959 3239 2211 3303 Joannes,
2234 3236 2324 3290 sed
2349 3235 2520 3288 omnis
2539 3247 2699 3286 verax
2724 3246 2752 3284 a
2781 3231 3000 3284 veritate
3026 3244 3185 3282 verax
3202 3235 3280 3283 est
3303 3246 3316 3281 :
3341 3228 3382 3280 si
3406 3243 3532 3297 ergo

1962 3347 2119 3385 verax
2150 3337 2232 3383 est
2253 3328 2504 3389 Joannes,
2553 3333 2606 3378 et
2657 3338 2817 3377 verax
2857 3336 2975 3376 esse
3003 3320 3161 3374 homo
3191 3335 3295 3374 non
3340 3329 3532 3388 potest,

1965 3424 2065 3476 nisi
2088 3437 2117 3475 a
2143 3421 2396 3483 veritate;
2431 3432 2580 3486 aquo
2611 3423 2725 3470 erat
2753 3429 2934 3479 verax,
2967 3414 3065 3467 nisi
3094 3413 3162 3467 ab
3181 3429 3244 3467 eo
3273 3413 3362 3484 qui
3385 3414 3536 3478 dixit,

1968 3513 2078 3583 Ego
2099 3527 2210 3565 sum
2231 3510 2408 3563 veritas
2436 3506 2545 3577 (Id.
2577 3523 2686 3571 xtv,
2719 3506 2806 3573 6)?
2833 3504 2944 3558 Non
2975 3519 3118 3572 ergo,
3147 3513 3320 3572 posset
3341 3503 3540 3568 dicere,

1970 3611 2059 3657 ant
2079 3603 2271 3656 veritas
2298 3608 2481 3653 contra
2532 3613 2791 3660 veracem,
2820 3605 2910 3649 aut
2951 3607 3107 3648 verax
3136 3604 3317 3648 contra
3346 3595 3543 3647 verita-

1974 3703 2098 3746 tem.
2133 3691 2386 3745 Veracem
2415 3687 2607 3742 veritas
2637 3686 2806 3749 misit;
2838 3694 2891 3738 et
2920 3683 3038 3738 ideo
3067 3699 3224 3738 verax
3254 3694 3386 3749 erat,
3411 3699 3542 3750 quo-

1975 3784 2114 3838 niam
2137 3795 2166 3833 a
2195 3779 2416 3834 veritate
2437 3778 2630 3830 missus
2651 3784 2784 3828 erat.
2807 3774 2860 3828 Si
2881 3774 3076 3828 veritas
3107 3773 3360 3826 Joannem
3385 3773 3546 3824 mise-

1978 3885 2081 3939 rat,
2123 3866 2365 3928 Christus
2403 3885 2522 3923 eum
2567 3869 2802 3922 miserat.
2835 3865 2937 3920 Sed
2974 3865 3114 3934 quod
3154 3864 3392 3918 Christus
3427 3879 3548 3917 cunt

1983 3969 2136 4020 l‘atre
2161 3963 2305 4028 facit,
2341 3961 2496 4015 Pater
2539 3959 2661 4013 facit
2690 3976 2702 4012 :
2730 3955 2946 4025 etquod
2992 3957 3147 4010 Pater
3173 3971 3291 4008 cum
3341 3953 3553 4008 Christo

1983 4057 2125 4122 facit,
2147 4055 2389 4109 Christus
2414 4051 2554 4104 facit.
2579 4049 2686 4103 Nec
2711 4062 2951 4103 seorsum
2999 4047 3154 4100 Pater
3185 4045 3383 4114 aliquid
3431 4043 3557 4097 facit

1984 4151 2099 4203 sine
2127 4147 2302 4210 Filio;
2358 4159 2456 4198 nec
2489 4156 2726 4196 seorsum
2767 4138 2963 4208 aliquid
3009 4137 3174 4192 Filius
3208 4138 3323 4192 sine
3362 4137 3555 4191 Patre:

1987 4237 2351 4309 inseparabilis
2374 4235 2623 4299 charitas,
2638 4229 3003 4300 inseparabilis
3024 4230 3216 4296 unitas,
3239 4228 3562 4297 inseparabi-

1991 4333 2053 4386 lis
2084 4331 2354 4400 majestas,
2388 4324 2754 4394 inseparabilis
2808 4329 3070 4392 potestas,
3117 4320 3409 4376 secundum
3449 4319 3564 4373 luce

1992 4424 2149 4476 verba
2178 4437 2294 4491 quae
2321 4420 2433 4489 ipse
2451 4417 2642 4486 posuit,
2665 4415 2772 4484 Ego
2793 4423 2838 4466 et
2852 4412 3007 4466 Pater
3044 4428 3198 4465 unum
3240 4411 3446 4480 sumus(
3474 4410 3564 4463 Id.

1992 4530 2047 4578 x,
2077 4512 2188 4581 50).
2219 4510 2348 4577 Quis
2375 4523 2501 4577 ergo
2527 4505 2670 4559 misit
2692 4502 2988 4558 Joannem?
3013 4501 3069 4556 Si
3100 4501 3357 4568 dicamus,
3386 4500 3567 4565 Pater,

310 4606 384 4648 to.
414 4593 476 4650 Si
501 4593 644 4648 enim
675 4607 782 4646 non
811 4599 1030 4645 noverat
1054 4603 1174 4643 eum
1207 4603 1237 4643 a
1258 4603 1361 4658 quo
1387 4585 1594 4640 volebat
1615 4583 1886 4653 baptizari,

311 4695 518 4740 temere
535 4683 766 4749 dicebat,
798 4682 908 4752 Ego
931 4698 962 4734 a
987 4692 1034 4734 te
1054 4679 1206 4733 debeo
1232 4678 1497 4747 baptizari.
1521 4675 1748 4730 Noverat
1767 4689 1893 4744 ergo

312 4790 462 4828 cum.
492 4773 547 4829 Si
586 4781 806 4827 noverat
832 4787 952 4826 eum
976 4813 990 4837 ,
1015 4769 1139 4840 quid
1168 4777 1250 4823 est
1275 4783 1400 4838 ergo
1422 4767 1563 4838 quod
1591 4767 1741 4832 dicit,
1774 4765 1895 4819 Non

315 4881 558 4919 noveram
583 4881 728 4930 eum;
757 4862 846 4918 sed
865 4863 950 4933 qui
976 4878 1054 4915 me
1087 4861 1221 4914 misit
1246 4860 1500 4929 baptizare
1523 4859 1575 4911 in
1605 4873 1765 4930 aqua,
1791 4857 1898 4927 ipse

317 4957 444 5010 mihi
471 4957 620 5022 dixit,
645 4956 812 5025 Super
838 4971 983 5024 quem
1019 4953 1201 5007 videris
1231 4953 1484 5023 Spiritum
1522 4951 1898 5005 descendentem

317 5057 365 5098 et
389 5055 678 5100 manentem
719 5061 869 5109 super
912 5061 1044 5107 eum,
1073 5044 1202 5097 sicut
1248 5042 1549 5108 columbam,
1589 5043 1695 5113 ipse
1727 5043 1902 5113 estqui

321 5137 547 5207 baptizat
573 5137 627 5190 in
655 5135 853 5207 Spiritu
876 5137 1092 5189 sancto?
1117 5133 1253 5203 Quid
1299 5134 1491 5189 dicturi
1521 5134 1741 5188 sumus?
1768 5133 1901 5199 Quia

321 5245 428 5281 non
452 5227 653 5282 scimus
675 5225 886 5296 quando
912 5226 1119 5281 venerit
1136 5224 1418 5280 columba?
1444 5225 1522 5280 Ne
1549 5224 1684 5279 forte
1727 5225 1797 5279 ibi
1823 5224 1902 5277 la-

322 5327 476 5373 teant
504 5319 546 5385 ²,
591 5319 831 5388 legantur
873 5317 963 5372 alii
1007 5317 1362 5386 evangelista,
1412 5317 1500 5386 qui
1543 5316 1748 5386 planius
1777 5315 1905 5370 illud

322 5411 614 5465 dixerunt:
643 5418 699 5464 et
722 5409 1017 5463 invenimus
1046 5408 1378 5478 apertissime
1409 5417 1532 5461 tunc
1567 5405 1906 5462 descendisse

324 5499 655 5566 columbam,
695 5513 816 5553 cum
845 5498 1098 5552 Dominus
1143 5497 1210 5551 ab
1255 5511 1390 5566 aqua
1435 5495 1694 5551 ascendit.
1740 5496 1910 5566 Super

328 5589 654 5659 baptizatum
685 5589 824 5643 enim
856 5589 1025 5658 aperti
1053 5597 1176 5644 sunt
1204 5589 1348 5654 cteli,
1376 5599 1431 5643 et
1479 5589 1610 5643 vidit
1658 5587 1911 5658 Spiritum

328 5679 750 5735 descendentem
782 5678 992 5750 (Matth.
1019 5697 1096 5747 ιιι,
1129 5680 1214 5747 l6,
1248 5680 1414 5735 Marc.
1436 5696 1472 5746 ι,
1499 5679 1586 5748 lO,
1608 5689 1657 5736 et
1678 5679 1802 5738 Luc.
1831 5699 1910 5752 III,

394 5796 409 5825 ι
437 5794 577 5854 aliti,
598 5794 758 5844 lateat.
782 5800 911 5855 Mss,
934 5793 1108 5846 meum
1131 5806 1148 5844 :
1171 5793 1371 5856 scilicet,
1395 5793 1664 5845 Donatistae.

1997 4618 2176 4658 verum
2207 4601 2457 4662 dicimus;
2488 4598 2530 4652 si
2554 4597 2810 4658 dicamus,
2841 4593 3040 4658 Filius,
3087 4608 3271 4648 verum
3310 4591 3567 4646 diciums:

1999 4692 2327 4749 manifestius
2354 4699 2531 4742 autem
2553 4696 2612 4740 ut
2640 4685 2897 4747 dicamus,
2927 4684 3085 4738 Pater
3114 4692 3168 4738 et
3189 4682 3373 4737 Filius.
3403 4681 3572 4748 Quem

2001 4785 2143 4839 misit
2171 4792 2346 4836 autem
2387 4780 2542 4833 Pater
2585 4786 2640 4831 et
2668 4775 2852 4838 Filius,
2893 4790 3032 4828 unus
3059 4775 3198 4828 Deus
3238 4773 3409 4835 misit;
3451 4771 3575 4839 quia

2001 4879 2167 4932 Filius
2196 4875 2347 4939 dixit,
2384 4871 2492 4942 Ego
2515 4880 2561 4924 et
2585 4868 2742 4922 Pater
2761 4883 2914 4920 unum
2939 4863 3424 4932 stmtus.Quomodo
3452 4878 3579 4930 ergo

2005 4967 2273 5030 nesciebat
2297 4981 2418 5020 eum
2467 4977 2497 5016 a
2545 4977 2650 5030 quo
2682 4959 2873 5013 missus
2904 4957 3022 5013 est?
3073 4958 3214 5011 Dixit
3261 4957 3423 5020 enim,
3471 4953 3581 5024 Ego

2007 5058 2282 5112 nesciebam
2304 5071 2415 5110 eum
2437 5070 2455 5118 ;
2491 5053 2577 5106 sed
2597 5052 2682 5120 qui
2702 5067 2781 5103 me
2803 5050 2937 5103 misit
2961 5048 3214 5118 baptizare
3235 5047 3288 5099 in
3313 5060 3462 5114 aqua,
3479 5046 3586 5113 ipse

2006 5149 2129 5201 mihi
2151 5148 2296 5201 dixit.
2331 5144 2605 5213 Interrogo
2633 5141 2913 5206 Joannem,
2939 5139 3039 5208 Qui
3066 5149 3116 5193 te
3144 5138 3287 5191 misit
3313 5135 3586 5203 baptizare

2010 5241 2060 5294 in
2091 5253 2246 5308 aqua,
2274 5235 2400 5306 quid
2433 5234 2524 5288 tibi
2550 5231 2717 5287 dixit?
2752 5231 2919 5302 Super
2942 5245 3092 5300 quem
3119 5226 3304 5282 videris
3329 5225 3586 5295 Spiritum

2011 5330 2406 5392 descendentem,
2428 5327 2554 5381 sicut
2583 5323 2885 5388 columbam,
2905 5333 2952 5377 et
2971 5329 3248 5375 manentem
3273 5336 3423 5388 super
3449 5337 3586 5386 eum,

2013 5421 2119 5490 ipse
2147 5427 2219 5473 est
2238 5419 2323 5488 qui
2340 5418 2558 5487 baptizat
2587 5417 2639 5470 in
2663 5415 2862 5486 Spiritu
2881 5421 3071 5468 sancto.
3098 5411 3210 5466 [loc
3233 5410 3350 5476 tibi,
3371 5425 3404 5465 0
3429 5411 3590 5466 Joan-

2017 5525 2134 5576 nes,
2179 5509 2313 5564 dixit
2347 5507 2438 5578 qui
2469 5516 2520 5561 te
2550 5507 2730 5561 misit?
2772 5503 3103 5560 Manifestum
3131 5503 3252 5572 quia
3299 5501 3420 5557 hoc.
3459 5503 3593 5570 Quis

2017 5617 2144 5674 ergo
2168 5609 2222 5658 te
2250 5601 2428 5657 misit?
2449 5599 2611 5655 Forte
2635 5600 2809 5653 Pater.
2836 5596 3008 5652 Verus
3027 5596 3168 5651 Deus
3184 5595 3360 5660 Pater,
3383 5605 3437 5650 et
3450 5596 3592 5650 veri-

2020 5705 2102 5752 tas
2127 5696 2268 5752 Deus
2286 5695 2452 5750 Filius
2475 5711 2487 5748 :
2516 5693 2560 5748 si
2586 5691 2742 5746 Pater
2759 5689 2874 5744 sine
2892 5686 3026 5742 Filio
3053 5696 3104 5743 te
3125 5687 3289 5753 misit,
3321 5687 3461 5742 Deus
3478 5684 3596 5741 sine

2038 5788 2264 5844 veritate
2291 5796 2341 5843 te
2370 5787 2508 5842 misit
2540 5802 2552 5837 :
2585 5783 2626 5837 si
2654 5781 2773 5836 ideo
2795 5788 2970 5835 autem
2996 5794 3154 5836 verax
3179 5793 3265 5847 es,
3277 5776 3397 5849 quia
3422 5775 3594 5832 verita
