4012 6478
509 334 652 398 “15
679 347 682 350 ’

511 465 621 514 tem
666 449 916 528 loqueris,
947 461 1002 512 et
1044 463 1112 512 ex
1142 454 1362 512 veritate
1407 449 1672 520 loqueris;
1704 461 1809 502 non
1855 453 1908 500 te
1949 442 2095 498 misit

511 547 672 602 Pater
693 548 808 602 sine
846 547 1000 613 Filio,
1045 546 1140 602 sed
1177 545 1333 601 simul
1363 555 1414 598 te
1438 541 1582 596 misit
1621 547 1773 609 pater
1798 545 1854 594 et
1881 535 2047 590 Filius
2077 553 2092 592 :

510 638 559 693 si
583 653 710 709 ergo
733 647 787 692 et
805 639 972 692 Filius
1001 646 1054 694 te
1081 637 1224 692 misit
1241 651 1362 692 cum
1394 635 1568 695 Patre,
1601 627 1869 701 quomodo
1889 627 2096 682 nescie-

515 727 612 782 bas
631 743 751 782 eum
795 742 825 782 a
854 743 962 798 quo
990 728 1182 782 missus
1203 725 1300 781 es?
1335 724 1502 790 Quem
1525 720 1734 775 videras
1763 719 1816 772 in
1842 715 2089 780 veritate,

512 818 627 888 ipse
653 827 704 874 te
733 819 875 874 misit
897 827 952 872 ut
982 825 1358 888 agnosceretur
1383 815 1434 869 in
1456 827 1636 878 carne,
1659 821 1708 866 et
1737 807 1889 874 dixit,
1925 807 2094 876 Super

513 925 660 977 quem
679 909 861 963 uideris
887 908 1136 978 Spiritum
1160 905 1536 960 descendentem
1563 901 1689 956 sicut
1721 897 2022 962 columbam,
2046 905 2094 950 et

513 1011 798 1056 manentem
824 1013 975 1072 super
1015 1017 1147 1064 eum,
1193 995 1300 1069 ipse
1330 1005 1401 1054 est
1424 996 1509 1068 qui
1539 995 1761 1066 baptizat
1807 993 1861 1046 in
1895 989 2094 1062 Spiritu

511 1102 708 1148 sancto.

587 1181 643 1236 2.
675 1179 788 1236 lloc
821 1179 1024 1235 audivit
1051 1177 1302 1243 Joannes,
1333 1179 1392 1231 ut
1411 1177 1594 1230 nosset
1620 1187 1741 1228 eum
1781 1185 1936 1242 quem
1986 1183 2092 1224 non

520 1282 761 1337 noverat,
792 1289 856 1326 an
891 1281 947 1327 ut
972 1272 1174 1342 plenius
1201 1277 1382 1324 nosset
1413 1281 1567 1338 quem
1600 1265 1710 1336 jam
1742 1262 1998 1318 noverat?
2037 1261 2092 1318 Si

516 1366 662 1421 enim
687 1365 832 1420 omni
856 1381 921 1418 ex
945 1371 1091 1433 parte
1125 1378 1230 1416 non
1277 1368 1476 1424 nosset,
1501 1374 1606 1414 non
1629 1355 1860 1412 venienti
1901 1355 1966 1409 ad
1999 1349 2096 1408 llu-

510 1457 658 1510 vium
681 1465 737 1510 ut
757 1456 1113 1524 baptizaretur
1139 1454 1358 1516 diceret,
1379 1449 1488 1522 Ego
1515 1468 1547 1504 a
1578 1459 1624 1504 te
1650 1448 1800 1504 debeo
1826 1447 2090 1516 baptizari,

511 1554 560 1600 et
577 1554 631 1599 tu
652 1547 787 1600 uenis
816 1545 883 1598 ad
910 1559 988 1598 me
1009 1543 1220 1614 (Matth.
1237 1557 1310 1607 nt,
1334 1541 1421 1612 14)
1437 1543 1692 1596 Moverat
1711 1555 1856 1610 ergo.
1871 1538 2093 1606 Quando

511 1645 689 1692 autem
718 1635 964 1690 columba
988 1634 1302 1690 descendit?
1330 1634 1444 1688 Jam
1463 1633 1729 1702 baptizata
1757 1631 2006 1696 Domino,
2039 1638 2094 1685 et

511 1729 580 1784 ab
605 1743 739 1798 aqua
781 1727 1120 1783 ascendente.
1152 1727 1220 1781 At
1244 1727 1288 1781 si
1333 1726 1423 1780 ille
1451 1725 1541 1796 qui
1581 1741 1702 1779 eum
1749 1719 2088 1788 mlsit,dixit,

513 1819 682 1890 Super
706 1837 851 1890 quem
877 1819 1058 1874 videris
1083 1819 1332 1888 Spiritum
1351 1817 1728 1872 descendentem
1743 1819 1870 1870 sicut
1899 1815 2094 1868 colum-

516 1909 652 1976 bam,
682 1893 728 1963 et
767 1918 1043 1964 manentem
1081 1925 1235 1978 super
1260 1925 1394 1973 eum,
1426 1908 1532 1978 ipse
1572 1917 1645 1962 est
1671 1907 1756 1976 qui
1793 1907 2010 1976 baptizat
2038 1905 2092 1958 in

515 1997 714 2069 Spiritu
759 2009 968 2064 sancto;
1013 2009 1068 2054 et
1105 2016 1210 2054 non
1264 2007 1482 2054 noverat
1515 2014 1672 2065 eum,
1714 1997 1808 2052 sed
1850 1997 2092 2052 columba

511 2087 867 2142 descendente
887 2089 1132 2158 cognovit
1155 2104 1274 2143 eum
1295 2105 1310 2155 ;
1329 2089 1572 2144 columba
1592 2103 1719 2144 vero
1733 2098 1854 2142 tunc
1869 2087 2092 2142 descen-

512 2177 622 2244 dit,
651 2179 860 2248 quando
893 2179 1144 2233 Dominus
1172 2179 1240 2234 ab
1266 2193 1400 2248 aqua
1439 2178 1714 2242 ascendit;
1747 2187 1872 2232 tunc
1915 2185 2091 2230 autem

511 2277 834 2338 cognoverat
856 2269 1089 2324 Joannes
1117 2269 1427 2334 Dominum,
1459 2267 1672 2338 quando
1709 2267 1774 2322 ad
1807 2282 1926 2321 eum
1981 2267 2089 2320 Do-

514 2360 693 2414 minus
719 2359 782 2414 ad
809 2375 1000 2430 aquam
1039 2360 1324 2414 veniebat:
1364 2359 1736 2416 manifestatur
1769 2359 1922 2414 nobis
1967 2360 2086 2430 quia

513 2449 745 2506 Joannes
769 2450 1060 2505 secundum
1089 2450 1288 2520 aliquid
1319 2458 1557 2517 noverat,
1585 2450 1874 2505 secundum
1893 2450 2088 2520 aliquid

510 2540 745 2595 nondum
769 2551 990 2595 noverat
1011 2542 1314 2596 Dominum.
1342 2540 1456 2595 Nisi
1484 2551 1658 2596 autem
1687 2541 1786 2596 hoc
1811 2542 2086 2596 intellexe-

510 2630 701 2696 rimus,
719 2632 948 2686 meudax
980 2641 1112 2686 erat.
1141 2631 1418 2699 Quomodo
1443 2640 1560 2686 erat
1586 2647 1744 2686 verax
1771 2646 2086 2702 agnoscens,

513 2722 602 2792 qui
628 2721 774 2786 dicit,
813 2721 892 2776 Tu
915 2723 984 2776 ad
1008 2740 1087 2777 me
1127 2725 1262 2776 venis
1287 2723 1564 2792 baptizari,
1594 2733 1648 2778 et
1675 2740 1764 2793 ego
1796 2741 1827 2776 a
1855 2733 1901 2776 te
1938 2723 2090 2778 debeo

517 2813 802 2882 baptizari?
830 2813 1000 2868 Verax
1025 2823 1106 2868 est
1133 2829 1252 2868 eum
1275 2815 1377 2868 hoc
1403 2815 1566 2868 dicit?
1593 2815 1659 2868 Et
1685 2815 1950 2884 quomodo
1973 2831 2090 2868 rur-

512 2919 604 2956 sus
631 2919 790 2957 verax
818 2913 898 2956 est
925 2918 1044 2958 cum
1069 2903 1215 2968 dicit,
1253 2903 1366 2975 Ego
1401 2921 1502 2958 non
1532 2921 1767 2958 noveram
1813 2919 1958 2968 eum;
2001 2905 2089 2957 sed

511 2994 602 3064 qui
619 2994 751 3046 misit
780 3011 858 3047 me
885 2994 1139 3064 baptizare
1175 2995 1228 3047 in
1261 3012 1421 3064 aqua,
1450 2998 1556 3066 ipse
1582 2996 1704 3048 mihi
1743 2995 1890 3062 dixit,
1921 2996 2090 3064 Super

510 3101 655 3154 quem
679 3085 859 3138 uideris
885 3083 1134 3153 Spiritum
1164 3086 1540 3139 descendentem
1563 3087 1692 3140 sicut
1710 3087 2015 3154 columbam,
2041 3097 2090 3140 et

510 3185 793 3230 manentem
820 3193 972 3244 super
1016 3193 1148 3240 cum,
1179 3177 1290 3246 ipse
1326 3186 1396 3230 est
1421 3178 1505 3248 qui
1554 3176 1776 3246 baptizat
1806 3177 1858 3230 in
1888 3176 2090 3248 Spiritu

507 3267 718 3321 sancto?
743 3265 972 3320 lnnotuit
998 3281 1095 3336 per
1136 3265 1435 3321 columbam
1467 3265 1740 3328 Dominus,
1787 3279 1893 3320 non
1921 3266 1970 3320 ei
1997 3268 2086 3335 qui

509 3373 568 3414 se
607 3373 714 3411 non
753 3366 1010 3421 noverat,
1054 3356 1146 3410 sed
1194 3356 1242 3410 ei
1286 3356 1376 3424 qui
1421 3355 1472 3409 in
1504 3371 1568 3410 eo
1600 3355 1799 3424 aliquid
1843 3365 2086 3427 noverat,

508 3439 708 3516 aliquid
761 3461 865 3498 non
919 3453 1156 3498 noverat.
1216 3444 1464 3498 Nostrum
1523 3454 1604 3499 est
1663 3459 1790 3514 ergo
1848 3460 2089 3514 qumrere

509 3537 633 3606 quid
661 3537 711 3591 in
733 3552 797 3591 eo
818 3535 1046 3590 Joannes
1069 3534 1301 3590 nondum
1325 3543 1559 3600 noverat,
1588 3545 1641 3590 et
1667 3551 1761 3604 per
1785 3535 2085 3590 columbam

507 3629 713 3684 didicit.

581 3722 634 3776 5.
675 3719 849 3787 Quare
878 3719 1068 3773 missus
1096 3726 1179 3773 est
1218 3717 1450 3772 Joannes
1479 3716 1782 3786 baptizans?
1809 3718 1924 3774 Jam
1975 3736 2090 3776 me-

511 3813 638 3868 mini
669 3831 754 3867 tne
801 3822 1053 3882 quantum
1096 3813 1238 3881 potui
1275 3811 1473 3866 dixisse
1517 3812 1766 3866 Charitali
1795 3823 2003 3868 vestrm.
2031 3813 2087 3868 Si

489 3905 650 3959 enim
667 3904 960 3972 baptismus
973 3903 1190 3956 Joannis
1213 3903 1540 3957 necesSarios
1561 3911 1671 3956 erat
1685 3903 1840 3956 saluti
1859 3914 2084 3970 nostrae;

507 4008 564 4054 et
614 3997 771 4050 modo
799 3995 981 4048 debuit
1009 3995 1268 4048 exerceri.
1311 3994 1425 4048 Non
1468 3996 1610 4048 enim
1656 3996 1815 4049 modo
1845 4011 1950 4050 non
1983 3998 2088 4050 sal-

509 4105 702 4150 vantur
729 4096 990 4162 homines,
1019 4101 1106 4147 aut
1147 4109 1252 4146 non
1287 4091 1448 4146 modo
1473 4093 1650 4162 plures
1678 4092 1968 4160 salvantur,
1998 4103 2089 4149 aut

509 4188 611 4242 alia
658 4199 780 4242 tunc
808 4188 950 4242 salus
979 4194 1114 4252 erat,
1166 4193 1221 4240 et
1248 4184 1350 4238 alia
1399 4184 1577 4238 modo.
1624 4183 1680 4239 Si
1734 4194 1969 4240 mutatus
2006 4196 2088 4241 est

507 4276 772 4344 Christus,
801 4287 995 4331 mutata
1025 4286 1106 4332 est
1138 4285 1192 4330 et
1215 4275 1357 4330 salus
1388 4291 1400 4328 :
1431 4275 1476 4330 si
1497 4275 1639 4330 salus
1661 4276 1712 4330 in
1739 4276 1952 4333 Christo
1979 4287 2082 4344 est,

510 4380 564 4424 et
592 4370 730 4424 idem
754 4370 864 4436 ipse
881 4368 1121 4422 Christus
1141 4376 1244 4433 est,
1282 4366 1467 4421 eadem
1494 4368 1647 4421 nobis
1673 4368 1815 4422 salus
1845 4377 1944 4422 est.
1977 4369 2082 4423 Sed

506 4476 670 4529 quare
695 4461 890 4514 missus
921 4465 1004 4513 est
1043 4458 1273 4512 Joannes
1303 4457 1611 4526 baptizans?
1639 4457 1772 4524 Quia
1804 4459 2087 4527 Oportebat

507 4541 766 4618 baptizari
794 4550 1084 4604 Christum.
1111 4548 1282 4614 Quare
1329 4549 1607 4615 Oportebat
1634 4549 1886 4618 baptizari
1928 4550 2083 4604 Citri-

505 4640 685 4696 stum?
713 4639 886 4706 Quare
911 4637 1144 4706 Oportuit
1165 4637 1306 4690 nasci
1324 4636 1627 4691 Christum?
1657 4653 1821 4706 quare
1849 4641 2084 4708 oportuit

503 4729 738 4799 crucifigi
761 4729 1028 4784 Christum
1048 4727 1161 4798 (a)?
1199 4727 1254 4782 Si
1301 4728 1442 4782 enim
1481 4727 1618 4782 viam
1647 4728 1960 4784 humilitatis
1985 4731 2082 4784 de-

505 4828 895 4876 monstraturus
936 4819 1256 4885 advenerat,
1286 4825 1339 4872 et
1376 4818 1610 4888 seipsum
1641 4819 1873 4873 facturus
1915 4820 2080 4888 ipsam

505 4911 816 4967 humilitatis
839 4913 1009 4975 viam;
1041 4911 1092 4964 itt
1119 4910 1366 4964 omnibus
1387 4911 1452 4964 ab
1471 4925 1536 4965 eo
1561 4911 1826 4980 implenda
1845 4923 1957 4965 erat
1987 4912 2083 4965 Itu-

504 5005 717 5058 ntilitas.
751 5002 1132 5058 Auctoritatem
1151 5000 1278 5056 dare
1303 5000 1564 5070 baptismo
1581 5015 1678 5056 suo
1699 5000 1822 5056 hinc
1838 5001 2081 5070 dignatus

501 5103 604 5161 est,
631 5108 689 5149 ul.
713 5103 1094 5164 cognoscerent
1133 5092 1270 5146 servi
1302 5102 1496 5160 quanta
1524 5093 1794 5146 alacritate
1823 5092 2082 5146 deberent

503 5199 720 5240 currere
748 5185 813 5238 ad
855 5184 1174 5254 baptismum
1209 5182 1444 5244 Domini,
1473 5182 1682 5251 quando
1703 5181 1817 5250 ipse
1855 5198 1960 5235 non
1987 5181 2081 5234 dc-

501 5281 750 5350 dignatus
803 5287 886 5336 est
923 5278 1192 5347 suscipere
1239 5275 1554 5346 baptismum
1611 5277 1769 5332 servi.
1816 5277 2074 5331 Donatum

502 5372 646 5425 enim
673 5379 791 5424 erat
815 5369 918 5424 hoc
941 5367 1151 5432 Joanni,
1192 5373 1250 5418 ut
1277 5365 1444 5434 ipsius
1472 5365 1766 5434 baptismus
1790 5366 2072 5421 diceretur.

572 5463 626 5515 4.
659 5461 772 5514 lloc
801 5459 1066 5524 attendat,
1099 5467 1153 5513 et
1177 5455 1487 5525 distinguat,
1522 5465 1574 5510 et
1607 5457 1813 5510 noverit
1835 5455 2076 5511 Charitas

500 5561 694 5608 vestra.
735 5550 1035 5619 Baptismus
1063 5563 1220 5620 quem
1255 5547 1458 5616 accepit
1496 5545 1748 5614 Joannes,
1785 5547 2076 5617 baptismus

501 5737 534 5776 ῃ
559 5662 998 5776 (ῖὲιιιιειτοεεηὰο
1020 5662 1284 5727 respondet
1307 5660 1580 5727 quaestioni,
1601 5666 1658 5711 ut
1681 5673 1826 5724 supra
1847 5667 1999 5713 Tract.
2025 5663 2075 5726 4,

1492 329 1558 389 lN
1594 319 1870 390 JOANNlS
1905 319 2374 398 EVANGELIUM,
2421 331 2480 390 S.
2512 329 2877 396 AUGUSTINI

3635 337 3772 396 Nlo

2199 449 2418 507 Joannis
2444 451 2614 508 dictus
2642 465 2724 511 est
2751 474 2766 512 :
2796 457 2941 513 solus
2970 458 3073 514 tale
3101 456 3298 515 donum
3319 455 3525 527 accepit
3550 473 3565 511 :
3596 453 3772 511 nullus

2200 551 2323 597 ante
2366 543 2514 598 illum
2549 545 2833 614 justorum,
2873 547 3048 602 nullus
3073 553 3192 618 post
3219 549 3389 612 illum,
3419 556 3478 602 ut
3503 546 3768 616 acciperet

2200 631 2516 702 baptismum
2537 679 2552 704 ,
2584 640 2672 708 qui
2703 639 2993 709 baptismus
3031 637 3170 696 illius
3194 641 3460 696 diceretur
3481 641 3521 692 ¹.
3552 639 3774 709 Accepit

2198 724 2446 792 quidem;
2477 735 2580 782 non
2610 731 2752 785 enim
2779 747 2808 784 a
2835 747 2893 786 se
2921 741 3102 801 posset
3127 723 3322 802 aliquid
3354 749 3368 785 :
3399 731 3443 786 si
3471 733 3612 786 enim
3635 745 3668 785 a
3710 744 3771 786 se

2199 811 2317 882 quis
2347 814 2594 885 loquitur,
2613 817 3022 876 mendaciutnde
3049 837 3143 878 suo
3163 819 3412 890 loquitur.
3435 821 3498 874 Et
3517 821 3657 876 unde
3681 835 3772 875 ac-

2197 905 2359 973 cepit,
2387 909 2489 962 nisi
2514 925 2541 963 a
2579 909 2802 967 Domino
2825 913 2952 967 Jesu
2973 911 3228 967 Christo?
3271 912 3351 967 Ab
3381 913 3472 967 illo
3505 921 3565 966 ut
3599 912 3772 980 bapti-

2198 1013 2320 1050 zare
2365 1011 2541 1068 posset
2585 1003 2808 1073 accepit,
2855 1021 3010 1075 quem
3041 1015 3224 1074 postea
3262 1005 3564 1076 baptizavit.
3598 1005 3774 1060 Nolite

2199 1088 2378 1142 mirari
2415 1108 2426 1142 :
2462 1091 2538 1145 sic
2575 1095 2714 1146 enim
2755 1094 2854 1150 hoc
2883 1095 3006 1150 fecit
3033 1096 3273 1150 Christus
3299 1096 3349 1150 in
3376 1096 3608 1162 Joanne,
3633 1111 3772 1166 quo-

2199 1182 2356 1236 modo
2377 1185 2624 1252 quiddam
2653 1185 2775 1242 fecit
2799 1193 2851 1241 in
2874 1199 3059 1243 matre.
3083 1189 3160 1244 De
3179 1189 3390 1248 Christo
3411 1190 3550 1244 enim
3572 1189 3774 1243 dictum

2199 1282 2299 1337 est,
2323 1271 2507 1327 Omnia
2525 1293 2610 1345 per
2635 1277 2796 1346 ipsum
2819 1279 2954 1346 facta
2973 1288 3087 1332 sunt
3115 1277 3289 1348 (Joan.
3321 1295 3354 1343 ι,
3391 1279 3446 1347 5)
3481 1297 3493 1332 :
3523 1279 3565 1332 si
3591 1277 3776 1332 omnia

2199 1377 2294 1430 per
2310 1364 2500 1428 ipsum,
2532 1376 2582 1420 et
2603 1367 2763 1420 Maria
2787 1384 2882 1436 per
2907 1369 3075 1438 ipsum
3095 1367 3227 1422 facta
3249 1379 3350 1434 est,
3371 1368 3436 1423 de
3459 1383 3558 1437 qua
3585 1377 3774 1438 postea

2199 1463 2354 1507 natus
2383 1465 2464 1508 est
2483 1455 2743 1512 Christus.
2773 1457 3010 1514 lntcndat
3030 1451 3270 1514 Charitas
3289 1457 3778 1526 vestra,Quomodo

2197 1547 2397 1599 creavit
2429 1547 2666 1616 Mariam,
2698 1560 2752 1605 et
2776 1559 2986 1605 creatus
3006 1562 3085 1606 est
3121 1567 3215 1621 per
3239 1545 3482 1612 Mariam:
3521 1553 3598 1606 sic
3625 1549 3777 1606 dedit

2199 1633 2517 1704 baptismum
2545 1637 2732 1694 Joanni
2753 1681 2768 1704 ,
2807 1651 2860 1695 et
2885 1633 3178 1711 baptizatus
3205 1653 3286 1697 est
3315 1657 3344 1696 a
3372 1631 3597 1698 Joanne.

2270 1751 2322 1804 5.
2347 1749 2426 1804 Ad
2449 1751 2548 1805 hoc
2563 1767 2689 1821 ergo
2705 1753 2908 1822 accepit
2923 1755 3236 1824 baptismum
3261 1770 3290 1809 a
3306 1753 3529 1818 Joanne,
3548 1763 3606 1808 ut
3625 1754 3774 1812 acci-

2199 1839 2349 1908 piens
2374 1841 2512 1910 quod
2539 1841 2758 1897 inferius
2786 1855 2900 1898 erat
2937 1847 3002 1901 ab
3041 1847 3309 1910 inferiore,
3341 1847 3409 1900 ad
3435 1847 3486 1902 id
3513 1847 3652 1918 quod
3675 1862 3776 1902 su-

2198 1931 2375 1998 perius
2403 1939 2517 1985 erat
2543 1931 2839 1988 hortaretur
2865 1935 3157 1992 inferiores.
3185 1937 3288 1993 Sed
3307 1953 3470 2008 quare
3495 1953 3600 1992 non
3624 1939 3776 1994 solus
3849 1927 3858 1934 ’

2199 2020 2312 2088 ipse
2341 2021 2632 2090 baptizatus
2660 2033 2742 2078 est
2765 2038 2794 2076 a
2819 2023 3056 2091 Joanne,
3100 2025 3144 2080 si
3182 2027 3248 2080 ad
3291 2028 3392 2082 hoc
3431 2027 3627 2082 missus
3654 2037 3778 2082 erat

2194 2109 2444 2176 Joannes,
2475 2127 2569 2180 per
2601 2128 2756 2183 quem
2793 2114 3144 2184 baptizaretur
3179 2115 3452 2183 Christus,
3479 2125 3534 2172 ut
3561 2127 3780 2186 pararet

2195 2201 2332 2254 viam
2364 2201 2606 2268 Domino,
2641 2204 2691 2257 id
2720 2213 2801 2258 est
2827 2204 2924 2274 ipsi
2955 2205 3201 2260 Christo?
3242 2205 3310 2260 Et
3349 2207 3450 2261 hoe
3483 2207 3592 2276 jam
3629 2207 3776 2261 dixi-

2195 2305 2345 2357 mus;
2369 2291 2460 2346 sed
2486 2307 2982 2357 commemoramus,
3010 2297 3130 2366 quia
3157 2298 3512 2352 necessarium
3533 2307 3617 2352 est
3643 2313 3778 2368 prae-

2195 2381 2332 2436 senti
2361 2383 2655 2470 quacstioni.
2684 2385 2740 2440 Si
2769 2385 2912 2440 solus
2951 2386 3200 2442 Dominus
3227 2396 3406 2442 noster
3429 2387 3582 2443 Jesus
3607 2387 3776 2443 Chri-

2193 2482 2306 2526 stus
2331 2473 2625 2543 baptizatus
2651 2485 2794 2531 esset
2815 2477 3128 2547 haptismate
3152 2479 3368 2534 Joannis
3393 2497 3404 2532 :
3431 2489 3604 2538 tenete
3627 2479 3778 2550 quod

2193 2566 2449 2633 dicimus;
2475 2584 2576 2622 non
2602 2575 2800 2624 tantum
2830 2571 3000 2625 valeat
3025 2571 3298 2638 saeculum,
3323 2581 3378 2628 ut
3403 2573 3574 2629 deleat
3597 2587 3626 2628 e
3650 2587 3778 2628 eor-

2195 2659 2348 2714 tliluts
2368 2662 2557 2715 vestris
2583 2661 2722 2730 quod
2749 2661 2816 2716 ibi
2848 2664 3060 2733 scripsit
3086 2663 3312 2734 Spiritus
3339 2664 3466 2729 Dei;
3509 2681 3614 2720 non
3653 2673 3779 2720 tan-

2195 2758 2303 2803 tum
2334 2751 2540 2806 valeant
2569 2753 2735 2821 spin:e
2763 2769 3024 2818 curarum,
3059 2767 3113 2810 ut
3141 2756 3365 2812 etlocent
3404 2773 3586 2813 semen
3627 2759 3778 2830 quod

2193 2841 2488 2896 seminatur
2533 2843 2584 2897 in
2631 2845 2996 2914 vobis:quare
3023 2849 3162 2902 enim
3192 2849 3429 2917 cogimur
3453 2849 3635 2904 eadem
3679 2865 3777 2906 re-

2195 2941 2394 3000 petere,
2422 2931 2522 2986 nisi
2553 2924 2669 3002 quia
2701 2933 2766 2988 dc
2794 2942 3045 2990 memoria
3073 2933 3247 2992 cordis
3275 2949 3432 2992 vestr:
3467 2939 3640 2994 securi
3661 2955 3778 2996 non

2193 3024 2409 3078 Sumus?
2428 3024 2470 3077 si
2493 3040 2617 3094 ergo
2637 3026 2782 3078 solus
2812 3025 3064 3082 Dominus
3093 3027 3380 3096 baptizatus
3420 3042 3562 3086 esset
3599 3031 3778 3102 bapti-

2192 3133 2307 3170 smo
2335 3117 2552 3172 Joannis
2572 3158 2587 3183 ,
2637 3135 2738 3171 non
2769 3111 3016 3174 deessent
3041 3120 3128 3190 qui
3159 3121 3234 3176 sic
3260 3137 3379 3176 eum
3413 3122 3692 3191 haberent,
3714 3135 3778 3180 ut

2195 3209 2432 3276 putarent
2464 3203 2788 3278 baptismum
2813 3201 3031 3266 Joannis
3061 3211 3313 3281 majorem
3343 3227 3482 3278 esse,
3501 3229 3658 3284 quam
3688 3225 3782 3270 est

2192 3297 2484 3368 baptismus
2525 3291 2743 3354 Christi.
2789 3301 3034 3356 Diccrcnt
3061 3304 3238 3357 enim:
3273 3303 3446 3374 Uspte
3474 3305 3607 3359 adeo
3635 3307 3776 3362 illud

2192 3391 2447 3460 baptisma
2481 3391 2648 3462 majus
2687 3400 2801 3460 est,
2843 3402 2900 3450 ut
2941 3395 3084 3450 solus
3125 3395 3366 3450 Christus
3405 3411 3470 3450 eo
3511 3396 3780 3465 baptizari

2191 3483 2487 3538 meruisset.
2519 3485 2654 3554 Ergo
2678 3493 2731 3540 ut
2751 3483 2967 3542 daretur
2990 3487 3140 3542 nobis
3167 3505 3196 3542 a
3226 3486 3446 3542 Domino
3466 3487 3778 3556 exemplum

2193 3575 2537 3639 humilitatis,
2583 3577 2649 3631 ad
2695 3579 3086 3650 percipiendam
3126 3581 3346 3635 salutent
3397 3579 3777 3650 baptismatis,

2191 3660 2433 3723 Christus
2462 3671 2694 3740 suscepit
2720 3671 2860 3740 quod
2885 3672 2932 3725 ei
2959 3686 3092 3740 epus
3131 3687 3234 3726 non
3263 3684 3404 3736 erat,
3429 3673 3520 3728 sed
3554 3682 3782 3743 propter

2195 3775 2292 3814 nos
2318 3777 2450 3830 opus
2480 3771 2610 3816 erat.
2645 3763 2708 3816 Et
2733 3779 2948 3826 rursus,
2979 3780 3044 3818 ne
3073 3763 3171 3818 hoc
3199 3764 3368 3834 ipsum
3396 3765 3534 3835 quod
3564 3769 3784 3836 accepit

2194 3865 2221 3902 a
2241 3849 2443 3905 Joanne
2467 3851 2734 3917 Christus,
2768 3863 3164 3922 praeponeretur
3201 3855 3500 3923 baptismati
3528 3855 3732 3910 Christi
3759 3897 3780 3924 ,

2194 3941 2436 4011 permissi
2467 3952 2587 3996 sunt
2611 3951 2663 3996 et
2690 3943 2776 3996 alii
2803 3943 3054 4012 baptizari
3083 3944 3346 3998 aJoanne.
3367 3946 3468 4000 Sed
3487 3947 3573 4015 qui
3597 3946 3786 4016 bapti—

2193 4034 2293 4084 zati
2322 4042 2445 4087 sunt
2464 4047 2492 4085 a
2509 4031 2730 4099 Joanne,
2747 4049 2852 4086 non
2875 4034 2952 4087 eis
2975 4035 3207 4089 sull'ecit:
3227 4035 3467 4104 baptizati
3486 4045 3604 4090 sunt
3620 4038 3782 4093 enim

2193 4123 2454 4193 baptismo
2502 4113 2744 4189 Christi;
2782 4125 2902 4193 quia
2951 4140 3053 4179 non
3102 4126 3394 4195 baptismus
3420 4127 3612 4182 Christi
3649 4139 3786 4183 erat

2195 4215 2488 4283 baptismus
2521 4216 2758 4272 Joannis.
2791 4216 2890 4284 Qui
2925 4217 3184 4286 accipiunt
3205 4219 3522 4286 baptismunt
3543 4217 3780 4288 Christi,

2190 4309 2506 4377 baptismum
2531 4303 2747 4384 Joannis
2781 4325 2884 4364 non
2915 4319 3157 4380 quaerunt
3181 4329 3193 4366 :
3215 4312 3302 4380 qui
3327 4320 3643 4381 acceperunt
3667 4310 3784 4366 ba-

2192 4401 2437 4468 ptismum
2456 4400 2692 4464 Joannis,
2709 4401 3026 4471 baptismum
3045 4400 3239 4456 Christi
3259 4402 3599 4470 quaesierunt.
3617 4401 3782 4474 Ergo

2189 4491 2399 4545 Christo
2423 4491 2629 4545 suﬂ'eeit
2653 4491 2944 4560 baptismus
2963 4491 3200 4546 Joannis.
3223 4491 3500 4558 Quomodo
3523 4509 3626 4546 non
3651 4494 3784 4548 suf-

2189 4580 2399 4648 lieeret,
2432 4585 2642 4654 quando
2669 4601 2766 4639 nec
2806 4586 2920 4654 ipse
2961 4594 3080 4642 erat
3115 4585 3483 4640 necessarius?
3511 4584 3588 4639 llli
3619 4585 3780 4642 enim

2188 4679 2362 4732 nullus
2387 4678 2676 4746 baptismus
2699 4685 2814 4732 erat
2838 4677 3200 4740 necessarius;
3231 4675 3324 4730 sed
3365 4676 3432 4730 ad
3471 4675 3780 4733 hortandos

2189 4786 2285 4823 nos
2313 4770 2375 4823 ad
2406 4769 2720 4836 baptismum
2755 4782 2942 4832 suum,
2979 4767 3212 4836 suscepit
3250 4767 3568 4835 baptismum
3595 4769 3776 4824 servi.

2187 4861 2254 4914 Et
2282 4877 2348 4914 ne
2379 4867 2773 4929 praeponeretur
2797 4858 3090 4927 baptismus
3123 4857 3260 4912 servi
3295 4857 3555 4927 baptismo
3579 4857 3776 4914 Domi-

2185 4953 2272 5014 ni,
2321 4950 2566 5021 haptizati
2611 4957 2734 5004 sunt
2775 4949 2866 5002 alii
2907 4949 3221 5017 baptismate
3245 4949 3508 5003 conservi.
3538 4947 3642 5003 Sed
3665 4965 3782 5017 qu.

2185 5042 2432 5112 baptizati
2469 5051 2592 5094 sunt
2633 5041 2945 5108 baptismate
2973 5039 3246 5105 conservi,
3275 5039 3551 5106 oportebat
3575 5046 3636 5092 ut
3663 5037 3778 5092 ba—

2186 5138 2507 5206 ptizarcntur
2529 5133 2842 5203 baptismate
2867 5132 3076 5188 Domini
3109 5148 3122 5184 :
3158 5131 3246 5201 qui
3277 5141 3454 5185 autem
3480 5131 3778 5200 baptizan-

2247 5338 2264 5369 ι
2287 5342 2362 5398 Er.
2389 5341 2439 5384 et
2460 5335 2605 5397 Lugd.-
2631 5334 2699 5398 sie
2732 5333 2904 5398 legunt
2930 5329 3058 5378 hunc
3087 5327 3277 5398 locum:
3305 5325 3598 5398 nuptiarum?!
3632 5328 3784 5398 quos!

2181 5397 2362 5462 accepit
2383 5384 2603 5456 Joannes,
2630 5384 2913 5462 baptismum
2931 5389 3125 5462 .{qgmnis
3145 5387 3333 5462 dictum
3345 5384 3439 5462 est:
3463 5384 3786 5462 guttus-urile

2179 5447 2315 5510 illum
2327 5447 2603 5520 justorum,
2623 5447 2782 5520 rutilus
2813 5459 2914 5520 post
2943 5449 3078 5520 illum
3107 5455 3156 5499 ut
3189 5449 3428 5520 acciperet
3459 5447 3782 5520 baptismwn,

2180 5508 2308 5586 haud
2327 5508 2616 5586 baptismum
2635 5517 2783 5586 ipsius
2807 5508 3070 5586 ἄπενειιινν,
3088 5511 3271 5586 ac???“
3291 5508 3456 5586 5:991!!!
3470 5508 3569 5586 καῖε

2179 5575 2362 5646 accepit
2619 5575 2798 5646 Quibus
2817 5575 3138 5646 suffragantur
3151 5581 3266 5646 ven.
3291 5579 3348 5646 et
3363 5579 3492 5646 Lov.,
3514 5576 3788 5646 ear-tamtam

2179 5629 2775 5704 intei'se'idiscrcpantia,
2812 5649 2867 5688 ut
2888 5629 3007 5687 νειῖ.
3023 5671 3038 5696 ,
3061 5632 3310 5699 baptisma,
3335 5639 3441 5684 Lov.
3467 5629 3646 5693 autem,
3675 5629 3786 5682 ba-

2179 5705 2400 5774 ptismum
2425 5707 2594 5756 ferant.
2659 5710 2712 5752 It.
