4074 6534
268 480 407 538 ιιι-ι

271 606 362 649 tur
389 593 706 663 baptismate
744 590 952 646 Domini
973 632 988 655 ,
1015 607 1119 647 non
1149 605 1282 662 opus
1312 590 1507 647 habent
1532 590 1855 662 baptismate

267 686 539 743 conservi.

344 780 399 834 6.
440 777 700 845 Quoniam
741 790 869 847 ergo
909 782 1186 846 acceperat
1227 774 1459 829 Joannes
1498 772 1817 843 baptismum
1838 811 1851 835 ,

268 871 362 942 qui
390 870 605 941 proprie
632 869 849 925 Joannis
879 868 1177 933 diceretur;
1208 867 1467 921 Dominus
1492 873 1669 919 autem
1696 864 1853 919 Jesus

272 961 516 1018 Christus
545 962 715 1017 noluit
747 960 1066 1029 baptismum
1106 973 1258 1013 suum
1288 956 1445 1012 alicui
1474 955 1632 1020 dare,
1666 970 1769 1009 non
1801 962 1858 1008 ut

272 1068 433 1108 nemo
478 1052 832 1122 baptizaretur
865 1049 1125 1119 baptismo
1160 1048 1400 1114 Domini,
1434 1047 1526 1103 sed
1556 1054 1612 1101 ut
1646 1060 1858 1114 semper

274 1145 387 1213 ipse
413 1144 673 1198 Dominus
690 1142 979 1211 baptizaret
1004 1157 1016 1193 :
1046 1140 1097 1195 id
1126 1150 1299 1195 actum
1326 1146 1442 1205 est,
1470 1147 1527 1193 ut
1556 1147 1609 1192 et
1636 1152 1730 1207 per
1752 1136 1856 1191 mi-

272 1235 473 1289 nistros
496 1233 755 1288 Dominus
785 1233 1111 1302 baptizaret,
1144 1231 1194 1284 id
1222 1240 1335 1294 est,
1366 1238 1424 1284 ut
1460 1244 1593 1298 quos
1632 1226 1859 1281 ministri

274 1326 490 1380 Domini
538 1325 850 1395 baptizatnri
894 1332 1079 1386 erant,
1114 1323 1365 1377 Dominus
1403 1320 1725 1390 baptizaret,
1752 1334 1859 1374 non

272 1417 368 1471 illi.
404 1416 568 1470 Aliud
598 1425 679 1470 est
703 1417 842 1469 enim
870 1415 1137 1483 baptizare
1178 1430 1271 1482 per
1311 1412 1659 1466 ministerium
1679 1452 1694 1477 ,
1718 1408 1861 1464 aliud

272 1506 548 1574 baptizare
587 1521 681 1575 per
721 1514 1053 1574 potestatem.
1103 1504 1370 1572 Baptisma
1426 1504 1567 1558 enim
1606 1502 1711 1556 tale
1747 1509 1859 1567 est,

273 1596 455 1667 qualis
482 1606 570 1652 est
597 1597 686 1650 ille
712 1598 764 1649 in
790 1596 942 1664 cujus
970 1602 1223 1662 potestate
1244 1593 1426 1658 datur;
1456 1608 1560 1647 non
1588 1591 1755 1662 qualis
1783 1599 1864 1645 est

274 1688 363 1742 ille
394 1704 493 1757 per
517 1687 671 1756 cujus
700 1686 1048 1740 ministerium
1074 1684 1246 1739 datur.
1268 1684 1414 1739 Talis
1434 1693 1547 1739 crat
1570 1683 1864 1752 baptismus

274 1777 524 1840 Joannis,
556 1778 724 1846 qualis
761 1775 1033 1831 Joannes:
1066 1776 1358 1844 baptismus
1395 1775 1571 1844 justus
1615 1784 1864 1842 tanquam

274 1870 404 1938 justi
428 1910 445 1934 ,
477 1876 656 1922 tamen
700 1867 963 1932 hominis;
1013 1866 1107 1921 sed
1150 1866 1239 1936 qui
1276 1876 1553 1935 acceperat
1581 1881 1609 1918 a
1641 1865 1866 1919 Domino

277 1958 438 2013 istam
476 1960 733 2028 gratiam,
764 1966 818 2012 et
848 1966 1041 2011 tantam
1085 1957 1347 2027 gratiam,
1397 1966 1454 2011 ut
1496 1956 1684 2022 dignus
1726 1962 1867 2008 esset

278 2053 477 2121 praeire
496 2052 729 2120 judicent
749 2091 764 2116 ,
797 2060 851 2105 et
876 2066 997 2104 eum
1023 2049 1185 2119 digito
1213 2050 1525 2111 ostendere.
1556 2057 1610 2103 et
1647 2048 1867 2117 implere

279 2159 472 2199 vocem
500 2144 791 2214 prophetia:
822 2143 980 2209 illius,
1012 2141 1123 2197 Vox
1149 2143 1413 2196 clamantis
1438 2143 1489 2195 in
1520 2140 1711 2195 deserto
1730 2182 1746 2209 ,
1772 2157 1868 2209 pa-

279 2246 390 2288 rate
433 2236 564 2288 viam
601 2235 820 2288 Domino
844 2233 993 2305 (Isai.
1022 2249 1113 2297 XL,
1143 2232 1218 2305 ὅ).
1251 2233 1379 2289 Tale
1404 2243 1581 2287 autem
1607 2232 1869 2302 baptisma

280 2327 523 2389 Domini,
545 2328 717 2397 qualis
746 2327 997 2380 Dominus
1023 2343 1035 2379 :
1060 2341 1186 2397 ergo
1213 2327 1474 2397 baptisma
1503 2326 1712 2383 Domini
1735 2325 1869 2381 divi-

282 2436 439 2486 num,
466 2421 591 2489 quia
619 2419 875 2473 Dominus
906 2419 1061 2473 Deus.

356 2512 415 2566 7.
456 2510 636 2565 Potuit
665 2519 837 2563 autem
866 2510 1117 2563 Dominus
1141 2507 1293 2563 Jesus
1320 2507 1583 2575 Christus,
1617 2508 1661 2563 si
1688 2508 1869 2573 vellet,

286 2604 423 2659 dare
448 2613 766 2674 potestatem
793 2603 948 2656 alicui
968 2617 1122 2657 servo
1151 2617 1269 2668 suo,
1294 2611 1350 2656 ut
1373 2602 1528 2657 daret
1552 2603 1869 2673 baptismum

286 2711 448 2750 suum
474 2704 722 2764 tanquam
750 2695 864 2748 vice
892 2709 1016 2759 sua,
1044 2702 1098 2748 et
1126 2693 1409 2748 transferre
1436 2708 1463 2745 a
1490 2709 1547 2747 se
1570 2692 1874 2763 baptizandi

286 2796 637 2858 potestatem,
662 2794 717 2841 et
742 2785 1065 2841 constituere
1090 2784 1141 2839 in
1162 2785 1336 2854 aliquo
1365 2799 1521 2838 servo
1545 2800 1662 2847 suo,
1682 2794 1736 2838 et
1756 2794 1872 2838 tan-

289 2887 401 2931 tam
432 2878 539 2930 vim
566 2877 693 2931 dare
718 2876 980 2944 baptismo
1009 2876 1260 2929 translato
1289 2876 1340 2927 in
1372 2883 1874 2943 servum,quantam

288 2971 401 3022 vim
443 2968 666 3021 haberet
702 2966 994 3036 baptismus
1034 2965 1187 3019 datus
1215 2980 1246 3019 a
1274 2965 1517 3019 Domino.
1554 2964 1668 3019 lloc
1706 2965 1878 3019 noluit

294 3060 445 3126 ideo,
474 3068 536 3113 ut
559 3060 611 3112 in
636 3059 728 3112 illo
745 3074 867 3128 spes
894 3066 1035 3112 esset
1054 3057 1455 3127 baptizatorum,
1471 3071 1501 3110 a
1517 3071 1621 3126 quo
1637 3070 1694 3110 se
1709 3057 1879 3127 bapti-

289 3160 444 3204 zatos
487 3157 860 3219 agnoscerent.
888 3147 1071 3202 Noluit
1108 3163 1234 3217 ergo
1262 3162 1474 3201 servum
1502 3160 1701 3216 ponere
1728 3162 1877 3216 spem

288 3245 347 3296 in
397 3258 575 3297 servo.
608 3241 835 3311 Ideoque
863 3241 1127 3295 clamabat
1169 3240 1485 3309 Apostolus,
1516 3255 1638 3294 cum
1676 3239 1881 3295 videret

290 3332 547 3388 homines
584 3334 822 3387 volentes
866 3347 1062 3402 ponere
1098 3346 1247 3401 spem
1286 3332 1339 3385 in
1380 3331 1555 3401 seipso
1580 3349 1593 3384 :
1618 3329 1882 3401 Numquid

296 3423 504 3477 Paulus
541 3440 633 3494 pro
671 3424 806 3477 vobis
846 3422 1117 3492 cruciﬁxus
1152 3424 1262 3501 est?
1296 3431 1381 3476 aut
1408 3424 1460 3476 in
1486 3424 1686 3478 nomine
1724 3422 1881 3477 Pauli

294 3516 545 3587 baptizati
594 3517 710 3570 estis
738 3515 794 3587 (Ι
819 3513 936 3571 Cor.
966 3531 1002 3577 ι,
1037 3515 1168 3586 13)?
1208 3514 1499 3585 Baptizavit
1535 3532 1662 3586 ergo
1692 3517 1882 3572 Paulus

301 3618 560 3678 tanquam
590 3608 849 3671 minister,
878 3621 982 3661 non
1014 3614 1259 3676 tanquam
1282 3607 1394 3676 ipsa
1422 3614 1685 3676 potestas:
1714 3608 1885 3676 bapti-

299 3701 444 3754 zavit
485 3709 661 3754 autem
702 3699 957 3754 Dominus
1002 3708 1251 3768 tanquam
1295 3706 1549 3768 potestas.
1602 3698 1882 3753 Inlendite.

301 3792 375 3846 Et
404 3791 576 3861 potuit
621 3791 756 3846 hanc
798 3797 1114 3861 potestatem
1153 3790 1322 3843 servis
1349 3788 1508 3855 dare,
1535 3798 1589 3842 et
1615 3789 1800 3842 noluit.
1829 3789 1886 3844 Si

301 3888 451 3942 enim
477 3885 629 3939 daret
652 3884 788 3938 hanc
815 3892 1128 3954 potestatem
1155 3883 1346 3948 servis,
1367 3881 1417 3936 id
1438 3890 1539 3946 est,
1569 3890 1624 3936 ut
1650 3883 1885 3951 ipsorum

301 3985 450 4032 esset
478 3976 623 4045 quod
654 3974 861 4028 Domini
887 3982 1031 4040 erat,
1066 3982 1142 4028 tot
1168 3982 1347 4027 essent
1370 3972 1616 4042 baptismi
1649 3983 1777 4042 quot
1800 3989 1887 4029 es-

302 4080 428 4124 sent
454 4068 629 4132 servi;
652 4078 709 4120 ut
733 4064 998 4137 quomodo
1022 4065 1220 4119 dictum
1250 4072 1333 4119 est
1360 4064 1618 4133 baptisma
1646 4064 1886 4133 Joannis,

304 4162 387 4216 sic
420 4159 691 4213 diceretur
720 4157 978 4226 baptisma
1007 4155 1181 4221 Petri,
1210 4155 1287 4209 sic
1313 4154 1572 4223 baptisma
1600 4155 1745 4209 Pauli
1767 4197 1782 4222 ,
1815 4157 1892 4210 sic

306 4254 573 4323 baptisma
601 4251 803 4315 Jacobi,
838 4250 1097 4318 baptisma
1116 4247 1354 4313 Thomae,
1385 4246 1644 4313 Matthazi,
1669 4248 1891 4303 Bartho-

307 4344 490 4398 lomtei
522 4361 535 4396 :
576 4342 705 4396 illud
734 4342 875 4395 enim
902 4341 1159 4410 baptisma
1185 4339 1404 4394 Joannis
1431 4339 1630 4394 dictum
1656 4347 1756 4395 est.
1788 4340 1893 4395 Sed

309 4438 453 4491 forte
479 4433 671 4504 aliquis
696 4434 917 4497 resistit,
950 4440 1003 4485 et
1030 4432 1156 4486 dicit
1184 4447 1197 4483 :
1227 4430 1397 4486 Proba
1428 4429 1581 4486 nobis
1607 4432 1726 4499 quia
1764 4430 1893 4485 illud

310 4526 580 4595 baptisma
610 4524 830 4578 Joannis
858 4524 1054 4577 dictum
1081 4531 1180 4576 est.
1212 4522 1453 4577 Probabo
1474 4563 1489 4587 ,
1519 4523 1630 4590 ipsa
1661 4520 1895 4576 Veritate

311 4620 551 4684 dicente,
583 4617 793 4686 quando
821 4615 1163 4685 interrogavit
1188 4613 1418 4677 Judwos,
1449 4612 1711 4681 Baptisma
1734 4611 1897 4666 Joan-

314 4712 396 4764 nis
428 4709 563 4763 unde
600 4708 705 4762 est?
741 4706 803 4759 de
842 4706 985 4770 Caelo,
1027 4722 1093 4758 an
1133 4720 1194 4758 ea:
1234 4703 1512 4757 hominibus
1538 4701 1748 4775 (Matth.
1778 4716 1896 4766 ιω,

316 4802 450 4871 25)?
478 4800 619 4869 Ergo
644 4813 710 4852 ne
747 4807 822 4852 tot
857 4797 1171 4866 baptismata
1197 4795 1521 4858 dicerentur,
1553 4806 1679 4863 quot
1719 4802 1900 4848 essent

320 4893 465 4947 servi
492 4892 580 4960 qui
612 4890 935 4958 baptizarent
953 4897 1169 4957 accepta
1192 4895 1450 4956 potestate
1469 4901 1498 4939 a
1527 4886 1778 4949 Domino;
1801 4884 1899 4939 sibi

326 4982 499 5037 tenuit
523 4980 775 5033 Dominus
792 4977 1090 5048 baptizandi
1108 4984 1439 5046 potestatem,
1467 4975 1633 5030 servis
1662 4975 1892 5029 ministe-

324 5074 463 5128 rium
488 5071 651 5126 dedit.
676 5071 808 5124 Dicit
825 5085 881 5123 se
904 5084 1089 5123 servus
1115 5068 1412 5137 baptizare;
1440 5075 1582 5119 recte
1601 5066 1745 5123 dicit.
1770 5066 1904 5118 sicut

325 5163 619 5233 Apostolus
652 5161 781 5216 dicit
806 5201 822 5227 ,
857 5160 1119 5229 Baptizavi
1147 5169 1313 5211 autent
1332 5169 1376 5210 et
1404 5157 1675 5227 Stephano:
1701 5157 1903 5209 domum

327 5258 372 5327 (Ι
400 5256 519 5311 Cor.
546 5253 679 5325 1,16)
705 5272 717 5306 :
744 5252 840 5308 sed
865 5261 1112 5321 tanquam
1132 5252 1390 5303 minister.
1412 5249 1531 5302 Ideo
1554 5249 1595 5302 si
1624 5249 1687 5302 sit
1716 5258 1769 5301 et
1791 5263 1902 5300 ma-

328 5350 441 5413 lus,
470 5356 524 5401 et
556 5346 825 5413 contingat
868 5342 941 5395 illi
985 5341 1181 5395 habere
1207 5339 1593 5404 ministerium,
1624 5350 1677 5392 et
1714 5338 1754 5391 si
1783 5353 1902 5391 eum

330 5438 579 5493 homines
616 5453 719 5491 non
764 5442 984 5496 norunt,
1012 5441 1069 5487 et
1103 5432 1237 5485 Deus
1277 5446 1395 5483 eum
1437 5430 1579 5483 novit
1610 5446 1621 5480 :
1654 5430 1907 5497 permittit

332 5532 475 5586 Deus
518 5528 769 5598 baptizari
800 5542 894 5596 per
917 5540 1066 5587 eum,
1098 5524 1187 5593 qui
1211 5522 1309 5577 sibi
1340 5526 1507 5577 tenuit
1535 5530 1869 5591 potestatem.

399 5623 458 5678 8.
509 5620 621 5675 Hoc
664 5629 842 5673 autem
886 5617 1121 5673 Joannes
1168 5630 1271 5669 non
1314 5624 1531 5668 noverat
1579 5615 1629 5667 in
1664 5614 1902 5669 Domino.

330 5714 466 5781 Quia
495 5712 746 5767 Dominus
783 5719 929 5772 erat,
960 5717 1210 5771 noverat;
1251 5706 1371 5776 quia
1413 5705 1481 5759 ab
1524 5706 1638 5775 ipso
1681 5705 1909 5761 debebat

329 5803 618 5873 baptizari,
648 5810 867 5856 noverat
898 5817 911 5853 :
945 5810 998 5854 et
1023 5801 1299 5853 confessus
1322 5810 1402 5852 est
1433 5799 1548 5867 quia
1578 5799 1773 5851 veritas
1796 5810 1908 5853 erat

330 5894 440 5963 ille,
468 5902 521 5951 et
547 5893 635 5949 ille
659 5907 821 5947 verax
847 5892 1039 5946 missus
1066 5906 1093 5943 a
1124 5892 1373 5955 veritate;
1408 5889 1507 5943 hoc
1531 5899 1766 5943 noverat.
1804 5892 1904 5946 Sed

615 5985 843 6049 Sutor.
875 5985 1151 6047 Ausus'r.
1181 5984 1289 6044 lll.

1466 473 1873 532 TRACTATUS
1908 470 1975 528 Υ.
2012 469 2238 527 CAPUT
2266 468 2308 526 ι

3398 478 3534 534 1418

1962 582 2087 653 quid
2113 582 2167 637 in
2194 597 2260 638 eo
2286 597 2390 637 non
2409 582 2669 637 noverat?
2693 582 2826 650 Quia
2854 583 2953 638 sibi
2982 589 3281 641 retenturus
3308 600 3421 643 erat
3439 590 3534 645 ba-

1960 675 2222 744 ptismatis
2249 675 2330 729 sui
2356 683 2701 745 potestatem,
2731 683 2786 730 et
2827 690 2934 731 non
2973 691 3090 733 eam
3130 681 3535 738 transmissurus

1959 774 2015 819 et
2044 764 2394 820 translaturus
2417 768 2468 821 in
2490 768 2716 837 aliquem
2748 781 2957 823 servum
2986 785 2999 822 :
3028 768 3121 824 sed
3150 770 3262 825 sive
3292 771 3532 842 baptiza~

1961 865 2044 912 ret
2068 858 2118 911 in
2144 857 2437 915 ministerio
2466 875 2651 915 servus
2675 859 2865 928 bonus,
2895 861 3010 916 sive
3038 860 3331 932 baptizaret
3356 863 3408 918 in
3436 866 3537 920 mi-

1962 948 2185 1004 nisterio
2223 963 2407 1004 servus
2444 950 2636 1015 malus,
2654 965 2759 1006 non
2787 951 2949 1006 sciret
2971 967 3029 1007 se
3057 951 3148 1007 ille
3176 953 3266 1024 qui
3294 953 3528 1025 baptiza-

1962 1048 2110 1095 retur
2148 1040 2433 1110 baptizari,
2464 1040 2567 1095 nisi
2591 1041 2656 1095 ab
2684 1041 2774 1097 illo
2798 1042 2885 1112 qui
2916 1041 3015 1097 sibi
3040 1044 3210 1098 tenuit
3237 1043 3537 1113 baptizandi

1963 1140 2304 1202 potestatem.
2332 1134 2398 1188 Et
2424 1141 2479 1189 ut
2503 1134 2755 1189 noveritis
2773 1175 2788 1200 ,
2817 1133 3007 1190 fratres
3025 1176 3041 1202 ,
3073 1136 3192 1205 quia
3235 1138 3335 1191 hoc
3363 1138 3417 1192 in
3447 1137 3540 1194 illo

1965 1241 2072 1280 non
2118 1232 2339 1280 noverat
2363 1225 2630 1293 Joannes,
2661 1236 2715 1281 et
2739 1225 2840 1281 hoc
2866 1226 3049 1282 didicit
3075 1244 3167 1297 per
3189 1229 3485 1285 columbam
3521 1248 3535 1285 :

1966 1315 2247 1371 Dominum
2274 1317 2414 1371 enim
2441 1324 2693 1381 noverat,
2722 1316 2817 1371 sal
2840 1332 2958 1370 eum
2986 1318 3284 1387 baptizandi
3311 1321 3411 1375 sibi
3441 1337 3540 1391 po-

1964 1416 2211 1463 testatem
2239 1419 2602 1475 retenturum,
2639 1417 2693 1464 et
2732 1409 2861 1463 nulli
2906 1424 3058 1466 servo
3095 1428 3211 1466 eam
3254 1412 3500 1467 daturum
3523 1456 3539 1479 ,

1969 1500 2202 1556 nondum
2228 1510 2485 1568 noverat;
2514 1502 2805 1557 secundum
2834 1501 2935 1557 hoc
2958 1503 3121 1571 dixit,
3148 1503 3214 1558 Et
3238 1522 3330 1577 ego
3352 1509 3542 1562 nescie-

1970 1591 2081 1644 bam
2110 1608 2245 1645 eum.
2274 1591 2342 1646 Et
2374 1603 2432 1647 ut
2472 1593 2729 1647 noveritis
2754 1594 2874 1663 quia
2906 1594 2973 1648 ibi
3003 1594 3103 1648 hoc
3129 1595 3343 1661 didicit,
3374 1607 3546 1654 atten-

1969 1680 2080 1738 dite
2120 1684 2392 1753 sequentia
2422 1701 2435 1736 :
2466 1684 2571 1738 Sed
2590 1686 2675 1756 qui
2699 1685 2833 1738 misit
2869 1701 2946 1739 me
2993 1686 3247 1756 baptizare
3282 1689 3335 1742 in
3377 1707 3543 1760 aqua,

1969 1772 2078 1844 ipse
2107 1774 2230 1827 mihi
2259 1775 2415 1843 dixit,
2445 1774 2612 1844 Super
2636 1792 2792 1845 quem
2832 1776 3015 1830 videris
3050 1776 3301 1847 Spiritum
3340 1780 3548 1835 descen-

1972 1866 2189 1930 dentem,
2217 1868 2359 1938 quasi
2386 1867 2687 1935 columbam,
2721 1878 2765 1922 et
2792 1878 3071 1923 manentem
3093 1886 3244 1939 super
3268 1888 3381 1925 eum
3398 1915 3412 1939 ,
3444 1874 3554 1943 ipse

1971 1970 2062 2013 est.
2090 1960 2227 2026 Quid
2250 1960 2359 2030 ipse
2390 1961 2508 2015 est?
2530 1961 2804 2016 Dominus.
2832 1962 2934 2016 Sed
2978 1962 3086 2031 jam
3127 1976 3345 2021 noverat
3368 1966 3553 2022 Domi-

1972 2068 2117 2107 num.
2169 2053 2307 2121 Ergo
2350 2063 2527 2123 putate
2559 2054 2661 2108 huc
2702 2069 2867 2123 usque
2894 2054 3092 2109 dixisse
3119 2055 3412 2125 Joannem,
3438 2057 3553 2130 Ego

1973 2158 2075 2196 non
2099 2160 2333 2197 noveram
2356 2159 2504 2207 eum;
2530 2143 2619 2197 sed
2640 2144 2724 2214 qui
2753 2160 2831 2197 me
2852 2145 2986 2198 misit
3013 2144 3268 2214 baptizare
3302 2149 3356 2201 in
3397 2165 3549 2219 aqua,

1973 2235 2081 2304 ipse
2136 2235 2257 2288 mihi
2309 2235 2452 2288 dixit.
2501 2235 2797 2303 Quaerimus
2837 2235 2959 2305 quid
3010 2235 3233 2291 dixerit?
3280 2237 3552 2308 Sequitur,

1976 2323 2145 2393 Super
2191 2340 2337 2394 quem
2388 2324 2568 2378 videris
2621 2325 2872 2394 Spiritum
2935 2325 3345 2394 descendentem,
3410 2328 3557 2399 quasi

1975 2415 2256 2469 columbam
2281 2458 2295 2483 ,
2343 2426 2390 2470 et
2432 2426 2713 2471 manentem
2761 2434 2914 2486 super
2965 2435 3094 2471 eum.
3148 2417 3263 2473 Non
3303 2420 3423 2475 dico
3468 2436 3557 2477 se-

1976 2509 2217 2579 quentia;
2247 2509 2456 2564 interim
2485 2510 2773 2565 attendite:
2804 2508 2973 2580 Super
3014 2527 3158 2579 quem
3204 2511 3390 2565 videris
3430 2512 3558 2583 Spi-

1977 2600 2128 2653 ritum
2165 2600 2573 2665 descendentem,
2599 2611 2836 2672 tanquam
2855 2601 3167 2667 columbam,
3197 2613 3243 2657 et
3276 2613 3560 2658 manentem

1977 2708 2129 2760 super
2178 2707 2322 2759 eum,
2368 2692 2477 2761 ipse
2521 2701 2609 2747 est.
2652 2691 2757 2749 Sed
2805 2693 2929 2763 quid
2986 2694 3099 2765 ipse
3150 2695 3269 2749 est?
3312 2695 3439 2765 quid
3474 2711 3564 2750 me

1978 2784 2147 2838 voluit
2189 2800 2285 2854 per
2323 2785 2622 2839 columbam
2681 2785 2875 2841 docere
2926 2787 3016 2857 qui
3064 2803 3148 2842 me
3198 2786 3378 2842 misit?
3428 2788 3561 2853 Quia

1981 2874 2094 2943 ipse
2147 2883 2262 2930 erat
2308 2876 2601 2930 Dominus?
2654 2876 2770 2931 Jam
2833 2893 3081 2939 noveram
3124 2894 3154 2932 a
3198 2895 3302 2948 quo
3365 2880 3563 2934 missus

1982 2980 2126 3020 eram
2152 2982 2166 3019 :
2184 2966 2292 3033 jam
2324 2981 2575 3021 noveram
2609 2982 2728 3021 eum
2777 2968 2862 3021 cui
2909 2968 3052 3035 dixi,
3081 2968 3161 3023 Tu
3185 2970 3253 3023 ad
3297 2987 3374 3023 me
3421 2971 3559 3025 venis

1982 3054 2291 3123 baptizari?
2347 3072 2436 3126 ego
2483 3073 2514 3109 a
2560 3066 2606 3110 te
2648 3056 2797 3111 debeo
2855 3058 3103 3126 baptizari
3139 3074 3157 3112 :
3198 3074 3364 3128 usque
3423 3060 3559 3115 adeo

1985 3160 2111 3215 ergo
2154 3161 2405 3201 noveram
2450 3146 2762 3211 Dominum,
2794 3156 2852 3200 ut
2890 3162 2987 3217 ego
3010 3149 3077 3203 ab
3114 3164 3180 3203 eo
3218 3149 3413 3205 vellem
3462 3150 3561 3205 ba-

1984 3239 2205 3309 ptizari,
2262 3254 2373 3294 non
2422 3249 2480 3293 ut
2521 3253 2549 3293 a
2595 3255 2680 3293 me
2733 3239 2847 3308 ipse
2891 3239 3247 3309 baptizaretur
3288 3258 3302 3294 :
3342 3250 3396 3296 et
3443 3250 3567 3296 tunc

1985 3331 2114 3386 mihi
2137 3331 2289 3393 dixit,
2320 3330 2444 3386 Sine
2468 3332 2649 3395 modo;
2674 3331 2942 3401 impleatur
2962 3332 3122 3386 omnis
3132 3333 3332 3403 justitia
3353 3332 3567 3403 (Matth.

1987 3440 2065 3491 ιιι,
2098 3423 2331 3493 14,15);
2362 3422 2467 3492 pati
2498 3424 2651 3488 veni,
2674 3422 2928 3492 baptizari
2960 3438 3063 3477 non
3092 3424 3281 3479 venio?
3304 3424 3571 3489 unpleatur

1988 3517 2150 3571 omnis
2165 3516 2399 3587 justitia,
2427 3515 2501 3569 ait
2530 3515 2658 3568 mihi
2694 3515 2834 3569 Deus
2875 3530 3056 3581 meus;
3086 3514 3370 3584 impleatur
3396 3515 3572 3571 omnis

1984 3608 2221 3680 iustitia,
2268 3608 2486 3662 doceam
2540 3607 2749 3676 plenam
2795 3606 3144 3661 humilitatem
3174 3625 3187 3661 :
3213 3607 3339 3663 novi
3384 3624 3576 3678 super-

1991 3703 2198 3757 bientes
2228 3702 2280 3755 in
2304 3701 2481 3755 futuro
2507 3700 2699 3768 pupulo
2720 3715 2859 3767 meo,
2887 3701 3006 3754 novi
3055 3699 3261 3768 aliquos
3300 3700 3354 3753 in
3398 3700 3574 3770 aliqua

1990 3793 2351 3850 excellentiori
2371 3792 2537 3862 gratia
2562 3790 2766 3846 futuros
2790 3791 3051 3857 homines,
3079 3800 3135 3844 ut
3174 3806 3295 3845 cum
3342 3792 3575 3846 viderint

1992 3885 2182 3938 idiotas
2202 3882 2404 3951 aliquos
2421 3881 2771 3950 baptizari,illi
2792 3881 2909 3950 quia
2932 3882 3177 3937 meliores
3189 3880 3287 3936 sibi
3306 3881 3570 3949 videntur,

1993 3977 2104 4032 sive
2132 3975 2452 4032 continentia
2472 4015 2488 4041 ,
2514 3973 2629 4028 sive
2653 3973 3025 4044 eleemosynis,
3048 3973 3159 4029 sive
3179 3972 3414 4029 doctrina
3434 4014 3448 4037 ,
3477 3973 3573 4028 de-

1997 4068 2278 4138 dignentur
2305 4067 2387 4120 isti
2416 4066 2637 4121 fortasse
2665 4065 2904 4134 accipere
2930 4065 3070 4135 quod
3091 4065 3165 4120 illi
3188 4065 3465 4121 inferiores
3488 4080 3577 4122 ac—

1995 4168 2281 4228 ceperunt;
2314 4165 2523 4226 oportet
2553 4167 2608 4210 ut
2632 4170 2814 4210 sanem
2837 4170 2952 4223 eos,
2973 4165 3030 4209 ut
3071 4171 3175 4210 non
3225 4156 3575 4227 dedignentur

1998 4252 2178 4306 venire
2220 4249 2287 4304 ad
2329 4249 2589 4320 baptisma
2616 4248 2859 4317 Domini,
2891 4249 3013 4319 quia
3039 4264 3136 4320 ego
3163 4248 3283 4304 veni
3310 4248 3378 4305 ad
3402 4249 3577 4321 bapti-

1998 4356 2112 4397 sma
2139 4341 2297 4395 servi.

2069 4432 2121 4487 9.
2163 4431 2279 4486 Jam
2305 4446 2431 4500 ergo
2456 4430 2556 4485 hoc
2584 4437 2803 4485 noverat
2824 4428 3084 4495 Joannes,
3125 4437 3180 4484 et
3220 4437 3445 4485 noverat
3474 4430 3579 4486 Do-

2001 4525 2221 4579 minum.
2250 4523 2385 4591 Quid
2410 4538 2536 4593 ergo
2577 4522 2755 4577 docuit
2792 4522 3069 4576 columba?
3107 4522 3233 4591 quid
3276 4523 3440 4577 voluit
3481 4538 3581 4592 per

2001 4616 2296 4673 columbam
2315 4657 2329 4681 ,
2359 4614 2412 4669 id
2460 4623 2541 4670 est
2558 4656 2574 4680 ,
2608 4630 2701 4683 per
2728 4614 2978 4683 Spiritum
3000 4624 3239 4668 sanctum
3264 4614 3342 4669 sic
3364 4615 3582 4669 venien-

2007 4719 2109 4765 tem
2138 4708 2363 4771 docere,
2393 4708 2480 4776 qui
2510 4706 2726 4761 miserat
2767 4722 2918 4772 eum,
2960 4708 3044 4760 cui
3083 4707 3186 4772 ait,
3233 4707 3402 4777 Super
3437 4724 3582 4779 quem

2005 4798 2185 4853 videris
2211 4798 2461 4867 Spiritum
2490 4797 2901 4863 descendentem,
2935 4808 3172 4866 tanquam
3192 4798 3503 4866 columbam,
3535 4806 3583 4853 et

2006 4899 2285 4943 manentem
2310 4904 2459 4957 super
2487 4904 2599 4941 eum
2617 4930 2630 4951 ,
2658 4889 2765 4957 ipse
2789 4889 2900 4942 est?
2928 4888 3057 4955 Quis
3098 4888 3209 4957 ipse
3246 4890 3362 4944 est?
3402 4890 3581 4943 Domi-

2010 4994 2127 5033 nus.
2155 4978 2306 5033 Novi.
2331 4978 2437 5033 Sed
2461 4978 2712 5047 numquid
2742 4978 2841 5032 hoc
2858 4977 2969 5046 jam
2996 4994 3239 5044 noveras,
3264 4980 3383 5048 quia
3402 4978 3582 5032 Domi-

2010 5086 2109 5125 nus
2129 5070 2227 5125 iste
2268 5069 2564 5138 baptizandi
2612 5068 2814 5123 habens
2838 5072 3152 5137 potestatem
3171 5109 3183 5133 ,
3207 5084 3323 5122 eam
3349 5074 3582 5137 potesta-

2012 5171 2114 5215 tem
2142 5160 2271 5213 nulli
2310 5175 2462 5213 servo
2488 5158 2705 5213 daturus
2729 5168 2844 5223 est,
2877 5158 2969 5212 sed
3011 5158 3112 5211 sibi
3138 5173 3253 5212 eam
3283 5164 3585 5212 retenturus

2010 5262 2119 5316 est,
2154 5261 2209 5305 ut
2238 5250 2409 5305 omnis
2438 5249 2525 5319 qui
2556 5249 2849 5319 baptizatur
2880 5264 2974 5318 per
3012 5248 3150 5303 servi
3195 5247 3547 5304 ministerium
3570 5292 3585 5315 ,

2013 5360 2117 5398 non
2159 5343 2383 5411 imputet
2412 5356 2586 5408 servo,
2626 5341 2721 5396 scd
2754 5341 3013 5395 Domino?
3040 5340 3291 5409 numquid
3334 5340 3436 5396 hoc
3475 5341 3585 5411 jam

2013 5434 2268 5490 noveras?
2294 5433 2406 5489 Non
2442 5436 2541 5488 hoc
2584 5447 2873 5486 noveram:
2904 5431 3037 5485 adeo
3071 5429 3197 5500 quid
3240 5430 3368 5485 mihi
3414 5432 3587 5486 dixit?

2016 5528 2182 5599 Super
2200 5544 2344 5598 quem
2364 5526 2543 5579 videris
2564 5525 2814 5595 Spiritum
2833 5523 3207 5577 descendentem
3236 5532 3475 5593 tanquam
3506 5542 3591 5579 co-

2016 5619 2253 5683 lumbam,
2277 5626 2320 5669 et
2349 5626 2630 5669 manentem
2668 5632 2818 5685 super
2837 5630 2950 5667 eum
2970 5654 2984 5681 ,
3014 5613 3122 5681 ipse
3145 5623 3217 5667 est
3247 5615 3333 5683 qui
3368 5614 3589 5685 baptisat

2014 5711 2067 5764 in
2098 5710 2293 5779 Spiritu
2321 5720 2512 5762 sancto.
2545 5708 2662 5763 Non
2685 5708 2789 5772 ait,
2811 5707 2925 5775 Ipse
2951 5716 3032 5760 est
3062 5707 3340 5772 Dominus;
3366 5724 3469 5762 non
3493 5709 3586 5773 ait,

2017 5803 2127 5871 ipse
2156 5810 2237 5856 est
2265 5801 2537 5861 Christus;
2576 5814 2677 5853 non
2717 5800 2821 5863 ait,
2864 5798 2974 5866 ipse
3011 5808 3093 5853 est
3130 5799 3305 5865 Deus;
3340 5815 3446 5855 non
3485 5800 3589 5865 ait,

2018 5894 2125 5960 ipse
2155 5902 2236 5945 est
2262 5890 2442 5955 Jcsus;
2478 5904 2579 5942 non
2608 5889 2700 5952 ait,
2729 5887 2842 5958 ipse
2867 5893 3059 5958 estqui
3085 5901 3237 5942 natu:
3273 5900 3353 5944 est
3384 5889 3449 5946 de
3483 5892 3593 5944 vir-

2715 5981 3309 6063 (Quarante-cinq.)
