4012 6482
496 404 631 462 1419

496 525 618 593 ginc
652 517 812 574 Maria
831 556 849 584 ,
888 511 1147 593 posterior
1175 515 1268 579 te,
1285 502 1427 581 prior
1451 510 1503 568 te
1526 516 1540 552 :
1561 510 1673 566 non
1696 493 1770 548 ait
1795 490 1933 554 hoc;
1956 487 2065 565 iam

497 615 638 683 enim
699 610 800 664 hoc
838 577 1057 673 noverat
1092 577 1344 669 Joannes.
1371 590 1476 648 Sed
1509 588 1631 674 quid
1668 600 1773 640 non
1817 577 2070 639 noverat?

496 666 720 769 'l‘antam
750 666 1066 769 potestatem
1086 666 1337 761 Baptismi
1368 666 1839 754 ipsum‘l)ominum
1861 670 2072 741 habitu.-

498 810 615 861 rum
644 801 698 848 et
724 790 824 861 sibi
854 796 1198 857 retenturum,
1224 778 1337 849 sive
1359 779 1673 848 praesentem
1699 769 1751 837 in
1781 761 2073 836 terra,sive

498 855 1038 955 διιεθιιιρὼτρι-ρρτε
1073 877 1125 941 in
1163 871 1299 943 coelo
1337 875 1391 939 et
1432 870 1748 936 praesentem
1775 855 2068 955 maiestate,

501 978 605 1035 sibi
646 939 972 1037 retenturum
1014 939 1267 1036 Baptismi
1308 964 1621 1037 potestatem
1647 966 1661 1003 :
1685 963 1752 1003 ne
1782 939 1973 1009 Paulus
1999 939 2077 994 di-

502 1078 669 1141 ceret,
699 1066 998 1149 Baptismus
1022 1071 1211 1135 meus;
1233 1070 1299 1107 ne
1317 1032 1507 1123 Detrus
1534 1045 1754 1117 diceret,
1777 1036 2077 1124 Baptismus

668 1148 671 1149 ν
1208 1145 1237 1149 __
1506 1141 1516 1149 _
1642 1144 1652 1149 Δ
1697 1135 1709 1149 .
1912 1126 2077 1149 ΗΜΛ

505 1126 677 1218 meus.
691 1126 816 1229 ideo
829 1154 1022 1216 Videte,
1042 1126 1297 1203 intendite
1313 1156 1471 1213 voces
1493 1135 1889 1209 Apostolorum.
1912 1126 2080 1182 Nemo

505 1220 879 1325 Apostolorum
918 1240 1080 1309 dixit,
1113 1233 1410 1317 Baptismus
1445 1243 1613 1297 meus.
1642 1220 1893 1292 Quamvis
1921 1228 2087 1283 unum.

501 1309 739 1409 omnium
786 1343 928 1390 esset
967 1309 1342 1399 Evangelipm,
1388 1331 1562 1376 tamen
1599 1314 1803 1371 invenis
1861 1309 2080 1371 dixisse,

507 1429 850 1501 Evangelium
892 1438 1070 1493 meum
1100 1438 1113 1473 :
1138 1434 1241 1485 non
1282 1413 1488 1488 invenis
1530 1409 1763 1481 dixisse,
1815 1402 2085 1481 Baptisms

496 1539 706 1587 meum.

579 1612 666 1669 10.
699 1610 813 1666 Hoc
839 1623 966 1679 ergo
986 1603 1170 1660 didicit
1192 1600 1443 1665 Joannes,
1470 1594 1661 1665 fratres
1692 1589 1817 1645 mei.
1842 1583 1996 1653 Quod
2016 1584 2088 1641 di-

509 1706 637 1777 dicit
676 1675 927 1769 Joannes
952 1712 1045 1768 per
1084 1692 1415 1767 columbam,
1447 1687 1718 1747 discamus
1746 1690 1799 1735 et
1828 1693 1942 1733 nos.
1972 1675 2090 1731 Non

510 1797 653 1870 enim
679 1792 923 1865 columba
951 1789 1207 1845 Joannem
1232 1783 1432 1853 docuit,
1461 1791 1515 1835 et
1545 1777 1837 1833 Ecclesium
1866 1786 1974 1826 non
1995 1769 2091 1823 do-

511 1865 663 1963 cuit,
691 1886 777 1957 cui
815 1883 1070 1955 Ecclesia
1094 1880 1292 1945 dictum
1320 1884 1401 1930 est
1420 1916 1436 1941 ,
1471 1871 1585 1927 Una
1613 1878 1684 1923 est
1708 1865 1939 1929 columba
1984 1878 2093 1915 mea

519 1955 770 2056 (ant.vr,
787 1975 843 2051 8)
860 1973 1129 2039 .Columba
1142 1970 1329 2039 doceat
1345 1963 1662 2026 columbam;
1682 1957 1889 2013 noverit
1901 1955 2108 2009 eolum-.

515 2050 581 2130 ba
593 2050 732 2151 quod
743 2050 974 2139 Joannes
990 2063 1171 2133 didicit
1187 2076 1279 2131 per
1298 2056 1615 2114 columbam.
1631 2050 1859 2122 Spiritus
1883 2054 2096 2101 sanctus

517 2164 571 2237 in
608 2133 794 2234 specie
826 2133 1088 2223 columbae
1129 2147 1423 2219 descendit.
1463 2144 1573 2199 Hoc
1608 2149 1782 2196 autem
1845 2135 1985 2207 quod
2015 2133 2097 2187 di-

516 2224 699 2310 scebat
721 2224 949 2307 Joannes
969 2246 1020 2300 in
1062 2241 1305 2309 columba
1326 2281 1340 2307 ,
1364 2251 1527 2308 quare
1543 2235 1594 2288 in
1610 2230 1856 2287 columba
1882 2224 2099 2282 didicit?

520 2342 810 2416 Oportebat
836 2337 977 2397 enim
1007 2343 1065 2389 ut
1092 2333 1320 2388 disceret
1348 2347 1360 2382 :
1388 2341 1489 2381 nec
1510 2325 1611 2377 hoc
1644 2322 1778 2375 forte
1803 2316 2097 2389 oportebat,

521 2406 706 2497 nisiut
730 2406 824 2505 per
852 2425 1148 2483 columbam
1171 2422 1417 2493 disceret.
1449 2412 1585 2481 Quid
1616 2412 1787 2465 dicam
1810 2408 1876 2462 de
1896 2406 2101 2461 colum-

523 2494 611 2593 ba,
641 2494 829 2578 fratres
849 2516 990 2574 mei?
1020 2523 1110 2569 aut
1137 2508 1349 2587 quando
1379 2506 1507 2561 mihi
1546 2501 1745 2558 sufficit
1770 2497 1994 2565 facultas
2019 2494 2105 2549 vel

522 2615 700 2683 cordis
725 2612 808 2667 vel
835 2611 1026 2680 linguae
1045 2648 1060 2674 ,
1087 2603 1267 2663 dicere
1293 2596 1562 2671 quomodo
1588 2591 1739 2649 volo?
1762 2591 1829 2645 Et
1848 2591 1982 2643 forte
2000 2602 2102 2641 non

524 2710 682 2787 digne
700 2706 819 2775 volo
845 2698 1111 2775 quomodo
1138 2693 1420 2763 dicendum
1448 2698 1559 2753 est;
1585 2702 1682 2741 nec
1706 2685 1752 2741 si
1779 2692 1955 2738 tamen
1981 2694 2104 2749 pos-

526 2771 641 2857 ευῖι.
680 2799 857 2873 dicere
885 2789 1152 2865 quomodo
1195 2788 1316 2842 volo
1347 2800 1362 2838 :
1395 2791 1593 2854 quanto
1629 2779 1803 2841 minus
1842 2771 2107 2853 quomodo

526 2868 807 2948 dicendum
833 2885 946 2942 est?
977 2883 1089 2954 Ego
1118 2895 1148 2951 a_
1176 2878 1398 2935 meliore
1427 2873 1529 2927 hoc
1552 2869 1738 2925 audire
1762 2865 1975 2929 vellem,
2000 2876 2107 2916 non

527 2982 679 3052 vobis
701 2980 898 3034 dicere.

603 3072 691 3126 11.
724 3066 888 3123 Discit
912 3064 1144 3120 Joannes
1172 3073 1293 3129 eum
1338 3069 1495 3126 quem
1539 3056 1801 3106 noverat:
1829 3045 1923 3101 sed
1953 3044 2005 3097 in
2046 3056 2111 3097 eo

533 3160 690 3218 discit
716 3160 769 3213 in
799 3172 902 3228 quo
930 3169 1050 3208 eum
1096 3164 1203 3219 non
1240 3150 1491 3208 noverat;
1522 3141 1576 3195 in
1620 3153 1726 3209 quo
1755 3142 1974 3191 noverat
2006 3148 2110 3186 non

534 3254 709 3313 discit.
736 3224 946 3321 thuid
969 3240 1224 3299 noverat?
1250 3236 1552 3292 Dominum.
1580 3229 1715 3299 Quid
1738 3242 1842 3283 non
1863 3224 2113 3280 noverat?

536 3317 859 3413 Potestatetii
890 3332 1139 3390 dominici
1171 3324 1418 3397 baptismi
1460 3325 1511 3377 in
1542 3320 1744 3376 nullum
1785 3317 2053 3371 hominem
2083 3327 2115 3367 a

538 3410 761 3488 Domino
787 3405 1124 3483 transiturum
1145 3461 1161 3487 ,
1199 3418 1291 3473 sed
1315 3411 1661 3470 ministerium
1687 3409 1842 3478 plane
1863 3405 2113 3460 transitu-

477 3590 487 3599 .
538 3538 656 3579 rum
682 3539 696 3576 :
723 3526 1038 3590 potestatem
1060 3527 1090 3565 a
1120 3510 1341 3564 Domino
1367 3504 1418 3565 in
1447 3502 1734 3563 neminem,
1768 3495 2115 3550 ministerium

538 3623 593 3671 et
620 3614 673 3667 in
699 3582 869 3666 bonos
897 3615 950 3661 et
974 3604 1025 3673 in
1062 3600 1246 3655 malos.
1290 3595 1409 3651 Non
1445 3591 1727 3647 exhorreat
1751 3584 1991 3641 columba
2020 3582 2117 3636 mi—

540 3701 817 3759 nisterium
867 3694 1167 3757 malorum,
1220 3684 1470 3754 respiciat
1521 3678 1726 3735 Domini
1778 3682 2114 3746 potestatem.

540 3795 677 3864 Quid
697 3793 789 3849 tibi
812 3789 934 3859 facit
954 3785 1124 3840 malus
1142 3779 1405 3839 minister,
1426 3774 1515 3829 ubi
1536 3774 1709 3828 bonus
1726 3778 1807 3824 est
1832 3764 2119 3822 Dominus?

542 3856 679 3955 Quid
718 3894 770 3939 te
812 3856 1030 3951 impedit
1070 3871 1369 3928 malitiosus
1401 3878 1609 3936 prreco,
1644 3861 1690 3915 si
1725 3868 1807 3914 est
1830 3856 2119 3912 benevolus

541 3947 738 4048 index?
780 3947 1010 4039 Joannes
1042 3962 1224 4021 didicit
1249 3974 1347 4030 per
1384 3955 1681 4011 columbam
1711 3951 1831 4005 hoc.
1876 3947 2010 4014 Quid
2040 3953 2123 4001 θεῖ

546 4038 686 4140 quod
722 4038 943 4131 didicit?
974 4058 1091 4126 Ipse
1126 4060 1372 4122 repetat:
1404 4047 1525 4116 Ipse
1552 4043 1675 4097 mihi
1713 4042 1874 4107 dixit,
1917 4038 2118 4109 inquit,

549 4133 716 4225 Super
743 4167 887 4223 quem
927 4145 1108 4202 uideris
1148 4141 1395 4211 Spiritum
1433 4133 1841 4195 descendentem,
1886 4137 2124 4199 tanquam

547 4220 855 4307 columbum,
884 4248 930 4295 et
957 4243 1236 4293 mammam
1260 4245 1413 4302 super
1439 4243 1572 4294 eum,
1602 4225 1682 4278 hic
1702 4233 1773 4278 est
1801 4221 1885 4293 qui
1906 4220 2125 4291 baptizat

548 4342 600 4393 in
627 4336 825 4409 Spiritu
855 4340 1048 4387 sancto.
1077 4326 1195 4382 Non
1219 4336 1347 4393 ergo
1378 4330 1429 4374 te
1454 4316 1752 4386 decipiant,
1782 4329 1817 4367 ο
1843 4310 2085 4368 cohlmha
2107 4352 2119 4373 ,

551 4404 879 4492 seductores,
902 4421 992 4492 qui
1016 4419 1216 4491 dicunt,
1242 4413 1350 4469 Nos
1372 4411 1698 4480 baptizamus
1719 4405 1816 4478 (a).
1845 4404 2121 4470 Columba,

551 4532 778 4590 agnosce
808 4511 935 4582 quid
960 4509 1141 4566 docuit
1168 4504 1432 4561 columba.
1476 4498 1574 4554 Hic
1606 4507 1678 4553 est
1706 4498 1789 4567 qui
1817 4495 2036 4565 baptizat
2072 4493 2127 4547 in

553 4612 753 4684 Spiritu
776 4615 969 4663 sancto.
999 4604 1103 4658 Per
1122 4597 1420 4656 columbam
1441 4593 1660 4648 discitur
1680 4591 1803 4661 quia
1826 4590 1909 4643 hic
1933 4596 2047 4651 est;
2074 4594 2128 4641 et

554 4679 611 4762 tu
635 4704 750 4775 ejus
777 4705 1038 4772 potestate
1069 4703 1223 4765 putas
1258 4700 1309 4746 te
1341 4686 1623 4758 baptizari,
1656 4685 1808 4753 cujus
1836 4679 2128 4737 ministerio

553 4790 875 4867 baptizaris?
902 4788 961 4847 Si
1005 4787 1105 4840 hoc
1134 4792 1317 4855 putas,
1351 4779 1586 4836 nondum
1614 4792 1672 4831 es
1704 4775 1758 4829 in
1784 4786 2006 4843 corpore
2033 4785 2127 4825 eo-

553 4885 778 4951 lnmbae;
809 4889 864 4938 et
889 4880 934 4936 si
963 4894 1067 4933 non
1096 4891 1156 4932 es
1178 4877 1228 4930 in
1253 4887 1477 4943 corpore
1499 4867 1776 4931 columbae,
1808 4882 1912 4921 non
1934 4864 2134 4919 miran-

555 4979 680 5035 dum
707 4974 828 5046 quia
858 4968 1244 5039 simplicitatem
1275 4980 1382 5018 non
1422 4962 1603 5016 habes.
1633 4955 1953 5027 Simplicitas
1988 4952 2129 5008 enim

555 5067 783 5125 maxime
811 5077 907 5135 per
930 5059 1229 5117 columbam
1258 5055 1580 5124 designatur.

628 5157 713 5213 12.
743 5134 918 5223 Quare
946 5167 1040 5223 per
1064 5147 1455 5220 simplicitatem
1479 5140 1737 5200 columbae
1760 5136 1941 5193 didicit
1965 5134 2130 5189 Joan-

557 5264 673 5314 nes,
700 5246 823 5318 quia
851 5246 932 5302 hic
958 5244 1135 5314 estqui
1161 5240 1379 5309 baptizat
1413 5238 1465 5290 in
1492 5234 1688 5305 Spiritu
1712 5238 1915 5295 sancto,
1944 5229 2133 5282 fratres

558 5340 683 5406 mei,
713 5338 819 5393 nisi
844 5338 964 5409 quia
999 5332 1257 5391 columba:
1277 5344 1385 5385 non
1410 5324 1670 5394 erantqui
1696 5321 1988 5376 Ecclesium
2021 5318 2130 5372 dis-

557 5430 901 5501 sipaverunt?
930 5427 1222 5497 Accipitres
1251 5427 1421 5484 erant,
1454 5416 1597 5472 milvi
1629 5421 1797 5469 erant.
1828 5411 1941 5466 Non
1971 5410 2134 5465 laniat

559 5523 823 5579 columba.
864 5519 932 5574 Et
956 5517 1104 5573 vides
1139 5515 1257 5569 illos
1284 5510 1531 5566 invidiam
1558 5506 1710 5561 nobis
1742 5506 1948 5569 facere,
1984 5502 2133 5573 quasi

560 5618 625 5672 de
649 5610 1096 5686 persecutionibus
1116 5620 1246 5679 quas
1266 5603 1405 5675 passi
1426 5610 1568 5656 sunt.
1585 5597 1901 5667 Corporales
1919 5593 2131 5665 quidem

559 5685 699 5780 passi
730 5704 876 5776 quasi
899 5699 1313 5773 persecutiones,
1339 5710 1461 5751 cum
1489 5696 1669 5749 essent
1689 5686 1894 5759 ﬂagella
1925 5685 2132 5740 Domini

621 5819 694 5883 (ιι)
732 5819 1004 5870 Donum.

1444 383 1510 440 IN
1545 374 1823 451 JOANNlS.
1860 363 2423 445 EVANGEL!U§1,S,
2462 356 2826 418 AUGUSTINI

3618 345 3756 402 1420

2177 477 2453 547 manifeste
2475 476 2649 532 dantis
2669 471 3003 543 disciplinam
3030 467 3094 524 ad
3116 476 3342 535 tempus,
3372 477 3440 518 ne
3458 461 3675 517 damnet
3697 461 3751 515 in

2177 583 2454 637 aeternum,
2482 570 2525 624 si
2547 583 2663 623 eam
2685 580 2791 621 non
2815 560 3179 632 cognoverint,
3206 569 3368 626 seque
3392 551 3751 609 correxerint.

2178 663 2262 717 llli
2314 677 2440 718 vere
2482 664 2870 730 persequuntur
2896 650 3222 712 Ecclesium,
3266 645 3355 716 qui
3390 643 3529 699 dolis
3566 655 3753 715 perse-

2180 762 2443 826 quuntur;
2472 753 2543 807 illi
2560 750 2771 821 gravius
2794 761 2887 803 cor
2907 744 3117 807 feriunt,
3142 740 3234 812 qui
3261 736 3452 808 lingua:
3472 734 3649 808 gladio
3676 733 3753 788 fe-

2182 847 2358 912 riunt;
2389 847 2464 901 illi
2488 843 2727 900 acerbius
2747 838 3053 910 sanguinem
3080 833 3325 899 fundunt,
3348 829 3436 902 qui
3465 826 3758 891 Christum,

2183 950 2436 1015 quantum
2474 938 2527 991 in
2568 935 2698 1005 ipsis
2723 941 2839 998 est,
2870 931 2921 984 in
2955 928 3167 984 homine
3195 923 3460 980 occidunt.
3490 916 3764 975 Perterriti

2186 1010 2432 1093 videntur
2461 1028 2609 1100 quasi
2634 1025 2830 1109 judicio
2858 1028 3197 1094 potestatum.
3228 1013 3364 1083 Quid
3395 1013 3487 1069 tibi
3516 1010 3642 1068 facit
3667 1023 3766 1080 po-

2188 1134 2371 1189 testas,
2403 1123 2448 1177 si
2478 1107 2762 1175 bonus‘es?
2790 1116 2847 1172 Si
2876 1124 3050 1169 autem
3076 1110 3247 1167 malus
3275 1123 3355 1174 es,
3388 1107 3515 1161 time
3536 1111 3770 1177 potesta-

2190 1225 2295 1270 tem
2319 1233 2332 1270 :
2360 1212 2482 1267 Non
2503 1212 2633 1266 enim
2654 1213 2845 1280 {rustra
2871 1204 3095 1277 gladium
3119 1208 3303 1271 portat,
3331 1198 3462 1252 dicit
3486 1193 3770 1265 Apostolus

2192 1305 2365 1379 (Rom.
2400 1319 2516 1368 xm,
2542 1303 2620 1372 4).
2651 1299 2822 1355 Tuum
2850 1296 3079 1367 gladium
3110 1292 3215 1347 noli
3241 1289 3489 1355 educere,
3517 1299 3622 1356 quo
3651 1297 3775 1354 per-

2193 1372 2330 1450 cutis
2361 1392 2653 1466 Qhristnm.
2700 1387 3035 1457 Christiane,
3076 1381 3201 1453 quid
3245 1391 3298 1435 tu
3338 1373 3674 1448 persequeris
3715 1372 3775 1426 in

2194 1463 2519 1553 christiano?
2544 1482 2668 1553 quid
2695 1479 2747 1536 in
2779 1488 2832 1535 te
2853 1485 3160 1549 persecutus
3183 1481 3266 1528 est
3289 1465 3609 1538 imperator?
3636 1463 3773 1519 Car-

2197 1592 2317 1633 nem
2350 1582 2653 1645 persecutus
2677 1580 2791 1643 est;
2838 1579 2894 1625 tu
2924 1568 2976 1639 in
3006 1565 3291 1622 christiano
3320 1559 3560 1630 spiritum
3591 1566 3779 1625 perse-

2197 1666 2394 1736 queris.
2425 1663 2544 1719 Non
2583 1640 2781 1727 occidis
2820 1669 2878 1713 ιιι
2914 1671 3146 1714 carnem.
3186 1654 3251 1707 Et
3291 1661 3464 1704 tamen
3501 1660 3600 1700 nec
3627 1640 3780 1698 carni

2200 1765 2463 1827 parcunt:
2494 1761 2753 1824 quotquot
2791 1758 3075 1821 potuerunt
3119 1742 3373 1809 caedendo
3418 1742 3777 1799 necaverunt;

2202 1838 2302 1905 nec
2324 1848 2435 1904 suis
2471 1861 2572 1902 nec
2598 1844 2786 1900 alienis
2810 1844 3177 1912 pepercerunt.
3202 1834 3394 1889 Notum
3422 1838 3504 1885 est
3530 1827 3631 1882 hoc
3657 1839 3784 1879 om-

2202 1943 2376 1998 nibus.
2406 1939 2667 1995 lnvidiosa
2691 1944 2774 1992 est
2798 1941 3061 2005 potestas,
3098 1927 3220 2000 quia
3246 1922 3476 1996 legitima
3496 1927 3614 1975 est:
3644 1915 3787 1972 invi-

2203 2033 2353 2089 diose
2379 2029 2522 2094 facit,
2557 2028 2647 2099 qui
2668 2028 2787 2097 jure
2812 2023 2970 2079 facit:
3000 2021 3115 2089 sine
3140 2016 3336 2072 invidia
3361 2012 3503 2078 facit,
3532 2008 3619 2080 qui
3645 2021 3789 2077 pm-

2206 2132 2287 2179 ter
2313 2125 2454 2201 leges
2482 2120 2627 2175 facit.
2656 2111 3285 2197 Attendatunusquisque
3310 2114 3566 2167 vestrum,
3590 2102 3789 2155 fratres

2208 2216 2346 2283 mei,
2370 2190 2499 2285 quid
2541 2212 2733 2267 habeat
2757 2190 3274 2270 ehristianuszuod
3303 2201 3463 2254 homo
3488 2204 3601 2260 est,
3630 2207 3792 2248 com-

2208 2324 2369 2364 mune
2394 2322 2514 2362 cum
2543 2304 2759 2359 multis:
2790 2300 2937 2372 quod
2953 2296 3271 2354 christianus
3295 2299 3398 2359 est,
3436 2287 3731 2345 secernitur
3756 2298 3793 2340 a

2212 2399 2419 2465 multis;
2466 2406 2521 2450 et
2550 2396 2668 2465 plus
2711 2393 2776 2448 ad
2807 2391 2953 2445 illum
2994 2387 3224 2458 pertinet
3259 2380 3398 2453 quod
3428 2378 3747 2436 christianus
3775 2416 3793 2441 ,

2212 2506 2367 2559 quam
2388 2487 2531 2559 quod
2550 2487 2729 2540 homo.
2749 2482 2881 2538 Nam
2898 2479 3037 2550 quod.
3059 2476 3397 2538 Christianus,
3420 2478 3701 2527 renovatur
3717 2466 3795 2524 ad

2214 2558 2497 2651 imaginem
2523 2578 2633 2643 Dei,
2653 2593 2682 2630 a
2707 2589 2810 2644 quo
2827 2573 2985 2627 homo
3001 2570 3166 2624 factus
3182 2577 3265 2623 est
3287 2565 3352 2619 ad
3372 2562 3650 2632 imaginem
3671 2558 3795 2625 Dei,

2220 2672 2351 2744 (Col.
2390 2686 2468 2735 ιιι,
2509 2663 2978 2739 10):quodautem
2996 2652 3800 2727 homo,possetetmalus,pos-

2216 2771 2621 2829 setetpaganus,
2645 2762 2825 2824 posset
2861 2753 2879 2784 ί
2907 2760 2957 2807 et
2977 2749 3268 2805 idololatra.
3307 2745 3419 2799 Hoc
3434 2752 3486 2797 tu
3503 2753 3802 2812 perseque~

2215 2853 2289 2907 ris
2318 2853 2371 2905 in
2398 2850 2706 2908 christiano,
2726 2843 2865 2916 quod
2889 2843 3080 2897 melius
3104 2840 3298 2895 habet:
3325 2836 3427 2891 hoc
3451 2835 3592 2890 enim
3618 2830 3693 2886 illi
3712 2831 3803 2885 vis

2217 2942 2422 2997 auferre
2448 2940 2588 2996 unde
2607 2924 2771 2992 vivita
2791 2936 2929 2989 Vivit
2956 2933 3096 2988 enim
3124 2928 3484 3000 temporaliter
3503 2922 3805 2980 secundum

2218 3035 2458 3105 spiritum
2486 3034 2630 3098 vine,
2676 3045 2782 3101 quo
2808 3044 2998 3097 corpus
3026 3026 3321 3088 animatur;
3350 3022 3477 3076 vivit
3518 3027 3691 3073 autem
3721 3015 3804 3070 ad

2220 3126 2565 3180 aeternitatem
2592 3121 2880 3177 secundum
2909 3118 3175 3187 Baptisms
3207 3112 3350 3184 quod
3389 3109 3593 3179 accepit
3626 3122 3659 3162 a
3691 3107 3809 3162 Do-

2220 3216 2401 3269 mino:
2433 3213 2535 3268 hoc
2561 3212 2634 3266 illi
2678 3211 2757 3265 vis
2783 3211 2995 3273 tollere,
3038 3203 3178 3276 quod
3220 3203 3425 3272 accepit
3462 3214 3492 3253 a
3535 3196 3805 3263 Domino;

2222 3305 2323 3360 hoc
2348 3304 2423 3358 illi
2462 3302 2544 3357 vis
2574 3302 2759 3356 tollere
2786 3299 2926 3354 unde
2952 3296 3100 3351 vivit.
3138 3295 3397 3351 Latrones
3424 3305 3517 3346 eos
3544 3302 3676 3359 quos
3699 3301 3812 3340 vo-

2222 3398 2337 3452 lunt
2361 3395 2678 3466 exspoliare,
2711 3393 2787 3447 sic
2809 3391 3018 3453 volunt,
3061 3397 3118 3441 ut
3146 3386 3245 3456 ipsi
3286 3384 3404 3453 plus
3448 3380 3707 3443 habeant,
3751 3387 3814 3432 et

2224 3491 2301 3545 illi
2326 3489 2455 3543 nihil
2480 3487 2705 3541 habeant
2730 3501 2743 3536 ε
2772 3494 2825 3537 ιιι
2848 3490 2903 3537 et
2925 3480 3065 3535 tollis
3090 3478 3231 3541 huic,
3259 3483 3311 3530 et
3330 3472 3467 3544 apud
3494 3482 3545 3526 te
3568 3485 3673 3524 non
3699 3468 3815 3523 erit

2226 3581 2372 3651 plus;
2404 3595 2508 3633 non
2532 3577 2671 3631 enim
2704 3574 2823 3645 plus
2844 3571 2935 3626 tibi
2964 3570 3043 3636 ﬁt,
3070 3569 3191 3637 quia
3211 3566 3331 3620 huic
3356 3564 3517 3618 tollis.
3544 3560 3651 3615 Sed
3677 3574 3818 3615 vere

2227 3649 2329 3727 hoc
2355 3670 2572 3733 faciunt,
2604 3666 2743 3737 quod
2768 3664 2821 3719 hi
2843 3663 2939 3733 qui
2955 3661 3145 3716 tollunt
3167 3659 3426 3723 animam;
3454 3663 3508 3709 et
3532 3651 3683 3707 alteri
3704 3649 3818 3704 tol-

2227 3763 2361 3827 lunt,
2392 3768 2447 3816 et
2472 3759 2574 3829 ipsi
2599 3756 2731 3811 duas
2757 3755 2959 3809 animas
2989 3766 3094 3806 non
3118 3750 3333 3804 habent.

2300 3852 2386 3907 15.
2416 3849 2553 3917 Quid
2578 3862 2704 3918 ergo
2723 3847 2803 3900 vis
2822 3841 3067 3899 auferre?
3089 3839 3243 3896 Unde
3264 3838 3356 3894 tibi
3382 3836 3627 3906 displicet
3645 3848 3820 3905 quem

2227 3940 2694 4010 visrebaptizare?
2724 3939 2860 3993 Dare
2884 3950 2989 3991 non
3018 3942 3169 4006 potes
3196 3931 3335 4002 quod
3364 3933 3473 4001 jam
3499 3928 3679 3996 habet,
3709 3928 3822 3983 sed

2230 4040 2356 4092 facis
2382 4050 2576 4107 negare
2604 4031 2743 4103 quod
2769 4031 2945 4085 habet.
2975 4028 3109 4095 Quid
3140 4025 3379 4080 acerbius
3403 4021 3620 4078 faciebat
3650 4036 3824 4090 paga-

2230 4144 2351 4194 nus,
2378 4134 2688 4198 persecutor
2715 4120 3003 4178 Ecclesiae?
3028 4117 3421 4173 Exserebantur
3436 4112 3594 4183 gladii
3619 4110 3826 4165 adver—

2231 4237 2323 4277 sus
2342 4229 2623 4291 martyres,
2654 4215 3031 4271 emittebantur
3051 4211 3255 4276 bestiae,
3279 4209 3426 4278 ignes
3451 4204 3827 4259 admoveban—
3919 4266 3931 4280 .

2229 4323 2355 4371 tur:
2386 4312 2567 4384 utquid
2594 4311 2727 4365 ista?
2760 4309 2832 4366 Ut
2856 4308 3056 4363 diceret
3090 4303 3180 4375 qui
3218 4304 3316 4357 ista
3346 4301 3662 4370 patiebatur,
3690 4295 3827 4352 Non

2233 4423 2351 4464 sum
2380 4405 2721 4462 Christianus.
2748 4400 2884 4470 Quid
2915 4401 3074 4454 doces
3106 4406 3161 4451 tu
3190 4410 3309 4450 eum
3341 4408 3499 4463 quem
3537 4392 3618 4443 vis
3655 4389 3831 4444 reba-

2232 4502 2453 4573 ptizare,
2482 4497 2585 4553 nisi
2612 4508 2666 4552 ut
2692 4496 2863 4566 primo
2890 4492 3050 4555 dicat,
3071 4489 3189 4545 Non
3214 4503 3329 4542 sum
3352 4482 3702 4541 Christianus?
3731 4483 3833 4537 Ad

2234 4593 2374 4666 quod
2403 4588 2687 4661 aliquando
2726 4579 3379 4656 persecutor,proferebat
3419 4576 3714 4638 flammam,
3750 4574 3835 4629 ad

2236 4685 2337 4740 hoc
2367 4692 2421 4737 tu
2460 4679 2708 4752 producis
2742 4678 3015 4748 linguam:
3046 4669 3348 4727 seducendo
3390 4668 3517 4724 facis
3547 4665 3685 4736 quod
3722 4666 3837 4721 ille

2235 4773 2524 4833 occidendo
2553 4771 2829 4827 nontecit.
2859 4769 2927 4823 Et
2951 4765 3074 4839 quid
3102 4773 3183 4820 est
3212 4762 3350 4834 quod
3390 4762 3607 4815 daturus
3635 4774 3694 4813 es
3713 4799 3728 4822 ,
3773 4768 3841 4814 et

2235 4868 2318 4922 cui
2345 4866 2565 4921 daturus
2592 4862 2688 4916 es?
2713 4860 2767 4916 Si
2789 4859 2882 4915 tibi
2907 4872 3090 4914 verum
3117 4855 3276 4917 dicat,
3303 4862 3483 4908 etnon
3513 4848 3773 4905 seductus
3802 4865 3841 4904 a

2237 4966 2290 5012 te
2319 4956 2625 5020 mentiatur,
2658 4953 2895 5009 dicturus
2924 4958 3024 5016 est,
3059 4948 3257 5003 Habeo.
3285 4946 3613 5013 Interrogas,
3643 4940 3845 4998 Habes

2238 5043 2544 5116 Baptisms?
2587 5044 2801 5107 Habeo,
2848 5040 2995 5097 dicit.
3038 5035 3299 5108 Quamdiu
3327 5034 3497 5089 habeo
3532 5032 3694 5097 dicit,
3743 5033 3847 5087 in-

2238 5139 2376 5210 quis,
2405 5152 2510 5193 non
2545 5151 2661 5193 sum
2689 5135 2927 5190 daturus.
2960 5131 3025 5186 Et
3056 5116 3167 5184 noll-
3199 5128 3363 5183 dare:
3396 5124 3537 5196 quod
3567 5123 3711 5178 enim
3746 5125 3849 5178 vis

2238 5231 2394 5295 dare,
2422 5226 2628 5283 haerere
2648 5227 2700 5281 in
2728 5240 2815 5280 me
2836 5238 2941 5278 non
2965 5229 3162 5292 potest;
3194 5220 3314 5291 quia
3335 5215 3474 5288 quod
3497 5213 3700 5282 accepi,
3734 5227 3853 5267 au-

2241 5321 2365 5378 ferri
2393 5336 2423 5374 a
2462 5335 2549 5376 me
2575 5335 2678 5373 non
2720 5324 2914 5387 potest.
2954 5311 3057 5369 Sed
3084 5298 3258 5366 tamen
3288 5315 3568 5375 exspecta;
3610 5303 3849 5358 videam

2241 5412 2364 5485 quid
2390 5427 2475 5466 me
2499 5410 2578 5465 vis
2606 5409 2820 5464 docere.
2856 5406 2947 5460 Dic
2966 5445 2982 5472 ,
3015 5404 3218 5472 inquit,
3246 5398 3439 5470 primo,
3476 5396 3588 5450 Non
3629 5391 3853 5447 habeo.

2241 5484 2349 5562 Sed
2375 5504 2476 5559 hoc
2492 5500 2699 5557 habeo:
2728 5498 2775 5554 si
2801 5496 3014 5563 dixero,
3040 5492 3156 5547 Non
3179 5489 3369 5553 habeo,
3393 5485 3652 5549 mentior;
3683 5484 3857 5553 quod

2240 5598 2383 5656 enim
2408 5597 2601 5663 habeo,
2628 5594 2819 5648 habeo.
2842 5587 2958 5644 Non
2978 5585 3166 5649 habes,
3189 5581 3381 5655 inquit.
3407 5578 3550 5635 Doce
3575 5576 3699 5661 quia
3721 5590 3862 5632 non

2239 5726 2577 5857 μὲιξῖξάστν
2620 5724 3001 5834 ρξίξιροδεεινια
3040 5716 3167 5784 iecit
3202 5710 3630 5781 ﬂmmeum.-
3676 5709 3846 5773 «sitio
