4074 6472
507 367 644 448 uas

503 506 596 560 hoc
619 519 813 574 quoque
827 501 964 557 nobis
988 498 1126 554 Deus
1143 498 1372 554 reuelabit
1391 497 1656 570 (Philipp.
1678 514 1754 563 nt,
1781 499 1849 554 15
1864 497 1904 569 ).
1929 497 2080 554 Unde

1481 385 1544 440 IN
1581 381 1856 441 JOANNIS
1895 381 2354 454 manemus,
2395 385 2452 442 s.
2488 385 2848 442 annosum
2893 347 2896 350 ’

3627 387 3767 444 μαι

2189 509 2477 569 pateretur,
2508 501 2628 572 quia
2658 502 2954 572 baptizabat
2978 503 3154 575 plures
3181 519 3336 576 quam
3365 501 3597 560 Joannes
3623 522 3638 556 :
3669 504 3764 560 de-

499 598 587 655 isti
609 599 698 668 qui
717 611 776 653 se
795 605 1189 666 separaverunt,
1217 593 1470 646 indociles
1489 592 1610 646 facti
1635 601 1774 646 sunt.
1799 591 1932 660 Quid
1953 605 2080 662 ergo
2186 591 2313 647 inde
2337 593 2642 663 adjunctum
2669 603 2770 660 est,
2803 595 3040 660 Quamvis
3065 597 3171 665 ipse
3199 613 3300 650 non
3335 596 3610 666 baptizaret
3633 635 3649 662 ,
3675 598 3764 650 sed

503 691 677 747 solent
714 687 932 744 dicere?
959 685 1099 742 Ecce
1133 693 1254 755 post
1293 683 1554 740 Joannem
1599 683 1917 753 baptizatum
1955 692 2076 749 est;

499 791 623 856 post
665 781 943 836 ha'reticos
971 795 1078 834 non
1107 777 1436 846 baptizatur?
1462 775 1592 843 Quia
1619 775 1830 846 quidam
1860 775 1948 844 qui
1979 773 2076 826 ha-

501 873 696 930 bebant
715 871 976 942 baptisma
1011 868 1250 934 Joannis,
1275 867 1406 937 jussi
1433 873 1556 920 sunt
1579 882 1609 919 a
1631 865 1793 920 Paulo
1821 863 2076 934 baptizari

503 964 652 1037 (Act.
677 979 788 1029 xu,
820 959 956 1031 5-5)
983 977 998 1014 :
1030 975 1134 1014 non
1163 958 1305 1013 enim
1341 956 1602 1034 habebant
1631 957 1890 1026 baptisma
1918 955 2074 1009 Chri-

499 1058 586 1114 sti.
617 1056 753 1125 Quid
781 1069 908 1126 ergo
935 1065 1220 1122 exaggeras
1249 1050 1492 1106 meritum
1536 1049 1788 1126 Joannis,
1831 1056 1884 1102 et
1926 1046 2076 1116 quasi

498 1147 685 1218 abjicis
711 1143 1068 1200 infelicitatem
1097 1139 1501 1194 haereticorum?
1521 1139 1588 1192 Et
1603 1153 1700 1208 ego
1717 1137 1811 1191 tibi
1839 1135 2076 1191 concedo

365 1301 386 1320 ι
440 1237 787 1330 Ἰδοειετθιοε
829 1247 947 1289 esse
1001 1230 1280 1286 haereticos
1321 1247 1335 1282 :
1384 1229 1480 1284 sed
1532 1228 1763 1284 haeretici
1815 1228 2074 1297 baptisma

498 1327 696 1384 Christi
728 1325 1024 1388 dederunt,
1055 1322 1194 1393 quod
1224 1321 1479 1391 baptisma
1506 1335 1612 1374 non
1649 1319 1796 1375 dedit
1820 1320 2070 1374 Joannes.

457 1391 466 1428 3
549 1423 636 1476 l7.
665 1420 902 1474 Recurr‘o
917 1417 982 1471 ad
1004 1391 1282 1482 Joannem,
1305 1415 1521 1469 etdico:
1543 1413 2072 1484 Hicestquibaptizat.

457 1527 464 1568 ζ
495 1513 584 1570 Sic
611 1513 752 1568 enim
785 1510 974 1566 melior
1007 1508 1241 1564 Joannes
1273 1521 1432 1576 quam
1469 1505 1779 1568 haereticus,
1809 1504 2074 1574 quomodo

497 1605 684 1660 melior
705 1603 935 1659 Joannes
954 1615 1110 1670 quam
1131 1597 1393 1662 ebriosus,
1421 1596 1684 1666 quomodo
1710 1595 1898 1650 melior
1916 1595 2077 1649 Joan-

497 1713 591 1752 nes
617 1711 777 1766 quam
801 1693 1085 1748 homicida.
1115 1692 1168 1746 Si
1197 1699 1314 1759 post
1343 1689 1657 1744 deteriorem
1687 1689 1956 1758 baptizare
1984 1688 2076 1743 de-

496 1787 703 1857 bemus,
727 1786 846 1856 quia
874 1793 991 1854 post
1017 1779 1292 1836 meliorem
1319 1779 1652 1848 baptizarunt
1671 1780 1934 1848 Apostoli;
1959 1779 2076 1848 qui-

495 1894 722 1949 cumque
749 1877 888 1947 apud
919 1877 1062 1946 ipsos
1107 1873 1352 1943 baptizati
1381 1873 1578 1927 fuerint
1613 1872 1680 1927 ab
1705 1872 1934 1937 ebrioso,
1969 1889 2074 1926 non

496 1972 617 2027 dico
641 1970 708 2024 ab
733 1968 1027 2034 homicida,
1063 1981 1168 2022 non
1195 1965 1313 2020 dico
1339 1979 1370 2019 a
1397 1965 1623 2019 satellite
1641 1964 1860 2034 alicujus
1903 1965 2075 2019 scele-

495 2069 596 2118 rati
641 2061 749 2134 (a),
793 2077 898 2116 non
937 2059 1058 2114 dico
1095 2075 1126 2112 a
1165 2067 1380 2126 raptore
1407 2073 1583 2112 rerum
1611 2059 1901 2112 alienarum
1923 2100 1936 2124 ,
1969 2073 2075 2113 non

495 2154 614 2210 dico
641 2153 708 2206 ab
727 2163 1042 2220 Oppressore
1071 2148 1407 2218 pupillorum,
1437 2162 1541 2201 non
1568 2163 1598 2202 a
1623 2157 1924 2218 separatore
1945 2163 2076 2203 con-

493 2247 710 2314 jugum;
749 2240 880 2296 nihil
934 2239 1122 2294 horum
1150 2239 1272 2294 dico
1302 2257 1313 2292 :
1346 2238 1486 2308 quod
1525 2240 1762 2294 solemne
1799 2249 1881 2293 est
1915 2239 2034 2294 dico
2058 2279 2072 2306 ,

495 2335 639 2408 quod
668 2333 1029 2406 quotidianum
1054 2341 1134 2388 est
1153 2332 1292 2398 dico,
1321 2347 1423 2401 quo
1444 2341 1698 2387 vocantur
1723 2349 1908 2388 omnes
1932 2334 2074 2402 dico,

495 2439 549 2486 et
597 2429 648 2483 in
692 2428 792 2482 ista
821 2427 1035 2482 civitate
1053 2467 1070 2493 ,
1097 2425 1310 2495 quando
1335 2425 1412 2479 eis
1438 2425 1631 2480 dicitur
1653 2468 1667 2492 ,
1702 2427 2004 2497 Alngiemus
2033 2429 2073 2494 ⁸,

495 2521 636 2576 bene
663 2520 733 2575 sit
759 2518 933 2584 nobis,
965 2526 1020 2572 et
1059 2515 1146 2572 tali
1183 2516 1268 2570 die
1297 2515 1431 2571 festo
1453 2516 1818 2571 Januariarum
1849 2533 1957 2572 non
1985 2518 2077 2572 dc—

494 2613 589 2669 bes
622 2611 903 2683 jejunare;
947 2625 1010 2664 ea
1039 2609 1160 2664 dico
1189 2609 1359 2674 levia,
1389 2609 1692 2679 quotidiana
1724 2629 1736 2666 :
1771 2611 1836 2665 ab
1867 2611 2078 2667 ebrioso

495 2705 714 2762 homine
739 2720 860 2760 cum
896 2702 1222 2772 baptizatur,
1255 2701 1372 2772 quis
1397 2711 1479 2756 est
1512 2703 1719 2768 melior,
1753 2703 1985 2758 Joannes
2012 2719 2077 2758 an

495 2798 772 2856 ebriosus?
801 2795 1104 2866 Responde,
1131 2796 1176 2848 si
1205 2803 1377 2865 potes,
1401 2794 1541 2864 quod
1565 2795 1805 2850 ebriosus
1829 2804 1948 2851 tuus
1970 2811 2080 2851 me-

495 2888 595 2944 lior
649 2889 718 2944 sit
749 2901 908 2958 quam
949 2885 1216 2940 Joannes:
1249 2899 1511 2954 nunquam
1542 2885 1644 2939 hoc
1669 2885 1903 2940 audebis.
1939 2886 2080 2956 Ergo

497 2996 552 3040 tu
581 2985 701 3054 quia
736 2981 944 3038 sobrius
989 2995 1080 3044 es,
1115 2978 1321 3048 baptiza
1361 2987 1479 3046 post
1515 2977 1782 3032 ebriosum
1819 2987 1986 3032 tuum.
2025 2979 2079 3033 Si

497 3076 638 3133 enim
680 3081 800 3144 post
835 3072 1092 3128 Joannem
1123 3071 1520 3139 baptizaverunt
1563 3071 1804 3139 Apostoli
1828 3113 1842 3136 ,
1884 3079 2081 3141 quanto

495 3165 666 3236 magis
689 3163 848 3218 debet
873 3171 992 3232 post
1020 3160 1289 3215 ebriosum
1325 3159 1535 3214 sobrius
1562 3159 1869 3229 baptizare?
1890 3162 1971 3214 An
1997 3159 2080 3215 di-

497 3259 610 3325 cis,
637 3255 696 3311 ln
737 3254 938 3310 unitate
985 3265 1190 3308 ntocum
1236 3259 1319 3306 est
1363 3249 1642 3305 ebriosus?
1669 3251 1809 3321 Ergo
1850 3251 2082 3308 Joannes

497 3350 700 3404 amicus
725 3345 925 3416 sponsi,
952 3358 1057 3398 non
1083 3351 1200 3398 erat
1227 3342 1277 3395 in
1301 3343 1500 3397 unitate
1522 3357 1646 3397 cum
1672 3344 1906 3412 sponso?

571 3441 660 3497 ις.
701 3439 806 3494 Sed
837 3438 929 3493 tibi
959 3437 1058 3507 ipsi
1086 3435 1236 3502 dico,
1269 3435 1508 3504 quisquis
1545 3449 1604 3490 es
1633 3451 1645 3487 :
1675 3435 1754 3489 Tu
1782 3451 1840 3491 es
1869 3437 2079 3504 melior,

501 3549 568 3588 an
597 3529 865 3588 Joannes?
896 3527 1010 3582 Non
1050 3526 1268 3582 audebis
1309 3525 1488 3580 dicere
1521 3543 1533 3580 :
1575 3525 1689 3596 Ego
1731 3541 1848 3580 sum
1893 3529 2084 3584 melior

501 3639 660 3694 quam
681 3621 931 3677 Joannes.
960 3619 1100 3689 Ergo
1121 3627 1240 3688 post
1259 3625 1312 3672 te
1332 3617 1600 3687 baptizent
1617 3617 1713 3682 tui,
1744 3619 1788 3673 si
1817 3627 1869 3674 te
1889 3619 2085 3675 fuerint

503 3713 772 3768 meliores.
801 3709 856 3766 Si
877 3709 1164 3780 enimpost
1192 3707 1449 3762 Joannem
1478 3707 1798 3778 baptizatum
1823 3721 1923 3776 eSt,
1956 3725 2082 3766 eru-

499 3805 660 3860 besco
701 3802 825 3874 quia
866 3809 986 3872 post
1003 3809 1067 3872 _te
1105 3815 1210 3854 non
1241 3799 1554 3870 baptizatur.
1586 3799 1832 3855 Dicturus
1855 3817 1948 3866 es,
1977 3801 2084 3858 Sed

500 3909 602 3964 ego
633 3894 950 3962 baptismum
989 3889 1188 3944 Christi
1231 3888 1401 3944 habeo
1423 3928 1440 3955 ,
1471 3899 1522 3944 et
1565 3888 1752 3946 doceo.
1784 3891 2082 3963 Aliquando

503 3997 632 4053 ergo
659 3995 887 4053 agnosce
911 3979 1143 4049 judiccm
1163 4019 1179 4046 ,
1210 3985 1266 4033 et
1293 3978 1406 4032 noli
1451 3993 1626 4049 praeco
1651 3981 1909 4050 superbus
1937 3997 2078 4039 esse.

503 4073 828 4144 Baptismum
855 4069 1048 4125 Christi
1076 4068 1172 4124 das
1195 4109 1210 4132 ,
1239 4068 1357 4124 ideo
1385 4083 1490 4124 non
1515 4079 1636 4140 post
1663 4078 1716 4126 te
1741 4071 2037 4142 baptizatur
2065 4091 2078 4126 :

504 4175 623 4237 post
646 4164 902 4220 Joannem
941 4161 1060 4217 ideo
1098 4161 1414 4230 baptizatum
1441 4169 1554 4229 est,
1582 4163 1702 4233 quia
1745 4179 1849 4219 non
1887 4165 2082 4220 Christi

505 4257 824 4326 baptismum
861 4253 1038 4317 dabat,
1081 4253 1173 4307 sed
1202 4267 1385 4318 suum;
1439 4253 1561 4322 quia
1597 4253 1675 4308 sic
1715 4265 1988 4325 acceperat
2025 4267 2082 4311 ut

505 4347 672 4418 ipsius
707 4354 866 4401 esset.
899 4344 1014 4398 Non
1043 4358 1168 4413 ergo
1207 4353 1260 4397 tu
1291 4343 1476 4398 melior
1505 4359 1661 4414 quam
1689 4345 1918 4401 Joannes
1943 4365 1956 4400 :
1987 4347 2083 4402 sed

505 4441 799 4510 baptismus
843 4438 930 4506 qui
982 4451 1074 4505 per
1104 4447 1153 4490 te
1179 4435 1369 4499 datur,
1413 4437 1602 4492 melior
1641 4453 1797 4506 quam
1841 4439 2079 4496 Joannis.

505 4530 623 4602 Ipse
661 4530 802 4585 enim
848 4527 1045 4582 Christi
1073 4535 1189 4592 est,
1235 4527 1333 4582 iste
1361 4535 1535 4582 autem
1578 4526 1820 4582 Joannis.
1843 4529 1911 4583 Et
1939 4530 2080 4600 quod

507 4625 735 4680 dabatur
783 4637 812 4676 a
863 4620 1058 4686 Paulo,
1104 4629 1156 4674 et
1201 4619 1340 4690 quod
1383 4619 1606 4674 dabatur
1651 4636 1681 4674 a
1723 4621 1900 4688 Petro,
1929 4622 2082 4677 Chri-

509 4717 578 4770 sti
623 4723 705 4769 est
745 4731 758 4768 :
798 4721 854 4768 et
899 4712 944 4766 si
990 4711 1168 4766 datum
1213 4720 1294 4765 est
1329 4725 1358 4763 a
1387 4710 1540 4774 Juda,
1583 4709 1778 4766 Christi
1813 4723 1946 4768 erat.
1977 4715 2082 4770 De-

508 4807 588 4864 dit
611 4805 794 4872 Judas,
833 4812 887 4858 et
925 4817 1026 4858 non
1069 4803 1386 4871 baptizatum
1423 4811 1506 4857 est
1533 4812 1652 4872 post
1688 4803 1904 4870 Judam;
1937 4805 2084 4861 dedit

505 4898 770 4962 Joannes,
801 4905 854 4950 et
884 4895 1198 4964 baptizatum
1240 4901 1324 4946 est
1363 4903 1479 4962 post
1521 4893 1778 4948 Joannem
1819 4911 1832 4949 :
1874 4897 1996 4966 quia
2039 4897 2084 4952 si

501 4987 660 5044 datus
688 4996 771 5042 est
797 5000 826 5039 a
867 4983 1002 5040 Juda
1031 4983 1343 5052 baptismus,
1376 4981 1570 5036 Christi
1613 4995 1724 5038 erat
1747 5002 1762 5050 ;
1787 4987 1878 5055 qui
1909 4999 2081 5042 autem

503 5097 538 5137 a
561 5081 770 5137 Joanne
795 5077 948 5134 datus
983 5083 1088 5142 est,
1117 5073 1336 5129 Joannis
1361 5083 1493 5128 erat.
1525 5075 1638 5129 Non
1659 5075 1847 5130 Judam
1870 5077 2080 5146 Joanni,

508 5173 602 5230 sed
627 5171 946 5242 baptismum
971 5166 1164 5222 Christi
1185 5169 1344 5221 etiam
1366 5181 1461 5236 per
1488 5165 1638 5220 Judae
1665 5183 1849 5222 manus
1877 5169 2081 5236 datum,

506 5266 769 5336 baptismo
791 5261 1008 5318 Joannis
1037 5259 1192 5313 etiam
1219 5273 1311 5326 per
1337 5273 1521 5312 manus
1541 5258 1759 5313 Joannis
1795 5261 1917 5315 dato
1945 5273 2087 5316 recte

507 5356 886 5428 praeponimus.
913 5351 1123 5408 Etenim
1142 5349 1340 5406 dictum
1361 5359 1443 5404 est
1465 5351 1532 5404 de
1557 5351 1781 5407 Domino
1803 5364 2084 5426 antequam

568 5489 587 5521 ι
613 5489 722 5538 Μ,
757 5495 808 5539 ει
837 5496 958 5550 mp,
982 5486 1270 5550 plangemur.
1289 5490 1417 5550 ῐιον.ἓ
1449 5481 1738 5550 alopiemur._
1767 5491 1874 5550 uss.
1898 5485 2090 5550 aliquot

506 5552 669 5614 proba;
691 5557 834 5610 ηοω,
872 5545 1148 5614 αροςίβῃιιῖδῖ
1167 5547 1370 5614 Verbum
1386 5545 1577 5614 ductum
1603 5553 1678 5595 est
1697 5547 1759 5594 ab
1781 5547 1954 5614 alogia,
1979 5545 2090 5611 quae

505 5606 699 5672 dicitur,
717 5606 1048 5674 summam
1071 5607 1287 5674 epist.56
1311 5606 1368 5655 ad
1391 5606 1690 5674 casulanum,
1713 5622 1766 5674 _n.
1785 5607 1830 5666 2,
1853 5606 2090 5674 interpre-

505 5683 662 5734 tanne,
684 5668 841 5724 iouia
877 5669 1033 5734 epulis
1069 5668 1377 5733 itidulgetur,
1401 5676 1456 5719 ut
1489 5681 1518 5718 a
1555 5669 1752 5719 rationis
1784 5668 2089 5722 tramite'de-

513 5753 536 5782 ε
560 5738 737 5787 vietur.
757 5752 780 5782 ι

571 5799 645 5868 (ρ)
667 5797 873 5868 respicit.
904 5793 1448 5868 ad..mmusadsnssm
1477 5793 1687 5868 θρίξοολξ
1733 5801 1978 5868 οριέιιιιωλ
2006 5796 2090 5860 qui

506 5809 645 5912 Gilha)
667 5809 869 5872 ttesptcu
904 5809 964 5845 aa
987 5809 1448 5868 _'t‘namugauensem
1477 5809 1687 5906 eptscogi.
1731 5809 1970 5908 gingiua),
2006 5809 2086 5860 qui

607 5871 714 5912 oms
734 5857 936 5914 satelles
953 5857 1111 5912 dictus
1145 5864 1238 5910 est.
1267 5857 1438 5909 confer
1458 5864 1600 5920 epist.
1657 5857 1708 5920 7,
1811 5863 2086 5913 ιιιωθιιιιιιω.

2187 682 2426 753 discipuli
2445 683 2768 755 ejua(.loan.
2798 701 2870 750 tv,
2901 687 2953 752 l,
2979 684 3070 757 2).
3102 685 3236 754 Ipse,
3263 694 3445 741 etnon
3473 687 3623 756 ipse:
3651 686 3766 757 ipse

2183 783 2466 844 potestate,
2503 775 2578 830 illi
2608 777 2937 842 ministerio;
2967 777 3274 832 servitutem
3299 777 3366 832 ad
3392 778 3766 847 baptizandum

2185 864 2258 920 illi
2280 865 2649 933 admovebant,
2675 878 2908 938 potestas
2929 868 3226 938 baptizandi
3247 869 3298 923 in
3317 867 3531 925 Christo
3561 884 3770 938 perma-

2184 958 2364 1013 nebat.
2411 959 2554 1029 Ergo
2582 959 2919 1030 baptizabant
2946 961 3189 1031 discipuli
3215 961 3363 1032 ejus,
3404 969 3458 1016 et
3485 961 3554 1016 tbi
3595 961 3770 1016 adhuc

2182 1061 2296 1106 erat
2321 1051 2488 1107 Judas
2515 1053 2653 1107 inter
2677 1054 2966 1122 discipulos
2993 1045 3104 1123 ejus
3133 1069 3147 1105 :
3175 1068 3307 1124 quos
3331 1067 3458 1123 ergo
3487 1052 3768 1122 baptizavit

2181 1141 2365 1208 Judas,
2401 1159 2503 1198 non
2535 1153 2656 1198 sunt
2694 1146 2884 1200 iterum
2911 1145 3192 1214 baptizati;
3233 1155 3290 1200 et
3317 1161 3449 1215 quw
3489 1145 3769 1214 baptizavit

2183 1235 2436 1301 Joannes,
2461 1237 2648 1291 iterum
2678 1238 2923 1308 baptizati
2949 1240 3106 1292 sunt?
3127 1239 3290 1293 Plane
3313 1239 3523 1303 iterum,
3547 1238 3640 1294 sed
3663 1254 3768 1294 non

2184 1323 2374 1380 iterato
2397 1326 2680 1395 baptismo.
2709 1329 2854 1394 Quos
2875 1329 3012 1382 enim
3037 1329 3320 1398 baptizavit
3345 1329 3594 1394 Joannes,
3617 1329 3768 1385 Joan-

2183 1429 2279 1470 nes
2307 1415 2589 1485 baptizavit
2613 1435 2624 1471 :
2653 1433 2786 1488 quos
2807 1430 2982 1472 autem
3011 1419 3294 1490 baptizavit
3319 1419 3501 1486 Judas,
3523 1419 3768 1475 Christus

2180 1507 2484 1576 baptizavit.
2533 1509 2618 1564 Sic
2663 1525 2789 1580 ergo
2827 1525 2962 1580 quos
2999 1511 3280 1580 baptizavit
3318 1511 3591 1577 ebriosus,
3635 1527 3768 1580 quos

2181 1596 2466 1667 baptizavit
2489 1595 2772 1666 homicida,
2807 1617 2938 1670 quos
2961 1601 3242 1670 baptizavit
3275 1601 3501 1668 adulter,
3533 1602 3576 1655 si
3599 1602 3770 1670 bapti-

2181 1703 2328 1745 smus
2358 1690 2553 1744 Christi
2578 1701 2710 1750 erat.
2743 1691 2984 1747 Christus
3015 1693 3316 1762 baptizavit.
3341 1691 3454 1747 Non
3483 1694 3646 1748 timeo
3669 1694 3767 1748 ad-

2179 1781 2446 1848 ulterum,
2481 1799 2590 1838 non
2618 1784 2922 1850 ebriosum,
2966 1799 3066 1840 non
3110 1783 3462 1851 liOltIiCldam;
3512 1787 3632 1854 quia
3674 1801 3767 1840 co-

2181 1871 2414 1926 lumbam
2440 1873 2654 1930 attendo
2678 1915 2694 1942 ,
2725 1891 2818 1946 per
2847 1892 3002 1946 quam
3029 1877 3173 1946 nihi
3202 1876 3423 1945 dicitur,
3457 1875 3557 1932 Hic
3587 1875 3769 1950 estqui

2181 1961 2424 2032 baptizat.

2251 2055 2338 2110 19.
2369 2057 2629 2112 Caeterum
2651 2099 2668 2127 ,
2698 2058 2888 2115 fratres
2913 2061 3055 2129 mei,
3087 2062 3310 2118 delirum
3339 2073 3422 2119 est
3444 2065 3622 2121 dicere
3645 2067 3768 2136 quia

2180 2149 2417 2204 melioris
2439 2151 2612 2206 meriti
2643 2151 2759 2216 fuit,
2791 2169 2894 2207 non
2934 2154 3053 2209 dico
3089 2154 3271 2222 Judas,
3301 2156 3394 2211 sed
3423 2157 3642 2226 quilibet
3670 2157 3766 2211 ho-

2184 2241 2384 2295 minum
2407 2283 2419 2307 ,
2449 2257 2605 2312 quam
2637 2243 2725 2298 ille
2745 2243 2810 2298 de
2835 2261 2941 2314 quo
2966 2245 3166 2300 dictum
3192 2255 3294 2314 est,
3325 2245 3388 2300 1η
3429 2249 3557 2302 uatis
3587 2248 3766 2303 mulie-

2179 2349 2294 2386 rum
2333 2349 2478 2386 nemo
2508 2333 2786 2388 exsurrexit
2821 2339 2985 2406 major
3027 2337 3227 2392 Joanne
3265 2338 3498 2410 Baptista
3545 2339 3762 2412 (Matth.

2181 2439 2253 2490 ιι,
2281 2425 2340 2479 ll
2360 2421 2400 2496 ).
2426 2425 2540 2479 Non
2561 2441 2688 2495 ergo
2710 2426 2831 2482 huic
2854 2429 3132 2499 quisquam
3160 2445 3363 2498 servus,
3391 2431 3483 2486 sed
3508 2432 3766 2501 baptisma

2183 2515 2392 2570 Domini
2431 2518 2590 2572 etiam
2635 2533 2729 2586 per
2758 2531 2965 2573 servum
3003 2521 3196 2574 malum
3225 2521 3434 2588 datum,
3465 2523 3766 2592 baptismati

2183 2605 2344 2659 etiam
2371 2607 2526 2660 amici
2551 2608 2686 2661 servi
2713 2609 3052 2678 praeponitur.
3083 2610 3217 2665 Audi
3238 2613 3421 2682 quales
3445 2629 3769 2668 commemo-

2181 2705 2265 2749 rat
2292 2696 2561 2765 apostolns
2591 2698 2782 2752 Paulus
2807 2698 2969 2754 falsos
2997 2700 3190 2757 fratres
3210 2743 3224 2766 ,
3250 2703 3443 2758 invidia
3471 2704 3766 2774 praedican-

2187 2795 2264 2840 tes
2290 2787 2506 2840 verbum
2534 2787 2648 2851 Dei,
2671 2797 2726 2843 et
2747 2789 2873 2859 quid
2893 2790 2960 2845 de
2983 2791 3085 2845 illis
3101 2791 3227 2846 dicit
3251 2810 3264 2846 :
3287 2792 3352 2846 Et
3369 2794 3420 2848 in
3440 2795 3532 2848 hoc
3551 2795 3766 2866 gaudeo,

2183 2879 2272 2932 sed
2296 2889 2344 2932 et
2377 2881 2624 2950 gaudebo.
2667 2881 2930 2936 Christum
2959 2885 3100 2939 enim
3131 2887 3539 2955 annuntiabant,
3571 2905 3662 2959 per
3691 2890 3772 2944 in-

2187 2971 2377 3025 vidiam
2410 2971 2648 3042 quidem,
2671 2975 2764 3028 sed
2791 2985 2964 3031 tamen
2995 2975 3265 3032 Christum
3295 2977 3568 3052 (Philipp.
3601 2999 3639 3046 ι,
3671 2983 3768 3037 15·-

2186 3065 2314 3137 18).
2343 3065 2456 3120 Non
2485 3082 2580 3136 per
2605 3069 2752 3136 quid,
2783 3069 2876 3123 sed
2911 3087 3064 3139 quem
3095 3072 3257 3126 vide:
3287 3089 3378 3143 per
3399 3075 3646 3130 invidiam
3679 3075 3772 3131 tibi

2187 3159 2506 3227 prmdicatnr
2549 3160 2808 3216 Chistus?
2835 3163 2956 3217 vide
2992 3163 3260 3220 Christum
3284 3209 3297 3230 ,
3343 3167 3445 3221 vita
3495 3167 3768 3223 invidiam.

2185 3246 2302 3302 Noli
2343 3249 2535 3303 imitari
2557 3251 2752 3304 malum
2783 3252 3205 3321 prazdtcatorem,
3237 3257 3328 3310 sed
3352 3257 3556 3314 imitare
3582 3257 3776 3314 bonum

2187 3341 2276 3411 qui
2307 3343 2322 3372 ³
2357 3341 2452 3396 tibi
2489 3343 2826 3411 praedicatur.
2855 3343 3094 3400 Christus
3129 3361 3256 3418 ergo
3289 3363 3318 3401 a
3344 3349 3653 3417 quibusdam
3685 3365 3776 3420 per

2189 3431 2438 3486 invidiam
2465 3432 2873 3503 prardicabatur.
2897 3435 2964 3488 Et
2987 3436 3112 3504 quid
3139 3447 3221 3490 est
3251 3437 3524 3494 invidere?
3551 3439 3779 3494 llnrren-

2187 3523 2312 3579 dum
2353 3525 2574 3580 malum.
2605 3525 2723 3596 lpso
2749 3528 2889 3581 malo
2929 3529 3144 3582 zabulus
3169 3529 3404 3598 dejectus
3443 3540 3522 3585 est
3545 3571 3561 3598 ,
3595 3531 3772 3602 ipsum

2187 3614 2380 3686 dejecit
2426 3616 2649 3671 multum
2693 3618 2918 3688 maligna
2949 3621 3112 3688 pestis
3147 3621 3167 3652 ⁸
3201 3637 3215 3674 :
3245 3631 3298 3675 et
3327 3621 3593 3676 habebant
3631 3621 3778 3677 illam

2188 3708 2399 3778 quidam
2426 3707 2621 3764 Christi
2659 3709 3036 3779 praedicatores
3056 3753 3071 3778 ,
3100 3727 3234 3782 quos
3265 3721 3442 3767 tamen
3493 3712 3778 3783 praedicare

2188 3801 2445 3869 permittit
2473 3801 2783 3870 Apostolus.
2811 3801 3028 3870 Quare?
3063 3803 3196 3868 Quia
3221 3801 3490 3858 Christum
3519 3802 3778 3872 praedica-

2187 3889 2333 3945 bant.
2365 3890 2464 3958 Qui
2488 3899 2662 3945 autem
2686 3889 2901 3954 invidet,
2921 3891 3064 3956 odit;
3095 3899 3147 3945 et
3173 3892 3259 3961 qui
3287 3891 3419 3958 odit,
3443 3891 3566 3960 quid
3593 3891 3662 3947 de
3685 3891 3776 3948 illo

2187 3978 2424 4034 dicitur?
2453 3979 2589 4032 Audi
2621 3981 2919 4048 apostolum
2949 3965 3208 4035 Joannem
3243 3998 3256 4034 :
3291 3979 3391 4046 Qui
3423 3981 3527 4034 odit
3568 3983 3780 4050 fratrem

2187 4086 2354 4137 suum,
2385 4069 2636 4124 homicida
2659 4078 2734 4124 est
2755 4068 2808 4142 (Ι
2831 4069 2984 4124 Joan.
3015 4087 3074 4125 ιιι
3093 4112 3108 4138 ,
3141 4071 3262 4142 15).
3299 4071 3437 4127 Ecce
3465 4081 3586 4142 post
3617 4071 3779 4128 Joan-

2187 4175 2309 4214 nem
2334 4160 2654 4230 baptizatum
2685 4169 2787 4222 est,
2827 4169 2945 4230 post
2969 4161 3288 4216 homicidam
3319 4178 3422 4218 non
3451 4164 3773 4233 baptizatum

2187 4259 2306 4314 est;
2348 4251 2470 4319 quia
2497 4249 2729 4306 Joannes
2771 4251 2918 4306 dedit
2963 4251 3282 4320 baptismum
3311 4249 3483 4320 suum,
3513 4253 3781 4309 homicida

2187 4341 2333 4398 dedit
2383 4342 2704 4413 baptismum
2749 4343 2966 4400 Christi.
3013 4345 3164 4412 Quod
3221 4346 3621 4403 Sacramentum
3668 4355 3780 4402 tam

2187 4444 2426 4490 sanctum
2454 4446 2565 4501 est,
2595 4447 2656 4491 ut
2685 4451 2782 4492 nec
2820 4437 3082 4493 homicida
3125 4439 3459 4496 ministrante
3490 4443 3776 4511 polluatur.

2258 4528 2345 4584 20.
2371 4529 2488 4583 Non
2519 4545 2711 4598 respuo
2732 4529 3013 4595 Joannem,
3046 4530 3138 4585 sed
3167 4532 3343 4600 potius
3373 4532 3536 4587 credo
3559 4532 3776 4587 Joanni.

2187 4617 2325 4684 Quid
2353 4619 2514 4674 credo
2533 4619 2762 4674 Joanni?
2788 4619 2937 4687 Quod
2965 4621 3148 4675 didicit
3177 4637 3272 4691 per
3295 4623 3616 4680 columbam.
3643 4623 3780 4690 Quid

2187 4709 2371 4764 didicit
2397 4725 2491 4780 per
2519 4711 2858 4766 columbam?
2893 4711 2988 4764 Hie
3027 4722 3098 4766 est
3142 4713 3226 4782 qui
3250 4713 3471 4782 baptizat
3496 4715 3546 4767 in
3579 4714 3778 4784 Spiritu

2189 4811 2380 4855 sancto.
2409 4802 2524 4856 Jam
2553 4817 2697 4872 ergo.
2731 4803 2939 4866 fratres,
2971 4810 3146 4857 tenete
3172 4804 3290 4868 hoc,
3323 4815 3378 4859 et
3401 4805 3651 4858 cordibus
3683 4820 3780 4859 ve-

2190 4893 2314 4947 stris
2343 4892 2562 4962 iniigite.
2607 4893 2664 4946 Si
2711 4894 2852 4946 enim
2895 4893 3054 4947 hodie
3095 4894 3318 4949 voluero
3351 4895 3559 4964 plenius
3601 4895 3781 4949 dicere

2189 4999 2352 5054 quare
2381 4999 2476 5052 per
2499 4983 2828 5051 columbam,
2863 4993 3069 5055 tempus
3098 5001 3201 5040 non
3237 4986 3446 5040 sufﬁcit.
3485 4985 3616 5053 Quia
3638 4987 3779 5040 enim

2191 5089 2278 5129 res
2297 5074 2551 5128 discenda
2577 5075 2839 5130 insinuata
2859 5085 2942 5131 est
2959 5075 3148 5131 Joanni
3171 5093 3265 5145 per
3279 5075 3594 5142 columbam,
3621 5093 3780 5146 quam

2193 5179 2298 5218 non
2337 5174 2558 5220 noverat
2587 5167 2638 5220 in
2678 5165 2894 5220 Christo
2918 5167 3166 5229 Joannes,
3192 5168 3430 5236 quamvis
3455 5167 3563 5238 jam
3599 5176 3781 5222 nosset

2195 5259 2459 5312 Christum
2491 5299 2505 5324 ,
2551 5259 2772 5328 exposui
2809 5269 3065 5328 quantum
3107 5258 3336 5312 arbitror
3364 5258 3637 5313 Sanctitati
3687 5275 3780 5313 vc-

2195 5358 2320 5403 strae
2348 5364 2364 5403 :
2390 5349 2483 5402 sed
2505 5363 2668 5419 quare
2691 5349 2828 5403 hanc
2853 5350 3020 5418 ipsam
3049 5363 3161 5402 rem
3189 5363 3283 5417 per
3307 5350 3604 5402 columbam
3632 5365 3782 5418 opor-

2197 5441 2296 5496 tuit
2318 5440 2671 5496 demonstrari
2697 5481 2712 5507 ,
2732 5442 2778 5495 si
2793 5441 3030 5494 breviter
3051 5439 3153 5494 dici
3176 5447 3376 5508 posset,
3401 5440 3632 5494 dicerem
3654 5457 3666 5492 :
3687 5439 3781 5495 sed

2196 5535 2318 5605 quia
2345 5533 2434 5589 diu
2458 5534 2738 5590 dicendum
2767 5542 2869 5598 est,
2897 5541 2950 5586 et
2974 5547 3197 5586 onerare
3221 5546 3318 5586 vos
3344 5532 3485 5596 nolo,
3515 5531 3782 5601 quomodo

2198 5625 2408 5694 adjutus
2429 5640 2546 5680 sum
2569 5624 2896 5679 orationibus
2915 5624 3127 5686 vestris,
3147 5629 3209 5678 ut
3227 5622 3355 5678 illud
3378 5621 3517 5693 quod
3537 5623 3780 5693 promisi,

2223 5735 2438 5847 ιὲωωίιι,
2455 5734 2601 5798 quod.
2626 5741 2682 5786 At
2699 5741 2826 5798 Mss,
2853 5732 2940 5799 qui
2963 5746 2982 5785 :
3003 5741 3142 5785 recte
3160 5768 3174 5796 ,
3197 5746 3309 5786 nam
3329 5732 3542 5786 refertur
3565 5733 3626 5785 ad
3647 5733 3780 5786 chri-

2197 5809 2344 5847 suam.
2503 5821 2517 5828 ‘

2261 5825 2358 5910 ῗῖἰι
2377 5825 2559 5922 an...
2579 5867 2704 5923 uss,
2725 5858 2831 5923 ipso
2849 5857 3023 5923 dejecit
3047 5858 3234 5926 multas,
3249 5857 3461 5929 maligna
3483 5825 3626 5924 pestis
3647 5865 3731 5910 est.
