4074 6490
334 377 471 437 1425

326 492 636 563 implerem;
662 484 944 556 adiuvante
964 483 1122 538 etiam
1148 489 1304 550 atque
1329 479 1488 534 etiam
1511 477 1592 547 pia
1618 477 1910 532 intentione

323 596 375 642 et
402 583 542 638 votis
562 579 737 644 bonis,
767 585 820 631 et
841 574 968 630 illud
993 572 1268 644 apparebit
1288 571 1460 635 vobis,
1487 583 1650 640 quare
1676 568 1910 623 Joannes

325 677 464 748 quod
491 673 673 729 didicit
703 672 756 724 in
796 669 1038 732 Domino,
1057 667 1176 736 quia
1233 667 1343 735 ipse
1385 673 1456 718 cst
1484 663 1568 733 qui
1595 663 1816 731 baptizat
1857 661 1912 714 in

324 768 523 840 Spiritu
544 773 741 829 sancto,
777 770 830 818 et
855 760 986 815 nulli
1011 773 1168 814 servo
1188 773 1284 812 suo
1313 755 1654 824 translegavit
1683 761 1913 823 potesta-

324 870 430 917 tem
451 855 774 929 baptizandi,
797 869 903 909 non
925 852 1108 907 debuit
1122 850 1325 905 discere
1350 848 1451 903 nisi
1477 862 1570 917 per
1587 846 1908 901 columbam.

852 941 1258 1000 TRACTATUS
1295 941 1382 995 Vl.

330 1043 356 1098 Ι
365 1061 398 1097 n
441 1040 673 1097 eumdem
697 1037 958 1108 Evangelii
981 1037 1162 1089 locum.
1197 1033 1366 1098 Quare
1391 1030 1530 1085 Deus
1559 1047 1646 1101 per
1669 1030 1914 1085 columba:

388 1135 610 1205 speciem
634 1131 894 1185 ostendere
913 1128 1122 1182 voluerit
1150 1125 1404 1196 Spiritum
1430 1133 1677 1178 sanctum.
1712 1121 1842 1192 Cap.
1867 1139 1906 1188 1,

405 1225 443 1294 φ
480 1220 670 1292 7.52,
703 1220 790 1275 35.

395 1317 452 1372 1.
481 1314 675 1369 Fateor
693 1309 970 1368 Sanctitati
988 1317 1200 1373 vestrm,
1229 1308 1504 1362 timueram
1531 1320 1598 1361 ne
1619 1303 1783 1376 frigus
1810 1303 1912 1359 hoc

318 1409 544 1478 frigidos
570 1422 664 1460 vos
695 1405 759 1459 ad
789 1401 1212 1459 conveniendum
1248 1401 1484 1456 faceret:
1511 1400 1606 1455 sed
1653 1399 1773 1462 quia
1813 1399 1910 1453 ista

317 1500 635 1558 celebritate
657 1507 710 1552 et
734 1494 1030 1566 frequentia
1051 1501 1248 1560 vestra,
1273 1493 1463 1562 spiritu
1486 1507 1580 1546 vos
1605 1490 1806 1544 fervere
1827 1489 1895 1544 de

317 1593 656 1656 monstratis,
686 1608 791 1645 non
824 1590 1006 1643 dubito
1037 1589 1154 1657 quia
1185 1588 1342 1641 et‘am
1377 1585 1566 1640 orastis
1607 1598 1700 1653 pro
1726 1598 1831 1648 me,
1857 1589 1914 1637 ut

318 1688 562 1741 debitum
583 1683 736 1738 vobis
759 1681 1050 1737 exsolvam.
1072 1677 1426 1733 Promiseram
1455 1681 1596 1731 enim
1624 1675 1676 1728 in
1699 1673 1913 1728 nomine

319 1779 525 1836 Christi
555 1777 819 1831 disserere
860 1772 1034 1836 hodie,
1077 1785 1196 1825 cum
1224 1767 1464 1839 angustia
1506 1765 1756 1836 temporis
1790 1773 1916 1820 tunc

325 1869 639 1938 impediret,
667 1880 735 1920 ne
762 1864 812 1918 id
836 1876 1110 1933 possemus
1136 1861 1402 1930 explicare
1429 1857 1722 1923 tractando,
1750 1871 1914 1926 quare

327 1961 470 2016 Deus
493 1975 590 2028 per
620 1955 880 2010 columba:
922 1953 1152 2023 speciem
1177 1951 1458 2006 ostendere
1500 1948 1912 2018 volueritSpiri-

317 2062 432 2105 tum
462 2059 733 2102 sanctum.
763 2047 872 2100 Hoc
895 2053 950 2098 ut
977 2037 1285 2114 explicetur,
1315 2043 1482 2097 illuxit
1505 2042 1658 2096 nobis
1679 2041 1794 2096 dies
1820 2040 1916 2094 ho-

322 2141 586 2201 diernus;
609 2146 663 2190 et
687 2137 858 2190 sentio
884 2134 1132 2188 audiendi
1153 2133 1437 2202 cupiditate
1459 2143 1511 2186 et
1532 2133 1614 2202 pia
1636 2132 1916 2187 devotione

322 2248 425 2286 vos
465 2230 730 2286 celebrius
763 2235 1129 2297 congregatos.
1181 2225 1638 2294 Exspectationem
1685 2234 1914 2278 vestram

319 2325 463 2378 Deus
495 2323 710 2391 impleat
738 2336 802 2373 ex
828 2333 921 2372 ore
951 2326 1158 2372 nostro.
1196 2317 1430 2370 Amastis
1457 2316 1598 2368 enim
1628 2325 1683 2368 ut
1708 2314 1917 2369 venire-

318 2417 391 2468 tis
417 2431 430 2466 :
462 2413 559 2468 sed
583 2411 824 2478 amastis,
849 2409 1010 2478 quid?
1036 2406 1089 2462 Si
1121 2421 1234 2468 nos,
1269 2416 1322 2461 et
1350 2406 1452 2460 hoc
1478 2406 1643 2470 bene;
1675 2419 1794 2483 nam
1823 2419 1920 2458 vo-

321 2507 505 2560 lumus
536 2504 700 2557 amari
724 2520 754 2558 a
775 2501 944 2566 vobis,
971 2500 1066 2555 sed
1089 2500 1336 2554 nolumus
1361 2500 1411 2552 in
1436 2499 1604 2553 nobis.
1634 2498 1765 2564 Quia
1791 2513 1918 2569 ergo

322 2600 382 2651 in
410 2597 626 2650 Christo
664 2610 758 2647 vos
794 2606 1052 2657 amamus,
1087 2591 1139 2645 in
1170 2589 1382 2646 Christo
1408 2605 1507 2644 nos
1542 2589 1831 2652 redamate,
1863 2598 1918 2644 et

321 2704 477 2742 amor
511 2696 689 2740 noster
721 2699 816 2754 pro
844 2684 1067 2738 invicem
1089 2693 1265 2753 gemat
1296 2682 1363 2736 ad
1391 2683 1554 2736 Deum
1586 2698 1599 2735 :
1633 2683 1745 2750 ipse
1774 2682 1918 2735 enim

321 2779 555 2850 gemitus
580 2776 839 2832 columbae
874 2783 974 2829 est.

397 2872 450 2925 2.
497 2869 554 2925 Si
583 2884 710 2937 ergo
729 2867 956 2938 gemitus
982 2865 1244 2920 columbre
1275 2876 1354 2921 est
1376 2908 1390 2932 ,
1435 2869 1575 2938 quod
1601 2886 1790 2928 omnes
1814 2887 1914 2927 no-

324 2965 527 3024 vimus,
556 2969 768 3031 gcmunt
797 2969 972 3015 autem
997 2958 1324 3014 columbaain
1349 2975 1558 3026 altiore;
1588 2965 1764 3020 audite
1785 2966 1914 3036 quid

327 3058 475 3112 dicat
526 3055 844 3126 Apostolus,
893 3063 946 3108 et
995 3053 1159 3107 nolite
1190 3052 1368 3107 mirari
1408 3055 1528 3123 quia
1559 3057 1611 3110 in
1649 3059 1912 3114 columba:

323 3150 512 3218 Specie
538 3147 700 3202 voluit
723 3145 1074 3200 demonstrari
1103 3144 1328 3214 Spiritus
1345 3157 1594 3204 sanctus:
1628 3149 1764 3214 Quid
1783 3153 1916 3206 enim

330 3260 562 3308 oremus,
585 3242 712 3294 sicut
741 3249 936 3310 oportet
961 3281 973 3303 ,
1004 3240 1190 3308 inquit,
1216 3241 1462 3293 nescimus
1495 3257 1514 3294 :
1538 3242 1626 3295 sed
1653 3243 1760 3312 ipse
1790 3244 1916 3316 Spi-

334 3337 470 3390 ritus
520 3333 802 3404 interpellat
860 3348 951 3402 pro
1009 3332 1150 3385 nobis
1193 3333 1455 3402 gemitibus
1501 3335 1918 3393 inenarrabilibus

341 3429 654 3502 (Romvm,
681 3425 798 3496 26).
826 3424 958 3492 Quid
983 3439 1110 3494 ergo
1130 3467 1143 3488 ,
1175 3423 1364 3479 fratres
1400 3427 1541 3492 mei,
1588 3427 1689 3482 hoc
1726 3429 1917 3484 dicturi

337 3539 561 3589 sumus,
605 3522 724 3590 quia
753 3518 983 3589 Spiritus
1011 3519 1209 3589 gemit,
1255 3519 1343 3572 ubi
1376 3518 1608 3588 perfecta
1638 3532 1692 3576 et
1718 3532 1916 3576 aeterna

337 3615 614 3672 beatitudo
644 3612 797 3668 estei
825 3627 944 3666 cum
990 3611 1146 3665 Patre
1186 3619 1240 3665 et
1281 3609 1453 3666 Filio?
1501 3613 1730 3681 Spiritus
1775 3616 1916 3669 enim

337 3718 557 3763 sanctus
590 3707 726 3760 Deus
748 3745 763 3770 ,
795 3704 930 3759 sicut
956 3703 1045 3756 Dei
1076 3702 1242 3756 Filius
1275 3703 1440 3767 Deus,
1480 3712 1533 3756 et
1574 3704 1729 3758 Pater
1752 3705 1912 3760 Deus.

331 3803 440 3857 Ter
487 3801 594 3854 dixi
639 3800 780 3854 Deus
800 3839 816 3865 ,
860 3795 953 3852 scd
983 3812 1085 3849 non
1114 3795 1221 3850 dixi
1244 3804 1352 3850 tres
1377 3795 1507 3849 deos
1535 3807 1551 3850 :'
1579 3797 1744 3866 magis
1774 3798 1914 3851 enim

334 3896 478 3949 Deus
502 3902 601 3958 ter,
635 3906 792 3962 quam
818 3889 891 3944 dii
917 3899 1055 3954 tres;
1097 3889 1218 3958 quia
1247 3889 1405 3944 Pater
1429 3897 1482 3943 et
1511 3888 1678 3943 Filius
1714 3901 1767 3944 et
1792 3890 1918 3961 Spi-

332 3987 470 4040 ritus
497 3992 710 4037 sauctus
743 3996 878 4034 unus
906 3980 1044 4034 Deus
1073 3996 1085 4031 :
1112 3979 1210 4033 hoc
1235 3979 1432 4049 Optime
1457 3980 1642 4033 nostis.
1663 3979 1775 4034 Non
1792 3995 1920 4050 ergo

334 4079 571 4147 Spiritus
597 4083 810 4128 sanctus
833 4075 888 4127 in
925 4077 1208 4142 semetipso
1229 4072 1365 4141 apud
1387 4074 1730 4143 semetipsum
1753 4074 1802 4126 in
1829 4073 1917 4129 illa

334 4170 628 4230 Trinitate,
662 4167 712 4220 in
741 4165 830 4219 illa
855 4165 1178 4220 beatitudine
1197 4206 1212 4230 ,
1259 4165 1311 4218 in
1342 4165 1429 4218 illa
1457 4166 1752 4220 aeternitate
1781 4165 1914 4220 sub-

333 4259 546 4314 stantiae
587 4257 749 4326 gemit
778 4273 790 4308 :
825 4255 917 4310 sed
940 4255 991 4308 in
1029 4254 1180 4308 nobis
1199 4254 1394 4323 gemit,
1436 4255 1555 4324 quia
1585 4270 1796 4324 gemere
1821 4271 1918 4310 nos

337 4353 482 4404 facit.
508 4349 615 4404 Nec
639 4362 797 4417 parva
819 4361 906 4402 res
934 4355 1034 4410 est,
1065 4344 1206 4414 quod
1233 4360 1330 4400 nos
1357 4345 1514 4400 docet
1539 4347 1768 4415 Spiritus
1795 4361 1920 4400 san-

338 4452 459 4496 ctus
480 4455 726 4511 gemere:
750 4437 982 4494 insinuat
1005 4437 1145 4492 enim
1171 4437 1322 4490 nobis
1347 4437 1469 4506 quia
1499 4437 1916 4506 peregrinantur,

343 4543 396 4588 et
428 4534 589 4587 docet
617 4546 713 4585 nos
738 4531 788 4584 in
817 4529 1040 4600 patriam
1067 4528 1336 4598 suspirare
1357 4569 1374 4595 ,
1419 4537 1475 4582 et
1512 4528 1626 4596 ipso
1655 4529 1920 4585 desiderio

336 4628 622 4696 gemimus.
653 4623 748 4678 Cui
774 4622 916 4676 bene
950 4630 1032 4675 cst
1057 4621 1110 4674 in
1144 4622 1243 4674 hoc
1272 4620 1496 4687 saeculo,
1527 4620 1633 4674 imo
1659 4621 1746 4690 qui
1773 4629 1922 4689 putat

333 4716 482 4788 quod
511 4717 558 4771 ei
590 4716 723 4770 bene
761 4715 860 4779 sit,
909 4713 998 4783 qui
1048 4712 1230 4766 laetitia
1275 4727 1451 4766 rerum
1495 4713 1813 4778 carnalium,
1868 4723 1924 4769 et

337 4807 660 4862 abundantia
690 4805 1091 4875 temporalium,
1130 4810 1185 4857 et
1209 4817 1341 4857 vana
1380 4801 1631 4858 felicitate
1657 4804 1918 4872 exsultat,

341 4901 500 4956 habet
521 4915 708 4955 vocem
736 4900 880 4954 corvi
909 4918 921 4953 :
947 4913 1047 4952 vox
1069 4897 1211 4952 enim
1237 4899 1382 4952 corvi
1417 4898 1647 4953 clamosa
1669 4908 1783 4967 est,
1814 4916 1918 4956 non

337 4991 697 5063 gemebunda.
723 4991 823 5057 Qui
849 4999 1023 5044 autem
1050 4990 1194 5044 novit
1215 4990 1265 5043 in
1284 5004 1530 5060 pressura
1556 5005 1613 5045 se
1639 5005 1758 5048 esse
1783 5009 1924 5047 mor-

339 5084 563 5158 talitatis
595 5081 770 5152 hujus,
797 5090 850 5135 et
880 5081 1200 5151 peregrinari
1229 5096 1286 5135 se
1312 5096 1340 5134 a
1367 5081 1591 5137 Domino
1624 5081 1691 5153 (ll
1720 5083 1837 5138 Cor.
1867 5100 1918 5150 v,

341 5177 424 5243 6),
461 5173 696 5228 nondum
733 5183 914 5228 tenere
952 5174 1092 5228 illam
1137 5183 1444 5243 perpetuam
1473 5189 1591 5242 qua:
1617 5176 1770 5230 nobis
1797 5190 1923 5245 pro-

340 5269 506 5322 missa
540 5276 623 5321 est
650 5265 1026 5321 beatitudinem
1053 5305 1067 5330 ,
1096 5265 1188 5320 sed
1209 5264 1406 5320 habere
1425 5264 1566 5320 illam
1593 5267 1645 5321 in
1668 5282 1762 5336 Spe
1782 5309 1796 5335 ,
1821 5267 1922 5322 ha-

341 5359 554 5413 biturus
585 5359 636 5412 in
667 5373 745 5425 re,
771 5373 896 5412 cum
923 5357 1174 5412 Dominus
1197 5357 1403 5412 venerit
1421 5357 1472 5410 in
1501 5358 1926 5418 manifestatione

343 5451 655 5520 praeclarus,
688 5451 775 5521 qui
803 5450 950 5520 prius
977 5449 1030 5503 in
1062 5449 1356 5503 humilitate
1375 5449 1520 5504 venit
1540 5451 1809 5515 occultus;
1836 5453 1923 5522 qui

342 5543 450 5596 hoc
476 5543 663 5608 novit,
707 5544 892 5613 gemit.
941 5543 1009 5596 Et
1052 5540 1304 5611 quamdiu
1353 5551 1568 5611 propter
1594 5541 1694 5596 hoc
1728 5544 1924 5612 gemit,

344 5635 484 5690 bene
511 5635 710 5704 gemit:
742 5635 968 5706 Spiritus
993 5635 1138 5690 illum
1161 5633 1340 5688 docuit
1358 5649 1593 5704 gemere,
1625 5649 1656 5688 a
1681 5636 1926 5692 columba

299 5759 308 5764 -
341 5725 535 5780 didicit
553 5741 786 5796 gemere.
821 5728 963 5782 Multi
991 5727 1132 5781 enim
1163 5734 1383 5796 gemunt
1411 5725 1463 5779 in
1491 5725 1799 5783 infelicitate
1821 5738 1928 5785 ter-

343 5830 513 5884 rena,
555 5819 638 5874 vel
662 5820 891 5890 quassati
926 5818 1169 5886 damnis,
1219 5817 1301 5874 vel
1338 5818 1650 5888 aegritudine
1689 5824 1930 5892 corporis

1511 361 1916 421 TRACTATUS
1951 362 2039 421 Vl.
2078 363 2305 422 CAPUT
2340 362 2381 421 1.

2090 282 2093 286 ι
2115 277 2144 289 Δ

3442 374 3579 434 “26

2015 480 2321 547 prmgravati
2342 521 2358 548 ,
2395 479 2476 535 vel
2499 482 2797 539 carceribus
2825 483 3044 552 inclusi,
3075 485 3156 541 vel
3188 487 3388 543 catenis
3425 490 3574 545 colli-

2013 572 2140 640 gati,
2168 573 2248 626 vel
2280 574 2523 630 fluctibus
2547 579 2708 631 maris
2728 579 2930 649 jactati,
2954 581 3035 635 vel
3065 581 3327 652 aliquibus
3349 583 3582 640 inimico-

2014 676 2130 714 rum
2172 661 2374 718 insidiis
2397 667 2730 738 circumsepti
2757 680 3010 740 gemunt:
3042 671 3134 726 sed
3176 687 3280 728 non
3323 674 3584 729 columba:

2015 753 2211 822 gemitu
2237 769 2480 825 gemunt,
2510 774 2612 814 n0u
2644 777 2824 816 amore
2851 763 2938 816 Dei
2970 773 3219 832 gemunt,
3257 779 3364 818 non
3394 765 3582 833 Spiritu
3681 745 3700 762 ’

2014 854 2248 914 gemunt.
2289 848 2411 902 Ideo
2441 851 2570 904 tales
2592 867 2711 906 cum
2742 853 2808 907 ab
2849 854 2974 921 ipsis
3008 856 3271 923 pressuris
3292 854 3487 910 fuerint
3517 854 3582 908 li-

2016 935 2217 1001 berati,
2263 941 2528 994 exsultant
2551 943 2604 996 in
2631 944 2918 1014 grandibus
2944 946 3163 1000 vocibus
3195 965 3207 999 :
3242 945 3328 1000 ubi
3366 953 3584 1016 apparet

2016 1030 2137 1099 quia
2165 1033 2308 1086 corvi
2336 1043 2476 1098 sunt,
2509 1050 2615 1088 non
2643 1036 2922 1111 columbae.
2955 1037 3142 1092 Merito
3162 1037 3227 1090 de
3247 1052 3369 1092 arca
3391 1037 3584 1090 missus

2016 1132 2098 1177 est
2125 1139 2315 1177 corvus
2339 1166 2355 1192 ,
2384 1134 2438 1180 et
2466 1141 2568 1180 non
2600 1137 2681 1182 est
2709 1143 2982 1193 reversus;
3014 1130 3173 1182 missa
3201 1136 3282 1183 est
3309 1126 3580 1191 columba;

2017 1224 2071 1269 et
2097 1230 2312 1276 reversa
2352 1227 2435 1271 est
2463 1235 2478 1274 :
2510 1218 2624 1273 illas
2655 1218 2785 1274 duas
2816 1235 2940 1276 aves
2968 1221 3108 1274 misit
3137 1218 3245 1273 Noe
3275 1218 3422 1290 (Gen.
3455 1232 3583 1284 vut,

2017 1305 2152 1376 6-9).
2205 1307 2440 1361 Habebat
2485 1308 2555 1362 ibi
2595 1324 2808 1363 corvum
2835 1351 2851 1376 ,
2898 1309 3122 1364 habebat
3159 1319 3211 1364 et
3248 1308 3582 1372 columbam;
3634 1336 3636 1344 π

2018 1410 2300 1470 utrumque
2331 1403 2430 1454 hoc
2467 1416 2632 1472 genus
2656 1418 2774 1456 arca
2809 1402 2895 1455 illa
2933 1402 3237 1457 continebat
3265 1419 3276 1454 :
3310 1411 3362 1456 et
3391 1401 3434 1454 si
3458 1407 3585 1455 ‘arca

2016 1489 2276 1559 figurabat
2303 1491 2593 1547 Ecclesiam
2615 1536 2628 1559 ,
2676 1494 2863 1547 videtis
2903 1494 3082 1564 utique
3115 1494 3233 1563 quia
3259 1507 3478 1546 necesse
3507 1498 3586 1546 est

2015 1591 2073 1636 ut
2093 1585 2143 1636 in
2169 1583 2268 1637 isto
2290 1583 2485 1639 diluvio
2509 1587 2688 1640 steculi
2713 1593 2992 1657 utrumque
3015 1600 3181 1656 genus
3199 1585 3466 1638 contineat
3482 1582 3587 1636 Ec-

2016 1678 2197 1743 clesia,
2225 1688 2277 1732 et
2305 1694 2520 1733 corvum
2543 1723 2557 1744 ,
2587 1689 2640 1734 et
2665 1681 2981 1736 columbam.
3013 1680 3110 1746 Qui
3137 1687 3259 1732 sunt
3281 1675 3462 1732 corvi?
3485 1674 3587 1743 Qui

2017 1786 2108 1824 sua
2136 1781 2396 1840 quarrunt.
2429 1773 2527 1840 Qui
2550 1773 2854 1826 columbae?
2883 1772 2982 1840 Qui
3007 1787 3067 1825 ca
3104 1786 3218 1840 qua:
3237 1768 3429 1824 Christi
3465 1776 3587 1822 sunt

2018 1872 2263 1933 quzcrunt
2284 1863 2537 1935 (Philipp.
2567 1881 2623 1932 ll,
2654 1863 2767 1936 21).

2091 1958 2143 2011 3.
2186 1958 2467 2027 PrOptcrea
2497 1974 2620 2026 ergo
2648 1973 2766 2010 cum
2791 1957 3021 2010 mitteret
3043 1954 3294 2025 Spiritum
3325 1960 3586 2017 sanctum,

2019 2051 2225 2107 duobus
2246 2051 2417 2106 modis
2430 2067 2548 2106 eum
2575 2051 2803 2106 ostendit
2821 2049 3124 2113 visibiiiter;
3157 2063 3252 2117 per
3269 2043 3589 2107 columbam,

2020 2153 2074 2200 et
2102 2159 2198 2214 per
2223 2144 2394 2213 ignem
2429 2161 2443 2198 :
2476 2159 2572 2214 per
2595 2143 2890 2198 columbam
2912 2183 2926 2202 ,
2969 2156 3128 2212 super
3169 2139 3448 2192 Dominum
3497 2135 3592 2189 ba-

2018 2236 2309 2306 ptizatum;
2342 2250 2437 2303 per
2471 2236 2672 2306 ignem,
2716 2249 2874 2303 super
2904 2232 3189 2302 discipulos
3221 2235 3590 2298 congregatos.

2019 2328 2152 2383 Cum
2181 2329 2320 2382 enim
2344 2327 2671 2382 ascendisset
2699 2326 2954 2380 Dominus
2985 2326 3034 2377 in
3055 2325 3250 2379 cadum
3278 2329 3394 2391 post
3421 2332 3592 2373 resur-

2021 2421 2310 2475 rectionem
2329 2463 2343 2486 ,
2391 2418 2624 2489 peractis
2657 2435 2776 2473 cum
2807 2417 3081 2486 discipulis
3106 2416 3218 2470 suis
3245 2411 3591 2483 quadraginta

2023 2514 2231 2581 diebus,
2265 2513 2482 2583 impleto
2527 2511 2613 2567 die
2663 2513 3030 2573 Pentecostes,
3075 2510 3216 2564 misit
3241 2509 3319 2563 eis
3341 2505 3593 2576 Spiritum

2022 2615 2283 2672 sanctum,
2315 2605 2450 2660 sicut
2475 2606 2803 2676 promiserat.
2832 2604 3057 2673 Spiritus
3083 2617 3208 2673 ergo
3237 2610 3357 2655 tunc
3379 2599 3595 2655 veniens

2025 2697 2260 2766 implevit
2291 2699 2460 2751 locum
2489 2696 2668 2762 illum,
2702 2697 2940 2765 factoque
2970 2696 3142 2765 primo
3168 2695 3341 2748 sonitu
3365 2692 3430 2747 de
3457 2690 3595 2745 caelo

2025 2797 2272 2857 tanquam
2305 2789 2532 2842 ferretur
2572 2787 2724 2840 flatus
2756 2787 3073 2850 vehemens,
3117 2784 3252 2837 sicut
3285 2784 3336 2836 in
3377 2781 3595 2836 Actibus

2023 2879 2394 2948 Apostolorum
2425 2879 2648 2947 legimus
2672 2919 2685 2942 ,
2729 2876 2866 2930 Visae
2886 2919 2898 2938 ,
2925 2876 3124 2945 inquit,
3150 2875 3251 2928 illis
3270 2882 3386 2927 sunt
3411 2873 3595 2943 lingat:

2023 2973 2195 3026 divisa:
2212 2972 2346 3025 velut
2366 2971 2518 3042 ignis,
2543 2971 2626 3040 qui
2647 2979 2693 3023 et
2721 2971 2899 3024 insedit
2920 2985 3069 3039 super
3093 2983 3492 3036 unumquemque
3511 2981 3594 3018 eo.

2022 3083 2136 3120 rum
2157 3082 2176 3130 ;
2215 3076 2260 3118 et
2287 3074 2539 3134 coeperunt
2562 3065 2747 3134 linguis
2773 3063 2926 3133 loqui,
2960 3063 3089 3115 sicut
3111 3062 3332 3130 Spiritus
3354 3059 3503 3113 dabat
3524 3060 3594 3113 eis

2023 3157 2347 3228 pronuntiare
2378 3157 2511 3226 (Act.
2536 3171 2594 3220 ιι,
2627 3154 2759 3226 1-4).
2787 3154 2896 3209 Hac
2925 3154 3149 3208 vidimus
3173 3153 3470 3208 columbam
3501 3168 3595 3206 su-

2023 3264 2118 3320 per
2175 3251 2452 3303 Dominum
2478 3291 2494 3316 ,
2542 3247 2642 3302 hac
2667 3248 2871 3318 linguas
2900 3246 3097 3300 divisas
3122 3261 3284 3314 super
3312 3245 3597 3314 discipulos

2022 3351 2408 3412 congregatos:
2438 3339 2510 3394 ibi
2540 3340 2884 3409 simplicitas,
2937 3337 3022 3392 hic
3055 3337 3233 3392 fervor
3277 3336 3594 3390 ostenditur.

2022 3431 2154 3487 Sunt
2180 3433 2318 3486 enim
2349 3431 2436 3500 qui
2467 3431 2714 3484 dicuntur
2743 3429 3030 3498 simplices,
3055 3435 3110 3483 et
3137 3428 3264 3497 pigri
3290 3437 3412 3481 sunt
3445 3445 3458 3481 :
3498 3441 3596 3478 vo-

2022 3531 2211 3577 cantur
2255 3521 2521 3590 simplices
2547 3561 2562 3588 ,
2593 3527 2717 3574 sunt
2738 3530 2912 3574 autem
2945 3534 3153 3590 segnes.
3200 3519 3311 3572 Non
3341 3517 3459 3572 talis
3485 3527 3600 3571 erat

2021 3613 2320 3683 Stephanus
2344 3613 2528 3681 plenus
2555 3611 2752 3680 Spiritu
2781 3622 2966 3666 sancto
3001 3628 3013 3663 :
3042 3611 3266 3678 simplex
3291 3619 3434 3676 erat,
3473 3610 3595 3678 quia

2024 3703 2222 3758 nemini
2253 3703 2510 3767 nocebat;
2545 3702 2753 3756 fervens
2776 3710 2917 3766 erat,
2956 3700 3074 3768 quia
3097 3700 3286 3769 impios
3321 3700 3594 3770 arguebat.

2023 3794 2137 3848 Non
2165 3793 2307 3848 enim
2330 3793 2491 3846 tacuit
2523 3791 2718 3846 .ludaeis
2753 3808 2767 3845 :
2795 3792 2909 3860 ejus
2932 3793 2948 3823 ί
2981 3799 3103 3845 sunt
3130 3790 3290 3844 verba
3318 3791 3403 3843 illa
3442 3791 3596 3843 flam-

2005 3886 2220 3942 mantia
2245 3927 2260 3952 ,
2288 3885 2434 3938 Dura
2454 3886 2642 3940 cervice
2661 3927 2674 3950 ,
2715 3893 2764 3940 et
2791 3901 2890 3938 non
2907 3884 3186 3938 circumcisi
3208 3884 3357 3937 corde
3380 3895 3426 3937 et
3451 3883 3596 3936 auri-

2025 3979 2134 4044 bus,
2157 3994 2244 4032 vos
2269 3993 2461 4047 semper
2498 3977 2748 4031 restitistis
2771 3976 2989 4046 Spiritui
3015 3986 3205 4028 sancto.
3246 3974 3464 4044 Magnus
3492 3975 3595 4028 im-

2026 4078 2175 4140 petus
2204 4087 2216 4123 :
2251 4068 2343 4123 sed
2371 4068 2612 4122 columba
2634 4068 2748 4122 sine
2769 4066 2890 4121 felle
2914 4067 3085 4121 saevit.
3111 4065 3239 4120 Nam
3267 4073 3326 4120 ut
3345 4065 3598 4121 noveritis

2023 4165 2144 4234 quia
2165 4163 2280 4218 sine
2304 4161 2422 4217 felle
2442 4161 2712 4227 saeviebat,
2741 4160 2812 4215 illi
2830 4159 3023 4214 auditis
3042 4159 3125 4214 his
3147 4160 3319 4215 verbis
3345 4160 3433 4231 qui
3453 4160 3599 4216 corvi

2023 4263 2193 4322 erant,
2222 4255 2286 4309 ad
2319 4255 2518 4324 lapides
2546 4255 2722 4309 statim
2751 4253 3002 4309 adversus
3025 4253 3324 4308 columbam
3347 4267 3597 4309 cucurre-

2024 4357 2175 4414 runt;
2213 4349 2374 4418 cmpit
2412 4349 2711 4418 Stephanus
2750 4348 2971 4418 lapidari
3017 4365 3030 4400 :
3076 4356 3129 4402 et
3169 4348 3256 4417 qui
3286 4347 3444 4417 paulo
3473 4356 3599 4404 ante

2025 4441 2256 4497 fremens
2290 4449 2343 4494 et
2372 4439 2582 4495 fervens
2617 4441 2836 4514 spiritu,
2867 4450 3112 4512 tanquam
3142 4441 3192 4494 in
3229 4440 3470 4496 inimicos
3495 4442 3599 4496 im-
3658 4479 3661 4483 ι

2026 4540 2203 4602 petum
2228 4531 2453 4596 fecerat,
2488 4541 2543 4585 et
2581 4541 2824 4600 tanquam
2855 4533 3114 4587 violentus
3145 4532 3382 4587 invectus
3407 4541 3522 4588 erat
3547 4533 3602 4590 in

2025 4623 2201 4678 verbis
2226 4622 2392 4692 igneis
2415 4631 2571 4692 atque
2588 4623 2654 4676 ita
2677 4621 3086 4691 flammantibus,
3118 4633 3177 4679 ut
3195 4625 3435 4694 audistis,
3457 4625 3604 4682 Dura

2027 4715 2214 4768 cervice
2235 4755 2250 4781 ,
2276 4723 2322 4767 et
2351 4731 2450 4767 non
2489 4714 2769 4768 circumcisi
2796 4716 2945 4768 corde
2974 4724 3019 4768 et
3051 4717 3255 4771 auribus
3282 4733 3300 4771 :
3331 4728 3391 4774 ut
3421 4718 3510 4788 qui
3539 4732 3600 4772 ea

2028 4805 2187 4860 verba
2215 4804 2436 4870 audiret,
2470 4814 2675 4874 putaret
2699 4805 3107 4876 Stephanumysi
3127 4808 3173 4862 ei
3192 4808 3392 4875 liceret,
3421 4809 3601 4865 statim

2027 4897 2148 4952 illos
2171 4898 2307 4952 velle
2335 4898 2574 4952 consumi
2606 4915 2618 4950 :
2649 4887 2982 4952 venientibus
3023 4899 3077 4954 in
3120 4913 3180 4954 se
3227 4900 3490 4970 lapidibus
3531 4915 3602 4954 ex

2028 4990 2268 5046 manibus
2300 5005 2482 5045 eorum
2509 5032 2523 5058 ,
2550 5005 2688 5060 genu
2719 4989 2822 5044 fixo
2849 4990 2924 5045 ait
2943 4993 2986 5058 ’³,
3021 4990 3236 5046 Domine
3257 5011 3292 5060 ,ο
3315 5008 3378 5046 ne
3407 4999 3600 5048 statuas

2027 5083 2132 5136 illis
2153 5083 2245 5136 hoc
2269 5082 2504 5136 delictum
2535 5081 2668 5156 (Act.
2692 5098 2763 5137 vu
2791 5124 2804 5148 ,
2833 5083 2932 5149 51,
2960 5083 3074 5155 59).
3107 5083 3394 5138 Inhaaserat
3415 5084 3604 5140 unitati

2029 5174 2308 5228 columbae.
2357 5171 2506 5227 Prior
2533 5173 2676 5227 enim
2717 5172 2843 5227 illud
2879 5171 3078 5228 fecerat
3119 5173 3399 5244 magister,
3443 5190 3605 5246 super

2030 5281 2188 5336 quem
2227 5265 2501 5320 descendit
2529 5265 2804 5331 columba;
2846 5267 2934 5336 qui
2980 5266 3216 5335 pendens
3235 5267 3286 5320 in
3313 5282 3470 5323 cruce
3493 5269 3595 5340 ait,

2035 5356 2190 5410 Pater
2209 5399 2222 5420 ,
2266 5359 2466 5428 ignosce
2494 5358 2624 5424 illis,
2678 5360 2798 5427 quia
2832 5361 3053 5413 nesciunt
3081 5359 3203 5429 quid
3232 5361 3422 5431 faciunt
3449 5360 3600 5433 (Luc.

2015 5465 2180 5514 ⁵ιιιιιι,
2211 5449 2321 5519 54).
2353 5449 2494 5519 Ergo
2516 5465 2580 5504 ne
2605 5449 2799 5519 Spiritu
2823 5449 3128 5504 sanctificati
3150 5449 3328 5505 dolum
3353 5451 3604 5522 habeant,

2034 5543 2086 5597 in
2121 5542 2363 5597 columba
2386 5541 2803 5598 demonstratum
2839 5551 2920 5595 est
2947 5559 2960 5594 :
2991 5557 3055 5597 ne
3080 5542 3390 5615 simplicitas
3417 5545 3605 5616 frigida

2034 5645 2344 5703 remaneat,
2401 5636 2451 5690 in
2495 5637 2615 5707 igne
2638 5635 3052 5690 demonstratum
3096 5648 3196 5693 est.
3227 5638 3334 5696 Nec
3359 5647 3602 5708 moveat,

2098 5772 2114 5834 ε
2139 5771 2213 5820 sic
2233 5769 2506 5834 legendum,
2516 5783 2579 5820 ex
2601 5777 2707 5819 Mss.
2736 5768 2942 5834 [cujus.]

2098 5833 2119 5864 ³
2141 5831 2274 5894 Αριιά
2292 5831 2366 5880 Er.
2385 5833 2529 5894 Lugd.
2552 5840 2667 5882 Ven.
2686 5831 2962 5899 l.ov.,’gen'u
2983 5831 3112 5894 ﬂexo
3125 5833 3208 5886 ait.
3275 5841 3328 5882 at.
