4012 6484
458 422 479 476 i
489 420 590 476 427

457 535 580 606 quia
614 533 808 604 lingum
847 531 1032 587 divism
1060 539 1202 586 sunt.
1236 527 1443 586 Distant
1469 528 1610 582 enim
1637 527 1827 596 linguae
1849 563 1866 592 ,
1915 523 2034 578 ideo

456 626 642 682 divisis
680 625 874 696 linguis
901 611 1162 694 apparuit.
1209 620 1440 692 Linguta,
1487 619 1682 689 inquit,
1709 615 1883 670 divine
1905 613 2038 669 velut

340 729 364 752 ⁸
452 719 608 792 ignis,
632 715 722 786 qui
737 723 785 772 et
803 713 986 770 insedit
1005 729 1158 784 super
1183 725 1582 781 unumquemque
1607 725 1800 762 eorum.
1831 706 2038 760 Distant

455 809 597 865 inter
631 823 693 864 se
730 805 956 878 linguae,
998 804 1090 860 sed
1129 803 1426 874 linguarum
1455 802 1705 857 distantia
1733 800 1752 832 ί
1781 811 1889 854 non
1911 805 2036 853 sunt

453 901 762 957 schismata.
789 899 846 955 In
873 899 1062 970 linguis
1087 898 1270 954 divisis
1286 898 1392 953 noli
1411 896 1809 966 dissipationem
1827 893 2035 960 timere,

456 997 716 1050 unitatem
743 1005 1005 1062 cognosce
1035 993 1088 1046 in
1111 989 1375 1045 columba.

525 1087 578 1140 4.
621 1085 708 1141 Sic
751 1099 901 1155 ergo,
949 1083 1027 1138 sic
1066 1082 1343 1154 oportebat
1387 1079 1740 1138 demonstrari
1783 1076 2037 1148 Spiritum

454 1184 696 1234 sanctum
741 1176 1040 1230 venientem
1095 1189 1256 1244 super
1309 1173 1624 1239 Dominum,
1673 1180 1731 1226 ut
1779 1170 2039 1239 intelligat

453 1269 849 1339 unusquisque,
892 1267 936 1320 si
965 1265 1124 1322 habet
1153 1264 1408 1336 Spiritum
1435 1273 1710 1330 sanctum,
1739 1262 2034 1331 simplicem

455 1374 514 1414 se
537 1373 658 1414 esse
686 1357 880 1412 debere
901 1357 1038 1412 sicut
1064 1357 1394 1422 columbam;
1421 1354 1620 1410 habere
1640 1371 1760 1410 cum
1786 1352 2038 1408 fratribus

453 1464 631 1506 veram
669 1464 852 1518 pacem
872 1491 887 1516 ,
917 1463 1076 1519 quam
1109 1448 1406 1518 signiﬁcant
1433 1447 1613 1504 oscula
1647 1445 2034 1502 columbarum.

455 1541 662 1596 Habent
684 1541 825 1596 enim
856 1541 1036 1596 oscula
1058 1549 1112 1596 et
1137 1541 1313 1608 corvi,
1343 1541 1439 1596 sed
1463 1541 1516 1594 in
1539 1541 1712 1596 corvis
1735 1539 1866 1592 falsa
1899 1553 2000 1608 pax
2019 1577 2035 1606 ,

454 1631 504 1687 in
549 1632 791 1688 columba
823 1647 948 1688 vera
975 1647 1093 1702 pax.
1122 1629 1239 1688 Non
1265 1634 1439 1688 omnis
1471 1648 1598 1702 ergo
1625 1633 1714 1703 qui
1735 1632 1898 1696 dicit,
1929 1631 2038 1684 Pax

419 1769 426 1794 ε
455 1723 725 1780 vobiscum
747 1764 765 1792 ,
812 1725 962 1794 quasi
1001 1726 1244 1782 columba
1270 1726 1564 1781 audiendus
1591 1735 1692 1780 est.
1729 1725 1878 1780 Unde
1909 1740 2036 1794 ergo

405 1787 828 1888 Jdiscernuntur
855 1818 1036 1872 oscula
1077 1831 1360 1872 corvorum
1408 1819 1475 1872 ab
1522 1819 1715 1874 osculis
1761 1819 2036 1872 columba-

452 1910 614 1965 rum?
640 1910 960 1968 Osculantur
993 1911 1172 1978 corvi,
1202 1911 1296 1967 sed
1333 1913 1571 1977 laniant;
1597 1929 1624 1964 a
1649 1913 1849 1967 laniatu
1881 1913 2036 1966 inno-

454 2015 584 2057 cens
601 2011 686 2057 est
709 2012 894 2056 natura
923 2001 1286 2059 columbarum
1313 2021 1324 2056 :
1359 2004 1444 2059 ubi
1468 2019 1594 2074 ergo
1623 2005 1852 2058 laniatus
1875 2047 1890 2070 ,
1931 2019 2036 2058 non

455 2101 538 2148 est
565 2107 690 2146 vera
719 2092 772 2146 in
801 2091 998 2148 osculis
1027 2109 1157 2162 pax;
1181 2093 1257 2148 illi
1279 2094 1474 2150 habent
1503 2110 1682 2148 veram
1709 2111 1916 2164 pacem,
1949 2095 2038 2165 qui

453 2185 750 2242 Ecclesium
781 2201 886 2240 non
929 2187 1280 2242 laniaverunt.
1317 2188 1444 2242 Nam
1471 2190 1614 2242 corvi
1651 2189 1716 2242 de
1747 2197 1917 2244 morte
1943 2205 2038 2258 pa-

452 2288 673 2336 scuntur
693 2320 712 2346 ,
757 2278 856 2334 hoc
877 2281 1120 2335 columba
1149 2296 1254 2334 non
1284 2281 1478 2346 habet;
1507 2282 1575 2338 de
1607 2281 1848 2352 frugibus
1881 2291 2036 2336 terrae

451 2371 620 2440 vivit,
651 2372 908 2428 innocens
936 2373 1050 2442 ejus
1079 2375 1248 2430 victus
1281 2384 1362 2430 est
1395 2393 1407 2426 :
1439 2375 1578 2446 quod
1608 2391 1734 2432 vere
1755 2416 1772 2440 ,
1799 2373 1996 2430 fratres
2019 2415 2034 2442 ,

451 2461 756 2518 mirandum
790 2463 947 2518 estin
974 2463 1240 2518 columba.
1279 2463 1415 2520 Sunt
1439 2479 1682 2535 passeres
1707 2466 2035 2530 brevissimi,

449 2557 536 2612 vel
575 2571 784 2612 muscas
821 2555 1071 2612 occidunt
1115 2574 1128 2610 :
1179 2557 1310 2612 nihil
1365 2559 1552 2612 horum
1596 2559 1876 2624 columba;
1930 2575 2035 2612 non

450 2648 592 2704 enim
623 2648 690 2703 de
730 2657 901 2704 morte
937 2650 1188 2718 pascitur.
1219 2650 1318 2718 Qui
1345 2650 1676 2706 laniaverunt
1709 2652 2033 2720 Ecclesium,

448 2738 517 2794 de
546 2739 803 2793 mortibus
831 2749 1136 2808 pascuntur.
1173 2741 1363 2797 Potens
1390 2752 1476 2798 est
1503 2743 1671 2806 Deus,
1699 2758 1945 2812 rogemus
1975 2755 2036 2798 ut

447 2831 768 2886 reviviscant
817 2834 905 2902 qui
948 2831 1269 2888 devoranlur
1309 2835 1374 2889 ab
1417 2836 1494 2890 eis
1531 2847 1584 2890 et
1628 2851 1734 2891 non
1779 2837 2034 2891 sentiunt.

447 2924 596 2978 Multi
622 2934 951 2994 agnoscunt,
1001 2928 1122 2996 quia
1167 2928 1518 2996 reviviscunt;
1567 2946 1690 2984 nam
1741 2931 1810 2985 ad
1851 2946 2036 2985 eorum

449 3016 736 3072 adventum
761 3017 998 3087 quotidie
1021 3020 1349 3088 gratulamur
1377 3021 1426 3076 in
1453 3025 1664 3078 nomine
1687 3023 1898 3078 Christi.
1929 3023 2037 3078 Vos

447 3113 654 3161 tantum
693 3108 770 3162 sic
817 3115 990 3162 estote
1033 3107 1336 3176 simplices,
1385 3119 1438 3164 ut
1463 3113 1577 3166 sitis
1604 3111 1869 3167 ferventes
1896 3115 1949 3180 ²;
1983 3125 2036 3167 et

449 3196 630 3254 fervor
661 3207 836 3253 vester
866 3199 918 3253 in
949 3199 1144 3268 linguis
1165 3201 1254 3257 sit.
1281 3201 1454 3260 Nolite
1487 3213 1693 3272 lacere;
1727 3207 2036 3262 ardentibus

449 3289 644 3362 linguis
671 3290 970 3362 loquentes,
999 3294 1274 3348 accendite
1305 3283 1542 3364 frigidos.

520 3382 575 3438 5.
617 3383 756 3449 Quid
791 3383 932 3437 enim
954 3425 968 3446 ,
1013 3383 1204 3439 fratres
1238 3388 1378 3441 mei?
1419 3389 1538 3457 quis
1566 3404 1670 3444 non
1691 3391 1867 3446 videat
1897 3394 2036 3462 quod

449 3473 528 3530 illi
548 3490 652 3529 non
685 3476 897 3530 vident?
922 3477 1031 3531 Nec
1063 3478 1286 3543 mirum;
1315 3480 1434 3549 quia
1463 3482 1550 3550 qui
1579 3483 1700 3536 inde
1721 3486 1916 3539 reverti
1941 3501 2037 3540 no-

451 3566 600 3644 lunt,
649 3567 787 3622 sicut
828 3583 1019 3623 corvus
1047 3570 1134 3638 qui
1178 3570 1245 3624 de
1279 3585 1402 3626 arca
1456 3573 1682 3628 emissus
1721 3583 1802 3630 est
1834 3575 1874 3629 ³.
1907 3577 2038 3644 Quis

451 3661 594 3716 enim
621 3677 727 3716 non
757 3663 930 3716 videat
950 3664 1090 3732 quod
1119 3663 1190 3718 illi
1219 3681 1324 3720 non
1350 3666 1571 3721 vident?
1601 3669 1664 3723 Et
1687 3670 1784 3738 ipsi
1815 3672 2034 3740 Spiritui

451 3761 635 3808 sancto
664 3753 855 3825 ingrati
905 3763 1048 3808 sunt.
1105 3755 1244 3810 Ecce
1283 3758 1524 3812 columba
1569 3760 1843 3816 descendit
1877 3779 2038 3834 super

455 3846 774 3912 Dominum,
811 3859 864 3902 et
893 3863 1055 3919 super
1101 3851 1379 3904 Dominum
1409 3851 1758 3920 baptizatum;
1792 3865 1844 3910 et
1869 3869 2036 3925 appa-

451 3938 556 3992 ruit
583 3938 654 3992 ibi
690 3948 868 3994 sancta
905 3939 992 3993 illa
1038 3948 1092 3994 et
1131 3955 1248 3994 vera
1281 3941 1545 4008 Trinitas,
1575 3959 1694 4012 qua:
1719 3945 1872 4000 nobis
1901 3963 2036 4002 unus

457 4029 596 4082 Deus
624 4035 724 4082 est.
772 4031 1028 4084 Ascendit
1051 4031 1192 4084 enim
1233 4031 1486 4086 Dominus
1513 4033 1582 4088 ab
1603 4039 1742 4104 aqua
1759 4075 1774 4100 ,
1817 4037 1956 4091 sicut
1983 4039 2034 4092 iu

452 4118 741 4188 Evangelio
773 4119 998 4188 legimus
1027 4137 1042 4174 :
1075 4119 1140 4174 Et
1160 4137 1271 4176 ecce
1293 4125 1454 4192 aperti
1473 4133 1588 4178 sunt
1617 4127 1662 4179 ei
1691 4129 1823 4192 celi,
1853 4139 1898 4182 et
1915 4132 2036 4184 vidit

454 4211 706 4282 Spiritum
732 4211 1110 4266 descendente»:
1129 4214 1260 4266 velut
1285 4215 1586 4281 columbam,
1615 4227 1660 4270 et
1679 4220 1858 4274 mansit
1880 4237 2034 4288 super

454 4320 566 4358 eum
593 4319 612 4356 .'
639 4313 684 4356 et
703 4307 872 4358 statim
897 4321 993 4358 vox
1014 4315 1280 4358 consecuta
1299 4317 1388 4370 est,
1425 4307 1496 4360 Tu
1519 4326 1572 4362 es
1603 4308 1770 4364 Filius
1793 4329 1932 4366 meus
1953 4315 2032 4367 di-

455 4395 639 4460 lectus,
665 4396 716 4449 in
747 4412 843 4464 quo
869 4396 989 4448 mihi
1011 4398 1292 4466 complacui
1310 4399 1518 4467 (Matth.
1537 4417 1613 4466 In,
1653 4403 1716 4456 16
1737 4413 1782 4457 et
1803 4407 1908 4474 i7).
1933 4408 2042 4476 Ap-

455 4497 603 4556 paret
625 4487 1052 4542 manifestissima
1085 4479 1330 4554 Trinitas,
1365 4491 1521 4546 Pater
1547 4495 1598 4548 in
1621 4511 1766 4562 voce,
1793 4497 1958 4554 Filius
1983 4501 2036 4556 in

453 4577 670 4634 homine
694 4621 708 4644 ,
763 4579 991 4648 Spiritus
1029 4580 1081 4634 in
1122 4581 1386 4636 columba.
1431 4584 1484 4638 ln
1513 4585 1610 4640 ista
1645 4587 1904 4644 Triuitate
1931 4605 2040 4660 quo

449 4671 602 4725 missi
628 4679 750 4724 sunt
769 4672 1010 4740 Apostoli
1031 4714 1046 4738 ,
1072 4673 1341 4728 videamus
1364 4676 1504 4744 quod
1533 4677 1792 4747 videmus,
1823 4685 2037 4751 etquod

454 4763 646 4818 mirum
675 4773 758 4819 est
784 4765 902 4834 quia
927 4765 994 4818 illi
1026 4781 1126 4821 non
1157 4767 1336 4822 vident
1360 4786 1372 4821 :
1399 4786 1502 4824 non
1525 4773 1670 4826 enim
1693 4785 1816 4829 vere
1835 4791 1942 4830 non
1967 4779 2038 4831 vi-

411 4914 418 4920 ,
453 4857 582 4912 dent
603 4899 617 4922 ,
641 4857 733 4912 sed
757 4857 822 4912 ad
855 4859 904 4911 id
929 4861 1067 4928 quod
1101 4860 1261 4916 facies
1280 4877 1463 4916 eorum
1497 4863 1656 4929 ferit,
1685 4868 1868 4922 oculos
1888 4871 2036 4924 clau-

453 4947 604 5002 dunt.
647 4949 764 5018 Quo
804 4950 948 5004 missi
981 4959 1104 5005 sunt
1137 4951 1384 5021 discipuli
1409 4991 1421 5015 ,
1453 4956 1504 5008 in
1535 4957 1748 5012 nomine
1781 4959 1954 5015 Patris
1983 4972 2038 5016 et

453 5043 568 5096 Filii
601 5053 654 5098 et
672 5044 902 5114 Spiritus
930 5045 1118 5110 sancti,
1142 5045 1208 5098 ab
1237 5045 1330 5100 illo
1351 5045 1420 5100 de
1447 5063 1552 5116 quo
1573 5048 1770 5104 dictum
1797 5065 1904 5119 est,
1941 5053 2040 5107 Hic

452 5143 523 5188 est
557 5139 640 5204 qui
674 5135 916 5204 baptizat.
967 5136 1168 5190 Dictum
1195 5143 1278 5190 cst
1302 5136 1444 5190 enim
1473 5139 1730 5196 ministris
1762 5142 1828 5196 ab
1857 5157 1922 5198 eo
1947 5145 2036 5214 qui

453 5224 553 5276 sibi
587 5227 752 5278 tenuit
775 5224 914 5280 hanc
943 5233 1278 5294 potestatem.

525 5316 578 5370 6.
621 5316 730 5370 lloc
753 5318 896 5372 enim
914 5319 964 5371 in
995 5317 1085 5371 illo
1103 5317 1232 5372 vidit
1257 5319 1514 5385 Joannes,
1537 5329 1593 5376 et
1619 5323 1866 5392 cognovit
1891 5326 2034 5396 quod

455 5424 560 5464 non
589 5421 810 5464 noverat
838 5427 852 5466 :
885 5425 988 5466 n0n
1015 5412 1138 5481 quia
1169 5427 1291 5466 cum
1321 5429 1422 5466 non
1445 5425 1667 5469 noverat
1697 5417 1886 5470 Filium
1913 5419 2028 5483 Dei,

456 5509 548 5556 aut
587 5516 708 5555 eum
763 5518 866 5556 non
907 5514 1127 5558 noverat
1159 5505 1475 5574 Dominum,
1523 5517 1616 5562 aut
1658 5525 1764 5564 non
1809 5521 2034 5566 noverat

519 5618 536 5650 ι
559 5613 696 5678 Edttt,
711 5612 970 5678 distantiis.
997 5623 1052 5666 At
1073 5625 1201 5678 Mss,
1223 5616 1466 5668 distantia.

517 5680 537 5710 ι
557 5677 680 5750 editi
703 5690 716 5726 :
750 5682 807 5727 ω
821 5675 925 5729 sitis
941 5675 1196 5740 prudentes
1218 5685 1265 5730 et
1281 5681 1528 5742 ferventes.
1553 5683 1699 5733 Abest
1719 5695 1748 5732 a
1772 5691 1900 5746 Mss.,
1923 5698 2038 5750 pru-

455 5740 864 5872 degtgis-Fiitlpva
884 5808 977 5851 Nec
1377 5803 1492 5857 inde
1512 5795 1887 5871 Tmmt
1913 5808 2038 5862 σίδαι

455 5862 722 5925 cormqui
740 5861 805 5907 Δρ
837 5873 945 5914 πα
967 5861 1166 5914 auiam
1186 5861 1273 5915 est.
1338 5873 1394 5916 si.

1367 413 1434 468 IN
1468 410 1743 468 JOANNIS
1783 403 2243 475 EVANGELIUM,
2385 407 2748 464 AUGUSTINI

3595 411 3729 468 “98

2145 519 2436 587 Christum,
2468 532 2558 578 aut
2593 537 2722 578 vero
2747 531 2800 578 et
2827 521 2928 578 hoc
2955 537 3062 578 non
3089 531 3310 580 noverat
3347 530 3470 595 qula
3499 523 3612 596 ipse
3631 525 3729 579 ha-

2143 613 2436 684 ptizaturus
2464 624 2605 670 esset
2634 616 2687 669 in
2715 631 2848 686 aqua
2869 624 2923 671 et
2937 615 3135 686 Spiritu
3159 627 3374 682 sancto;
3404 632 3524 672 nam
3541 627 3595 674 et
3615 618 3716 675 hoc

2148 717 2367 762 noverat
2396 725 2408 761 :
2443 707 2534 762 scd
2569 709 2688 776 quia
2721 709 2790 762 ita
2822 717 2878 764 ut
2907 709 3004 764 sibi
3033 718 3238 765 teneret
3282 711 3448 780 ipsam
3489 723 3724 782 potesta-

2148 808 2254 856 tem
2281 842 2294 864 ,
2323 809 2375 854 et
2402 801 2449 852 in
2474 803 2674 856 nullum
2708 802 3064 858 ministrorum
3095 817 3212 858 eam
3239 805 3553 861 transferret
3575 841 3592 873 ,
3621 808 3729 863 hoc

2148 903 2231 947 est
2258 893 2396 962 quod
2427 893 2611 948 didicit
2637 894 2688 948 in
2713 895 2982 950 columba.
3025 895 3126 950 Per
3155 895 3291 951 hanc
3317 897 3457 952 enim
3485 908 3723 968 potesta-

2147 990 2276 1047 tem,
2305 999 2464 1054 quam
2497 985 2738 1039 Christus
2767 986 2912 1040 solus
2941 985 3040 1040 sibi
3071 986 3256 1050 tenuit,
3288 997 3340 1041 et
3366 988 3418 1042 in
3448 989 3722 1045 neminem

2145 1075 2508 1129 ministrorum
2539 1075 2854 1140 transfodit,
2903 1079 3140 1146 quamvis
3169 1093 3266 1148 per
3289 1078 3564 1134 ministros
3594 1096 3722 1136 suos

2147 1167 2416 1238 baptizare
2438 1169 2682 1240 dignatus
2709 1170 2809 1236 sit,
2840 1186 2933 1239 per
2961 1170 3096 1224 hanc
3119 1180 3222 1224 stat
3251 1172 3422 1226 unitas
3443 1173 3722 1239 Ecclesiae,

2144 1277 2260 1331 qum
2291 1261 2613 1332 signiﬁcatur
2637 1261 2686 1314 in
2709 1261 2973 1324 columba,
3005 1261 3071 1316 de
3099 1276 3202 1332 qua
3229 1262 3424 1318 dictum
3443 1271 3528 1318 est
3555 1281 3572 1316 -:
3609 1263 3728 1320 Una

2145 1363 2216 1406 est
2233 1352 2462 1406 columba
2485 1370 2590 1406 mea
2611 1393 2626 1418 ,
2673 1370 2774 1406 una
2803 1363 2874 1406 est
2911 1353 3059 1406 matri
3094 1370 3200 1408 sua:
3225 1353 3396 1424 (Cant.
3429 1371 3480 1408 vi
3501 1395 3515 1418 ,
3545 1355 3620 1428 8).
3669 1357 3728 1411 Si

2144 1443 2305 1509 enim,
2339 1443 2678 1512 utjamdixi,
2709 1443 2900 1497 fratres
2930 1444 3032 1496 inci
3053 1483 3066 1508 ,
3093 1445 3470 1500 transferretur
3489 1454 3728 1515 potestas

2144 1551 2172 1586 a
2201 1535 2425 1590 Domino
2450 1535 2516 1590 ad
2539 1536 2874 1598 ministrum,
2907 1545 2982 1588 tot
3008 1535 3318 1605 baptismum
3347 1547 3559 1602 essent,
3598 1547 3730 1608 quot

2143 1627 2371 1680 ministri
2403 1636 2602 1691 essent,
2629 1637 2682 1682 ct
2703 1627 2812 1696 jam
2845 1641 2950 1680 non
2977 1636 3141 1681 staret
3171 1629 3344 1682 unitas
3374 1629 3650 1698 Baptismi.

2216 1721 2266 1772 7.
2310 1721 2598 1782 lnteudite.
2647 1721 2874 1776 fratres:
2913 1732 3196 1792 antequam
3237 1725 3441 1792 veniret
3469 1725 3726 1782 Dominus

2143 1823 2326 1868 noster
2349 1812 2502 1868 Jesus
2527 1814 2767 1868 Christus
2787 1813 2852 1868 ad
2877 1815 3197 1885 baptismum
3231 1816 3374 1885 (nam
3403 1827 3520 1887 post
3546 1817 3726 1888 bapti—

2143 1919 2314 1957 smum
2359 1904 2632 1958 descendit
2669 1905 2912 1960 columba
2960 1907 3010 1960 in
3061 1923 3164 1976 qua
3211 1909 3454 1976 cognovit
3490 1908 3728 1965 Joannes

2143 1999 2389 2068 quiddam
2423 2001 2714 2068 proprium,
2748 2015 2868 2054 cum
2897 2001 2946 2054 ei
2975 1999 3173 2054 dictum
3197 2010 3360 2067 esset,
3383 2001 3551 2072 Super
3573 2020 3724 2072 quem

2141 2095 2322 2148 uideris
2351 2094 2600 2164 Spiritum
2627 2094 3006 2148 decet-radentem
3033 2097 3161 2148 sicut
3187 2095 3467 2149 columbam
3486 2138 3500 2156 .
3539 2105 3587 2150 et
3617 2113 3730 2150 nna-

2145 2195 2340 2240 nentem
2365 2202 2515 2255 super
2541 2201 2653 2238 eum
2669 2227 2684 2250 ,
2717 2186 2822 2238 i::se
2842 2195 2911 2238 est
2932 2187 3020 2256 qui
3043 2186 3269 2255 implicat
3299 2187 3351 2239 in
3383 2186 3582 2253 Spiritu
3605 2205 3730 2242 sau-

2143 2279 2265 2348 cio),
2289 2289 2508 2334 noverat
2531 2280 2654 2348 quia
2679 2279 2790 2347 ipse
2814 2279 3043 2348 baptizat
3071 2280 3120 2332 in
3149 2279 3347 2346 Spiritu
3375 2289 3560 2333 sancto
3585 2297 3598 2344 ;
3619 2281 3721 2334 sed

2141 2372 2262 2442 quia
2287 2372 2377 2426 tali
2409 2373 2730 2442 prem-ictam
2753 2407 2769 2438 ,
2809 2381 2864 2424 ut
2887 2379 3121 2439 potestas
3143 2371 3213 2424 ab
3243 2385 3310 2426 eo
3337 2386 3442 2424 non
3475 2372 3730 2426 transiret

2143 2465 2196 2518 in
2227 2465 2447 2518 alterum
2473 2501 2490 2528 ,
2531 2461 2776 2532 quamvis
2811 2477 2878 2516 eo
2899 2463 3163 2525 (leniente,
3201 2463 3304 2516 hoc
3334 2462 3404 2515 ibi
3429 2461 3632 2517 didicit.
3663 2464 3732 2516 Et

2141 2555 2282 2610 unde
2309 2554 2595 2624 probamus
2635 2554 2762 2622 quia
2797 2553 2910 2622 .ja‘m
2956 2563 3012 2607 et
3043 2554 3145 2607 hoc
3185 2561 3405 2608 noverat
3449 2551 3682 2607 Joannes
3705 2585 3724 2620 ς

2141 2648 2261 2717 quia
2291 2647 2649 2714 baptiz-aturus
2676 2654 2790 2699 erat
2815 2645 3070 2700 Dominus
3109 2646 3160 2698 in
3187 2645 3386 2714 Spiritu
3417 2653 3636 2709 sancto;
3667 2653 3727 2698 ut

2143 2737 2246 2791 hoc
2273 2737 2593 2806 intelligatur
2631 2735 2876 2789 didicisse
2906 2735 2957 2788 in
2983 2735 3226 2790 columba
3255 2773 3270 2800 ,
3313 2735 3454 2805 quod
3497 2735 3564 2789 ita
3609 2743 3732 2788 erat

2145 2829 2505 2896 baptizaturus
2535 2827 2786 2880 Dominus
2819 2827 2868 2878 in
2887 2825 3088 2894 Spiritu
3115 2835 3302 2880 sancto
3329 2866 3346 2890 ,
3391 2833 3450 2879 ut
3477 2826 3526 2879 is
3549 2827 3726 2880 nemi-

2143 2935 2264 2974 nem
2305 2921 2468 2973 alium
2517 2919 2784 2972 hominem
2833 2928 3069 2987 potestas
3109 2919 3202 2974 illa
3243 2919 3535 2974 transiret?
3581 2919 3729 2974 unde

2141 3011 2473 3082 probamus?
2517 3010 2774 3064 Columba
2807 3011 2922 3079 jam
2945 3011 3212 3080 bamizato
3249 3011 3472 3066 Domino
3497 3011 3730 3066 descen-

2103 3105 2222 3186 -‘dit
2250 3123 2261 3158 :
2301 3116 2424 3159 ante
2451 3113 2626 3159 autem
2651 3120 2812 3174 quam
2841 3105 3046 3160 veniret
3067 3105 3324 3160 Dominus
3351 3113 3408 3158 ut
3425 3105 3732 3174 baptizare--

2145 3209 2228 3252 tur
2251 3214 2280 3251 a
2307 3198 2511 3252 Joanne
2538 3198 2588 3250 in
2615 3197 2846 3252 Jordane
2865 3239 2880 3263 ,
2909 3197 3139 3252 diximus
3163 3198 3284 3268 quia
3309 3205 3532 3252 noverat
3567 3211 3726 3260 eum,

2145 3293 2246 3346 illis
2273 3291 2490 3344 vocibus
2517 3291 2601 3344 ubi
2623 3291 2698 3343 ait
2729 3309 2741 3344 :
2771 3288 2850 3342 Tu
2875 3290 2941 3342 ad
2961 3305 3040 3343 me
3067 3289 3200 3342 venis
3222 3329 3236 3354 ,
3263 3275 3514 3358 baptizari
3529 3289 3551 3342 ?
3578 3305 3668 3358 ego
3687 3303 3724 3340 α

2143 3393 2189 3437 te
2210 3383 2360 3436 debeo
2382 3381 2644 3451 baptizari.
2667 3379 2769 3435 Sed
2787 3395 2910 3434 cccc
2935 3380 3210 3432 Dominum
3231 3388 3476 3442 noverat,
3503 3387 3730 3433 noverat

2143 3477 2332 3530 Filium
2365 3475 2452 3528 Dei
2494 3493 2505 3528 :
2551 3473 2690 3528 unde
2721 3473 3002 3540 probamus
3027 3473 3170 3544 quod
3193 3471 3302 3543 jam
3343 3485 3558 3526 neverat
3599 3473 3728 3541 quia

2143 3568 2256 3636 ipse
2281 3567 2568 3635 baptizaret
2596 3566 2646 3618 in
2677 3563 2874 3633 Spiritu
2913 3563 3136 3618 sancto?
3183 3565 3478 3633 Antequam
3521 3564 3732 3618 veniret

2141 3659 2206 3711 ad
2235 3656 2480 3722 fluvium,
2513 3671 2634 3709 cum
2663 3655 2814 3708 multi
2841 3655 2904 3707 ad
2931 3655 3192 3710 Joannem
3219 3665 3601 3710 concurrerent
3627 3656 3728 3709 ba-

2145 3747 2351 3818 ptizari,
2383 3746 2456 3800 ait
2487 3747 2609 3810 illis,
2645 3745 2752 3816 Ego
2789 3745 2989 3814 quidem
3020 3746 3214 3815 baptista
3240 3762 3326 3800 vos
3345 3747 3396 3800 in
3419 3763 3554 3814 aqua
3587 3761 3604 3799 :
3633 3747 3724 3816 qui

2141 3850 2304 3894 autem
2333 3847 2445 3907 post
2471 3854 2550 3890 me
2567 3837 2728 3902 venit,
2763 3838 2924 3906 major
2951 3853 3028 3889 me
3049 3845 3151 3900 est,
3201 3837 3348 3907 cujus
3386 3853 3485 3889 non
3513 3853 3622 3890 sum
3651 3836 3734 3888 di-

2141 3951 2270 4006 gnus
2296 3933 2559 4002 corrigiam
2579 3929 2899 3984 calceamcnti
2918 3929 3142 3994 solvere;
3167 3930 3271 3998 ipse
3289 3945 3372 3982 vos
3389 3929 3658 4000 baptizabit
3675 3929 3736 3982 in

2144 4026 2342 4096 Spiritu
2361 4035 2534 4080 sancto
2559 4035 2604 4078 ct
2639 4025 2742 4095 igni
2769 4023 2980 4092 (Matth.
3013 4040 3085 4089 tu,
3119 4023 3204 4091 lt},
3235 4023 3324 4093 il)
3360 4041 3372 4076 :
3399 4023 3508 4093 iam
3535 4031 3593 4078 et
3625 4023 3734 4077 hoc

2143 4127 2378 4172 noverat.
2409 4115 2542 4182 Quid
2565 4131 2692 4186 ergo
2723 4129 2818 4183 per
2837 4109 3134 4170 columbam
3157 4115 3376 4180 didicit,
3399 4129 3469 4168 ne
3495 4113 3732 4169 mendax

2143 4217 2326 4276 postea
2345 4207 2639 4260 inveniatur
2659 4204 2820 4276 (quod
2843 4214 3044 4260 avertat
3064 4221 3092 4258 a
3123 4205 3277 4258 nobis
3305 4205 3444 4260 Deus
3461 4202 3730 4277 Opinari);

2143 4299 2242 4356 nisi
2271 4297 2552 4367 quaindam
2577 4299 2954 4367 proprietatem
2977 4297 3028 4352 in
3057 4297 3268 4352 Christo
3289 4299 3446 4352 talem
3471 4297 3730 4364 futuram,

2145 4399 2200 4444 ut
2219 4391 2459 4460 quamvis
2477 4391 2622 4444 multi
2647 4389 2874 4444 ministri
2891 4389 3202 4458 baptizaturi
3223 4397 3420 4454 essent,
3449 4389 3730 4458 sivejusti,

2144 4484 2255 4537 sive
2277 4483 2456 4551 injusti
2479 4525 2492 4546 ,
2533 4498 2634 4537 non
2667 4483 2987 4538 tribueretur
3013 4483 3266 4536 sanctitas
3297 4483 3552 4551 Baptismi
3573 4521 3588 4546 ,
3623 4484 3734 4538 nisi

2145 4573 2220 4626 illi
2265 4589 2429 4642 super
2457 4589 2614 4642 quem
2645 4571 2922 4626 descendit
2961 4571 3236 4637 columlm,
3282 4571 3350 4626 de
3391 4587 3496 4642 quo
3521 4572 3732 4628 dictum

2143 4675 2222 4720 est
2242 4707 2255 4730 ,
2293 4665 2390 4718 llic
2411 4675 2481 4720 cst
2501 4666 2583 4736 qui
2611 4666 2828 4734 baptizat
2849 4665 2900 4718 in
2923 4662 3124 4734 Spiritu
3151 4675 3321 4716 sancto
3346 4665 3370 4718 ?
3411 4663 3600 4718 Petrus
3629 4665 3732 4718 ba-

2145 4759 2338 4827 ptizct,
2369 4759 2456 4812 hic
2480 4768 2558 4811 est
2585 4757 2673 4825 qui
2715 4757 2945 4824 baptizat
2969 4771 2984 4820 ;
3018 4755 3212 4809 Paulus
3239 4755 3471 4824 baptizet
3489 4793 3503 4818 ,
3533 4755 3616 4809 hic
3645 4765 3736 4811 est

2143 4852 2230 4922 qui
2257 4853 2515 4920 baptizat;
2539 4849 2702 4905 Judas
2729 4850 2976 4917 baptizet,
3011 4847 3098 4900 hic
3119 4853 3204 4901 est
3232 4847 3319 4918 qui
3357 4847 3606 4916 baptizat.

2213 4945 2266 5000 8.
2296 4943 2430 4998 Nam
2457 4944 2498 4996 si
2531 4957 2624 5012 pro
2647 4941 2952 4996 diversuate
2975 4941 3282 4996 meritorum
3307 4941 3572 5011 Baptisma
3593 4957 3735 4998 san-

2143 5045 2282 5090 ctum
2320 5045 2434 5098 est,
2483 5035 2602 5104 quia
2647 5034 2855 5088 diversa
2899 5047 3022 5088 sunt
3065 5038 3283 5099 merita,
3327 5033 3534 5088 diversa
3569 5045 3742 5092 erunt

2142 5126 2492 5195 baptismata;
2525 5136 2578 5178 et
2611 5134 2754 5180 tanto
2789 5125 3012 5196 quisque
3051 5125 3244 5194 aliquid
3289 5126 3478 5180 melius
3513 5135 3740 5194 putatur

2143 5219 2402 5288 accipere,
2428 5227 2628 5288 quanto
2645 5219 2919 5278 ametiore
2945 5217 3149 5272 videtur
3163 5219 3455 5288 accepisse.
3484 5217 3584 5287 ipsi
3607 5236 3740 5275 san-

2141 5313 2232 5376 cti,
2263 5311 2536 5380 intelligite
2565 5309 2774 5374 fratres,
2807 5309 2928 5364 boni
2955 5309 3280 5378 pertinentes
3309 5309 3374 5362 ad
3403 5311 3736 5377 columbam,

2141 5405 2466 5474 pertinentes
2503 5403 2570 5458 ad
2607 5411 2806 5458 sortem
2841 5403 3069 5458 civitatis
3105 5403 3244 5456 illius
3265 5402 3592 5472 Jerusalem,
3627 5404 3736 5472 ipsi

2140 5497 2265 5552 boni
2311 5499 2362 5551 in
2411 5495 2644 5552 Ecclesia
2669 5537 2684 5562 ,
2715 5496 2782 5550 de
2819 5495 3010 5564 quibus
3052 5497 3180 5552 dicit
3215 5497 3534 5565 Apostolus,
3571 5495 3742 5554 Novit

2140 5585 2390 5641 Dominus
2431 5583 2516 5658 q‘ui
2555 5596 2671 5642 sunt
2712 5587 2822 5656 ejus
2863 5587 2940 5656 (ll
2969 5585 3101 5640 Tim.
3136 5604 3202 5650 n,
3243 5586 3366 5658 19);
3397 5588 3738 5648 diversarum

2138 5680 2424 5750 gratiarum
2451 5689 2596 5744 sunt,
2625 5695 2730 5732 non
2755 5693 2944 5733 omnes
2969 5681 3114 5748 paria
3135 5682 3322 5736 merita
3347 5682 3540 5736 habent
3562 5699 3575 5736 :
3597 5693 3744 5742 sunt

2141 5771 2226 5826 alii
2249 5769 2367 5826 aliis
2391 5772 2702 5834 sanctiores,
2725 5779 2852 5826 sum
2867 5771 2954 5826 alii
2975 5771 3094 5826 aliis
3113 5773 3378 5828 meliores.
3399 5773 3574 5842 Quare
3595 5789 3742 5847 ergo

2141 5864 2188 5922 si
2216 5877 2354 5920 unus
2381 5863 2450 5918 ab
2475 5862 2600 5929 illo,
2627 5862 2774 5918 verbi
2799 5865 2965 5936 gratia
2985 5904 3001 5932 ,
3026 5863 3170 5938 justo
3195 5873 3378 5922 sancto
3407 5866 3738 5942 baptizctur,
