4074 6474
307 396 444 454 1499

307 514 444 567 alius
482 511 552 566 ab
589 509 693 564 aiio
725 507 992 562 inferioris
1011 506 1194 560 meriti
1225 503 1362 576 apud
1391 505 1560 561 Deum
1583 547 1598 572 ,
1631 502 1895 558 interioris

308 603 508 676 gradus
527 645 539 659 .
573 601 837 656 inferioris
867 597 1234 662 continentiae,
1265 596 1534 652 inferioris
1560 598 1701 660 vitm,
1737 597 1899 649 unum

313 711 492 752 tamen
519 705 572 750 et
601 709 694 764 par
716 703 769 747 et
793 690 994 760 aquale
1020 700 1101 744 est
1123 689 1262 760 quod
1287 697 1637 760 acceperunt,
1663 687 1760 740 nisi
1781 686 1902 756 quia

313 789 395 840 hic
415 796 488 841 est
509 787 594 858 qui
614 783 838 852 baptisat
854 786 880 835 ν
899 781 1177 848 Qmitiodo
1197 781 1462 852 ergatam
1485 779 1713 848 bapti'zat
1735 777 1904 831 bonus

313 891 368 934 et
397 879 606 940 metior,
627 863 737 930 non
767 875 891 929 ideo
913 874 1226 929 iste'bon'um
1250 874 1474 943 accepit,
1502 882 1555 927 et
1575 870 1901 934 ille‘melitIs;

311 972 408 1028 sed
437 970 687 1041 quamvis
723 969 896 1022 bonus
924 971 976 1020 et
1003 967 1192 1021 melior
1221 965 1420 1019 iuerint
1449 962 1675 1018 ministri
1693 1004 1709 1030 ,
1742 973 1904 1015 unum

310 1077 369 1122 et
391 1065 598 1133 aequale
625 1072 706 1117 est
729 1060 872 1132 quod
899 1066 1236 1129 acceperunt,
1267 1061 1372 1111 non
1401 1064 1481 1110 est
1505 1055 1697 1111 melius
1713 1055 1770 1108 in
1793 1053 1904 1120 illo,

309 1170 366 1212 et
395 1155 622 1210 interius
653 1153 703 1206 in
733 1153 834 1205 isto
863 1170 876 1206 ε
903 1151 978 1205 sic
1009 1159 1061 1205 et
1089 1163 1208 1204 cum
1244 1149 1476 1218 baptizat
1513 1148 1684 1200 malus
1713 1161 1778 1202 ex
1807 1145 1904 1198 aii-

314 1265 417 1319 qua
450 1249 535 1302 vel
563 1244 856 1316 ignorantia
886 1235 1166 1306 Ecclesia),
1199 1242 1280 1296 vel
1312 1241 1585 1295 tolerantia
1628 1240 1741 1312 (aut
1764 1239 1906 1294 enlin

317 1343 627 1410 ignorantur
656 1337 798 1398 mali,
829 1343 916 1388 aut
951 1336 1259 1399 tolerantur,
1291 1333 1546 1386 toleratur
1568 1333 1748 1401 palea,
1778 1343 1908 1400 quo-

315 1447 485 1502 usque
527 1432 581 1484 in
623 1429 808 1482 ultimo
851 1428 1134 1482 ventiletur
1176 1426 1370 1495 area),
1406 1425 1528 1480 illud
1559 1425 1696 1494 quod
1727 1424 1907 1477 datum

315 1535 417 1584 est,
457 1535 618 1575 unum
647 1529 747 1584 est,
778 1534 876 1573 nec
903 1519 1073 1586 impar
1099 1525 1317 1588 propter
1343 1517 1572 1586 impares
1601 1517 1903 1583 ministros;

315 1614 408 1667 sed
443 1628 539 1681 par
567 1620 618 1666 et
649 1611 871 1680 :equale,
902 1619 1135 1678 propter,
1174 1608 1268 1661 llic
1297 1619 1366 1660 est
1390 1609 1476 1678 qui
1501 1609 1737 1675 baptizut.

386 1706 443 1760 9.
492 1705 664 1774 Ergo,
696 1703 1061 1766 dilectissimi,
1104 1701 1376 1754 videamus
1423 1701 1561 1768 quod
1605 1700 1786 1753 videre
1832 1699 1906 1753 illi

316 1798 542 1861 nolunt;
588 1812 696 1850 non
737 1795 877 1866 quod
923 1811 1026 1848 non
1070 1794 1316 1858 videant,
1349 1793 1440 1847 sed
1473 1791 1613 1862 quod
1645 1807 1703 1846 se
1727 1792 1908 1846 videre

317 1890 533 1944 doleant
559 1906 571 1940 :
597 1888 746 1957 quasi
767 1888 1005 1940 clausum
1029 1886 1096 1938 sit
1117 1893 1298 1937 contra
1323 1883 1456 1937 illos.
1484 1883 1598 1950 Quo
1618 1882 1764 1935 missi
1785 1891 1907 1935 sunt

316 1981 606 2050 discipuli,
640 1981 689 2033 in
717 1979 936 2032 nomine
963 1978 1133 2031 Patris
1157 1986 1211 2030 et
1237 1976 1354 2030 Filii
1386 1985 1438 2030 et
1462 1975 1688 2044 Spiritus
1713 1975 1903 2041 sancti,

316 2082 374 2126 ut
404 2072 738 2141 baptizarent
765 2079 1009 2138 tanquam
1037 2066 1300 2121 ministri?
1323 2082 1426 2135 quo
1447 2063 1592 2122 missi
1614 2066 1774 2120 sunt?
1803 2065 1903 2133 ‘Ite,

315 2163 474 2228 dixit,
506 2163 755 2231 baptisdte
779 2170 967 2232 gentes.
1003 2159 1255 2221 Audistis,
1283 2157 1493 2219 fratres,
1525 2158 1793 2227 quatuodo
1820 2171 1909 2212 ves

316 2255 398 2309 nit
433 2255 518 2309 illa
552 2253 869 2315 haireditas,
904 2251 1114 2304 Postulo
1143 2266 1175 2302 a
1211 2266 1318 2312 nte,
1357 2258 1404 2302 et
1442 2249 1571 2302 dabo
1613 2248 1702 2301 tibi
1741 2257 1908 2318 gentes

316 2347 666 2400 hereditatem
694 2355 863 2409 tuam,
891 2353 936 2397 et
963 2342 1319 2412 possessionem
1344 2351 1479 2394 tuam
1507 2341 1739 2395 terminos
1765 2345 1909 2394 terra!

317 2439 496 2508 (Psal.
529 2455 586 2504 tl,
618 2439 698 2506 8).
733 2435 968 2490 Audistis
991 2433 1259 2503 quomodo
1278 2439 1312 2484 7a
1340 2431 1467 2487 Sion
1499 2432 1693 2502 prodiit
1721 2434 1825 2499 lex,
1855 2437 1910 2487 et

317 2530 543 2584 verbum
586 2529 794 2582 Domini
825 2528 892 2581 ab
917 2526 1206 2581 Jerusalem
1237 2523 1391 2595 (hui.
1428 2541 1464 2579 11
1479 2555 1496 2588 -,
1535 2525 1589 2595 5)
1624 2544 1638 2580 :
1666 2526 1734 2578 ibi
1765 2526 1906 2579 enim

316 2622 603 2675 audierunt
625 2619 894 2688 discipuli,
923 2616 1022 2682 Ite,
1051 2616 1296 2687 baptizata
1317 2625 1485 2688 gentes
1506 2617 1559 2669 in
1583 2617 1782 2670 nomine
1809 2615 1909 2669 Pa-

318 2715 412 2766 tris
433 2723 477 2766 et
500 2712 626 2766 Filii
647 2723 692 2764 et
716 2711 939 2781 Spiritus
958 2711 1119 2763 sancti
1143 2709 1352 2780 (Matth.
1376 2724 1557 2775 xxvnt,
1585 2708 1691 2780 l9).
1721 2710 1907 2764 Intenti

317 2808 444 2862 facti
475 2823 682 2870 sumus,
715 2821 835 2860 cum
865 2804 1188 2866 audiremus,
1226 2801 1320 2865 Ite,
1350 2790 1604 2873 baptismo
1629 2813 1816 2872 gentes.
1849 2802 1906 2856 In

315 2899 472 2968 cujus
511 2897 761 2953 nomine?
805 2895 872 2950 In
907 2895 1111 2949 nomine
1155 2893 1323 2948 Patris
1360 2900 1406 2945 et
1447 2891 1568 2946 Filii
1608 2903 1653 2946 et
1683 2891 1907 2961 Spiritus

315 2991 500 3044 sancti.
534 2990 638 3045 iste
669 3005 805 3043 unus
835 2989 993 3051 Deus,
1025 2987 1144 3056 quia
1173 3001 1300 3052 non,
1328 2985 1383 3038 in
1413 2985 1712 3038 nominibus
1739 2969 1914 3039 Patris

313 3094 369 3137 et
399 3083 520 3137 Filii
559 3090 616 3136 et
651 3081 883 3150 Spiritus
912 3078 1113 3142 sancti;
1157 3078 1287 3144 sed,
1317 3078 1371 3130 in
1410 3077 1611 3130 nomine
1649 3075 1822 3129 Patris
1863 3085 1908 3129 et

315 3173 447 3226 Filii
475 3181 524 3226 et
549 3171 772 3242 Spiritus
801 3169 981 3225 sancti.
1015 3169 1114 3224 Ubi
1145 3181 1307 3222 unum
1335 3181 1526 3220 nomen
1554 3166 1703 3220 audis
1723 3208 1738 3231 ,
1769 3180 1909 3220 unus

315 3276 405 3322 est
446 3267 585 3320 Deus
623 3283 635 3318 :
672 3267 809 3320 sicut
848 3263 916 3319 de
953 3263 1156 3318 semine
1194 3260 1418 3315 Abrahae
1455 3259 1654 3314 dictum
1700 3270 1777 3313 eSI
1801 3301 1813 3323 ,
1855 3267 1910 3314 et

315 3359 539 3426 exponit
564 3355 759 3411 Paulus
787 3355 1086 3424 apostolus,
1121 3351 1189 3405 In
1227 3353 1412 3405 semine
1447 3359 1530 3404 tuo
1563 3350 1912 3404 benedicentur

316 3464 493 3504 onum
532 3457 700 3518 gentes
731 3461 750 3500 :
784 3462 886 3499 non
925 3444 1085 3509 dixit,
1129 3441 1197 3496 In
1234 3440 1542 3506 seminibus,
1583 3449 1820 3510 tanquam
1852 3442 1910 3494 in

318 3540 525 3601 multis;
551 3539 638 3592 sed
667 3548 902 3607 umquam
932 3537 985 3589 in
1017 3547 1118 3588 uno
1138 3577 1150 3596 ,
1199 3532 1263 3587 Et
1293 3533 1480 3587 semine
1508 3542 1594 3586 tuo
1613 3573 1628 3597 ,
1669 3533 1802 3603 quod
1838 3542 1910 3586 est

321 3630 552 3684 Christus
579 3626 730 3698 (Gen.
757 3643 862 3680 xxu
884 3667 896 3691 ,
925 3627 1028 3690 18;
1062 3624 1178 3679 Gal.
1207 3641 1292 3689 tu,
1323 3625 1433 3694 16).
1463 3623 1609 3678 51(ι11
1633 3635 1760 3692 ergo
1787 3625 1910 3692 quia

317 3723 392 3776 ibi
417 3736 523 3776 non
545 3721 696 3786 dicit,
720 3721 771 3774 in
795 3719 1099 3780 seminibus,
1128 3718 1322 3771 docere
1345 3727 1396 3771 te
1421 3717 1580 3769 voluit
1604 3716 1906 3785 Apostolus,

315 3816 440 3885 quia
473 3830 608 3868 unus
635 3822 718 3868 est
742 3812 983 3867 Christus
1009 3830 1021 3864 :
1049 3812 1126 3865 sic
1157 3820 1210 3865 et
1235 3810 1321 3864 hic
1355 3826 1472 3862 cum
1493 3810 1689 3863 dictum
1723 3821 1824 3872 est,
1859 3811 1911 3863 in

317 3909 544 3974 nomine,
580 3924 716 3972 non,
750 3907 801 3959 in
830 3905 1164 3968 nominilms;
1195 3902 1462 3973 quomodo
1498 3903 1595 3963 ibi,
1625 3903 1678 3954 in
1705 3903 1908 3967 semine,

318 4014 431 4054 non
452 4039 468 4063 ,
503 3999 552 4053 in
586 3998 910 4061 seminibus;
943 3997 1195 4066 probatur
1225 4012 1358 4050 unus
1388 3996 1526 4049 Deus
1555 3994 1712 4048 Pater
1738 4003 1791 4047 et
1820 3993 1911 4048 Εἰλ-

219 4173 224 4178 ν
315 4089 425 4145 lius
447 4098 503 4145 et
523 4089 748 4160 Spiritus
775 4097 1011 4143 sanctus.

394 4179 488 4234 10.
519 4178 647 4245 Sed,
679 4179 842 4245 Ecce,
875 4177 1113 4247 inquiunt
1138 4175 1379 4245 discipuli
1403 4175 1469 4230 ad
1495 4176 1794 4241 Dominum,
1817 4189 1916 4230 -au-'

317 4273 554 4328 divimus
598 4273 650 4326 in
696 4288 801 4342 quo
841 4271 1059 4327 nomine
1100 4271 1458 4340 haptizemus,
1506 4270 1778 4326 ministros
1815 4283 1916 4325 nos

319 4365 518 4431 fecisti,
549 4373 604 4420 et
627 4365 806 4420 dixisti
835 4364 1007 4429 nobis,
1039 4362 1134 4427 Ite,
1165 4363 1413 4434 baptizata
1440 4363 1493 4416 in
1515 4363 1718 4416 nomine
1749 4363 1916 4416 Patris

320 4467 367 4511 et
393 4457 524 4511 Filii
552 4467 600 4511 et
630 4458 856 4527 Spiritus
882 4456 1044 4510 sancti
1071 4471 1091 4508 ~:
1117 4471 1222 4524 quo
1253 4455 1483 4510 ibimus?
1508 4455 1661 4521 Quo?
1689 4470 1794 4508 non
1824 4471 1918 4508 au-

322 4549 519 4605 distis?
549 4551 628 4604 Ad
661 4549 1022 4604 haereditatem
1051 4563 1243 4602 meam.
1273 4545 1641 4618 luterrogatis,
1672 4548 1788 4613 Quo
1817 4547 1914 4601 ibi-

321 4641 486 4696 mus?
517 4641 596 4695 Ad
637 4641 688 4694 id
729 4639 870 4708 quod
901 4640 1006 4693 emi
1040 4638 1294 4707 sanguine
1321 4652 1460 4692 meo.
1489 4636 1604 4703 Quo
1633 4638 1804 4707 ergo?
1835 4637 1913 4690 Ad

321 4740 531 4803 gentes,
563 4733 752 4802 inquit.
786 4731 967 4785 Patavi
997 4731 1115 4798 quia
1141 4729 1303 4792 dixit,
1334 4729 1441 4791 ite,
1471 4728 1731 4796 baptizata
1756 4726 1914 4781 Atros

323 4822 375 4876 in
405 4823 624 4876 nomine
655 4821 825 4876 Patris
861 4829 914 4873 et
942 4819 1060 4874 Filii
1098 4829 1152 4873 et
1185 4818 1413 4888 Spiritus
1443 4819 1632 4871 saneti.
1665 4819 1770 4871 Deo
1792 4831 1908 4886 gm-

323 4914 429 4969 tias
465 4931 478 4968 :
516 4913 674 4968 solvit
715 4911 970 4966 Dominus
1008 4910 1387 4979 qumstionem,
1433 4909 1610 4963 docuit
1647 4909 1910 4962 columba.

325 5006 438 5060 Deo
471 5005 673 5075 gratias
707 5021 721 5057 :
758 5003 823 5058 ad
864 5010 1051 5073 gentes
1089 5003 1326 5070 Apostoli
1371 5002 1516 5056 missi
1563 5011 1720 5064 sunt;
1766 5002 1810 5055 si
1849 5001 1915 5055 ad

323 5107 543 5168 gentes,
578 5094 643 5150 ad
681 5109 867 5150 omnes
916 5095 1140 5163 linguas.
1187 5093 1297 5148 Hoc
1339 5093 1651 5162 signiﬁcavit
1690 5092 1917 5162 Spiritus

324 5201 547 5245 sanctus
582 5188 789 5244 divisus
831 5187 886 5242 in
925 5186 1148 5256 linguis,
1181 5186 1360 5240 unitus
1401 5185 1454 5239 in
1497 5185 1760 5240 columba.
1809 5185 1916 5237 Hac

325 5284 521 5352 lingua:
566 5281 868 5336 dividuntur
905 5281 943 5342 ί,
993 5279 1092 5334 hac
1137 5278 1380 5332 columba
1425 5279 1653 5348 copulat.
1700 5277 1915 5346 Liugnze

326 5374 568 5443 gentium
591 5373 997 5437 concordarunt,
1020 5379 1072 5424 et
1099 5385 1201 5424 una
1229 5371 1403 5440 lingua
1431 5370 1619 5424 Africa:
1645 5369 1915 5423 discorda-

325 5466 443 5520 vit?
471 5464 605 5532 Quid
633 5463 950 5528 evidentius,
983 5461 1174 5516 fratres
1204 5462 1346 5516 mei?
1371 5459 1426 5515 In
1451 5460 1692 5516 columba
1719 5461 1912 5525 unitas,

326 5559 380 5614 in
405 5556 603 5626 linguis
625 5555 864 5626 gentium
889 5553 1136 5608 societas.
1165 5551 1463 5621 Aliquando
1486 5552 1627 5605 enim
1653 5560 1704 5606 et
1727 5550 1915 5621 lingua:

326 5663 428 5719 per
463 5644 765 5716 superbiam
813 5643 1284 5707 discordaverunt,
1331 5651 1383 5695 et
1429 5651 1553 5696 tunc
1596 5649 1718 5696 sunt
1766 5642 1916 5696 iactae

324 5741 526 5810 lingua:
567 5753 632 5794 ex
674 5753 779 5793 una
824 5735 1023 5792 multm.
1063 5735 1190 5792 Post
1227 5731 1482 5793 dlluvium
1522 5733 1665 5792 enim
1701 5733 1915 5806 superbi

397 5847 1126 5916 tamn-nim

1511 379 1918 447 rnacrsrus
1961 385 2043 442 v1.
2087 383 2314 447 CAPUT
2347 391 2386 446 t.

3449 397 3468 452 l
3485 391 3582 454 130

2007 505 2215 572 quidam
2252 507 2508 574 homines,
2538 508 2681 564 velut
2705 509 2958 565 adversus
2980 509 3141 563 Deum
3175 526 3231 565 se
3263 512 3466 567 munire
3490 527 3582 566 co-

2009 611 2215 665 nantes,
2248 605 2396 672 quasi
2424 603 2621 674 aliquid
2651 613 2793 659 esset
2818 603 3085 659 excelsum
3116 603 3242 670 Deo,
3275 614 3363 659 aut
3391 605 3587 676 aliquid

2009 700 2175 745 tutum
2205 691 2484 763 Superbia},
2512 699 2801 752 erexerunt
2825 697 3006 774 turrim
3033 697 3079 759 ’ς
3108 697 3255 766 quasi
3282 713 3348 751 ne
3369 681 3586 757 diluvio,

2010 783 2051 836 si
2083 794 2261 852 postea
2294 786 2463 852 ﬁeret,
2493 785 2814 844 delerentur.
2847 787 3137 842 Audierant
3162 787 3301 842 enim
3331 798 3382 843 et
3407 791 3588 843 rec'en-

2010 887 2221 930 Suerant
2262 879 2382 947 quia
2422 880 2595 936 omnis
2634 881 2882 951 iniquitas
2920 893 3032 936 erat
3059 879 3228 935 deleta
3256 877 3454 935 dilui/io
3483 899 3494 934 ε
3524 881 3592 937 ab

2011 966 2287 1037 iniquitate
2310 979 2606 1040 temperare
2628 971 2907 1039 nolebant;
2935 957 3259 1028 altitudinem
3285 975 3444 1028 turris
3465 991 3594 1030 con-

2011 1067 2088 1112 ira
2114 1059 2363 1114 diluvium
2390 1064 2758 1133 requirebant;
2789 1066 3181 1121 atdilicavcrtmt
3209 1069 3390 1122 turrim
3419 1067 3593 1124 excel-

2012 1151 2145 1205 sam.
2181 1149 2315 1206 Vidit
2340 1153 2478 1208 Deus
2504 1155 2800 1226 superbiam
2830 1158 3082 1226 ipsorum,
3112 1169 3165 1214 et
3190 1158 3328 1214 hunc
3355 1177 3591 1215 errorem

2011 1243 2114 1298 illis
2148 1247 2357 1301 immitti
2389 1247 2534 1315 fecit,
2573 1253 2625 1301 u’t
2655 1267 2758 1303 11011
2789 1268 2844 1304 se
2874 1264 3254 1321 cognoscerent
3290 1255 3590 1323 loquentes;

2012 1347 2063 1389 et
2109 1335 2260 1391 facta:
2305 1349 2426 1393 sunt
2464 1341 2688 1395 diversze
2727 1341 2916 1411 liugttm
2948 1339 3039 1413 per
3069 1345 3368 1414 superbiam
3391 1346 3409 1375 ²
3442 1344 3590 1410 (Gen.

2011 1443 2085 1495 x1,
2120 1427 2258 1499 1-9).
2293 1429 2347 1486 Si
2381 1434 2621 1500 superbia
2657 1430 2776 1488 fertit
2803 1433 3132 1488 diversitates
3159 1436 3472 1503 linguarum,
3500 1435 3594 1489 1111-

2011 1521 2408 1577 militastibrisu
2434 1525 2770 1593 congregavit
2790 1523 3121 1578 diversitates
3141 1525 3454 1593 linguarum.
3481 1525 3596 1580 iam

2012 1613 2149 1680 quod
2177 1614 2259 1666 illa
2286 1616 2443 1668 turris
2463 1616 2860 1680 (lissm'iaverat,
2891 1614 3125 1669 Ecclesia
3152 1617 3366 1684 Colligit.
3398 1617 3468 1669 De
3495 1633 3596 1669 una

2013 1702 2184 1770 lingua
2219 1705 2365 1758 facite
2396 1715 2517 1758 sunt
2553 1707 2763 1771 multa);
2809 1705 2916 1759 noli
2962 1705 3174 1769 mirari,
3214 1707 3455 1771 sullerbiu
3498 1707 3596 1760 hoc

2012 1791 2134 1846 fecit
2160 1811 2171 1846 :
2204 1793 2268 1848 de
2297 1796 2474 1849 multis
2514 1797 2704 1865 linguis
2735 1797 2790 1848 lit
2821 1811 2954 1859 una;
2992 1795 3097 1847 noli
3129 1795 3341 1860 mirari,
3369 1795 3598 1849 charitas

2013 1883 2112 1939 hoc
2145 1885 2285 1939 fecit.
2333 1887 2467 1955 Quia
2507 1889 2604 1942 etsi
2646 1889 2759 1942 Soni
2803 1889 2993 1942 diversi
3037 1887 3330 1958 linguarum
3373 1899 3511 1952 sunt,
3545 1889 3597 1944 in

2010 1976 2170 2029 corde
2201 1993 2333 2032 unus
2364 1979 2502 2032 Deus
2530 1979 2819 2045 invocatur,
2850 1998 2948 2033 una
2977 1997 3072 2050 pax
3104 1982 3415 2034 custoditur.
3444 1979 3597 2037 Unde

2011 2066 2190 2121 debuit
2219 2085 2363 2139 ergo,
2398 2070 2715 2137 cbariSsimi,
2741 2071 3092 2126 demonstrari
3116 2074 3340 2142 Spiritus
3362 2081 3593 2141 sanctus,

2011 2160 2264 2213 unitatem
2294 2162 2572 2230 quamdam
2603 2162 2904 2232 designans,
2939 2164 3035 2218 nisi
3069 2181 3160 2232 per
3184 2159 3505 2229 columbam,
3540 2174 3596 2220 ut

2010 2259 2206 2319 pacatae
2251 2249 2503 2306 Ecclesiae
2547 2253 2840 2318 diceretur,
2897 2252 3010 2308 Una
3057 2265 3126 2308 est
3177 2254 3405 2308 columba
3447 2255 3596 2310 mea?

2011 2339 2162 2398 Unde
2199 2343 2379 2397 debuit
2419 2343 2722 2410 humilitas,
2758 2346 2852 2398 nisi
2888 2361 2980 2414 per
3018 2362 3168 2400 avem
3209 2347 3502 2416 simplicem
3544 2357 3596 2402 et

2009 2444 2305 2504 gementem
2329 2477 2342 2500 ,
2376 2449 2477 2490 non
2509 2451 2602 2506 per
2627 2437 2776 2492 ave’t‘n
2805 2440 3086 2508 superbam
3113 2449 3165 2494 et
3187 2441 3506 2495 exultantem
3537 2456 3594 2496 se

2011 2524 2144 2579 sicut
2176 2527 2405 2580 corvus?

2084 2618 2168 2672 ll.
2205 2619 2265 2672 Et
2295 2619 2429 2674 forte
2456 2620 2631 2675 dicent
2661 2639 2672 2673 :
2699 2621 2834 2688 'Q‘uia
2864 2637 2992 2691 ergo
3018 2623 3281 2686 columba,
3307 2631 3358 2678 et
3386 2640 3484 2678 una
3507 2639 3595 2677 co-

2012 2708 2187 2764 lumba
2209 2752 2224 2777 ,
2255 2723 2452 2780 prazter
2484 2729 2640 2767 unam
2672 2715 2969 2767 columbam
3002 2713 3300 2784 Baptismus
3340 2732 3455 2770 esse
3491 2731 3593 2771 non

2011 2809 2185 2870 potest
2211 2816 2225 2854 :
2251 2817 2377 2873 ergo
2408 2805 2450 2858 si
2482 2806 2616 2873 apud
2647 2815 2696 2859 te
2722 2807 2803 2859 e'St
2830 2787 3093 2871 columba,
3127 2808 3205 2860 vel
3240 2816 3291 2862 tu
3317 2825 3373 2862 es
3394 2809 3594 2863 colum-

2011 2893 2074 2946 ba
2094 2934 2107 2956 ,
2141 2895 2352 2962 quando
2378 2892 2447 2948 [ad
2479 2902 2531 2948 te
2557 2896 2737 2958 venio,
2771 2905 2823 2949 tu
2855 2896 2918 2949 da
2952 2897 3076 2950 mihi
3105 2897 3243 2966 quod
3273 2914 3375 2952 non
3404 2899 3593 2954 habeo.

2011 2984 2168 3039 Scitis
2205 2986 2305 3040 hoc
2342 2986 2571 3056 ipsorum
2613 3003 2730 3042 esse
2764 3005 2776 3041 :
2805 2988 2962 3042 modo
2995 2989 3142 3043 vobis
3178 2989 3446 3059 apparebit
3490 3007 3594 3046 non

2011 3093 2129 3134 esse
2159 3079 2224 3134 de
2264 3093 2390 3134 voce
2429 3081 2719 3148 coldmbar,
2761 3079 2850 3134 sed
2895 3081 2960 3135 de
3004 3081 3233 3136 clamore
3267 3082 3432 3138 corvi.
3465 3082 3594 3137 Nam

2011 3170 2281 3239 paululum
2307 3171 2542 3225 attendat
2569 3171 2812 3226 Charitas
2839 3182 3033 3239 Vestra,
3061 3183 3113 3227 et
3137 3175 3317 3229 timete
3342 3175 3558 3230 insidias
3582 3195 3592 3228 :

2013 3262 2120 3316 imo
2159 3273 2371 3329 cavete,
2423 3271 2477 3318 et
2519 3263 2745 3332 excipite
2793 3263 2949 3318 verba
2998 3265 3469 3319 contradicentium
3510 3284 3596 3320 re-

2013 3353 2271 3423 spuenda,
2306 3369 2410 3408 non
2442 3355 2853 3424 transglntiemla
2887 3363 2938 3407 et
2964 3355 3254 3408 visceribus
3274 3354 3465 3410 danda.
3493 3355 3596 3411 Fa-

2013 3447 2116 3500 cite
2155 3446 2276 3500 inde
2309 3446 2452 3515 quod
2483 3446 2602 3500 fecit
2637 3447 2917 3512 Dominus,
2948 3448 3158 3516 quando
3185 3447 3258 3500 illi
3296 3448 3598 3502 obtulerunt

2012 3541 2250 3592 amarum
2270 3545 2448 3606 potum
2471 3555 2484 3599 ;
2509 3539 2753 3606 gustavit,
2769 3543 2825 3591 et
2843 3540 3039 3606 l‘CSpllil
3063 3538 3267 3610 (Matth.
3292 3555 3457 3604 xxvn,
3479 3539 3594 3609 5i):

2015 3629 2090 3682 sic
2119 3639 2170 3682 et
2197 3639 2291 3681 vos
2313 3670 2325 3693 ,
2369 3631 2544 3683 audite
2567 3673 2580 3695 ,
2609 3640 2659 3682 et
2683 3631 2912 3696 abjicite.
2946 3630 3078 3696 Quid
3108 3633 3248 3684 enim
3276 3631 3493 3686 dicunt?
3521 3633 3598 3686 vi-

2014 3721 2252 3773 deamus.
2281 3720 2439 3783 Ecce,
2470 3720 2658 3790 inquit,
2688 3730 2740 3774 tu
2768 3737 2824 3774 es
2845 3721 3109 3786 columba,
3135 3736 3167 3774 ο
3191 3720 3480 3787 Catholica,
3507 3723 3599 3777 tibi

2011 3811 2213 3864 dictum
2243 3821 2344 3875 est,
2385 3809 2500 3865 Una
2529 3822 2600 3864 est
2628 3813 2857 3864 columba
2885 3829 3009 3872 mea,
3040 3829 3142 3864 una
3172 3823 3242 3866 est
3281 3814 3430 3865 matri
3457 3829 3598 3866 suae:

2017 3904 2107 3957 tihl
2130 3909 2274 3958 certe
2301 3905 2497 3958 (lietu‘m
2525 3915 2623 3959 est.
2661 3905 2936 3974 Exspecta,
2976 3905 3079 3959 noli
3118 3921 3202 3959 me
3233 3907 3596 3977 interregare:

2015 3995 2058 4047 si
2083 3993 2206 4047 mihi
2232 3993 2428 4048 dictum
2453 4003 2551 4057 est,
2581 3995 2738 4064 proba
2763 3995 3027 4065 primum;
3053 3997 3094 4049 si
3123 3995 3250 4049 mihi
3277 3995 3470 4050 dictum
3498 4005 3598 4062 est,

2016 4085 2122 4138 cito
2145 4084 2267 4137 Volo
2296 4085 2499 4138 audire.
2531 4084 2732 4154 lnquit,
2765 4083 2878 4138 Tibi
2909 4085 3106 4139 dictum
3143 4096 3241 4140 est.
3285 4085 3599 4156 Respondes

2016 4187 2145 4231 voce
2170 4174 2486 4237 Catholica},
2518 4167 2663 4230 Mihi.
2699 4175 2808 4230 Hoc
2829 4175 3045 4242 autem,
3081 4177 3298 4242 fratres,
3342 4165 3478 4247 quod
3511 4194 3603 4232 010

2018 4281 2137 4321 meo
2157 4268 2322 4321 solius
2347 4268 2522 4320 sonuit
2542 4309 2554 4332 ,
2584 4267 2787 4331 sonuit,
2815 4263 2876 4320 'ut
2903 4261 3133 4322 arbitror
3150 4308 3164 4333 ,
3195 4267 3332 4322 etde
3354 4268 3601 4322 cordibus

2019 4359 2226 4422 vestris,
2253 4366 2306 4412 et
2323 4370 2514 4412 mut-tes
2543 4358 2741 4427 pariter
2767 4358 3014 4420 diximus,
3049 4357 3304 4412 Ecclesiae
3331 4358 3602 4413 catholicae

2018 4448 2214 4503 dictum
2243 4457 2322 4503 est
2341 4489 2358 4514 ,
2395 4448 2510 4503 Una
2541 4459 2611 4502 est
2647 4449 2876 4502 columba
2909 4466 3051 4522 mpa,
3079 4463 3180 4503 una
3209 4461 3278 4504 est
3305 4451 3453 4504 matri
3477 4466 3599 4505 sure.

2019 4541 2221 4596 Prteter
2253 4543 2421 4612 ipsam
2453 4543 2770 4606 columbam,
2803 4543 2988 4612 inquit,
3019 4541 3318 4613 Baptismus
3353 4558 3455 4599 non
3488 4552 3601 4609 est;

2138 4643 2332 4702 praeter
2353 4634 2518 4701 ipsam
2542 4633 2837 4687 columbam
2859 4633 2978 4688 su'm
3004 4633 3326 4704 baptizatus;
3351 4651 3476 4706 ergo
3499 4653 3601 4690 non

2019 4725 2189 4805 habeo
2217 4726 2540 4793 Baptismnm
2573 4741 2584 4776 :
2617 4725 2662 4778 si
2694 4726 3018 4794 Baptisinum
3051 4729 3156 4781 11011
3195 4725 3399 4794 habeo,
3443 4743 3604 4798 quare

2020 4818 2145 4870 mihi
2175 4832 2280 4870 non
2308 4817 2402 4870 das
2423 4817 2637 4886 quando
2666 4817 2730 4870 ad
2759 4828 2808 4871 te
2835 4814 3028 4871 venio?

2094 4908 2177 4960 12.
2208 4906 2276 4961 Et
2308 4919 2406 4976 ego
2446 4907 2712 4976 interrogo
2749 4924 2762 4961 :
2800 4907 3010 4960 interim
3048 4917 3474 4978 sequestremus,
3515 4907 3602 4964 cui

2019 4997 2216 5052 dictum
2250 4998 2352 5062 sit,
2385 4997 2498 5051 Una
2524 5007 2592 5051 est
2616 4997 2846 5051 columba
2872 5001 3012 5065 mea,
3045 5015 3147 5051 una
3183 5007 3254 5053 est
3289 4998 3435 5051 matri
3459 5013 3599 5063 sum;

2019 5088 2193 5144 adhuc
2218 5089 2505 5159 quaarimus
2528 5106 2540 5142 :
2569 5096 2661 5142 aut
2683 5088 2810 5142 mihi
2834 5089 3028 5143 dictum
3053 5100 3148 5152 est,
3178 5097 3266 5142 aut
3291 5088 3378 5142 tibi
3401 5088 3600 5144 dictum

2019 5192 2134 5248 est;
2161 5195 2556 5253 sequestremus
2581 5183 2662 5236 cui
2689 5182 2885 5237 dictum
2913 5185 2998 5236 sit.
3033 5183 3142 5236 Hoc
3172 5197 3296 5251 ergo
3327 5197 3528 5250 qnzero,
3558 5183 3603 5239 'si

2020 5275 2261 5328 columba
2287 5282 2371 5328 est
2395 5274 2618 5342 simplex
2642 5315 2655 5338 ,
2684 5271 2939 5327 innocens
2959 5315 2974 5340 ,
3008 5274 3120 5326 sine
3147 5269 3267 5326 felle
3289 5315 3301 5338 ,
3338 5281 3518 5342 pacata
3550 5271 3602 5329 in

2020 5366 2236 5431 osculis,
2269 5377 2371 5419 non
2394 5374 2533 5419 stcta
2560 5363 2610 5418 in
2641 5365 2933 5435 unguibus;
2960 5379 3141 5433 qmero
3164 5373 3334 5418 utrum
3359 5367 3421 5419 ad
3446 5365 3604 5434 hujus

2020 5459 2278 5520 columba:
2304 5458 2539 5513 membra
2569 5459 2867 5530 pertineant
2891 5455 3056 5521 atari,
3085 5465 3342 5526 raptores,
3373 5459 3600 5524 subdoli,

2018 5550 2236 5615 ebriosi,
2265 5548 2508 5618 ﬂagitiosi
2539 5567 2553 5603 :
2588 5550 2823 5604 membra
2851 5553 2973 5603 Sunt
2996 5548 3253 5605 columbae
3277 5551 3468 5621 hujus?
3494 5547 3597 5606 Ah-

2084 5724 2100 5756 ι
2126 5725 2198 5794 sic
2213 5730 2320 5776 llas.
2344 5730 2402 5775 At
2417 5723 2534 5774 editi
2552 5759 2568 5785 ,
2587 5727 2669 5773 aut
2699 5719 2886 5786 aliquid
2905 5728 3082 5788 totum,
3103 5725 3328 5792 superbia
3349 5732 3602 5781 erexertmt

2019 5792 2234 5898 mm;
2260 5857 2410 5910 prope
2433 5859 2616 5906 omnes,
2646 5844 2812 5899 divi-te
2835 5847 3010 5913 lingua:
3032 5851 3093 5901 de
3114 5851 3351 5914 superbia.
