  <div class='ocr_page' id='page_1' title='image "/cluster/home/n/w/nwhite01/storage/ocr_20150623/35/hvd.32044015706302/065.png"; bbox 0 0 4012 6540; ppageno 0'>
   <div class='ocr_carea' id='block_1_1' title="bbox 438 375 570 434">
    <p class='ocr_par' dir='ltr' id='par_1_1' title="bbox 438 375 570 434">
     <span class='ocr_line' id='line_1_1' title="bbox 438 375 570 434; baseline -0.015 0"><span class='ocrx_word' id='word_1_1' title='bbox 438 375 570 434; x_wconf 64' lang='lat' dir='ltr'><strong>â€œSi</strong></span> 
     </span>
    </p>
   </div>
   <div class='ocr_carea' id='block_1_2' title="bbox 435 475 2021 560">
    <p class='ocr_par' dir='ltr' id='par_1_2' title="bbox 435 475 2021 560">
     <span class='ocr_line' id='line_1_2' title="bbox 435 475 2021 560; baseline -0.009 -14"><span class='ocrx_word' id='word_1_2' title='bbox 435 491 529 557; x_wconf 86' lang='lat' dir='ltr'><strong>sit,</strong></span> <span class='ocrx_word' id='word_1_3' title='bbox 559 487 749 560; x_wconf 85' lang='lat' dir='ltr'><strong>inquit.</strong></span> <span class='ocrx_word' id='word_1_4' title='bbox 788 484 858 542; x_wconf 79' lang='lat' dir='ltr'><strong>Et</strong></span> <span class='ocrx_word' id='word_1_5' title='bbox 883 497 1090 552; x_wconf 80' lang='lat' dir='ltr'><strong>revera,</strong></span> <span class='ocrx_word' id='word_1_6' title='bbox 1133 483 1342 551; x_wconf 81' lang='lat' dir='ltr'><strong>fratres,</strong></span> <span class='ocrx_word' id='word_1_7' title='bbox 1382 482 1501 553; x_wconf 89' lang='lat' dir='ltr'><strong>quis</strong></span> <span class='ocrx_word' id='word_1_8' title='bbox 1540 481 1641 536; x_wconf 92' lang='lat' dir='ltr'><strong>hoc</strong></span> <span class='ocrx_word' id='word_1_9' title='bbox 1679 477 1907 534; x_wconf 82' lang='lat' dir='ltr'><strong>dixerit?</strong></span> <span class='ocrx_word' id='word_1_10' title='bbox 1951 475 2021 532; x_wconf 90' lang='lat' dir='ltr'><strong>Ut</strong></span> 
     </span>
    </p>
   </div>
   <div class='ocr_carea' id='block_1_3' title="bbox 437 568 2019 649">
    <p class='ocr_par' dir='ltr' id='par_1_3' title="bbox 437 568 2019 649">
     <span class='ocr_line' id='line_1_3' title="bbox 437 568 2019 649; baseline -0.009 -10"><span class='ocrx_word' id='word_1_11' title='bbox 437 582 572 640; x_wconf 83' lang='lat' dir='ltr'><strong>nihil</strong></span> <span class='ocrx_word' id='word_1_12' title='bbox 597 580 738 636; x_wconf 85' lang='lat' dir='ltr'><strong>aliud</strong></span> <span class='ocrx_word' id='word_1_13' title='bbox 766 579 970 646; x_wconf 90' lang='lat' dir='ltr'><strong>dicam,</strong></span> <span class='ocrx_word' id='word_1_14' title='bbox 997 586 1240 649; x_wconf 76' lang='lat' dir='ltr'><strong>raptores</strong></span> <span class='ocrx_word' id='word_1_15' title='bbox 1278 575 1420 631; x_wconf 89' lang='lat' dir='ltr'><strong>solos</strong></span> <span class='ocrx_word' id='word_1_16' title='bbox 1453 573 1498 628; x_wconf 90' lang='lat' dir='ltr'><strong>si</strong></span> <span class='ocrx_word' id='word_1_17' title='bbox 1530 573 1704 628; x_wconf 89' lang='lat' dir='ltr'><strong>dicam</strong></span> <span class='ocrx_word' id='word_1_18' title='bbox 1724 612 1740 638; x_wconf 94' lang='lat'><strong>,</strong></span> <span class='ocrx_word' id='word_1_19' title='bbox 1781 568 2019 626; x_wconf 90' lang='lat' dir='ltr'><strong>membra</strong></span> 
     </span>
    </p>
   </div>
   <div class='ocr_carea' id='block_1_4' title="bbox 435 661 2019 746">
    <p class='ocr_par' dir='ltr' id='par_1_4' title="bbox 435 661 2019 746">
     <span class='ocr_line' id='line_1_4' title="bbox 435 661 2019 746; baseline -0.011 -13"><span class='ocrx_word' id='word_1_20' title='bbox 435 675 707 746; x_wconf 74' lang='lat' dir='ltr'><strong>accipitris</strong></span> <span class='ocrx_word' id='word_1_21' title='bbox 730 680 952 744; x_wconf 90' lang='lat' dir='ltr'><strong>possunt</strong></span> <span class='ocrx_word' id='word_1_22' title='bbox 971 686 1112 737; x_wconf 89' lang='lat' dir='ltr'><strong>esse,</strong></span> <span class='ocrx_word' id='word_1_23' title='bbox 1143 684 1248 725; x_wconf 92' lang='lat' dir='ltr'><strong>non</strong></span> <span class='ocrx_word' id='word_1_24' title='bbox 1273 667 1511 723; x_wconf 90' lang='lat' dir='ltr'><strong>membra</strong></span> <span class='ocrx_word' id='word_1_25' title='bbox 1531 664 1794 721; x_wconf 71' lang='lat' dir='ltr'><strong>columbte</strong></span> <span class='ocrx_word' id='word_1_26' title='bbox 1824 680 1838 717; x_wconf 88' lang='lat'><strong>:</strong></span> <span class='ocrx_word' id='word_1_27' title='bbox 1874 661 2019 717; x_wconf 87' lang='lat' dir='ltr'><strong>milvi</strong></span> 
     </span>
    </p>
   </div>
   <div class='ocr_carea' id='block_1_5' title="bbox 436 755 2021 840">
    <p class='ocr_par' dir='ltr' id='par_1_5' title="bbox 436 755 2021 840">
     <span class='ocr_line' id='line_1_5' title="bbox 436 755 2021 840; baseline -0.011 -14"><span class='ocrx_word' id='word_1_28' title='bbox 436 769 680 840; x_wconf 89' lang='lat' dir='ltr'><strong>rapiunt,</strong></span> <span class='ocrx_word' id='word_1_29' title='bbox 721 767 1001 836; x_wconf 82' lang='lat' dir='ltr'><strong>accipitres</strong></span> <span class='ocrx_word' id='word_1_30' title='bbox 1031 765 1271 835; x_wconf 90' lang='lat' dir='ltr'><strong>rapiunt,</strong></span> <span class='ocrx_word' id='word_1_31' title='bbox 1304 761 1450 816; x_wconf 86' lang='lat' dir='ltr'><strong>corvi</strong></span> <span class='ocrx_word' id='word_1_32' title='bbox 1486 759 1730 829; x_wconf 87' lang='lat' dir='ltr'><strong>rapiunt;</strong></span> <span class='ocrx_word' id='word_1_33' title='bbox 1760 755 2021 814; x_wconf 62' lang='lat' dir='ltr'><strong>columbas</strong></span> 
     </span>
    </p>
   </div>
   <div class='ocr_carea' id='block_1_6' title="bbox 435 855 2021 930">
    <p class='ocr_par' dir='ltr' id='par_1_6' title="bbox 435 855 2021 930">
     <span class='ocr_line' id='line_1_6' title="bbox 435 855 2021 930; baseline -0.01 -12"><span class='ocrx_word' id='word_1_34' title='bbox 435 876 543 918; x_wconf 91' lang='lat' dir='ltr'><strong>non</strong></span> <span class='ocrx_word' id='word_1_35' title='bbox 568 859 817 930; x_wconf 88' lang='lat' dir='ltr'><strong>rapiunt,</strong></span> <span class='ocrx_word' id='word_1_36' title='bbox 847 872 952 912; x_wconf 92' lang='lat' dir='ltr'><strong>non</strong></span> <span class='ocrx_word' id='word_1_37' title='bbox 982 855 1236 910; x_wconf 82' lang='lat' dir='ltr'><strong>dilaniant</strong></span> <span class='ocrx_word' id='word_1_38' title='bbox 1273 872 1286 906; x_wconf 90' lang='lat'><strong>:</strong></span> <span class='ocrx_word' id='word_1_39' title='bbox 1323 868 1450 923; x_wconf 78' lang='lat' dir='ltr'><strong>ergo</strong></span> <span class='ocrx_word' id='word_1_40' title='bbox 1486 860 1726 922; x_wconf 79' lang='lat' dir='ltr'><strong>raptores</strong></span> <span class='ocrx_word' id='word_1_41' title='bbox 1767 865 1868 904; x_wconf 93' lang='lat' dir='ltr'><strong>non</strong></span> <span class='ocrx_word' id='word_1_42' title='bbox 1896 856 2021 903; x_wconf 90' lang='lat' dir='ltr'><strong>sunt</strong></span> 
     </span>
    </p>
   </div>
   <div class='ocr_carea' id='block_1_7' title="bbox 436 944 2020 1020">
    <p class='ocr_par' dir='ltr' id='par_1_7' title="bbox 436 944 2020 1020">
     <span class='ocr_line' id='line_1_7' title="bbox 436 944 2020 1020; baseline -0.008 -10"><span class='ocrx_word' id='word_1_43' title='bbox 436 954 676 1010; x_wconf 91' lang='lat' dir='ltr'><strong>membra</strong></span> <span class='ocrx_word' id='word_1_44' title='bbox 701 950 980 1008; x_wconf 66' lang='lat' dir='ltr'><strong>columbas.</strong></span> <span class='ocrx_word' id='word_1_45' title='bbox 1007 949 1120 1004; x_wconf 87' lang='lat' dir='ltr'><strong>Non</strong></span> <span class='ocrx_word' id='word_1_46' title='bbox 1147 947 1284 1020; x_wconf 89' lang='lat' dir='ltr'><strong>apud</strong></span> <span class='ocrx_word' id='word_1_47' title='bbox 1310 963 1404 1002; x_wconf 85' lang='lat' dir='ltr'><strong>vos</strong></span> <span class='ocrx_word' id='word_1_48' title='bbox 1426 946 1521 1001; x_wconf 91' lang='lat' dir='ltr'><strong>fuit</strong></span> <span class='ocrx_word' id='word_1_49' title='bbox 1543 947 1626 1001; x_wconf 89' lang='lat' dir='ltr'><strong>vel</strong></span> <span class='ocrx_word' id='word_1_50' title='bbox 1649 962 1781 1000; x_wconf 91' lang='lat' dir='ltr'><strong>unus</strong></span> <span class='ocrx_word' id='word_1_51' title='bbox 1803 944 2020 1016; x_wconf 86' lang='lat' dir='ltr'><strong>raptor?</strong></span> 
     </span>
    </p>
   </div>
   <div class='ocr_carea' id='block_1_8' title="bbox 435 1037 2021 1116">
    <p class='ocr_par' dir='ltr' id='par_1_8' title="bbox 435 1037 2021 1116">
     <span class='ocr_line' id='line_1_8' title="bbox 435 1037 2021 1116; baseline -0.006 -16"><span class='ocrx_word' id='word_1_52' title='bbox 435 1047 615 1116; x_wconf 80' lang='lat' dir='ltr'><strong>Quare</strong></span> <span class='ocrx_word' id='word_1_53' title='bbox 639 1053 817 1100; x_wconf 89' lang='lat' dir='ltr'><strong>manet</strong></span> <span class='ocrx_word' id='word_1_54' title='bbox 839 1041 1135 1112; x_wconf 88' lang='lat' dir='ltr'><strong>Baptismus</strong></span> <span class='ocrx_word' id='word_1_55' title='bbox 1156 1055 1312 1109; x_wconf 87' lang='lat' dir='ltr'><strong>quem</strong></span> <span class='ocrx_word' id='word_1_56' title='bbox 1339 1038 1486 1094; x_wconf 92' lang='lat' dir='ltr'><strong>dedit</strong></span> <span class='ocrx_word' id='word_1_57' title='bbox 1507 1037 1776 1102; x_wconf 76' lang='lat' dir='ltr'><strong>accipiter,</strong></span> <span class='ocrx_word' id='word_1_58' title='bbox 1801 1051 1904 1090; x_wconf 94' lang='lat' dir='ltr'><strong>non</strong></span> <span class='ocrx_word' id='word_1_59' title='bbox 1929 1051 2021 1091; x_wconf 94' lang='lat' dir='ltr'><strong>co-</strong></span> 
     </span>
    </p>
   </div>
   <div class='ocr_carea' id='block_1_9' title="bbox 435 1129 2019 1208">
    <p class='ocr_par' dir='ltr' id='par_1_9' title="bbox 435 1129 2019 1208">
     <span class='ocr_line' id='line_1_9' title="bbox 435 1129 2019 1208; baseline -0.009 -14"><span class='ocrx_word' id='word_1_60' title='bbox 435 1137 656 1208; x_wconf 86' lang='lat' dir='ltr'><strong>lumba?</strong></span> <span class='ocrx_word' id='word_1_61' title='bbox 684 1137 856 1202; x_wconf 86' lang='lat' dir='ltr'><strong>Quare</strong></span> <span class='ocrx_word' id='word_1_62' title='bbox 882 1149 986 1187; x_wconf 91' lang='lat' dir='ltr'><strong>non</strong></span> <span class='ocrx_word' id='word_1_63' title='bbox 1017 1130 1294 1200; x_wconf 82' lang='lat' dir='ltr'><strong>baptizatis</strong></span> <span class='ocrx_word' id='word_1_64' title='bbox 1328 1129 1465 1201; x_wconf 90' lang='lat' dir='ltr'><strong>apud</strong></span> <span class='ocrx_word' id='word_1_65' title='bbox 1488 1143 1582 1183; x_wconf 90' lang='lat' dir='ltr'><strong>vos</strong></span> <span class='ocrx_word' id='word_1_66' title='bbox 1612 1129 1750 1197; x_wconf 82' lang='lat' dir='ltr'><strong>ipsos</strong></span> <span class='ocrx_word' id='word_1_67' title='bbox 1782 1137 1900 1198; x_wconf 90' lang='lat' dir='ltr'><strong>post</strong></span> <span class='ocrx_word' id='word_1_68' title='bbox 1928 1142 2019 1181; x_wconf 92' lang='lat' dir='ltr'><strong>ra-</strong></span> 
     </span>
    </p>
   </div>
   <div class='ocr_carea' id='block_1_10' title="bbox 432 1218 2020 1302">
    <p class='ocr_par' dir='ltr' id='par_1_10' title="bbox 432 1218 2020 1302">
     <span class='ocr_line' id='line_1_10' title="bbox 432 1218 2020 1302; baseline -0.009 -15"><span class='ocrx_word' id='word_1_69' title='bbox 432 1240 616 1302; x_wconf 88' lang='lat' dir='ltr'><strong>ptores</strong></span> <span class='ocrx_word' id='word_1_70' title='bbox 641 1238 693 1284; x_wconf 88' lang='lat' dir='ltr'><strong>et</strong></span> <span class='ocrx_word' id='word_1_71' title='bbox 718 1226 985 1281; x_wconf 89' lang='lat' dir='ltr'><strong>adulteros</strong></span> <span class='ocrx_word' id='word_1_72' title='bbox 1013 1233 1066 1279; x_wconf 92' lang='lat' dir='ltr'><strong>et</strong></span> <span class='ocrx_word' id='word_1_73' title='bbox 1090 1221 1332 1277; x_wconf 87' lang='lat' dir='ltr'><strong>ebriosos</strong></span> <span class='ocrx_word' id='word_1_74' title='bbox 1350 1262 1365 1286; x_wconf 93' lang='lat'><strong>,</strong></span> <span class='ocrx_word' id='word_1_75' title='bbox 1397 1229 1518 1290; x_wconf 84' lang='lat' dir='ltr'><strong>post</strong></span> <span class='ocrx_word' id='word_1_76' title='bbox 1549 1235 1738 1275; x_wconf 89' lang='lat' dir='ltr'><strong>avaros</strong></span> <span class='ocrx_word' id='word_1_77' title='bbox 1765 1218 1901 1288; x_wconf 90' lang='lat' dir='ltr'><strong>apud</strong></span> <span class='ocrx_word' id='word_1_78' title='bbox 1925 1233 2020 1273; x_wconf 89' lang='lat' dir='ltr'><strong>vos</strong></span> 
     </span>
    </p>
   </div>
   <div class='ocr_carea' id='block_1_11' title="bbox 435 1310 2022 1394">
    <p class='ocr_par' dir='ltr' id='par_1_11' title="bbox 435 1310 2022 1394">
     <span class='ocr_line' id='line_1_11' title="bbox 435 1310 2022 1394; baseline -0.007 -16"><span class='ocrx_word' id='word_1_79' title='bbox 435 1323 622 1394; x_wconf 80' lang='lat' dir='ltr'><strong>ipsos?</strong></span> <span class='ocrx_word' id='word_1_80' title='bbox 671 1323 749 1376; x_wconf 85' lang='lat' dir='ltr'><strong>An</strong></span> <span class='ocrx_word' id='word_1_81' title='bbox 789 1318 874 1374; x_wconf 85' lang='lat' dir='ltr'><strong>isti</strong></span> <span class='ocrx_word' id='word_1_82' title='bbox 917 1331 1106 1372; x_wconf 91' lang='lat' dir='ltr'><strong>omnes</strong></span> <span class='ocrx_word' id='word_1_83' title='bbox 1146 1314 1386 1371; x_wconf 87' lang='lat' dir='ltr'><strong>membra</strong></span> <span class='ocrx_word' id='word_1_84' title='bbox 1426 1314 1685 1369; x_wconf 75' lang='lat' dir='ltr'><strong>columba:</strong></span> <span class='ocrx_word' id='word_1_85' title='bbox 1731 1312 1890 1368; x_wconf 86' lang='lat' dir='ltr'><strong>sunt?</strong></span> <span class='ocrx_word' id='word_1_86' title='bbox 1932 1310 2022 1368; x_wconf 91' lang='lat' dir='ltr'><strong>Sic</strong></span> 
     </span>
    </p>
   </div>
   <div class='ocr_carea' id='block_1_12' title="bbox 434 1403 2017 1471">
    <p class='ocr_par' dir='ltr' id='par_1_12' title="bbox 434 1403 2017 1471">
     <span class='ocr_line' id='line_1_12' title="bbox 434 1403 2017 1471; baseline -0.008 -3"><span class='ocrx_word' id='word_1_87' title='bbox 434 1410 798 1468; x_wconf 89' lang='lat' dir='ltr'><strong>dehonestatis</strong></span> <span class='ocrx_word' id='word_1_88' title='bbox 835 1407 1136 1463; x_wconf 89' lang='lat' dir='ltr'><strong>columbam</strong></span> <span class='ocrx_word' id='word_1_89' title='bbox 1177 1412 1406 1460; x_wconf 83' lang='lat' dir='ltr'><strong>vestram</strong></span> <span class='ocrx_word' id='word_1_90' title='bbox 1425 1445 1443 1471; x_wconf 92' lang='lat'><strong>,</strong></span> <span class='ocrx_word' id='word_1_91' title='bbox 1473 1411 1530 1458; x_wconf 91' lang='lat' dir='ltr'><strong>ut</strong></span> <span class='ocrx_word' id='word_1_92' title='bbox 1555 1404 1603 1459; x_wconf 90' lang='lat' dir='ltr'><strong>ei</strong></span> <span class='ocrx_word' id='word_1_93' title='bbox 1634 1403 1869 1457; x_wconf 90' lang='lat' dir='ltr'><strong>membra</strong></span> <span class='ocrx_word' id='word_1_94' title='bbox 1898 1403 2017 1456; x_wconf 88' lang='lat' dir='ltr'><strong>vul-</strong></span> 
     </span>
    </p>
   </div>
   <div class='ocr_carea' id='block_1_13' title="bbox 434 1495 2019 1568">
    <p class='ocr_par' dir='ltr' id='par_1_13' title="bbox 434 1495 2019 1568">
     <span class='ocr_line' id='line_1_13' title="bbox 434 1495 2019 1568; baseline -0.006 -11"><span class='ocrx_word' id='word_1_95' title='bbox 434 1503 607 1557; x_wconf 88' lang='lat' dir='ltr'><strong>turina</strong></span> <span class='ocrx_word' id='word_1_96' title='bbox 638 1500 862 1556; x_wconf 78' lang='lat' dir='ltr'><strong>faciatis.</strong></span> <span class='ocrx_word' id='word_1_97' title='bbox 894 1498 1030 1566; x_wconf 84' lang='lat' dir='ltr'><strong>Quid</strong></span> <span class='ocrx_word' id='word_1_98' title='bbox 1053 1512 1202 1568; x_wconf 87' lang='lat' dir='ltr'><strong>ergo,</strong></span> <span class='ocrx_word' id='word_1_99' title='bbox 1230 1496 1440 1562; x_wconf 76' lang='lat' dir='ltr'><strong>fratres,</strong></span> <span class='ocrx_word' id='word_1_100' title='bbox 1468 1496 1592 1566; x_wconf 91' lang='lat' dir='ltr'><strong>quid</strong></span> <span class='ocrx_word' id='word_1_101' title='bbox 1618 1495 1875 1549; x_wconf 84' lang='lat' dir='ltr'><strong>dicimus?</strong></span> <span class='ocrx_word' id='word_1_102' title='bbox 1899 1495 2019 1549; x_wconf 84' lang='lat' dir='ltr'><strong>Mali</strong></span> 
     </span>
    </p>
   </div>
   <div class='ocr_carea' id='block_1_14' title="bbox 431 1585 2020 1648">
    <p class='ocr_par' dir='ltr' id='par_1_14' title="bbox 431 1585 2020 1648">
     <span class='ocr_line' id='line_1_14' title="bbox 431 1585 2020 1648; baseline -0.004 0"><span class='ocrx_word' id='word_1_103' title='bbox 431 1603 486 1648; x_wconf 92' lang='lat' dir='ltr'><strong>et</strong></span> <span class='ocrx_word' id='word_1_104' title='bbox 506 1593 629 1648; x_wconf 89' lang='lat' dir='ltr'><strong>boni</strong></span> <span class='ocrx_word' id='word_1_105' title='bbox 652 1601 776 1648; x_wconf 91' lang='lat' dir='ltr'><strong>sunt</strong></span> <span class='ocrx_word' id='word_1_106' title='bbox 799 1593 851 1647; x_wconf 94' lang='lat' dir='ltr'><strong>in</strong></span> <span class='ocrx_word' id='word_1_107' title='bbox 878 1591 1112 1647; x_wconf 85' lang='lat' dir='ltr'><strong>Ecclesia</strong></span> <span class='ocrx_word' id='word_1_108' title='bbox 1139 1588 1397 1645; x_wconf 86' lang='lat' dir='ltr'><strong>catholica</strong></span> <span class='ocrx_word' id='word_1_109' title='bbox 1428 1606 1440 1640; x_wconf 91' lang='lat'><strong>:</strong></span> <span class='ocrx_word' id='word_1_110' title='bbox 1470 1587 1539 1642; x_wconf 91' lang='lat' dir='ltr'><strong>ibi</strong></span> <span class='ocrx_word' id='word_1_111' title='bbox 1565 1596 1740 1642; x_wconf 91' lang='lat' dir='ltr'><strong>autem</strong></span> <span class='ocrx_word' id='word_1_112' title='bbox 1768 1586 1865 1640; x_wconf 86' lang='lat' dir='ltr'><strong>soli</strong></span> <span class='ocrx_word' id='word_1_113' title='bbox 1895 1585 2020 1642; x_wconf 85' lang='lat' dir='ltr'><strong>mali</strong></span> 
     </span>
    </p>
   </div>
   <div class='ocr_carea' id='block_1_15' title="bbox 431 1677 2019 1748">
    <p class='ocr_par' dir='ltr' id='par_1_15' title="bbox 431 1677 2019 1748">
     <span class='ocr_line' id='line_1_15' title="bbox 431 1677 2019 1748; baseline -0.008 -5"><span class='ocrx_word' id='word_1_114' title='bbox 431 1696 576 1743; x_wconf 85' lang='lat' dir='ltr'><strong>sunt.</strong></span> <span class='ocrx_word' id='word_1_115' title='bbox 607 1684 713 1741; x_wconf 87' lang='lat' dir='ltr'><strong>Sed</strong></span> <span class='ocrx_word' id='word_1_116' title='bbox 737 1683 874 1739; x_wconf 88' lang='lat' dir='ltr'><strong>forte</strong></span> <span class='ocrx_word' id='word_1_117' title='bbox 895 1681 1112 1738; x_wconf 90' lang='lat' dir='ltr'><strong>inimico</strong></span> <span class='ocrx_word' id='word_1_118' title='bbox 1135 1681 1314 1734; x_wconf 91' lang='lat' dir='ltr'><strong>animo</strong></span> <span class='ocrx_word' id='word_1_119' title='bbox 1339 1679 1442 1734; x_wconf 91' lang='lat' dir='ltr'><strong>hoc</strong></span> <span class='ocrx_word' id='word_1_120' title='bbox 1461 1678 1582 1732; x_wconf 92' lang='lat' dir='ltr'><strong>dico</strong></span> <span class='ocrx_word' id='word_1_121' title='bbox 1605 1697 1617 1731; x_wconf 88' lang='lat'>:</span> <span class='ocrx_word' id='word_1_122' title='bbox 1642 1687 1695 1732; x_wconf 91' lang='lat' dir='ltr'><strong>et</strong></span> <span class='ocrx_word' id='word_1_123' title='bbox 1715 1677 1818 1732; x_wconf 93' lang='lat' dir='ltr'><strong>hoc</strong></span> <span class='ocrx_word' id='word_1_124' title='bbox 1837 1687 2019 1748; x_wconf 90' lang='lat' dir='ltr'><strong>postea</strong></span> 
     </span>
    </p>
   </div>
   <div class='ocr_carea' id='block_1_16' title="bbox 429 1769 2014 1849">
    <p class='ocr_par' dir='ltr' id='par_1_16' title="bbox 429 1769 2014 1849">
     <span class='ocr_line' id='line_1_16' title="bbox 429 1769 2014 1849; baseline -0.008 -15"><span class='ocrx_word' id='word_1_125' title='bbox 429 1778 755 1849; x_wconf 85' lang='lat' dir='ltr'><strong>requiratur.</strong></span> <span class='ocrx_word' id='word_1_126' title='bbox 790 1776 854 1830; x_wconf 86' lang='lat' dir='ltr'><strong>Et</strong></span> <span class='ocrx_word' id='word_1_127' title='bbox 886 1775 955 1830; x_wconf 89' lang='lat' dir='ltr'><strong>ibi</strong></span> <span class='ocrx_word' id='word_1_128' title='bbox 982 1784 1128 1829; x_wconf 90' lang='lat' dir='ltr'><strong>certe</strong></span> <span class='ocrx_word' id='word_1_129' title='bbox 1148 1770 1332 1827; x_wconf 91' lang='lat' dir='ltr'><strong>dicunt</strong></span> <span class='ocrx_word' id='word_1_130' title='bbox 1358 1773 1478 1841; x_wconf 88' lang='lat' dir='ltr'><strong>quia</strong></span> <span class='ocrx_word' id='word_1_131' title='bbox 1500 1777 1624 1824; x_wconf 90' lang='lat' dir='ltr'><strong>sunt</strong></span> <span class='ocrx_word' id='word_1_132' title='bbox 1643 1769 1765 1824; x_wconf 92' lang='lat' dir='ltr'><strong>boui</strong></span> <span class='ocrx_word' id='word_1_133' title='bbox 1788 1777 1840 1824; x_wconf 90' lang='lat' dir='ltr'><strong>et</strong></span> <span class='ocrx_word' id='word_1_134' title='bbox 1861 1769 2014 1822; x_wconf 92' lang='lat' dir='ltr'><strong>mali:</strong></span> 
     </span>
    </p>
   </div>
   <div class='ocr_carea' id='block_1_17' title="bbox 433 1860 2019 1936">
    <p class='ocr_par' dir='ltr' id='par_1_17' title="bbox 433 1860 2019 1936">
     <span class='ocr_line' id='line_1_17' title="bbox 433 1860 2019 1936; baseline -0.008 -10"><span class='ocrx_word' id='word_1_135' title='bbox 433 1887 563 1936; x_wconf 90' lang='lat' dir='ltr'><strong>nam</strong></span> <span class='ocrx_word' id='word_1_136' title='bbox 591 1870 638 1925; x_wconf 89' lang='lat' dir='ltr'><strong>si</strong></span> <span class='ocrx_word' id='word_1_137' title='bbox 675 1868 908 1925; x_wconf 83' lang='lat' dir='ltr'><strong>dixerint</strong></span> <span class='ocrx_word' id='word_1_138' title='bbox 943 1867 1088 1923; x_wconf 90' lang='lat' dir='ltr'><strong>solos</strong></span> <span class='ocrx_word' id='word_1_139' title='bbox 1122 1865 1292 1919; x_wconf 89' lang='lat' dir='ltr'><strong>bonos</strong></span> <span class='ocrx_word' id='word_1_140' title='bbox 1324 1879 1383 1918; x_wconf 87' lang='lat' dir='ltr'><strong>se</strong></span> <span class='ocrx_word' id='word_1_141' title='bbox 1416 1863 1642 1927; x_wconf 89' lang='lat' dir='ltr'><strong>habere;</strong></span> <span class='ocrx_word' id='word_1_142' title='bbox 1673 1860 1893 1916; x_wconf 88' lang='lat' dir='ltr'><strong>credant</strong></span> <span class='ocrx_word' id='word_1_143' title='bbox 1917 1860 2019 1914; x_wconf 90' lang='lat' dir='ltr'><strong>illis</strong></span> 
     </span>
    </p>
   </div>
   <div class='ocr_carea' id='block_1_18' title="bbox 432 1951 2017 2028">
    <p class='ocr_par' dir='ltr' id='par_1_18' title="bbox 432 1951 2017 2028">
     <span class='ocr_line' id='line_1_18' title="bbox 432 1951 2017 2028; baseline -0.007 -11"><span class='ocrx_word' id='word_1_144' title='bbox 432 1963 546 2028; x_wconf 90' lang='lat' dir='ltr'><strong>sui,</strong></span> <span class='ocrx_word' id='word_1_145' title='bbox 575 1969 630 2017; x_wconf 91' lang='lat' dir='ltr'><strong>et</strong></span> <span class='ocrx_word' id='word_1_146' title='bbox 656 1960 954 2016; x_wconf 90' lang='lat' dir='ltr'><strong>subscribo.</strong></span> <span class='ocrx_word' id='word_1_147' title='bbox 993 1957 1106 2012; x_wconf 85' lang='lat' dir='ltr'><strong>Non</strong></span> <span class='ocrx_word' id='word_1_148' title='bbox 1146 1964 1268 2011; x_wconf 90' lang='lat' dir='ltr'><strong>sunt</strong></span> <span class='ocrx_word' id='word_1_149' title='bbox 1304 1954 1442 2027; x_wconf 91' lang='lat' dir='ltr'><strong>apud</strong></span> <span class='ocrx_word' id='word_1_150' title='bbox 1490 1969 1620 2017; x_wconf 90' lang='lat' dir='ltr'><strong>nos,</strong></span> <span class='ocrx_word' id='word_1_151' title='bbox 1666 1952 1874 2017; x_wconf 86' lang='lat' dir='ltr'><strong>dicant,</strong></span> <span class='ocrx_word' id='word_1_152' title='bbox 1918 1951 2017 2006; x_wconf 89' lang='lat' dir='ltr'><strong>uisi</strong></span> 
     </span>
    </p>
   </div>
   <div class='ocr_carea' id='block_1_19' title="bbox 432 2044 2017 2122">
    <p class='ocr_par' dir='ltr' id='par_1_19' title="bbox 432 2044 2017 2122">
     <span class='ocr_line' id='line_1_19' title="bbox 432 2044 2017 2122; baseline -0.008 -13"><span class='ocrx_word' id='word_1_153' title='bbox 432 2053 624 2117; x_wconf 83' lang='lat' dir='ltr'><strong>sancti,</strong></span> <span class='ocrx_word' id='word_1_154' title='bbox 651 2053 800 2122; x_wconf 90' lang='lat' dir='ltr'><strong>justi,</strong></span> <span class='ocrx_word' id='word_1_155' title='bbox 831 2051 983 2117; x_wconf 90' lang='lat' dir='ltr'><strong>casti,</strong></span> <span class='ocrx_word' id='word_1_156' title='bbox 1017 2049 1214 2113; x_wconf 84' lang='lat' dir='ltr'><strong>sobrii;</strong></span> <span class='ocrx_word' id='word_1_157' title='bbox 1248 2062 1355 2103; x_wconf 91' lang='lat' dir='ltr'><strong>non</strong></span> <span class='ocrx_word' id='word_1_158' title='bbox 1381 2046 1635 2112; x_wconf 88' lang='lat' dir='ltr'><strong>adulteri,</strong></span> <span class='ocrx_word' id='word_1_159' title='bbox 1667 2061 1768 2100; x_wconf 90' lang='lat' dir='ltr'><strong>non</strong></span> <span class='ocrx_word' id='word_1_160' title='bbox 1806 2044 2017 2100; x_wconf 85' lang='lat' dir='ltr'><strong>fenera-</strong></span> 
     </span>
    </p>
   </div>
   <div class='ocr_carea' id='block_1_20' title="bbox 432 2137 2015 2212">
    <p class='ocr_par' dir='ltr' id='par_1_20' title="bbox 432 2137 2015 2212">
     <span class='ocr_line' id='line_1_20' title="bbox 432 2137 2015 2212; baseline -0.006 -11"><span class='ocrx_word' id='word_1_161' title='bbox 432 2154 608 2212; x_wconf 88' lang='lat' dir='ltr'><strong>tores,</strong></span> <span class='ocrx_word' id='word_1_162' title='bbox 635 2161 740 2200; x_wconf 91' lang='lat' dir='ltr'><strong>non</strong></span> <span class='ocrx_word' id='word_1_163' title='bbox 768 2143 1128 2209; x_wconf 89' lang='lat' dir='ltr'><strong>fraudatores,</strong></span> <span class='ocrx_word' id='word_1_164' title='bbox 1169 2155 1273 2196; x_wconf 91' lang='lat' dir='ltr'><strong>non</strong></span> <span class='ocrx_word' id='word_1_165' title='bbox 1315 2139 1547 2210; x_wconf 89' lang='lat' dir='ltr'><strong>perjuri,</strong></span> <span class='ocrx_word' id='word_1_166' title='bbox 1580 2153 1686 2192; x_wconf 93' lang='lat' dir='ltr'><strong>non</strong></span> <span class='ocrx_word' id='word_1_167' title='bbox 1724 2137 2015 2192; x_wconf 87' lang='lat' dir='ltr'><strong>vinolenti:</strong></span> 
     </span>
    </p>
   </div>
   <div class='ocr_carea' id='block_1_21' title="bbox 431 2229 2019 2305">
    <p class='ocr_par' dir='ltr' id='par_1_21' title="bbox 431 2229 2019 2305">
     <span class='ocr_line' id='line_1_21' title="bbox 431 2229 2019 2305; baseline -0.004 -12"><span class='ocrx_word' id='word_1_168' title='bbox 431 2238 644 2305; x_wconf 88' lang='lat' dir='ltr'><strong>dicant;</strong></span> <span class='ocrx_word' id='word_1_169' title='bbox 677 2253 784 2292; x_wconf 92' lang='lat' dir='ltr'><strong>non</strong></span> <span class='ocrx_word' id='word_1_170' title='bbox 808 2237 948 2292; x_wconf 89' lang='lat' dir='ltr'><strong>enim</strong></span> <span class='ocrx_word' id='word_1_171' title='bbox 975 2235 1192 2291; x_wconf 88' lang='lat' dir='ltr'><strong>attendo</strong></span> <span class='ocrx_word' id='word_1_172' title='bbox 1219 2235 1424 2304; x_wconf 78' lang='lat' dir='ltr'><strong>linguas</strong></span> <span class='ocrx_word' id='word_1_173' title='bbox 1454 2233 1710 2303; x_wconf 88' lang='lat' dir='ltr'><strong>ipsorum,</strong></span> <span class='ocrx_word' id='word_1_174' title='bbox 1739 2229 1833 2286; x_wconf 92' lang='lat' dir='ltr'><strong>sed</strong></span> <span class='ocrx_word' id='word_1_175' title='bbox 1861 2239 2019 2301; x_wconf 89' lang='lat' dir='ltr'><strong>tango</strong></span> 
     </span>
    </p>
   </div>
   <div class='ocr_carea' id='block_1_22' title="bbox 434 2323 2020 2399">
    <p class='ocr_par' dir='ltr' id='par_1_22' title="bbox 434 2323 2020 2399">
     <span class='ocr_line' id='line_1_22' title="bbox 434 2323 2020 2399; baseline -0.005 -14"><span class='ocrx_word' id='word_1_176' title='bbox 434 2329 594 2385; x_wconf 83' lang='lat' dir='ltr'><strong>corda</strong></span> <span class='ocrx_word' id='word_1_177' title='bbox 625 2330 881 2399; x_wconf 90' lang='lat' dir='ltr'><strong>ipsorum.</strong></span> <span class='ocrx_word' id='word_1_178' title='bbox 908 2327 1040 2382; x_wconf 91' lang='lat' dir='ltr'><strong>Cum</strong></span> <span class='ocrx_word' id='word_1_179' title='bbox 1063 2336 1240 2381; x_wconf 90' lang='lat' dir='ltr'><strong>autem</strong></span> <span class='ocrx_word' id='word_1_180' title='bbox 1261 2326 1375 2380; x_wconf 92' lang='lat' dir='ltr'><strong>noti</strong></span> <span class='ocrx_word' id='word_1_181' title='bbox 1401 2325 1507 2378; x_wconf 88' lang='lat' dir='ltr'><strong>sint</strong></span> <span class='ocrx_word' id='word_1_182' title='bbox 1530 2323 1682 2378; x_wconf 90' lang='lat' dir='ltr'><strong>nobis</strong></span> <span class='ocrx_word' id='word_1_183' title='bbox 1710 2332 1764 2378; x_wconf 92' lang='lat' dir='ltr'><strong>et</strong></span> <span class='ocrx_word' id='word_1_184' title='bbox 1789 2323 1938 2377; x_wconf 87' lang='lat' dir='ltr'><strong>vobis</strong></span> <span class='ocrx_word' id='word_1_185' title='bbox 1965 2331 2020 2378; x_wconf 85' lang='lat' dir='ltr'><strong>et</strong></span> 
     </span>
    </p>
   </div>
   <div class='ocr_carea' id='block_1_23' title="bbox 434 2415 2018 2489">
    <p class='ocr_par' dir='ltr' id='par_1_23' title="bbox 434 2415 2018 2489">
     <span class='ocr_line' id='line_1_23' title="bbox 434 2415 2018 2489; baseline -0.006 -10"><span class='ocrx_word' id='word_1_186' title='bbox 434 2423 580 2489; x_wconf 86' lang='lat' dir='ltr'><strong>suis,</strong></span> <span class='ocrx_word' id='word_1_187' title='bbox 621 2423 758 2477; x_wconf 91' lang='lat' dir='ltr'><strong>sicut</strong></span> <span class='ocrx_word' id='word_1_188' title='bbox 794 2430 848 2477; x_wconf 90' lang='lat' dir='ltr'><strong>et</strong></span> <span class='ocrx_word' id='word_1_189' title='bbox 873 2435 968 2475; x_wconf 91' lang='lat' dir='ltr'><strong>vos</strong></span> <span class='ocrx_word' id='word_1_190' title='bbox 997 2429 1049 2477; x_wconf 91' lang='lat' dir='ltr'><strong>et</strong></span> <span class='ocrx_word' id='word_1_191' title='bbox 1080 2421 1228 2474; x_wconf 87' lang='lat' dir='ltr'><strong>vobis</strong></span> <span class='ocrx_word' id='word_1_192' title='bbox 1269 2419 1322 2473; x_wconf 92' lang='lat' dir='ltr'><strong>in</strong></span> <span class='ocrx_word' id='word_1_193' title='bbox 1361 2417 1633 2473; x_wconf 87' lang='lat' dir='ltr'><strong>Catholica</strong></span> <span class='ocrx_word' id='word_1_194' title='bbox 1677 2424 1729 2470; x_wconf 89' lang='lat' dir='ltr'><strong>et</strong></span> <span class='ocrx_word' id='word_1_195' title='bbox 1767 2415 1868 2470; x_wconf 90' lang='lat' dir='ltr'><strong>illis</strong></span> <span class='ocrx_word' id='word_1_196' title='bbox 1908 2415 2018 2470; x_wconf 93' lang='lat' dir='ltr'><strong>noti</strong></span> 
     </span>
    </p>
   </div>
   <div class='ocr_carea' id='block_1_24' title="bbox 434 2510 2015 2583">
    <p class='ocr_par' dir='ltr' id='par_1_24' title="bbox 434 2510 2015 2583">
     <span class='ocr_line' id='line_1_24' title="bbox 434 2510 2015 2583; baseline -0.006 -12"><span class='ocrx_word' id='word_1_197' title='bbox 434 2516 600 2581; x_wconf 81' lang='lat' dir='ltr'><strong>estis;</strong></span> <span class='ocrx_word' id='word_1_198' title='bbox 629 2530 728 2571; x_wconf 93' lang='lat' dir='ltr'><strong>nec</strong></span> <span class='ocrx_word' id='word_1_199' title='bbox 753 2529 849 2569; x_wconf 91' lang='lat' dir='ltr'><strong>nos</strong></span> <span class='ocrx_word' id='word_1_200' title='bbox 874 2529 968 2570; x_wconf 91' lang='lat' dir='ltr'><strong>eos</strong></span> <span class='ocrx_word' id='word_1_201' title='bbox 989 2511 1459 2583; x_wconf 88' lang='lat' dir='ltr'><strong>reprehendamus,</strong></span> <span class='ocrx_word' id='word_1_202' title='bbox 1487 2525 1586 2565; x_wconf 91' lang='lat' dir='ltr'><strong>nec</strong></span> <span class='ocrx_word' id='word_1_203' title='bbox 1608 2510 1682 2564; x_wconf 94' lang='lat' dir='ltr'><strong>illi</strong></span> <span class='ocrx_word' id='word_1_204' title='bbox 1704 2524 1762 2564; x_wconf 87' lang='lat' dir='ltr'><strong>se</strong></span> <span class='ocrx_word' id='word_1_205' title='bbox 1783 2510 2015 2579; x_wconf 90' lang='lat' dir='ltr'><strong>palpent.</strong></span> 
     </span>
    </p>
   </div>
   <div class='ocr_carea' id='block_1_25' title="bbox 431 2602 2019 2668">
    <p class='ocr_par' dir='ltr' id='par_1_25' title="bbox 431 2602 2019 2668">
     <span class='ocr_line' id='line_1_25' title="bbox 431 2602 2019 2668; baseline -0.006 -3"><span class='ocrx_word' id='word_1_206' title='bbox 431 2607 542 2666; x_wconf 83' lang='lat' dir='ltr'><strong>Nos</strong></span> <span class='ocrx_word' id='word_1_207' title='bbox 567 2606 797 2662; x_wconf 76' lang='lat' dir='ltr'><strong>fatemur</strong></span> <span class='ocrx_word' id='word_1_208' title='bbox 825 2607 876 2662; x_wconf 92' lang='lat' dir='ltr'><strong>iu</strong></span> <span class='ocrx_word' id='word_1_209' title='bbox 907 2606 1146 2662; x_wconf 88' lang='lat' dir='ltr'><strong>Ecclesia</strong></span> <span class='ocrx_word' id='word_1_210' title='bbox 1175 2615 1228 2662; x_wconf 92' lang='lat' dir='ltr'><strong>et</strong></span> <span class='ocrx_word' id='word_1_211' title='bbox 1255 2606 1425 2661; x_wconf 91' lang='lat' dir='ltr'><strong>bonos</strong></span> <span class='ocrx_word' id='word_1_212' title='bbox 1452 2614 1506 2659; x_wconf 90' lang='lat' dir='ltr'><strong>et</strong></span> <span class='ocrx_word' id='word_1_213' title='bbox 1542 2603 1710 2658; x_wconf 91' lang='lat' dir='ltr'><strong>malos</strong></span> <span class='ocrx_word' id='word_1_214' title='bbox 1743 2619 1893 2668; x_wconf 85' lang='lat' dir='ltr'><strong>esse,</strong></span> <span class='ocrx_word' id='word_1_215' title='bbox 1926 2602 2019 2657; x_wconf 89' lang='lat' dir='ltr'><strong>sed</strong></span> 
     </span>
    </p>
   </div>
   <div class='ocr_carea' id='block_1_26' title="bbox 436 2697 2016 2772">
    <p class='ocr_par' dir='ltr' id='par_1_26' title="bbox 436 2697 2016 2772">
     <span class='ocr_line' id='line_1_26' title="bbox 436 2697 2016 2772; baseline -0.004 -16"><span class='ocrx_word' id='word_1_216' title='bbox 436 2711 684 2772; x_wconf 89' lang='lat' dir='ltr'><strong>tanquam</strong></span> <span class='ocrx_word' id='word_1_217' title='bbox 711 2715 868 2769; x_wconf 87' lang='lat' dir='ltr'><strong>grana</strong></span> <span class='ocrx_word' id='word_1_218' title='bbox 895 2709 950 2754; x_wconf 91' lang='lat' dir='ltr'><strong>et</strong></span> <span class='ocrx_word' id='word_1_219' title='bbox 977 2701 1200 2769; x_wconf 88' lang='lat' dir='ltr'><strong>paleam.</strong></span> <span class='ocrx_word' id='word_1_220' title='bbox 1229 2697 1526 2766; x_wconf 84' lang='lat' dir='ltr'><strong>Aliquando</strong></span> <span class='ocrx_word' id='word_1_221' title='bbox 1551 2697 1638 2766; x_wconf 89' lang='lat' dir='ltr'><strong>qui</strong></span> <span class='ocrx_word' id='word_1_222' title='bbox 1668 2697 1960 2765; x_wconf 87' lang='lat' dir='ltr'><strong>baptizatur</strong></span> <span class='ocrx_word' id='word_1_223' title='bbox 1989 2710 2016 2749; x_wconf 94' lang='lat' dir='ltr'><strong>a</strong></span> 
     </span>
    </p>
   </div>
   <div class='ocr_carea' id='block_1_27' title="bbox 433 2790 2018 2865">
    <p class='ocr_par' dir='ltr' id='par_1_27' title="bbox 433 2790 2018 2865">
     <span class='ocr_line' id='line_1_27' title="bbox 433 2790 2018 2865; baseline -0.003 -18"><span class='ocrx_word' id='word_1_224' title='bbox 433 2809 631 2865; x_wconf 90' lang='lat' dir='ltr'><strong>grano,</strong></span> <span class='ocrx_word' id='word_1_225' title='bbox 663 2793 811 2863; x_wconf 91' lang='lat' dir='ltr'><strong>palea</strong></span> <span class='ocrx_word' id='word_1_226' title='bbox 839 2800 953 2857; x_wconf 91' lang='lat' dir='ltr'><strong>est;</strong></span> <span class='ocrx_word' id='word_1_227' title='bbox 989 2800 1043 2847; x_wconf 89' lang='lat' dir='ltr'><strong>et</strong></span> <span class='ocrx_word' id='word_1_228' title='bbox 1065 2791 1153 2861; x_wconf 88' lang='lat' dir='ltr'><strong>qui</strong></span> <span class='ocrx_word' id='word_1_229' title='bbox 1181 2790 1475 2860; x_wconf 88' lang='lat' dir='ltr'><strong>baptizatur</strong></span> <span class='ocrx_word' id='word_1_230' title='bbox 1511 2804 1543 2844; x_wconf 91' lang='lat' dir='ltr'><strong>a</strong></span> <span class='ocrx_word' id='word_1_231' title='bbox 1584 2790 1729 2858; x_wconf 86' lang='lat' dir='ltr'><strong>palea</strong></span> <span class='ocrx_word' id='word_1_232' title='bbox 1752 2830 1765 2851; x_wconf 94' lang='lat'><strong>,</strong></span> <span class='ocrx_word' id='word_1_233' title='bbox 1797 2803 2018 2858; x_wconf 77' lang='lat' dir='ltr'><strong>granum</strong></span> 
     </span>
    </p>
   </div>
   <div class='ocr_carea' id='block_1_28' title="bbox 436 2880 2020 2954">
    <p class='ocr_par' dir='ltr' id='par_1_28' title="bbox 436 2880 2020 2954">
     <span class='ocr_line' id='line_1_28' title="bbox 436 2880 2020 2954; baseline -0.003 -14"><span class='ocrx_word' id='word_1_234' title='bbox 436 2894 537 2941; x_wconf 91' lang='lat' dir='ltr'><strong>est.</strong></span> <span class='ocrx_word' id='word_1_235' title='bbox 568 2883 815 2952; x_wconf 86' lang='lat' dir='ltr'><strong>Alioquin</strong></span> <span class='ocrx_word' id='word_1_236' title='bbox 843 2883 887 2938; x_wconf 89' lang='lat' dir='ltr'><strong>si</strong></span> <span class='ocrx_word' id='word_1_237' title='bbox 913 2882 1004 2954; x_wconf 90' lang='lat' dir='ltr'><strong>qui</strong></span> <span class='ocrx_word' id='word_1_238' title='bbox 1029 2882 1324 2952; x_wconf 84' lang='lat' dir='ltr'><strong>baptizatur</strong></span> <span class='ocrx_word' id='word_1_239' title='bbox 1355 2899 1382 2934; x_wconf 90' lang='lat' dir='ltr'><strong>a</strong></span> <span class='ocrx_word' id='word_1_240' title='bbox 1411 2895 1607 2952; x_wconf 89' lang='lat' dir='ltr'><strong>grano,</strong></span> <span class='ocrx_word' id='word_1_241' title='bbox 1647 2880 1820 2945; x_wconf 90' lang='lat' dir='ltr'><strong>valet;</strong></span> <span class='ocrx_word' id='word_1_242' title='bbox 1853 2890 1906 2936; x_wconf 91' lang='lat' dir='ltr'><strong>et</strong></span> <span class='ocrx_word' id='word_1_243' title='bbox 1931 2880 2020 2950; x_wconf 90' lang='lat' dir='ltr'><strong>qui</strong></span> 
     </span>
    </p>
   </div>
   <div class='ocr_carea' id='block_1_29' title="bbox 436 2973 2021 3049">
    <p class='ocr_par' dir='ltr' id='par_1_29' title="bbox 436 2973 2021 3049">
     <span class='ocr_line' id='line_1_29' title="bbox 436 2973 2021 3049; baseline -0.004 -17"><span class='ocrx_word' id='word_1_244' title='bbox 436 2978 734 3049; x_wconf 87' lang='lat' dir='ltr'><strong>baptizatur</strong></span> <span class='ocrx_word' id='word_1_245' title='bbox 758 2993 788 3032; x_wconf 92' lang='lat' dir='ltr'><strong>a</strong></span> <span class='ocrx_word' id='word_1_246' title='bbox 813 2978 961 3047; x_wconf 83' lang='lat' dir='ltr'><strong>palea</strong></span> <span class='ocrx_word' id='word_1_247' title='bbox 983 3018 998 3042; x_wconf 93' lang='lat'><strong>,</strong></span> <span class='ocrx_word' id='word_1_248' title='bbox 1025 2992 1133 3031; x_wconf 91' lang='lat' dir='ltr'><strong>non</strong></span> <span class='ocrx_word' id='word_1_249' title='bbox 1158 2976 1297 3030; x_wconf 90' lang='lat' dir='ltr'><strong>valet</strong></span> <span class='ocrx_word' id='word_1_250' title='bbox 1321 2995 1334 3030; x_wconf 88' lang='lat'><strong>:</strong></span> <span class='ocrx_word' id='word_1_251' title='bbox 1360 2975 1547 3029; x_wconf 84' lang='lat' dir='ltr'><strong>falsum</strong></span> <span class='ocrx_word' id='word_1_252' title='bbox 1570 2983 1684 3040; x_wconf 90' lang='lat' dir='ltr'><strong>est,</strong></span> <span class='ocrx_word' id='word_1_253' title='bbox 1719 2973 1816 3026; x_wconf 84' lang='lat' dir='ltr'><strong>Hic</strong></span> <span class='ocrx_word' id='word_1_254' title='bbox 1840 2981 1912 3028; x_wconf 79' lang='lat' dir='ltr'><strong>est</strong></span> <span class='ocrx_word' id='word_1_255' title='bbox 1937 2973 2021 3042; x_wconf 86' lang='lat' dir='ltr'><strong>qui</strong></span> 
     </span>
    </p>
   </div>
   <div class='ocr_carea' id='block_1_30' title="bbox 437 3064 2024 3138">
    <p class='ocr_par' dir='ltr' id='par_1_30' title="bbox 437 3064 2024 3138">
     <span class='ocr_line' id='line_1_30' title="bbox 437 3064 2024 3138; baseline -0.003 -15"><span class='ocrx_word' id='word_1_256' title='bbox 437 3072 675 3138; x_wconf 77' lang='lat' dir='ltr'><strong>baptizat.</strong></span> <span class='ocrx_word' id='word_1_257' title='bbox 704 3069 758 3123; x_wconf 91' lang='lat' dir='ltr'><strong>Si</strong></span> <span class='ocrx_word' id='word_1_258' title='bbox 787 3078 964 3122; x_wconf 91' lang='lat' dir='ltr'><strong>autem</strong></span> <span class='ocrx_word' id='word_1_259' title='bbox 982 3083 1166 3122; x_wconf 89' lang='lat' dir='ltr'><strong>verum</strong></span> <span class='ocrx_word' id='word_1_260' title='bbox 1194 3075 1307 3132; x_wconf 89' lang='lat' dir='ltr'><strong>est,</strong></span> <span class='ocrx_word' id='word_1_261' title='bbox 1343 3064 1442 3118; x_wconf 86' lang='lat' dir='ltr'><strong>Hic</strong></span> <span class='ocrx_word' id='word_1_262' title='bbox 1469 3074 1538 3119; x_wconf 85' lang='lat' dir='ltr'><strong>est</strong></span> <span class='ocrx_word' id='word_1_263' title='bbox 1566 3067 1650 3134; x_wconf 84' lang='lat' dir='ltr'><strong>qui</strong></span> <span class='ocrx_word' id='word_1_264' title='bbox 1679 3065 1898 3132; x_wconf 77' lang='lat' dir='ltr'><strong>baptizat</strong></span> <span class='ocrx_word' id='word_1_265' title='bbox 1925 3080 1944 3117; x_wconf 92' lang='lat'><strong><em>:</em></strong></span> <span class='ocrx_word' id='word_1_266' title='bbox 1968 3070 2024 3118; x_wconf 88' lang='lat' dir='ltr'><strong>et</strong></span> 
     </span>
    </p>
   </div>
   <div class='ocr_carea' id='block_1_31' title="bbox 437 3156 2021 3234">
    <p class='ocr_par' dir='ltr' id='par_1_31' title="bbox 437 3156 2021 3234">
     <span class='ocr_line' id='line_1_31' title="bbox 437 3156 2021 3234; baseline -0.004 -18"><span class='ocrx_word' id='word_1_267' title='bbox 437 3163 576 3234; x_wconf 88' lang='lat' dir='ltr'><strong>quod</strong></span> <span class='ocrx_word' id='word_1_268' title='bbox 607 3163 673 3216; x_wconf 93' lang='lat' dir='ltr'><strong>ab</strong></span> <span class='ocrx_word' id='word_1_269' title='bbox 702 3161 790 3216; x_wconf 91' lang='lat' dir='ltr'><strong>illo</strong></span> <span class='ocrx_word' id='word_1_270' title='bbox 813 3161 1006 3223; x_wconf 90' lang='lat' dir='ltr'><strong>datur,</strong></span> <span class='ocrx_word' id='word_1_271' title='bbox 1038 3160 1208 3222; x_wconf 87' lang='lat' dir='ltr'><strong>valet;</strong></span> <span class='ocrx_word' id='word_1_272' title='bbox 1241 3166 1295 3213; x_wconf 91' lang='lat' dir='ltr'><strong>et</strong></span> <span class='ocrx_word' id='word_1_273' title='bbox 1322 3157 1590 3227; x_wconf 91' lang='lat' dir='ltr'><strong>quomodo</strong></span> <span class='ocrx_word' id='word_1_274' title='bbox 1623 3157 1885 3222; x_wconf 90' lang='lat' dir='ltr'><strong>columba,</strong></span> <span class='ocrx_word' id='word_1_275' title='bbox 1925 3156 2021 3210; x_wconf 91' lang='lat' dir='ltr'><strong>ha-</strong></span> 
     </span>
    </p>
   </div>
   <div class='ocr_carea' id='block_1_32' title="bbox 439 3248 2024 3325">
    <p class='ocr_par' dir='ltr' id='par_1_32' title="bbox 439 3248 2024 3325">
     <span class='ocr_line' id='line_1_32' title="bbox 439 3248 2024 3325; baseline -0.003 -17"><span class='ocrx_word' id='word_1_276' title='bbox 439 3256 620 3325; x_wconf 88' lang='lat' dir='ltr'><strong>ptizat.</strong></span> <span class='ocrx_word' id='word_1_277' title='bbox 649 3253 764 3308; x_wconf 85' lang='lat' dir='ltr'><strong>Non</strong></span> <span class='ocrx_word' id='word_1_278' title='bbox 788 3253 926 3306; x_wconf 88' lang='lat' dir='ltr'><strong>enim</strong></span> <span class='ocrx_word' id='word_1_279' title='bbox 955 3252 1125 3306; x_wconf 87' lang='lat' dir='ltr'><strong>malus</strong></span> <span class='ocrx_word' id='word_1_280' title='bbox 1148 3250 1233 3304; x_wconf 92' lang='lat' dir='ltr'><strong>ille</strong></span> <span class='ocrx_word' id='word_1_281' title='bbox 1258 3249 1502 3304; x_wconf 89' lang='lat' dir='ltr'><strong>columba</strong></span> <span class='ocrx_word' id='word_1_282' title='bbox 1527 3258 1628 3314; x_wconf 83' lang='lat' dir='ltr'><strong>est,</strong></span> <span class='ocrx_word' id='word_1_283' title='bbox 1657 3256 1748 3302; x_wconf 92' lang='lat' dir='ltr'><strong>aut</strong></span> <span class='ocrx_word' id='word_1_284' title='bbox 1769 3248 1832 3302; x_wconf 90' lang='lat' dir='ltr'><strong>ad</strong></span> <span class='ocrx_word' id='word_1_285' title='bbox 1857 3263 2024 3303; x_wconf 89' lang='lat' dir='ltr'><strong>mem-</strong></span> 
     </span>
    </p>
   </div>
   <div class='ocr_carea' id='block_1_33' title="bbox 439 3339 2018 3412">
    <p class='ocr_par' dir='ltr' id='par_1_33' title="bbox 439 3339 2018 3412">
     <span class='ocr_line' id='line_1_33' title="bbox 439 3339 2018 3412; baseline -0.003 -14"><span class='ocrx_word' id='word_1_286' title='bbox 439 3345 538 3398; x_wconf 91' lang='lat' dir='ltr'><strong>bra</strong></span> <span class='ocrx_word' id='word_1_287' title='bbox 557 3345 815 3399; x_wconf 70' lang='lat' dir='ltr'><strong>columbae</strong></span> <span class='ocrx_word' id='word_1_288' title='bbox 833 3344 1059 3412; x_wconf 90' lang='lat' dir='ltr'><strong>pertinet</strong></span> <span class='ocrx_word' id='word_1_289' title='bbox 1083 3360 1096 3394; x_wconf 88' lang='lat'><strong>:</strong></span> <span class='ocrx_word' id='word_1_290' title='bbox 1121 3357 1218 3397; x_wconf 93' lang='lat' dir='ltr'><strong>nec</strong></span> <span class='ocrx_word' id='word_1_291' title='bbox 1239 3341 1325 3395; x_wconf 92' lang='lat' dir='ltr'><strong>hic</strong></span> <span class='ocrx_word' id='word_1_292' title='bbox 1347 3349 1520 3404; x_wconf 82' lang='lat' dir='ltr'><strong>potest</strong></span> <span class='ocrx_word' id='word_1_293' title='bbox 1534 3339 1636 3394; x_wconf 89' lang='lat' dir='ltr'><strong>dici</strong></span> <span class='ocrx_word' id='word_1_294' title='bbox 1661 3341 1711 3394; x_wconf 95' lang='lat' dir='ltr'><strong>in</strong></span> <span class='ocrx_word' id='word_1_295' title='bbox 1730 3340 2018 3409; x_wconf 84' lang='lat' dir='ltr'><strong>Catholica,</strong></span> 
     </span>
    </p>
   </div>
   <div class='ocr_carea' id='block_1_34' title="bbox 443 3431 2019 3507">
    <p class='ocr_par' dir='ltr' id='par_1_34' title="bbox 443 3431 2019 3507">
     <span class='ocr_line' id='line_1_34' title="bbox 443 3431 2019 3507; baseline -0.005 -15"><span class='ocrx_word' id='word_1_296' title='bbox 443 3452 542 3492; x_wconf 91' lang='lat' dir='ltr'><strong>nec</strong></span> <span class='ocrx_word' id='word_1_297' title='bbox 566 3438 701 3507; x_wconf 90' lang='lat' dir='ltr'><strong>apud</strong></span> <span class='ocrx_word' id='word_1_298' title='bbox 728 3437 863 3501; x_wconf 90' lang='lat' dir='ltr'><strong>illos,</strong></span> <span class='ocrx_word' id='word_1_299' title='bbox 889 3436 931 3488; x_wconf 89' lang='lat' dir='ltr'><strong>si</strong></span> <span class='ocrx_word' id='word_1_300' title='bbox 955 3435 1025 3488; x_wconf 92' lang='lat' dir='ltr'><strong>illi</strong></span> <span class='ocrx_word' id='word_1_301' title='bbox 1048 3434 1248 3499; x_wconf 91' lang='lat' dir='ltr'><strong>dicunt,</strong></span> <span class='ocrx_word' id='word_1_302' title='bbox 1271 3432 1569 3488; x_wconf 82' lang='lat' dir='ltr'><strong>columbam</strong></span> <span class='ocrx_word' id='word_1_303' title='bbox 1591 3447 1710 3487; x_wconf 89' lang='lat' dir='ltr'><strong>esse</strong></span> <span class='ocrx_word' id='word_1_304' title='bbox 1730 3431 2019 3486; x_wconf 88' lang='lat' dir='ltr'><strong>Ecclesiam</strong></span> 
     </span>
    </p>
   </div>
   <div class='ocr_carea' id='block_1_35' title="bbox 442 3523 2021 3596">
    <p class='ocr_par' dir='ltr' id='par_1_35' title="bbox 442 3523 2021 3596">
     <span class='ocr_line' id='line_1_35' title="bbox 442 3523 2021 3596; baseline -0.004 -13"><span class='ocrx_word' id='word_1_305' title='bbox 442 3543 614 3583; x_wconf 89' lang='lat' dir='ltr'><strong>suam.</strong></span> <span class='ocrx_word' id='word_1_306' title='bbox 643 3527 776 3595; x_wconf 86' lang='lat' dir='ltr'><strong>Quid</strong></span> <span class='ocrx_word' id='word_1_307' title='bbox 801 3542 926 3596; x_wconf 89' lang='lat' dir='ltr'><strong>ergo</strong></span> <span class='ocrx_word' id='word_1_308' title='bbox 954 3525 1294 3595; x_wconf 88' lang='lat' dir='ltr'><strong>intelligimus</strong></span> <span class='ocrx_word' id='word_1_309' title='bbox 1313 3565 1327 3591; x_wconf 93' lang='lat'><strong>,</strong></span> <span class='ocrx_word' id='word_1_310' title='bbox 1360 3524 1582 3578; x_wconf 80' lang='lat' dir='ltr'><strong>fratres?</strong></span> <span class='ocrx_word' id='word_1_311' title='bbox 1612 3523 1868 3592; x_wconf 88' lang='lat' dir='ltr'><strong>Quoniam</strong></span> <span class='ocrx_word' id='word_1_312' title='bbox 1905 3537 2021 3577; x_wconf 89' lang='lat' dir='ltr'><strong>ma-</strong></span> 
     </span>
    </p>
   </div>
   <div class='ocr_carea' id='block_1_36' title="bbox 443 3617 2020 3684">
    <p class='ocr_par' dir='ltr' id='par_1_36' title="bbox 443 3617 2020 3684">
     <span class='ocr_line' id='line_1_36' title="bbox 443 3617 2020 3684; baseline -0.004 -8"><span class='ocrx_word' id='word_1_313' title='bbox 443 3622 690 3676; x_wconf 84' lang='lat' dir='ltr'><strong>nifestum</strong></span> <span class='ocrx_word' id='word_1_314' title='bbox 720 3631 821 3684; x_wconf 88' lang='lat' dir='ltr'><strong>est,</strong></span> <span class='ocrx_word' id='word_1_315' title='bbox 851 3628 903 3674; x_wconf 89' lang='lat' dir='ltr'><strong>et</strong></span> <span class='ocrx_word' id='word_1_316' title='bbox 935 3621 1182 3675; x_wconf 92' lang='lat' dir='ltr'><strong>omnibus</strong></span> <span class='ocrx_word' id='word_1_317' title='bbox 1207 3625 1409 3682; x_wconf 91' lang='lat' dir='ltr'><strong>notum,</strong></span> <span class='ocrx_word' id='word_1_318' title='bbox 1440 3626 1493 3671; x_wconf 90' lang='lat' dir='ltr'><strong>et</strong></span> <span class='ocrx_word' id='word_1_319' title='bbox 1525 3618 1568 3670; x_wconf 89' lang='lat' dir='ltr'><strong>si</strong></span> <span class='ocrx_word' id='word_1_320' title='bbox 1604 3619 1769 3671; x_wconf 92' lang='lat' dir='ltr'><strong>nolint</strong></span> <span class='ocrx_word' id='word_1_321' title='bbox 1797 3617 2020 3671; x_wconf 90' lang='lat' dir='ltr'><strong>convin-</strong></span> 
     </span>
    </p>
   </div>
   <div class='ocr_carea' id='block_1_37' title="bbox 441 3710 2024 3783">
    <p class='ocr_par' dir='ltr' id='par_1_37' title="bbox 441 3710 2024 3783">
     <span class='ocr_line' id='line_1_37' title="bbox 441 3710 2024 3783; baseline -0.004 -13"><span class='ocrx_word' id='word_1_322' title='bbox 441 3723 635 3770; x_wconf 91' lang='lat' dir='ltr'><strong>cuntur</strong></span> <span class='ocrx_word' id='word_1_323' title='bbox 659 3732 672 3767; x_wconf 91' lang='lat'><strong>:</strong></span> <span class='ocrx_word' id='word_1_324' title='bbox 695 3716 816 3783; x_wconf 87' lang='lat' dir='ltr'><strong>quia</strong></span> <span class='ocrx_word' id='word_1_325' title='bbox 841 3720 896 3769; x_wconf 89' lang='lat' dir='ltr'><strong>et</strong></span> <span class='ocrx_word' id='word_1_326' title='bbox 919 3713 990 3768; x_wconf 90' lang='lat' dir='ltr'><strong>ibi</strong></span> <span class='ocrx_word' id='word_1_327' title='bbox 1022 3711 1233 3783; x_wconf 90' lang='lat' dir='ltr'><strong>quando</strong></span> <span class='ocrx_word' id='word_1_328' title='bbox 1266 3711 1395 3767; x_wconf 90' lang='lat' dir='ltr'><strong>dant</strong></span> <span class='ocrx_word' id='word_1_329' title='bbox 1433 3711 1590 3775; x_wconf 91' lang='lat' dir='ltr'><strong>mali,</strong></span> <span class='ocrx_word' id='word_1_330' title='bbox 1624 3725 1728 3764; x_wconf 94' lang='lat' dir='ltr'><strong>non</strong></span> <span class='ocrx_word' id='word_1_331' title='bbox 1758 3719 1876 3780; x_wconf 90' lang='lat' dir='ltr'><strong>post</strong></span> <span class='ocrx_word' id='word_1_332' title='bbox 1903 3710 2024 3764; x_wconf 90' lang='lat' dir='ltr'><strong>illos</strong></span> 
     </span>
    </p>
   </div>
   <div class='ocr_carea' id='block_1_38' title="bbox 440 3803 2024 3879">
    <p class='ocr_par' dir='ltr' id='par_1_38' title="bbox 440 3803 2024 3879">
     <span class='ocr_line' id='line_1_38' title="bbox 440 3803 2024 3879; baseline -0.005 -13"><span class='ocrx_word' id='word_1_333' title='bbox 440 3809 773 3879; x_wconf 85' lang='lat' dir='ltr'><strong>baptizatur;</strong></span> <span class='ocrx_word' id='word_1_334' title='bbox 805 3818 858 3863; x_wconf 91' lang='lat' dir='ltr'><strong>et</strong></span> <span class='ocrx_word' id='word_1_335' title='bbox 887 3807 973 3862; x_wconf 89' lang='lat' dir='ltr'><strong>hic</strong></span> <span class='ocrx_word' id='word_1_336' title='bbox 999 3805 1208 3876; x_wconf 89' lang='lat' dir='ltr'><strong>quando</strong></span> <span class='ocrx_word' id='word_1_337' title='bbox 1246 3806 1374 3860; x_wconf 90' lang='lat' dir='ltr'><strong>dant</strong></span> <span class='ocrx_word' id='word_1_338' title='bbox 1413 3805 1568 3868; x_wconf 90' lang='lat' dir='ltr'><strong>mali,</strong></span> <span class='ocrx_word' id='word_1_339' title='bbox 1612 3819 1719 3858; x_wconf 89' lang='lat' dir='ltr'><strong>non</strong></span> <span class='ocrx_word' id='word_1_340' title='bbox 1759 3812 1875 3873; x_wconf 92' lang='lat' dir='ltr'><strong>post</strong></span> <span class='ocrx_word' id='word_1_341' title='bbox 1903 3803 2024 3858; x_wconf 91' lang='lat' dir='ltr'><strong>illos</strong></span> 
     </span>
    </p>
   </div>
   <div class='ocr_carea' id='block_1_39' title="bbox 442 3897 2022 3971">
    <p class='ocr_par' dir='ltr' id='par_1_39' title="bbox 442 3897 2022 3971">
     <span class='ocr_line' id='line_1_39' title="bbox 442 3897 2022 3971; baseline -0.005 -15"><span class='ocrx_word' id='word_1_342' title='bbox 442 3901 758 3971; x_wconf 71' lang='lat' dir='ltr'><strong>baptizatur.</strong></span> <span class='ocrx_word' id='word_1_343' title='bbox 788 3899 1040 3954; x_wconf 90' lang='lat' dir='ltr'><strong>Columba</strong></span> <span class='ocrx_word' id='word_1_344' title='bbox 1066 3912 1169 3952; x_wconf 91' lang='lat' dir='ltr'><strong>non</strong></span> <span class='ocrx_word' id='word_1_345' title='bbox 1197 3897 1426 3967; x_wconf 89' lang='lat' dir='ltr'><strong>baptizat</strong></span> <span class='ocrx_word' id='word_1_346' title='bbox 1466 3903 1585 3965; x_wconf 75' lang='lat' dir='ltr'><strong>post</strong></span> <span class='ocrx_word' id='word_1_347' title='bbox 1611 3910 1828 3950; x_wconf 88' lang='lat' dir='ltr'><strong>corvum</strong></span> <span class='ocrx_word' id='word_1_348' title='bbox 1857 3913 1869 3948; x_wconf 88' lang='lat'><strong>:</strong></span> <span class='ocrx_word' id='word_1_349' title='bbox 1900 3909 2022 3949; x_wconf 89' lang='lat' dir='ltr'><strong>cor-</strong></span> 
     </span>
    </p>
   </div>
   <div class='ocr_carea' id='block_1_40' title="bbox 443 3985 1658 4061">
    <p class='ocr_par' dir='ltr' id='par_1_40' title="bbox 443 3985 1658 4061">
     <span class='ocr_line' id='line_1_40' title="bbox 443 3985 1658 4061; baseline -0.002 -19"><span class='ocrx_word' id='word_1_350' title='bbox 443 4006 540 4045; x_wconf 87' lang='lat' dir='ltr'><strong>vus</strong></span> <span class='ocrx_word' id='word_1_351' title='bbox 563 4005 727 4061; x_wconf 91' lang='lat' dir='ltr'><strong>quare</strong></span> <span class='ocrx_word' id='word_1_352' title='bbox 749 3991 862 4044; x_wconf 89' lang='lat' dir='ltr'><strong>vult</strong></span> <span class='ocrx_word' id='word_1_353' title='bbox 889 3989 1154 4057; x_wconf 90' lang='lat' dir='ltr'><strong>baptizare</strong></span> <span class='ocrx_word' id='word_1_354' title='bbox 1177 3999 1299 4057; x_wconf 89' lang='lat' dir='ltr'><strong>post</strong></span> <span class='ocrx_word' id='word_1_355' title='bbox 1320 3985 1658 4041; x_wconf 89' lang='lat' dir='ltr'><strong>columbam?</strong></span> 
     </span>
    </p>
   </div>
   <div class='ocr_carea' id='block_1_41' title="bbox 518 4076 2019 4146">
    <p class='ocr_par' dir='ltr' id='par_1_41' title="bbox 518 4076 2019 4146">
     <span class='ocr_line' id='line_1_41' title="bbox 518 4076 2019 4146; baseline -0.003 -12"><span class='ocrx_word' id='word_1_356' title='bbox 518 4081 605 4134; x_wconf 80' lang='grc'><strong>15.</strong></span> <span class='ocrx_word' id='word_1_357' title='bbox 649 4079 1150 4134; x_wconf 90' lang='lat' dir='ltr'><strong>lntendatCharitas</strong></span> <span class='ocrx_word' id='word_1_358' title='bbox 1171 4087 1344 4132; x_wconf 88' lang='lat' dir='ltr'><strong>vestra</strong></span> <span class='ocrx_word' id='word_1_359' title='bbox 1375 4095 1388 4130; x_wconf 92' lang='lat'>:</span> <span class='ocrx_word' id='word_1_360' title='bbox 1419 4086 1470 4130; x_wconf 90' lang='lat' dir='ltr'><strong>et</strong></span> <span class='ocrx_word' id='word_1_361' title='bbox 1504 4091 1668 4145; x_wconf 92' lang='lat' dir='ltr'><strong>quare</strong></span> <span class='ocrx_word' id='word_1_362' title='bbox 1687 4076 2019 4146; x_wconf 87' lang='lat' dir='ltr'><strong>designatum</strong></span> 
     </span>
    </p>
   </div>
   <div class='ocr_carea' id='block_1_42' title="bbox 446 4166 2026 4238">
    <p class='ocr_par' dir='ltr' id='par_1_42' title="bbox 446 4166 2026 4238">
     <span class='ocr_line' id='line_1_42' title="bbox 446 4166 2026 4238; baseline -0.003 -11"><span class='ocrx_word' id='word_1_363' title='bbox 446 4179 529 4227; x_wconf 93' lang='lat' dir='ltr'><strong>est</strong></span> <span class='ocrx_word' id='word_1_364' title='bbox 557 4169 738 4225; x_wconf 90' lang='lat' dir='ltr'><strong>nescio</strong></span> <span class='ocrx_word' id='word_1_365' title='bbox 763 4169 886 4238; x_wconf 90' lang='lat' dir='ltr'><strong>quid</strong></span> <span class='ocrx_word' id='word_1_366' title='bbox 921 4183 1013 4238; x_wconf 88' lang='lat' dir='ltr'><strong>per</strong></span> <span class='ocrx_word' id='word_1_367' title='bbox 1045 4168 1346 4222; x_wconf 88' lang='lat' dir='ltr'><strong>columbam</strong></span> <span class='ocrx_word' id='word_1_368' title='bbox 1371 4208 1387 4233; x_wconf 90' lang='lat'><strong>,</strong></span> <span class='ocrx_word' id='word_1_369' title='bbox 1417 4176 1471 4221; x_wconf 92' lang='lat' dir='ltr'><strong>ut</strong></span> <span class='ocrx_word' id='word_1_370' title='bbox 1508 4167 1771 4238; x_wconf 81' lang='lat' dir='ltr'><strong>baptizata</strong></span> <span class='ocrx_word' id='word_1_371' title='bbox 1802 4166 2026 4222; x_wconf 87' lang='lat' dir='ltr'><strong>Domino</strong></span> 
     </span>
    </p>
   </div>
   <div class='ocr_carea' id='block_1_43' title="bbox 448 4257 2027 4330">
    <p class='ocr_par' dir='ltr' id='par_1_43' title="bbox 448 4257 2027 4330">
     <span class='ocr_line' id='line_1_43' title="bbox 448 4257 2027 4330; baseline -0.002 -13"><span class='ocrx_word' id='word_1_372' title='bbox 448 4263 654 4318; x_wconf 86' lang='lat' dir='ltr'><strong>veniret</strong></span> <span class='ocrx_word' id='word_1_373' title='bbox 695 4260 960 4326; x_wconf 89' lang='lat' dir='ltr'><strong>columba,</strong></span> <span class='ocrx_word' id='word_1_374' title='bbox 997 4260 1047 4314; x_wconf 91' lang='lat' dir='ltr'><strong>id</strong></span> <span class='ocrx_word' id='word_1_375' title='bbox 1089 4269 1189 4325; x_wconf 90' lang='lat' dir='ltr'><strong>est,</strong></span> <span class='ocrx_word' id='word_1_376' title='bbox 1232 4257 1461 4330; x_wconf 90' lang='lat' dir='ltr'><strong>Spiritus</strong></span> <span class='ocrx_word' id='word_1_377' title='bbox 1500 4270 1713 4314; x_wconf 90' lang='lat' dir='ltr'><strong>sanctus</strong></span> <span class='ocrx_word' id='word_1_378' title='bbox 1756 4260 1808 4313; x_wconf 92' lang='lat' dir='ltr'><strong>iu</strong></span> <span class='ocrx_word' id='word_1_379' title='bbox 1849 4260 2027 4329; x_wconf 88' lang='lat' dir='ltr'><strong>specie</strong></span> 
     </span>
    </p>
   </div>
   <div class='ocr_carea' id='block_1_44' title="bbox 449 4353 2028 4422">
    <p class='ocr_par' dir='ltr' id='par_1_44' title="bbox 449 4353 2028 4422">
     <span class='ocr_line' id='line_1_44' title="bbox 449 4353 2028 4422; baseline -0.001 -12"><span class='ocrx_word' id='word_1_380' title='bbox 449 4357 728 4420; x_wconf 82' lang='lat' dir='ltr'><strong>columbae,</strong></span> <span class='ocrx_word' id='word_1_381' title='bbox 758 4361 814 4408; x_wconf 89' lang='lat' dir='ltr'><strong>et</strong></span> <span class='ocrx_word' id='word_1_382' title='bbox 840 4364 1077 4407; x_wconf 85' lang='lat' dir='ltr'><strong>maneret</strong></span> <span class='ocrx_word' id='word_1_383' title='bbox 1103 4368 1262 4422; x_wconf 89' lang='lat' dir='ltr'><strong>super</strong></span> <span class='ocrx_word' id='word_1_384' title='bbox 1282 4369 1424 4420; x_wconf 91' lang='lat' dir='ltr'><strong>cum,</strong></span> <span class='ocrx_word' id='word_1_385' title='bbox 1456 4368 1576 4407; x_wconf 91' lang='lat' dir='ltr'><strong>cum</strong></span> <span class='ocrx_word' id='word_1_386' title='bbox 1603 4354 1656 4408; x_wconf 92' lang='lat' dir='ltr'><strong>in</strong></span> <span class='ocrx_word' id='word_1_387' title='bbox 1685 4353 1914 4410; x_wconf 90' lang='lat' dir='ltr'><strong>adventu</strong></span> <span class='ocrx_word' id='word_1_388' title='bbox 1938 4369 2028 4408; x_wconf 85' lang='lat' dir='ltr'><strong>co-</strong></span> 
     </span>
    </p>
   </div>
   <div class='ocr_carea' id='block_1_45' title="bbox 449 4444 2026 4515">
    <p class='ocr_par' dir='ltr' id='par_1_45' title="bbox 449 4444 2026 4515">
     <span class='ocr_line' id='line_1_45' title="bbox 449 4444 2026 4515; baseline -0.003 -11"><span class='ocrx_word' id='word_1_389' title='bbox 449 4446 644 4504; x_wconf 79' lang='lat' dir='ltr'><strong>lutubae</strong></span> <span class='ocrx_word' id='word_1_390' title='bbox 670 4445 772 4500; x_wconf 92' lang='lat' dir='ltr'><strong>hoc</strong></span> <span class='ocrx_word' id='word_1_391' title='bbox 795 4455 1140 4514; x_wconf 86' lang='lat' dir='ltr'><strong>cognosceret</strong></span> <span class='ocrx_word' id='word_1_392' title='bbox 1163 4444 1416 4509; x_wconf 85' lang='lat' dir='ltr'><strong>Joannes,</strong></span> <span class='ocrx_word' id='word_1_393' title='bbox 1447 4445 1713 4514; x_wconf 91' lang='lat' dir='ltr'><strong>pr0priam</strong></span> <span class='ocrx_word' id='word_1_394' title='bbox 1743 4445 2026 4515; x_wconf 89' lang='lat' dir='ltr'><strong>quamdam</strong></span> 
     </span>
    </p>
   </div>
   <div class='ocr_carea' id='block_1_46' title="bbox 451 4535 2028 4609">
    <p class='ocr_par' dir='ltr' id='par_1_46' title="bbox 451 4535 2028 4609">
     <span class='ocr_line' id='line_1_46' title="bbox 451 4535 2028 4609; baseline 0.001 -19"><span class='ocrx_word' id='word_1_395' title='bbox 451 4545 764 4609; x_wconf 88' lang='lat' dir='ltr'><strong>potestatem</strong></span> <span class='ocrx_word' id='word_1_396' title='bbox 788 4536 840 4590; x_wconf 92' lang='lat' dir='ltr'><strong>in</strong></span> <span class='ocrx_word' id='word_1_397' title='bbox 869 4535 1092 4590; x_wconf 88' lang='lat' dir='ltr'><strong>Domino</strong></span> <span class='ocrx_word' id='word_1_398' title='bbox 1112 4535 1178 4590; x_wconf 90' lang='lat' dir='ltr'><strong>ad</strong></span> <span class='ocrx_word' id='word_1_399' title='bbox 1199 4535 1570 4604; x_wconf 88' lang='lat' dir='ltr'><strong>haptizandum</strong></span> <span class='ocrx_word' id='word_1_400' title='bbox 1586 4536 1609 4589; x_wconf 89' lang='lat'><strong>?</strong></span> <span class='ocrx_word' id='word_1_401' title='bbox 1627 4535 1756 4602; x_wconf 88' lang='lat' dir='ltr'><strong>Quia</strong></span> <span class='ocrx_word' id='word_1_402' title='bbox 1776 4551 1870 4606; x_wconf 88' lang='lat' dir='ltr'><strong>per</strong></span> <span class='ocrx_word' id='word_1_403' title='bbox 1891 4537 2028 4592; x_wconf 88' lang='lat' dir='ltr'><strong>hanc</strong></span> 
     </span>
    </p>
   </div>
   <div class='ocr_carea' id='block_1_47' title="bbox 453 4626 2030 4698">
    <p class='ocr_par' dir='ltr' id='par_1_47' title="bbox 453 4626 2030 4698">
     <span class='ocr_line' id='line_1_47' title="bbox 453 4626 2030 4698; baseline 0.001 -17"><span class='ocrx_word' id='word_1_404' title='bbox 453 4629 719 4698; x_wconf 85' lang='lat' dir='ltr'><strong>propriam</strong></span> <span class='ocrx_word' id='word_1_405' title='bbox 750 4635 1087 4696; x_wconf 89' lang='lat' dir='ltr'><strong>potestatem,</strong></span> <span class='ocrx_word' id='word_1_406' title='bbox 1110 4627 1246 4681; x_wconf 88' lang='lat' dir='ltr'><strong>sicut</strong></span> <span class='ocrx_word' id='word_1_407' title='bbox 1264 4626 1389 4690; x_wconf 76' lang='lat' dir='ltr'><strong>dixi,</strong></span> <span class='ocrx_word' id='word_1_408' title='bbox 1417 4641 1518 4696; x_wconf 83' lang='lat' dir='ltr'><strong>pax</strong></span> <span class='ocrx_word' id='word_1_409' title='bbox 1547 4627 1795 4682; x_wconf 68' lang='lat' dir='ltr'><strong>Ecclesiae</strong></span> <span class='ocrx_word' id='word_1_410' title='bbox 1822 4627 2030 4682; x_wconf 86' lang='lat' dir='ltr'><strong>firmata</strong></span> 
     </span>
    </p>
   </div>
   <div class='ocr_carea' id='block_1_48' title="bbox 450 4719 2029 4792">
    <p class='ocr_par' dir='ltr' id='par_1_48' title="bbox 450 4719 2029 4792">
     <span class='ocr_line' id='line_1_48' title="bbox 450 4719 2029 4792; baseline -0.003 -11"><span class='ocrx_word' id='word_1_411' title='bbox 450 4731 550 4781; x_wconf 89' lang='lat' dir='ltr'><strong>est.</strong></span> <span class='ocrx_word' id='word_1_412' title='bbox 582 4721 651 4775; x_wconf 89' lang='lat' dir='ltr'><strong>Et</strong></span> <span class='ocrx_word' id='word_1_413' title='bbox 679 4729 852 4790; x_wconf 90' lang='lat' dir='ltr'><strong>potest</strong></span> <span class='ocrx_word' id='word_1_414' title='bbox 877 4721 988 4775; x_wconf 87' lang='lat' dir='ltr'><strong>ï¬eri</strong></span> <span class='ocrx_word' id='word_1_415' title='bbox 1016 4730 1074 4774; x_wconf 93' lang='lat' dir='ltr'><strong>ut</strong></span> <span class='ocrx_word' id='word_1_416' title='bbox 1099 4719 1288 4776; x_wconf 87' lang='lat' dir='ltr'><strong>habeat</strong></span> <span class='ocrx_word' id='word_1_417' title='bbox 1314 4721 1501 4791; x_wconf 82' lang='lat' dir='ltr'><strong>aliquis</strong></span> <span class='ocrx_word' id='word_1_418' title='bbox 1539 4721 1862 4792; x_wconf 89' lang='lat' dir='ltr'><strong>Baptismum</strong></span> <span class='ocrx_word' id='word_1_419' title='bbox 1895 4736 2029 4791; x_wconf 67' lang='lat' dir='ltr'><strong>pra:-</strong></span> 
     </span>
    </p>
   </div>
   <div class='ocr_carea' id='block_1_49' title="bbox 454 4811 2032 4882">
    <p class='ocr_par' dir='ltr' id='par_1_49' title="bbox 454 4811 2032 4882">
     <span class='ocr_line' id='line_1_49' title="bbox 454 4811 2032 4882; baseline 0 -15"><span class='ocrx_word' id='word_1_420' title='bbox 454 4822 532 4867; x_wconf 92' lang='lat' dir='ltr'><strong>ter</strong></span> <span class='ocrx_word' id='word_1_421' title='bbox 561 4811 860 4866; x_wconf 89' lang='lat' dir='ltr'><strong>columbam</strong></span> <span class='ocrx_word' id='word_1_422' title='bbox 890 4827 903 4864; x_wconf 95' lang='lat'>:</span> <span class='ocrx_word' id='word_1_423' title='bbox 933 4819 989 4864; x_wconf 93' lang='lat' dir='ltr'><strong>ut</strong></span> <span class='ocrx_word' id='word_1_424' title='bbox 1015 4811 1182 4881; x_wconf 90' lang='lat' dir='ltr'><strong>prosit</strong></span> <span class='ocrx_word' id='word_1_425' title='bbox 1207 4811 1256 4866; x_wconf 92' lang='lat' dir='ltr'><strong>ei</strong></span> <span class='ocrx_word' id='word_1_426' title='bbox 1283 4811 1576 4881; x_wconf 83' lang='lat' dir='ltr'><strong>Baptismus</strong></span> <span class='ocrx_word' id='word_1_427' title='bbox 1610 4822 1800 4882; x_wconf 66' lang='lat' dir='ltr'><strong>praeter</strong></span> <span class='ocrx_word' id='word_1_428' title='bbox 1826 4813 2032 4868; x_wconf 88' lang='lat' dir='ltr'><strong>colum-</strong></span> 
     </span>
    </p>
   </div>
   <div class='ocr_carea' id='block_1_50' title="bbox 452 4900 2028 4972">
    <p class='ocr_par' dir='ltr' id='par_1_50' title="bbox 452 4900 2028 4972">
     <span class='ocr_line' id='line_1_50' title="bbox 452 4900 2028 4972; baseline 0.001 -14"><span class='ocrx_word' id='word_1_429' title='bbox 452 4903 572 4958; x_wconf 85' lang='lat' dir='ltr'><strong>bam</strong></span> <span class='ocrx_word' id='word_1_430' title='bbox 598 4944 612 4969; x_wconf 95' lang='lat'><strong>,</strong></span> <span class='ocrx_word' id='word_1_431' title='bbox 645 4916 748 4956; x_wconf 93' lang='lat' dir='ltr'><strong>non</strong></span> <span class='ocrx_word' id='word_1_432' title='bbox 777 4910 967 4972; x_wconf 88' lang='lat' dir='ltr'><strong>potest.</strong></span> <span class='ocrx_word' id='word_1_433' title='bbox 996 4900 1237 4956; x_wconf 88' lang='lat' dir='ltr'><strong>Intendat</strong></span> <span class='ocrx_word' id='word_1_434' title='bbox 1269 4901 1510 4956; x_wconf 86' lang='lat' dir='ltr'><strong>Charitas</strong></span> <span class='ocrx_word' id='word_1_435' title='bbox 1540 4910 1716 4956; x_wconf 90' lang='lat' dir='ltr'><strong>vestra</strong></span> <span class='ocrx_word' id='word_1_436' title='bbox 1739 4946 1754 4970; x_wconf 94' lang='lat'><strong>,</strong></span> <span class='ocrx_word' id='word_1_437' title='bbox 1785 4912 1840 4958; x_wconf 91' lang='lat' dir='ltr'><strong>et</strong></span> <span class='ocrx_word' id='word_1_438' title='bbox 1867 4903 2028 4959; x_wconf 90' lang='lat' dir='ltr'><strong>intel-</strong></span> 
     </span>
    </p>
   </div>
   <div class='ocr_carea' id='block_1_51' title="bbox 453 4991 2031 5066">
    <p class='ocr_par' dir='ltr' id='par_1_51' title="bbox 453 4991 2031 5066">
     <span class='ocr_line' id='line_1_51' title="bbox 453 4991 2031 5066; baseline 0.001 -18"><span class='ocrx_word' id='word_1_439' title='bbox 453 4995 578 5065; x_wconf 89' lang='lat' dir='ltr'><strong>ligat</strong></span> <span class='ocrx_word' id='word_1_440' title='bbox 611 4992 752 5063; x_wconf 91' lang='lat' dir='ltr'><strong>quod</strong></span> <span class='ocrx_word' id='word_1_441' title='bbox 785 4991 904 5047; x_wconf 93' lang='lat' dir='ltr'><strong>dico</strong></span> <span class='ocrx_word' id='word_1_442' title='bbox 945 5009 959 5046; x_wconf 90' lang='lat'><strong>:</strong></span> <span class='ocrx_word' id='word_1_443' title='bbox 1002 5006 1124 5046; x_wconf 90' lang='lat' dir='ltr'><strong>nam</strong></span> <span class='ocrx_word' id='word_1_444' title='bbox 1161 5001 1216 5047; x_wconf 93' lang='lat' dir='ltr'><strong>et</strong></span> <span class='ocrx_word' id='word_1_445' title='bbox 1253 4993 1354 5046; x_wconf 91' lang='lat' dir='ltr'><strong>ista</strong></span> <span class='ocrx_word' id='word_1_446' title='bbox 1397 4993 1850 5050; x_wconf 88' lang='lat' dir='ltr'><strong>circumventione</strong></span> <span class='ocrx_word' id='word_1_447' title='bbox 1887 5009 2031 5066; x_wconf 64' lang='lat' dir='ltr'><strong>saepe</strong></span> 
     </span>
    </p>
   </div>
   <div class='ocr_carea' id='block_1_52' title="bbox 451 5085 2026 5157">
    <p class='ocr_par' dir='ltr' id='par_1_52' title="bbox 451 5085 2026 5157">
     <span class='ocr_line' id='line_1_52' title="bbox 451 5085 2026 5157; baseline -0.001 -15"><span class='ocrx_word' id='word_1_448' title='bbox 451 5086 713 5142; x_wconf 75' lang='lat' dir='ltr'><strong>seducunt</strong></span> <span class='ocrx_word' id='word_1_449' title='bbox 749 5085 939 5140; x_wconf 88' lang='lat' dir='ltr'><strong>fratres</strong></span> <span class='ocrx_word' id='word_1_450' title='bbox 987 5091 1201 5139; x_wconf 89' lang='lat' dir='ltr'><strong>nostros</strong></span> <span class='ocrx_word' id='word_1_451' title='bbox 1244 5085 1332 5154; x_wconf 92' lang='lat' dir='ltr'><strong>qui</strong></span> <span class='ocrx_word' id='word_1_452' title='bbox 1383 5085 1516 5155; x_wconf 89' lang='lat' dir='ltr'><strong>pigri</strong></span> <span class='ocrx_word' id='word_1_453' title='bbox 1563 5093 1616 5140; x_wconf 93' lang='lat' dir='ltr'><strong>et</strong></span> <span class='ocrx_word' id='word_1_454' title='bbox 1665 5085 1836 5157; x_wconf 85' lang='lat' dir='ltr'><strong>frigidi</strong></span> <span class='ocrx_word' id='word_1_455' title='bbox 1884 5095 2026 5141; x_wconf 92' lang='lat' dir='ltr'><strong>sunt.</strong></span> 
     </span>
    </p>
   </div>
   <div class='ocr_carea' id='block_1_53' title="bbox 452 5174 2028 5249">
    <p class='ocr_par' dir='ltr' id='par_1_53' title="bbox 452 5174 2028 5249">
     <span class='ocr_line' id='line_1_53' title="bbox 452 5174 2028 5249; baseline -0.001 -15"><span class='ocrx_word' id='word_1_456' title='bbox 452 5177 630 5236; x_wconf 85' lang='lat' dir='ltr'><strong>Simus</strong></span> <span class='ocrx_word' id='word_1_457' title='bbox 673 5177 1021 5249; x_wconf 90' lang='lat' dir='ltr'><strong>simpliciores</strong></span> <span class='ocrx_word' id='word_1_458' title='bbox 1053 5185 1108 5232; x_wconf 90' lang='lat' dir='ltr'><strong>et</strong></span> <span class='ocrx_word' id='word_1_459' title='bbox 1143 5174 1509 5232; x_wconf 88' lang='lat' dir='ltr'><strong>ferventiores.</strong></span> <span class='ocrx_word' id='word_1_460' title='bbox 1543 5177 1680 5233; x_wconf 85' lang='lat' dir='ltr'><strong>Ecce</strong></span> <span class='ocrx_word' id='word_1_461' title='bbox 1703 5219 1720 5245; x_wconf 93' lang='lat'><strong>,</strong></span> <span class='ocrx_word' id='word_1_462' title='bbox 1749 5179 2028 5248; x_wconf 88' lang='lat' dir='ltr'><strong>inquiunt,</strong></span> 
     </span>
    </p>
   </div>
   <div class='ocr_carea' id='block_1_54' title="bbox 456 5269 2028 5344">
    <p class='ocr_par' dir='ltr' id='par_1_54' title="bbox 456 5269 2028 5344">
     <span class='ocr_line' id='line_1_54' title="bbox 456 5269 2028 5344; baseline -0.001 -17"><span class='ocrx_word' id='word_1_463' title='bbox 456 5287 559 5344; x_wconf 85' lang='lat' dir='ltr'><strong>ego</strong></span> <span class='ocrx_word' id='word_1_464' title='bbox 598 5271 798 5341; x_wconf 87' lang='lat' dir='ltr'><strong>accepi,</strong></span> <span class='ocrx_word' id='word_1_465' title='bbox 843 5286 909 5325; x_wconf 90' lang='lat' dir='ltr'><strong>an</strong></span> <span class='ocrx_word' id='word_1_466' title='bbox 939 5285 1047 5325; x_wconf 92' lang='lat' dir='ltr'><strong>non</strong></span> <span class='ocrx_word' id='word_1_467' title='bbox 1099 5269 1320 5340; x_wconf 87' lang='lat' dir='ltr'><strong>accepi?</strong></span> <span class='ocrx_word' id='word_1_468' title='bbox 1361 5269 1698 5340; x_wconf 78' lang='lat' dir='ltr'><strong>Respondco,</strong></span> <span class='ocrx_word' id='word_1_469' title='bbox 1741 5271 2028 5341; x_wconf 88' lang='lat' dir='ltr'><strong>Accepisti.</strong></span> 
     </span>
    </p>
   </div>
   <div class='ocr_carea' id='block_1_55' title="bbox 453 5363 2029 5439">
    <p class='ocr_par' dir='ltr' id='par_1_55' title="bbox 453 5363 2029 5439">
     <span class='ocr_line' id='line_1_55' title="bbox 453 5363 2029 5439; baseline -0.003 -15"><span class='ocrx_word' id='word_1_470' title='bbox 453 5365 510 5424; x_wconf 83' lang='lat' dir='ltr'><strong>Si</strong></span> <span class='ocrx_word' id='word_1_471' title='bbox 539 5381 668 5439; x_wconf 87' lang='lat' dir='ltr'><strong>ergo</strong></span> <span class='ocrx_word' id='word_1_472' title='bbox 694 5367 894 5437; x_wconf 90' lang='lat' dir='ltr'><strong>accepi,</strong></span> <span class='ocrx_word' id='word_1_473' title='bbox 922 5380 1028 5420; x_wconf 93' lang='lat' dir='ltr'><strong>non</strong></span> <span class='ocrx_word' id='word_1_474' title='bbox 1056 5374 1140 5420; x_wconf 91' lang='lat' dir='ltr'><strong>est</strong></span> <span class='ocrx_word' id='word_1_475' title='bbox 1166 5363 1305 5435; x_wconf 86' lang='lat' dir='ltr'><strong>quod</strong></span> <span class='ocrx_word' id='word_1_476' title='bbox 1339 5363 1466 5417; x_wconf 93' lang='lat' dir='ltr'><strong>mihi</strong></span> <span class='ocrx_word' id='word_1_477' title='bbox 1493 5364 1617 5429; x_wconf 81' lang='lat' dir='ltr'><strong>des;</strong></span> <span class='ocrx_word' id='word_1_478' title='bbox 1640 5379 1857 5419; x_wconf 88' lang='lat' dir='ltr'><strong>securus</strong></span> <span class='ocrx_word' id='word_1_479' title='bbox 1890 5379 2029 5433; x_wconf 89' lang='lat' dir='ltr'><strong>sum,</strong></span> 
     </span>
    </p>
   </div>
   <div class='ocr_carea' id='block_1_56' title="bbox 454 5453 2028 5528">
    <p class='ocr_par' dir='ltr' id='par_1_56' title="bbox 454 5453 2028 5528">
     <span class='ocr_line' id='line_1_56' title="bbox 454 5453 2028 5528; baseline -0.001 -12"><span class='ocrx_word' id='word_1_480' title='bbox 454 5461 617 5516; x_wconf 86' lang='lat' dir='ltr'><strong>etiam</strong></span> <span class='ocrx_word' id='word_1_481' title='bbox 637 5458 938 5516; x_wconf 89' lang='lat' dir='ltr'><strong>testimonio</strong></span> <span class='ocrx_word' id='word_1_482' title='bbox 962 5467 1052 5513; x_wconf 90' lang='lat' dir='ltr'><strong>tuo</strong></span> <span class='ocrx_word' id='word_1_483' title='bbox 1075 5475 1089 5512; x_wconf 88' lang='lat'><strong>:</strong></span> <span class='ocrx_word' id='word_1_484' title='bbox 1110 5464 1164 5513; x_wconf 90' lang='lat' dir='ltr'><strong>et</strong></span> <span class='ocrx_word' id='word_1_485' title='bbox 1183 5471 1282 5528; x_wconf 86' lang='lat' dir='ltr'><strong>ego</strong></span> <span class='ocrx_word' id='word_1_486' title='bbox 1305 5457 1445 5510; x_wconf 91' lang='lat' dir='ltr'><strong>enim</strong></span> <span class='ocrx_word' id='word_1_487' title='bbox 1477 5471 1560 5511; x_wconf 90' lang='lat' dir='ltr'><strong>me</strong></span> <span class='ocrx_word' id='word_1_488' title='bbox 1590 5453 1709 5512; x_wconf 91' lang='lat' dir='ltr'><strong>dico</strong></span> <span class='ocrx_word' id='word_1_489' title='bbox 1738 5457 2028 5528; x_wconf 78' lang='lat' dir='ltr'><strong>accepisse,</strong></span> 
     </span>
    </p>
   </div>
   <div class='ocr_carea' id='block_1_57' title="bbox 457 5547 2032 5620">
    <p class='ocr_par' dir='ltr' id='par_1_57' title="bbox 457 5547 2032 5620">
     <span class='ocr_line' id='line_1_57' title="bbox 457 5547 2032 5620; baseline 0 -13"><span class='ocrx_word' id='word_1_490' title='bbox 457 5560 514 5608; x_wconf 89' lang='lat' dir='ltr'><strong>et</strong></span> <span class='ocrx_word' id='word_1_491' title='bbox 523 5561 579 5606; x_wconf 90' lang='lat' dir='ltr'><strong>tu</strong></span> <span class='ocrx_word' id='word_1_492' title='bbox 601 5565 686 5606; x_wconf 91' lang='lat' dir='ltr'><strong>me</strong></span> <span class='ocrx_word' id='word_1_493' title='bbox 702 5549 880 5605; x_wconf 88' lang='lat' dir='ltr'><strong>fateris</strong></span> <span class='ocrx_word' id='word_1_494' title='bbox 893 5549 1192 5620; x_wconf 83' lang='lat' dir='ltr'><strong>accepisse;</strong></span> <span class='ocrx_word' id='word_1_495' title='bbox 1213 5548 1483 5617; x_wconf 88' lang='lat' dir='ltr'><strong>utriusque</strong></span> <span class='ocrx_word' id='word_1_496' title='bbox 1501 5547 1674 5618; x_wconf 90' lang='lat' dir='ltr'><strong>lingua</strong></span> <span class='ocrx_word' id='word_1_497' title='bbox 1691 5563 1933 5604; x_wconf 89' lang='lat' dir='ltr'><strong>securum</strong></span> <span class='ocrx_word' id='word_1_498' title='bbox 1949 5566 2032 5607; x_wconf 93' lang='lat' dir='ltr'><strong>me</strong></span> 
     </span>
    </p>
   </div>
   <div class='ocr_carea' id='block_1_58' title="bbox 461 5639 2034 5714">
    <p class='ocr_par' dir='ltr' id='par_1_58' title="bbox 461 5639 2034 5714">
     <span class='ocr_line' id='line_1_58' title="bbox 461 5639 2034 5714; baseline -0.003 -16"><span class='ocrx_word' id='word_1_499' title='bbox 461 5643 586 5699; x_wconf 89' lang='lat' dir='ltr'><strong>facit</strong></span> <span class='ocrx_word' id='word_1_500' title='bbox 613 5660 626 5698; x_wconf 87' lang='lat'><strong>:</strong></span> <span class='ocrx_word' id='word_1_501' title='bbox 653 5642 777 5714; x_wconf 91' lang='lat' dir='ltr'><strong>quid</strong></span> <span class='ocrx_word' id='word_1_502' title='bbox 799 5657 927 5713; x_wconf 92' lang='lat' dir='ltr'><strong>ergo</strong></span> <span class='ocrx_word' id='word_1_503' title='bbox 944 5642 1069 5696; x_wconf 90' lang='lat' dir='ltr'><strong>mihi</strong></span> <span class='ocrx_word' id='word_1_504' title='bbox 1088 5639 1388 5710; x_wconf 81' lang='lat' dir='ltr'><strong>promittis?</strong></span> <span class='ocrx_word' id='word_1_505' title='bbox 1417 5653 1580 5708; x_wconf 91' lang='lat' dir='ltr'><strong>quare</strong></span> <span class='ocrx_word' id='word_1_506' title='bbox 1601 5654 1686 5694; x_wconf 93' lang='lat' dir='ltr'><strong>me</strong></span> <span class='ocrx_word' id='word_1_507' title='bbox 1705 5639 1784 5693; x_wconf 89' lang='lat' dir='ltr'><strong>vis</strong></span> <span class='ocrx_word' id='word_1_508' title='bbox 1809 5640 2034 5694; x_wconf 83' lang='lat' dir='ltr'><strong>catholi-</strong></span> 
     </span>
    </p>
   </div>
   <div class='ocr_carea' id='block_1_59' title="bbox 460 5730 2032 5805">
    <p class='ocr_par' dir='ltr' id='par_1_59' title="bbox 460 5730 2032 5805">
     <span class='ocr_line' id='line_1_59' title="bbox 460 5730 2032 5805; baseline -0.001 -15"><span class='ocrx_word' id='word_1_509' title='bbox 460 5755 578 5793; x_wconf 80' lang='lat' dir='ltr'><strong>t&#39;tttn</strong></span> <span class='ocrx_word' id='word_1_510' title='bbox 596 5738 787 5802; x_wconf 86' lang='lat' dir='ltr'><strong>facere,</strong></span> <span class='ocrx_word' id='word_1_511' title='bbox 802 5735 1011 5805; x_wconf 84' lang='lat' dir='ltr'><strong>quando</strong></span> <span class='ocrx_word' id='word_1_512' title='bbox 1022 5748 1125 5788; x_wconf 94' lang='lat' dir='ltr'><strong>non</strong></span> <span class='ocrx_word' id='word_1_513' title='bbox 1139 5733 1264 5786; x_wconf 93' lang='lat' dir='ltr'><strong>mihi</strong></span> <span class='ocrx_word' id='word_1_514' title='bbox 1280 5730 1476 5802; x_wconf 90' lang='lat' dir='ltr'><strong>aliquid</strong></span> <span class='ocrx_word' id='word_1_515' title='bbox 1487 5731 1705 5787; x_wconf 88' lang='lat' dir='ltr'><strong>daturus</strong></span> <span class='ocrx_word' id='word_1_516' title='bbox 1717 5748 1776 5788; x_wconf 90' lang='lat' dir='ltr'><strong>es</strong></span> <span class='ocrx_word' id='word_1_517' title='bbox 1787 5734 2032 5802; x_wconf 90' lang='lat' dir='ltr'><strong>amplius,</strong></span> 
     </span>
    </p>
   </div>
   <div class='ocr_carea' id='block_1_60' title="bbox 461 5822 2034 5897">
    <p class='ocr_par' dir='ltr' id='par_1_60' title="bbox 461 5822 2034 5897">
     <span class='ocr_line' id='line_1_60' title="bbox 461 5822 2034 5897; baseline 0 -15"><span class='ocrx_word' id='word_1_518' title='bbox 461 5841 510 5884; x_wconf 77' lang='lat' dir='ltr'><strong>et</strong></span> <span class='ocrx_word' id='word_1_519' title='bbox 541 5849 622 5885; x_wconf 86' lang='lat' dir='ltr'><strong>me</strong></span> <span class='ocrx_word' id='word_1_520' title='bbox 635 5831 746 5897; x_wconf 86' lang='lat' dir='ltr'><strong>jam</strong></span> <span class='ocrx_word' id='word_1_521' title='bbox 775 5827 1043 5896; x_wconf 86' lang='lat' dir='ltr'><strong>accepisse</strong></span> <span class='ocrx_word' id='word_1_522' title='bbox 1067 5823 1248 5881; x_wconf 88' lang='lat' dir='ltr'><strong>fateris</strong></span> <span class='ocrx_word' id='word_1_523' title='bbox 1273 5822 1415 5891; x_wconf 89' lang='lat' dir='ltr'><strong>quod</strong></span> <span class='ocrx_word' id='word_1_524' title='bbox 1439 5833 1488 5879; x_wconf 85' lang='lat' dir='ltr'><strong>te</strong></span> <span class='ocrx_word' id='word_1_525' title='bbox 1513 5823 1709 5881; x_wconf 89' lang='lat' dir='ltr'><strong>habere</strong></span> <span class='ocrx_word' id='word_1_526' title='bbox 1733 5823 1898 5879; x_wconf 88' lang='lat' dir='ltr'><strong>dicis?</strong></span> <span class='ocrx_word' id='word_1_527' title='bbox 1921 5824 2034 5895; x_wconf 77' lang='lat' dir='ltr'><strong>Ego</strong></span> 
     </span>
    </p>
   </div>
   <div class='ocr_carea' id='block_1_61' title="bbox 1424 354 2784 426">
    <p class='ocr_par' dir='ltr' id='par_1_61' title="bbox 1424 354 2784 426">
     <span class='ocr_line' id='line_1_61' title="bbox 1424 354 2784 426; baseline -0.004 -1"><span class='ocrx_word' id='word_1_528' title='bbox 1424 366 1493 425; x_wconf 85' lang='lat' dir='ltr'><strong>IN</strong></span> <span class='ocrx_word' id='word_1_529' title='bbox 1526 361 1800 424; x_wconf 76' lang='lat' dir='ltr'><strong>JOANNIS</strong></span> <span class='ocrx_word' id='word_1_530' title='bbox 1833 354 2299 426; x_wconf 81' lang='lat' dir='ltr'><strong>EVANGELIUM,</strong></span> <span class='ocrx_word' id='word_1_531' title='bbox 2339 360 2398 417; x_wconf 95' lang='lat' dir='ltr'><strong>S.</strong></span> <span class='ocrx_word' id='word_1_532' title='bbox 2420 357 2784 420; x_wconf 73' lang='lat' dir='ltr'><strong>AUGUSTINI</strong></span> 
     </span>
    </p>
   </div>
   <div class='ocr_carea' id='block_1_62' title="bbox 3572 365 3704 423">
    <p class='ocr_par' dir='ltr' id='par_1_62' title="bbox 3572 365 3704 423">
     <span class='ocr_line' id='line_1_62' title="bbox 3572 365 3704 423; baseline 0.023 -3"><span class='ocrx_word' id='word_1_533' title='bbox 3572 365 3704 423; x_wconf 65' lang='grc' dir='ltr'><strong>Î·Î´Îµ</strong></span> 
     </span>
    </p>
   </div>
   <div class='ocr_carea' id='block_1_63' title="bbox 2125 477 3698 552">
    <p class='ocr_par' dir='ltr' id='par_1_63' title="bbox 2125 477 3698 552">
     <span class='ocr_line' id='line_1_63' title="bbox 2125 477 3698 552; baseline 0.007 -22"><span class='ocrx_word' id='word_1_534' title='bbox 2125 483 2300 532; x_wconf 88' lang='lat' dir='ltr'><strong>autem</strong></span> <span class='ocrx_word' id='word_1_535' title='bbox 2328 477 2539 548; x_wconf 90' lang='lat' dir='ltr'><strong>quando</strong></span> <span class='ocrx_word' id='word_1_536' title='bbox 2563 478 2702 546; x_wconf 92' lang='lat' dir='ltr'><strong>dico,</strong></span> <span class='ocrx_word' id='word_1_537' title='bbox 2723 479 2860 536; x_wconf 86' lang='lat' dir='ltr'><strong>Veni</strong></span> <span class='ocrx_word' id='word_1_538' title='bbox 2885 479 2951 537; x_wconf 91' lang='lat' dir='ltr'><strong>ad</strong></span> <span class='ocrx_word' id='word_1_539' title='bbox 2971 494 3077 550; x_wconf 86' lang='lat' dir='ltr'><strong>me,</strong></span> <span class='ocrx_word' id='word_1_540' title='bbox 3104 479 3226 537; x_wconf 86' lang='lat' dir='ltr'><strong>dico</strong></span> <span class='ocrx_word' id='word_1_541' title='bbox 3249 481 3373 552; x_wconf 90' lang='lat' dir='ltr'><strong>quia</strong></span> <span class='ocrx_word' id='word_1_542' title='bbox 3401 496 3507 538; x_wconf 91' lang='lat' dir='ltr'><strong>non</strong></span> <span class='ocrx_word' id='word_1_543' title='bbox 3531 481 3698 540; x_wconf 83' lang='lat' dir='ltr'><strong>habes</strong></span> 
     </span>
    </p>
   </div>
   <div class='ocr_carea' id='block_1_64' title="bbox 2127 570 3702 645">
    <p class='ocr_par' dir='ltr' id='par_1_64' title="bbox 2127 570 3702 645">
     <span class='ocr_line' id='line_1_64' title="bbox 2127 570 3702 645; baseline 0.006 -23"><span class='ocrx_word' id='word_1_544' title='bbox 2127 577 2182 622; x_wconf 93' lang='lat' dir='ltr'><strong>tu</strong></span> <span class='ocrx_word' id='word_1_545' title='bbox 2209 610 2224 636; x_wconf 94' lang='lat'><strong>,</strong></span> <span class='ocrx_word' id='word_1_546' title='bbox 2282 571 2370 642; x_wconf 92' lang='lat' dir='ltr'><strong>qui</strong></span> <span class='ocrx_word' id='word_1_547' title='bbox 2420 570 2600 626; x_wconf 87' lang='lat' dir='ltr'><strong>fateris</strong></span> <span class='ocrx_word' id='word_1_548' title='bbox 2649 573 2771 644; x_wconf 88' lang='lat' dir='ltr'><strong>quia</strong></span> <span class='ocrx_word' id='word_1_549' title='bbox 2821 573 2991 630; x_wconf 88' lang='lat' dir='ltr'><strong>habeo</strong></span> <span class='ocrx_word' id='word_1_550' title='bbox 3051 592 3064 629; x_wconf 92' lang='lat'><strong>:</strong></span> <span class='ocrx_word' id='word_1_551' title='bbox 3117 589 3281 645; x_wconf 90' lang='lat' dir='ltr'><strong>quare</strong></span> <span class='ocrx_word' id='word_1_552' title='bbox 3333 574 3466 631; x_wconf 92' lang='lat' dir='ltr'><strong>dicis</strong></span> <span class='ocrx_word' id='word_1_553' title='bbox 3493 617 3510 645; x_wconf 95' lang='lat'><strong>,</strong></span> <span class='ocrx_word' id='word_1_554' title='bbox 3565 576 3702 632; x_wconf 87' lang='lat' dir='ltr'><strong>Veni</strong></span> 
     </span>
    </p>
   </div>
   <div class='ocr_carea' id='block_1_65' title="bbox 2125 660 2345 718">
    <p class='ocr_par' dir='ltr' id='par_1_65' title="bbox 2125 660 2345 718">
     <span class='ocr_line' id='line_1_65' title="bbox 2125 660 2345 718; baseline 0.018 -4"><span class='ocrx_word' id='word_1_555' title='bbox 2125 660 2191 715; x_wconf 91' lang='lat' dir='ltr'><strong>ad</strong></span> <span class='ocrx_word' id='word_1_556' title='bbox 2223 662 2345 718; x_wconf 81' lang='lat' dir='ltr'><strong>me?</strong></span> 
     </span>
    </p>
   </div>
   <div class='ocr_carea' id='block_1_66' title="bbox 2198 756 3696 833">
    <p class='ocr_par' dir='ltr' id='par_1_66' title="bbox 2198 756 3696 833">
     <span class='ocr_line' id='line_1_66' title="bbox 2198 756 3696 833; baseline 0.007 -23"><span class='ocrx_word' id='word_1_557' title='bbox 2198 756 2285 811; x_wconf 66' lang='grc'><strong>14.</strong></span> <span class='ocrx_word' id='word_1_558' title='bbox 2329 756 2494 813; x_wconf 85' lang='lat' dir='ltr'><strong>Docet</strong></span> <span class='ocrx_word' id='word_1_559' title='bbox 2519 773 2616 814; x_wconf 84' lang='lat' dir='ltr'><strong>nos</strong></span> <span class='ocrx_word' id='word_1_560' title='bbox 2638 760 2904 815; x_wconf 91' lang='lat' dir='ltr'><strong>columba.</strong></span> <span class='ocrx_word' id='word_1_561' title='bbox 2932 760 3238 832; x_wconf 86' lang='lat' dir='ltr'><strong>Respondet</strong></span> <span class='ocrx_word' id='word_1_562' title='bbox 3259 762 3400 817; x_wconf 89' lang='lat' dir='ltr'><strong>enim</strong></span> <span class='ocrx_word' id='word_1_563' title='bbox 3431 761 3497 818; x_wconf 92' lang='lat' dir='ltr'><strong>de</strong></span> <span class='ocrx_word' id='word_1_564' title='bbox 3520 765 3696 833; x_wconf 85' lang='lat' dir='ltr'><strong>capite</strong></span> 
     </span>
    </p>
   </div>
   <div class='ocr_carea' id='block_1_67' title="bbox 2125 847 3704 923">
    <p class='ocr_par' dir='ltr' id='par_1_67' title="bbox 2125 847 3704 923">
     <span class='ocr_line' id='line_1_67' title="bbox 2125 847 3704 923; baseline 0.008 -21"><span class='ocrx_word' id='word_1_565' title='bbox 2125 847 2366 918; x_wconf 90' lang='lat' dir='ltr'><strong>Domini,</strong></span> <span class='ocrx_word' id='word_1_566' title='bbox 2397 859 2450 906; x_wconf 92' lang='lat' dir='ltr'><strong>et</strong></span> <span class='ocrx_word' id='word_1_567' title='bbox 2474 851 2600 907; x_wconf 89' lang='lat' dir='ltr'><strong>dicit</strong></span> <span class='ocrx_word' id='word_1_568' title='bbox 2631 871 2645 906; x_wconf 86' lang='lat'><strong>:</strong></span> <span class='ocrx_word' id='word_1_569' title='bbox 2679 853 3002 923; x_wconf 88' lang='lat' dir='ltr'><strong>Baptismum</strong></span> <span class='ocrx_word' id='word_1_570' title='bbox 3033 854 3195 910; x_wconf 90' lang='lat' dir='ltr'><strong>habes</strong></span> <span class='ocrx_word' id='word_1_571' title='bbox 3215 898 3230 923; x_wconf 96' lang='lat'><strong>,</strong></span> <span class='ocrx_word' id='word_1_572' title='bbox 3259 856 3572 912; x_wconf 90' lang='lat' dir='ltr'><strong>cbaritatem</strong></span> <span class='ocrx_word' id='word_1_573' title='bbox 3606 874 3704 914; x_wconf 80' lang='lat' dir='ltr'><strong>au-</strong></span> 
     </span>
    </p>
   </div>
   <div class='ocr_carea' id='block_1_68' title="bbox 2125 945 3702 1020">
    <p class='ocr_par' dir='ltr' id='par_1_68' title="bbox 2125 945 3702 1020">
     <span class='ocr_line' id='line_1_68' title="bbox 2125 945 3702 1020; baseline 0.006 -24"><span class='ocrx_word' id='word_1_574' title='bbox 2125 947 2231 996; x_wconf 88' lang='lat' dir='ltr'><strong>tem</strong></span> <span class='ocrx_word' id='word_1_575' title='bbox 2257 958 2358 1012; x_wconf 91' lang='lat' dir='ltr'><strong>qua</strong></span> <span class='ocrx_word' id='word_1_576' title='bbox 2383 958 2536 1014; x_wconf 88' lang='lat' dir='ltr'><strong>gemo</strong></span> <span class='ocrx_word' id='word_1_577' title='bbox 2562 959 2665 1000; x_wconf 91' lang='lat' dir='ltr'><strong>non</strong></span> <span class='ocrx_word' id='word_1_578' title='bbox 2701 945 2885 1002; x_wconf 88' lang='lat' dir='ltr'><strong>habes.</strong></span> <span class='ocrx_word' id='word_1_579' title='bbox 2927 947 3063 1014; x_wconf 87' lang='lat' dir='ltr'><strong>Quid</strong></span> <span class='ocrx_word' id='word_1_580' title='bbox 3102 957 3185 1003; x_wconf 90' lang='lat' dir='ltr'><strong>est</strong></span> <span class='ocrx_word' id='word_1_581' title='bbox 3215 947 3334 1016; x_wconf 91' lang='lat' dir='ltr'><strong>hoc,</strong></span> <span class='ocrx_word' id='word_1_582' title='bbox 3378 949 3562 1020; x_wconf 86' lang='lat' dir='ltr'><strong>inquit,</strong></span> <span class='ocrx_word' id='word_1_583' title='bbox 3595 952 3702 1006; x_wconf 86' lang='lat' dir='ltr'><strong>Ba-</strong></span> 
     </span>
    </p>
   </div>
   <div class='ocr_carea' id='block_1_69' title="bbox 2123 1035 3702 1103">
    <p class='ocr_par' dir='ltr' id='par_1_69' title="bbox 2123 1035 3702 1103">
     <span class='ocr_line' id='line_1_69' title="bbox 2123 1035 3702 1103; baseline 0.008 -16"><span class='ocrx_word' id='word_1_584' title='bbox 2123 1035 2373 1103; x_wconf 90' lang='lat' dir='ltr'><strong>ptismum</strong></span> <span class='ocrx_word' id='word_1_585' title='bbox 2395 1037 2582 1102; x_wconf 92' lang='lat' dir='ltr'><strong>habeo,</strong></span> <span class='ocrx_word' id='word_1_586' title='bbox 2609 1038 2918 1095; x_wconf 85' lang='lat' dir='ltr'><strong>cbaritatem</strong></span> <span class='ocrx_word' id='word_1_587' title='bbox 2951 1056 3055 1094; x_wconf 87' lang='lat' dir='ltr'><strong>non</strong></span> <span class='ocrx_word' id='word_1_588' title='bbox 3088 1041 3289 1095; x_wconf 84' lang='lat' dir='ltr'><strong>habeo?</strong></span> <span class='ocrx_word' id='word_1_589' title='bbox 3312 1041 3654 1100; x_wconf 88' lang='lat' dir='ltr'><strong>Sacramenta</strong></span> <span class='ocrx_word' id='word_1_590' title='bbox 3681 1045 3702 1079; x_wconf 73' lang='grc' dir='ltr'>á½·</span> 
     </span>
    </p>
   </div>
   <div class='ocr_carea' id='block_1_70' title="bbox 2122 1125 3702 1198">
    <p class='ocr_par' dir='ltr' id='par_1_70' title="bbox 2122 1125 3702 1198">
     <span class='ocr_line' id='line_1_70' title="bbox 2122 1125 3702 1198; baseline 0.009 -18"><span class='ocrx_word' id='word_1_591' title='bbox 2122 1125 2330 1194; x_wconf 89' lang='lat' dir='ltr'><strong>habeo,</strong></span> <span class='ocrx_word' id='word_1_592' title='bbox 2382 1140 2436 1184; x_wconf 89' lang='lat' dir='ltr'><strong>et</strong></span> <span class='ocrx_word' id='word_1_593' title='bbox 2480 1131 2790 1187; x_wconf 83' lang='lat' dir='ltr'><strong>cbaritatem</strong></span> <span class='ocrx_word' id='word_1_594' title='bbox 2828 1134 2971 1186; x_wconf 86' lang='lat' dir='ltr'><strong>non?</strong></span> <span class='ocrx_word' id='word_1_595' title='bbox 3024 1132 3141 1187; x_wconf 89' lang='lat' dir='ltr'><strong>Noli</strong></span> <span class='ocrx_word' id='word_1_596' title='bbox 3181 1134 3440 1198; x_wconf 89' lang='lat' dir='ltr'><strong>clamare;</strong></span> <span class='ocrx_word' id='word_1_597' title='bbox 3473 1137 3702 1194; x_wconf 85' lang='lat' dir='ltr'><strong>ostende</strong></span> 
     </span>
    </p>
   </div>
   <div class='ocr_carea' id='block_1_71' title="bbox 2123 1221 3699 1294">
    <p class='ocr_par' dir='ltr' id='par_1_71' title="bbox 2123 1221 3699 1294">
     <span class='ocr_line' id='line_1_71' title="bbox 2123 1221 3699 1294; baseline 0.006 -20"><span class='ocrx_word' id='word_1_598' title='bbox 2123 1221 2253 1276; x_wconf 90' lang='lat' dir='ltr'><strong>mihi</strong></span> <span class='ocrx_word' id='word_1_599' title='bbox 2267 1223 2534 1292; x_wconf 91' lang='lat' dir='ltr'><strong>quomodo</strong></span> <span class='ocrx_word' id='word_1_600' title='bbox 2553 1223 2743 1278; x_wconf 88' lang='lat' dir='ltr'><strong>habeat</strong></span> <span class='ocrx_word' id='word_1_601' title='bbox 2757 1224 3089 1288; x_wconf 90' lang='lat' dir='ltr'><strong>charitatem,</strong></span> <span class='ocrx_word' id='word_1_602' title='bbox 3108 1226 3194 1294; x_wconf 91' lang='lat' dir='ltr'><strong>qui</strong></span> <span class='ocrx_word' id='word_1_603' title='bbox 3216 1226 3400 1280; x_wconf 90' lang='lat' dir='ltr'><strong>dividit</strong></span> <span class='ocrx_word' id='word_1_604' title='bbox 3421 1227 3699 1284; x_wconf 86' lang='lat' dir='ltr'><strong>unitatem.</strong></span> 
     </span>
    </p>
   </div>
   <div class='ocr_carea' id='block_1_72' title="bbox 2122 1313 3703 1388">
    <p class='ocr_par' dir='ltr' id='par_1_72' title="bbox 2122 1313 3703 1388">
     <span class='ocr_line' id='line_1_72' title="bbox 2122 1313 3703 1388; baseline 0.005 -21"><span class='ocrx_word' id='word_1_605' title='bbox 2122 1313 2255 1383; x_wconf 88' lang='lat' dir='ltr'><strong>Ego,</strong></span> <span class='ocrx_word' id='word_1_606' title='bbox 2288 1314 2475 1385; x_wconf 92' lang='lat' dir='ltr'><strong>inquit,</strong></span> <span class='ocrx_word' id='word_1_607' title='bbox 2500 1314 2670 1370; x_wconf 89' lang='lat' dir='ltr'><strong>habeo</strong></span> <span class='ocrx_word' id='word_1_608' title='bbox 2699 1316 3042 1386; x_wconf 87' lang='lat' dir='ltr'><strong>Baptismum.</strong></span> <span class='ocrx_word' id='word_1_609' title='bbox 3072 1317 3265 1384; x_wconf 83' lang='lat' dir='ltr'><strong>Habes,</strong></span> <span class='ocrx_word' id='word_1_610' title='bbox 3284 1319 3376 1372; x_wconf 89' lang='lat' dir='ltr'><strong>sed</strong></span> <span class='ocrx_word' id='word_1_611' title='bbox 3400 1319 3703 1388; x_wconf 83' lang='lat' dir='ltr'><strong>Baptismus</strong></span> 
     </span>
    </p>
   </div>
   <div class='ocr_carea' id='block_1_73' title="bbox 2124 1403 3703 1476">
    <p class='ocr_par' dir='ltr' id='par_1_73' title="bbox 2124 1403 3703 1476">
     <span class='ocr_line' id='line_1_73' title="bbox 2124 1403 3703 1476; baseline 0.004 -20"><span class='ocrx_word' id='word_1_612' title='bbox 2124 1403 2212 1458; x_wconf 92' lang='lat' dir='ltr'><strong>illc</strong></span> <span class='ocrx_word' id='word_1_613' title='bbox 2237 1403 2350 1459; x_wconf 88' lang='lat' dir='ltr'><strong>sine</strong></span> <span class='ocrx_word' id='word_1_614' title='bbox 2385 1406 2642 1459; x_wconf 89' lang='lat' dir='ltr'><strong>charitate</strong></span> <span class='ocrx_word' id='word_1_615' title='bbox 2676 1406 2804 1460; x_wconf 91' lang='lat' dir='ltr'><strong>nihil</strong></span> <span class='ocrx_word' id='word_1_616' title='bbox 2831 1407 2918 1459; x_wconf 92' lang='lat' dir='ltr'><strong>tibi</strong></span> <span class='ocrx_word' id='word_1_617' title='bbox 2951 1406 3164 1475; x_wconf 89' lang='lat' dir='ltr'><strong>prodest</strong></span> <span class='ocrx_word' id='word_1_618' title='bbox 3189 1423 3203 1472; x_wconf 93' lang='lat'><strong>;</strong></span> <span class='ocrx_word' id='word_1_619' title='bbox 3229 1408 3351 1476; x_wconf 91' lang='lat' dir='ltr'><strong>quia</strong></span> <span class='ocrx_word' id='word_1_620' title='bbox 3380 1409 3495 1462; x_wconf 90' lang='lat' dir='ltr'><strong>sine</strong></span> <span class='ocrx_word' id='word_1_621' title='bbox 3520 1409 3703 1463; x_wconf 81' lang='lat' dir='ltr'><strong>chari-</strong></span> 
     </span>
    </p>
   </div>
   <div class='ocr_carea' id='block_1_74' title="bbox 2122 1499 3702 1573">
    <p class='ocr_par' dir='ltr' id='par_1_74' title="bbox 2122 1499 3702 1573">
     <span class='ocr_line' id='line_1_74' title="bbox 2122 1499 3702 1573; baseline 0.007 -24"><span class='ocrx_word' id='word_1_622' title='bbox 2122 1503 2230 1550; x_wconf 87' lang='lat' dir='ltr'><strong>tate</strong></span> <span class='ocrx_word' id='word_1_623' title='bbox 2257 1506 2310 1551; x_wconf 92' lang='lat' dir='ltr'><strong>tu</strong></span> <span class='ocrx_word' id='word_1_624' title='bbox 2343 1499 2472 1554; x_wconf 90' lang='lat' dir='ltr'><strong>nihil</strong></span> <span class='ocrx_word' id='word_1_625' title='bbox 2496 1514 2574 1553; x_wconf 91' lang='lat' dir='ltr'><strong>es.</strong></span> <span class='ocrx_word' id='word_1_626' title='bbox 2600 1499 2730 1554; x_wconf 83' lang='lat' dir='ltr'><strong>Nam</strong></span> <span class='ocrx_word' id='word_1_627' title='bbox 2760 1501 3059 1570; x_wconf 89' lang='lat' dir='ltr'><strong>Baptismus</strong></span> <span class='ocrx_word' id='word_1_628' title='bbox 3089 1503 3198 1568; x_wconf 89' lang='lat' dir='ltr'><strong>ille,</strong></span> <span class='ocrx_word' id='word_1_629' title='bbox 3228 1505 3386 1558; x_wconf 90' lang='lat' dir='ltr'><strong>etiam</strong></span> <span class='ocrx_word' id='word_1_630' title='bbox 3415 1505 3464 1558; x_wconf 92' lang='lat' dir='ltr'><strong>iu</strong></span> <span class='ocrx_word' id='word_1_631' title='bbox 3495 1505 3588 1558; x_wconf 91' lang='lat' dir='ltr'><strong>illo</strong></span> <span class='ocrx_word' id='word_1_632' title='bbox 3609 1505 3702 1573; x_wconf 90' lang='lat' dir='ltr'><strong>qui</strong></span> 
     </span>
    </p>
   </div>
   <div class='ocr_carea' id='block_1_75' title="bbox 2121 1588 3702 1666">
    <p class='ocr_par' dir='ltr' id='par_1_75' title="bbox 2121 1588 3702 1666">
     <span class='ocr_line' id='line_1_75' title="bbox 2121 1588 3702 1666; baseline 0.006 -24"><span class='ocrx_word' id='word_1_633' title='bbox 2121 1588 2253 1643; x_wconf 90' lang='lat' dir='ltr'><strong>nihil</strong></span> <span class='ocrx_word' id='word_1_634' title='bbox 2278 1599 2381 1655; x_wconf 90' lang='lat' dir='ltr'><strong>est,</strong></span> <span class='ocrx_word' id='word_1_635' title='bbox 2409 1606 2512 1646; x_wconf 91' lang='lat' dir='ltr'><strong>non</strong></span> <span class='ocrx_word' id='word_1_636' title='bbox 2541 1601 2623 1647; x_wconf 90' lang='lat' dir='ltr'><strong>est</strong></span> <span class='ocrx_word' id='word_1_637' title='bbox 2651 1593 2777 1648; x_wconf 91' lang='lat' dir='ltr'><strong>nihil</strong></span> <span class='ocrx_word' id='word_1_638' title='bbox 2803 1613 2815 1648; x_wconf 91' lang='lat'>:</span> <span class='ocrx_word' id='word_1_639' title='bbox 2845 1596 3105 1664; x_wconf 87' lang='lat' dir='ltr'><strong>Baptisma</strong></span> <span class='ocrx_word' id='word_1_640' title='bbox 3127 1596 3319 1666; x_wconf 85' lang='lat' dir='ltr'><strong>quippe</strong></span> <span class='ocrx_word' id='word_1_641' title='bbox 3347 1596 3474 1649; x_wconf 89' lang='lat' dir='ltr'><strong>illud</strong></span> <span class='ocrx_word' id='word_1_642' title='bbox 3495 1596 3702 1666; x_wconf 90' lang='lat' dir='ltr'><strong>aliquid</strong></span> 
     </span>
    </p>
   </div>
   <div class='ocr_carea' id='block_1_76' title="bbox 2122 1685 3702 1758">
    <p class='ocr_par' dir='ltr' id='par_1_76' title="bbox 2122 1685 3702 1758">
     <span class='ocr_line' id='line_1_76' title="bbox 2122 1685 3702 1758; baseline 0.004 -22"><span class='ocrx_word' id='word_1_643' title='bbox 2122 1690 2225 1747; x_wconf 87' lang='lat' dir='ltr'><strong>est,</strong></span> <span class='ocrx_word' id='word_1_644' title='bbox 2252 1691 2307 1736; x_wconf 91' lang='lat' dir='ltr'><strong>et</strong></span> <span class='ocrx_word' id='word_1_645' title='bbox 2337 1698 2581 1753; x_wconf 89' lang='lat' dir='ltr'><strong>magnum</strong></span> <span class='ocrx_word' id='word_1_646' title='bbox 2608 1685 2804 1756; x_wconf 90' lang='lat' dir='ltr'><strong>aliquid</strong></span> <span class='ocrx_word' id='word_1_647' title='bbox 2835 1695 2949 1750; x_wconf 85' lang='lat' dir='ltr'><strong>est;</strong></span> <span class='ocrx_word' id='word_1_648' title='bbox 2978 1696 3195 1757; x_wconf 87' lang='lat' dir='ltr'><strong>propter</strong></span> <span class='ocrx_word' id='word_1_649' title='bbox 3224 1687 3370 1742; x_wconf 91' lang='lat' dir='ltr'><strong>illum</strong></span> <span class='ocrx_word' id='word_1_650' title='bbox 3399 1687 3466 1742; x_wconf 92' lang='lat' dir='ltr'><strong>de</strong></span> <span class='ocrx_word' id='word_1_651' title='bbox 3493 1703 3600 1758; x_wconf 93' lang='lat' dir='ltr'><strong>quo</strong></span> <span class='ocrx_word' id='word_1_652' title='bbox 3619 1688 3702 1743; x_wconf 85' lang='lat' dir='ltr'><strong>di-</strong></span> 
     </span>
    </p>
   </div>
   <div class='ocr_carea' id='block_1_77' title="bbox 2122 1776 3698 1851">
    <p class='ocr_par' dir='ltr' id='par_1_77' title="bbox 2122 1776 3698 1851">
     <span class='ocr_line' id='line_1_77' title="bbox 2122 1776 3698 1851; baseline 0.003 -21"><span class='ocrx_word' id='word_1_653' title='bbox 2122 1783 2263 1830; x_wconf 91' lang='lat' dir='ltr'><strong>ctum</strong></span> <span class='ocrx_word' id='word_1_654' title='bbox 2291 1784 2390 1841; x_wconf 90' lang='lat' dir='ltr'><strong>est,</strong></span> <span class='ocrx_word' id='word_1_655' title='bbox 2428 1776 2528 1830; x_wconf 84' lang='lat' dir='ltr'><strong>Hic</strong></span> <span class='ocrx_word' id='word_1_656' title='bbox 2563 1779 2746 1847; x_wconf 78' lang='lat' dir='ltr'><strong>estqui</strong></span> <span class='ocrx_word' id='word_1_657' title='bbox 2786 1778 3023 1850; x_wconf 80' lang='lat' dir='ltr'><strong>baptizat.</strong></span> <span class='ocrx_word' id='word_1_658' title='bbox 3064 1779 3168 1836; x_wconf 88' lang='lat' dir='ltr'><strong>Sed</strong></span> <span class='ocrx_word' id='word_1_659' title='bbox 3214 1796 3280 1834; x_wconf 91' lang='lat' dir='ltr'><strong>ne</strong></span> <span class='ocrx_word' id='word_1_660' title='bbox 3322 1790 3537 1851; x_wconf 89' lang='lat' dir='ltr'><strong>putares</strong></span> <span class='ocrx_word' id='word_1_661' title='bbox 3569 1781 3698 1835; x_wconf 89' lang='lat' dir='ltr'><strong>illud</strong></span> 
     </span>
    </p>
   </div>
   <div class='ocr_carea' id='block_1_78' title="bbox 2122 1869 3697 1944">
    <p class='ocr_par' dir='ltr' id='par_1_78' title="bbox 2122 1869 3697 1944">
     <span class='ocr_line' id='line_1_78' title="bbox 2122 1869 3697 1944; baseline 0.003 -21"><span class='ocrx_word' id='word_1_662' title='bbox 2122 1869 2263 1938; x_wconf 93' lang='lat' dir='ltr'><strong>quod</strong></span> <span class='ocrx_word' id='word_1_663' title='bbox 2290 1885 2534 1940; x_wconf 89' lang='lat' dir='ltr'><strong>magnum</strong></span> <span class='ocrx_word' id='word_1_664' title='bbox 2561 1881 2663 1938; x_wconf 90' lang='lat' dir='ltr'><strong>est,</strong></span> <span class='ocrx_word' id='word_1_665' title='bbox 2694 1872 2788 1926; x_wconf 93' lang='lat' dir='ltr'><strong>tibi</strong></span> <span class='ocrx_word' id='word_1_666' title='bbox 2818 1872 3016 1942; x_wconf 91' lang='lat' dir='ltr'><strong>aliquid</strong></span> <span class='ocrx_word' id='word_1_667' title='bbox 3045 1875 3304 1944; x_wconf 90' lang='lat' dir='ltr'><strong>prodesse</strong></span> <span class='ocrx_word' id='word_1_668' title='bbox 3335 1889 3488 1942; x_wconf 82' lang='lat' dir='ltr'><strong>posse</strong></span> <span class='ocrx_word' id='word_1_669' title='bbox 3514 1875 3556 1927; x_wconf 89' lang='lat' dir='ltr'><strong>si</strong></span> <span class='ocrx_word' id='word_1_670' title='bbox 3591 1890 3697 1928; x_wconf 93' lang='lat' dir='ltr'><strong>uon</strong></span> 
     </span>
    </p>
   </div>
   <div class='ocr_carea' id='block_1_79' title="bbox 2122 1959 3700 2033">
    <p class='ocr_par' dir='ltr' id='par_1_79' title="bbox 2122 1959 3700 2033">
     <span class='ocr_line' id='line_1_79' title="bbox 2122 1959 3700 2033; baseline 0.003 -19"><span class='ocrx_word' id='word_1_671' title='bbox 2122 1959 2284 2016; x_wconf 89' lang='lat' dir='ltr'><strong>fueris</strong></span> <span class='ocrx_word' id='word_1_672' title='bbox 2302 1962 2352 2015; x_wconf 92' lang='lat' dir='ltr'><strong>in</strong></span> <span class='ocrx_word' id='word_1_673' title='bbox 2369 1963 2590 2030; x_wconf 89' lang='lat' dir='ltr'><strong>unitate,</strong></span> <span class='ocrx_word' id='word_1_674' title='bbox 2613 1977 2774 2033; x_wconf 82' lang='lat' dir='ltr'><strong>super</strong></span> <span class='ocrx_word' id='word_1_675' title='bbox 2790 1965 3108 2031; x_wconf 87' lang='lat' dir='ltr'><strong>baptizatum</strong></span> <span class='ocrx_word' id='word_1_676' title='bbox 3130 1965 3375 2020; x_wconf 88' lang='lat' dir='ltr'><strong>columba</strong></span> <span class='ocrx_word' id='word_1_677' title='bbox 3395 1965 3700 2030; x_wconf 88' lang='lat' dir='ltr'><strong>descendit,</strong></span> 
     </span>
    </p>
   </div>
   <div class='ocr_carea' id='block_1_80' title="bbox 2125 2052 3705 2123">
    <p class='ocr_par' dir='ltr' id='par_1_80' title="bbox 2125 2052 3705 2123">
     <span class='ocr_line' id='line_1_80' title="bbox 2125 2052 3705 2123; baseline 0.003 -19"><span class='ocrx_word' id='word_1_678' title='bbox 2125 2059 2370 2121; x_wconf 87' lang='lat' dir='ltr'><strong>tanquam</strong></span> <span class='ocrx_word' id='word_1_679' title='bbox 2399 2052 2582 2108; x_wconf 90' lang='lat' dir='ltr'><strong>dicens</strong></span> <span class='ocrx_word' id='word_1_680' title='bbox 2624 2072 2637 2109; x_wconf 91' lang='lat'><strong>:</strong></span> <span class='ocrx_word' id='word_1_681' title='bbox 2668 2053 2724 2109; x_wconf 93' lang='lat' dir='ltr'><strong>Si</strong></span> <span class='ocrx_word' id='word_1_682' title='bbox 2752 2055 3076 2123; x_wconf 90' lang='lat' dir='ltr'><strong>Baptismum</strong></span> <span class='ocrx_word' id='word_1_683' title='bbox 3124 2056 3285 2111; x_wconf 91' lang='lat' dir='ltr'><strong>habes</strong></span> <span class='ocrx_word' id='word_1_684' title='bbox 3307 2099 3322 2122; x_wconf 93' lang='lat'><strong>,</strong></span> <span class='ocrx_word' id='word_1_685' title='bbox 3351 2066 3466 2111; x_wconf 90' lang='lat' dir='ltr'><strong>esto</strong></span> <span class='ocrx_word' id='word_1_686' title='bbox 3513 2057 3563 2110; x_wconf 92' lang='lat' dir='ltr'><strong>in</strong></span> <span class='ocrx_word' id='word_1_687' title='bbox 3603 2071 3705 2112; x_wconf 84' lang='lat' dir='ltr'><strong>co-</strong></span> 
     </span>
    </p>
   </div>
   <div class='ocr_carea' id='block_1_81' title="bbox 2121 2142 3702 2218">
    <p class='ocr_par' dir='ltr' id='par_1_81' title="bbox 2121 2142 3702 2218">
     <span class='ocr_line' id='line_1_81' title="bbox 2121 2142 3702 2218; baseline 0.005 -21"><span class='ocrx_word' id='word_1_688' title='bbox 2121 2142 2296 2197; x_wconf 92' lang='lat' dir='ltr'><strong>lumba</strong></span> <span class='ocrx_word' id='word_1_689' title='bbox 2321 2184 2336 2208; x_wconf 97' lang='lat'><strong>,</strong></span> <span class='ocrx_word' id='word_1_690' title='bbox 2365 2159 2433 2200; x_wconf 92' lang='lat' dir='ltr'><strong>ne</strong></span> <span class='ocrx_word' id='word_1_691' title='bbox 2462 2160 2565 2198; x_wconf 92' lang='lat' dir='ltr'><strong>non</strong></span> <span class='ocrx_word' id='word_1_692' title='bbox 2598 2145 2688 2202; x_wconf 91' lang='lat' dir='ltr'><strong>tibi</strong></span> <span class='ocrx_word' id='word_1_693' title='bbox 2717 2148 2884 2216; x_wconf 92' lang='lat' dir='ltr'><strong>prosit</strong></span> <span class='ocrx_word' id='word_1_694' title='bbox 2912 2147 3053 2218; x_wconf 92' lang='lat' dir='ltr'><strong>quod</strong></span> <span class='ocrx_word' id='word_1_695' title='bbox 3083 2147 3266 2202; x_wconf 89' lang='lat' dir='ltr'><strong>habes.</strong></span> <span class='ocrx_word' id='word_1_696' title='bbox 3308 2147 3443 2203; x_wconf 87' lang='lat' dir='ltr'><strong>Veni</strong></span> <span class='ocrx_word' id='word_1_697' title='bbox 3480 2163 3605 2217; x_wconf 92' lang='lat' dir='ltr'><strong>ergo</strong></span> <span class='ocrx_word' id='word_1_698' title='bbox 3632 2151 3702 2206; x_wconf 91' lang='lat' dir='ltr'><strong>ad</strong></span> 
     </span>
    </p>
   </div>
   <div class='ocr_carea' id='block_1_82' title="bbox 2121 2235 3703 2314">
    <p class='ocr_par' dir='ltr' id='par_1_82' title="bbox 2121 2235 3703 2314">
     <span class='ocr_line' id='line_1_82' title="bbox 2121 2235 3703 2314; baseline 0.006 -25"><span class='ocrx_word' id='word_1_699' title='bbox 2121 2235 2443 2305; x_wconf 86' lang='lat' dir='ltr'><strong>columbam,</strong></span> <span class='ocrx_word' id='word_1_700' title='bbox 2465 2238 2687 2294; x_wconf 89' lang='lat' dir='ltr'><strong>dicimus</strong></span> <span class='ocrx_word' id='word_1_701' title='bbox 2716 2259 2728 2294; x_wconf 90' lang='lat'><strong>:</strong></span> <span class='ocrx_word' id='word_1_702' title='bbox 2752 2257 2860 2295; x_wconf 94' lang='lat' dir='ltr'><strong>non</strong></span> <span class='ocrx_word' id='word_1_703' title='bbox 2888 2251 2944 2295; x_wconf 90' lang='lat' dir='ltr'><strong>ut</strong></span> <span class='ocrx_word' id='word_1_704' title='bbox 2967 2242 3185 2312; x_wconf 91' lang='lat' dir='ltr'><strong>incipias</strong></span> <span class='ocrx_word' id='word_1_705' title='bbox 3211 2242 3408 2298; x_wconf 90' lang='lat' dir='ltr'><strong>habere</strong></span> <span class='ocrx_word' id='word_1_706' title='bbox 3433 2245 3703 2314; x_wconf 86' lang='lat' dir='ltr'><strong>quodnon</strong></span> 
     </span>
    </p>
   </div>
   <div class='ocr_carea' id='block_1_83' title="bbox 2121 2327 3700 2405">
    <p class='ocr_par' dir='ltr' id='par_1_83' title="bbox 2121 2327 3700 2405">
     <span class='ocr_line' id='line_1_83' title="bbox 2121 2327 3700 2405; baseline 0.006 -24"><span class='ocrx_word' id='word_1_707' title='bbox 2121 2327 2355 2384; x_wconf 88' lang='lat' dir='ltr'><strong>habebas</strong></span> <span class='ocrx_word' id='word_1_708' title='bbox 2379 2373 2393 2398; x_wconf 93' lang='lat'><strong>,</strong></span> <span class='ocrx_word' id='word_1_709' title='bbox 2424 2332 2517 2385; x_wconf 87' lang='lat' dir='ltr'><strong>sed</strong></span> <span class='ocrx_word' id='word_1_710' title='bbox 2547 2342 2604 2386; x_wconf 94' lang='lat' dir='ltr'><strong>ut</strong></span> <span class='ocrx_word' id='word_1_711' title='bbox 2633 2332 2884 2402; x_wconf 86' lang='lat' dir='ltr'><strong>prodesse</strong></span> <span class='ocrx_word' id='word_1_712' title='bbox 2915 2334 3004 2388; x_wconf 91' lang='lat' dir='ltr'><strong>tibi</strong></span> <span class='ocrx_word' id='word_1_713' title='bbox 3036 2335 3250 2403; x_wconf 90' lang='lat' dir='ltr'><strong>incipiat</strong></span> <span class='ocrx_word' id='word_1_714' title='bbox 3277 2336 3416 2405; x_wconf 91' lang='lat' dir='ltr'><strong>quod</strong></span> <span class='ocrx_word' id='word_1_715' title='bbox 3442 2336 3700 2391; x_wconf 90' lang='lat' dir='ltr'><strong>habebas.</strong></span> 
     </span>
    </p>
   </div>
   <div class='ocr_carea' id='block_1_84' title="bbox 2123 2419 3704 2495">
    <p class='ocr_par' dir='ltr' id='par_1_84' title="bbox 2123 2419 3704 2495">
     <span class='ocr_line' id='line_1_84' title="bbox 2123 2419 3704 2495; baseline 0.006 -23"><span class='ocrx_word' id='word_1_716' title='bbox 2123 2419 2274 2473; x_wconf 86' lang='lat' dir='ltr'><strong>Foris</strong></span> <span class='ocrx_word' id='word_1_717' title='bbox 2299 2422 2439 2475; x_wconf 89' lang='lat' dir='ltr'><strong>enim</strong></span> <span class='ocrx_word' id='word_1_718' title='bbox 2471 2423 2699 2478; x_wconf 87' lang='lat' dir='ltr'><strong>habebas</strong></span> <span class='ocrx_word' id='word_1_719' title='bbox 2739 2425 3066 2494; x_wconf 85' lang='lat' dir='ltr'><strong>Baptismum</strong></span> <span class='ocrx_word' id='word_1_720' title='bbox 3103 2425 3168 2479; x_wconf 90' lang='lat' dir='ltr'><strong>ad</strong></span> <span class='ocrx_word' id='word_1_721' title='bbox 3197 2426 3482 2495; x_wconf 87' lang='lat' dir='ltr'><strong>perniciem</strong></span> <span class='ocrx_word' id='word_1_722' title='bbox 3513 2446 3525 2480; x_wconf 89' lang='lat'><strong>:</strong></span> <span class='ocrx_word' id='word_1_723' title='bbox 3559 2427 3704 2482; x_wconf 86' lang='lat' dir='ltr'><strong>intus</strong></span> 
     </span>
    </p>
   </div>
   <div class='ocr_carea' id='block_1_85' title="bbox 2122 2509 3292 2584">
    <p class='ocr_par' dir='ltr' id='par_1_85' title="bbox 2122 2509 3292 2584">
     <span class='ocr_line' id='line_1_85' title="bbox 2122 2509 3292 2584; baseline 0.005 -18"><span class='ocrx_word' id='word_1_724' title='bbox 2122 2511 2167 2566; x_wconf 92' lang='lat' dir='ltr'><strong>si</strong></span> <span class='ocrx_word' id='word_1_725' title='bbox 2195 2509 2461 2579; x_wconf 88' lang='lat' dir='ltr'><strong>habueris,</strong></span> <span class='ocrx_word' id='word_1_726' title='bbox 2488 2515 2672 2584; x_wconf 88' lang='lat' dir='ltr'><strong>incipit</strong></span> <span class='ocrx_word' id='word_1_727' title='bbox 2697 2515 2955 2584; x_wconf 82' lang='lat' dir='ltr'><strong>prodesse</strong></span> <span class='ocrx_word' id='word_1_728' title='bbox 2979 2515 3046 2571; x_wconf 92' lang='lat' dir='ltr'><strong>ad</strong></span> <span class='ocrx_word' id='word_1_729' title='bbox 3071 2517 3292 2571; x_wconf 86' lang='lat' dir='ltr'><strong>salutem</strong></span> 
     </span>
    </p>
   </div>
   <div class='ocr_carea' id='block_1_86' title="bbox 2194 2607 3702 2681">
    <p class='ocr_par' dir='ltr' id='par_1_86' title="bbox 2194 2607 3702 2681">
     <span class='ocr_line' id='line_1_86' title="bbox 2194 2607 3702 2681; baseline 0.003 -18"><span class='ocrx_word' id='word_1_730' title='bbox 2194 2609 2282 2663; x_wconf 71' lang='grc'><strong>15.</strong></span> <span class='ocrx_word' id='word_1_731' title='bbox 2322 2607 2435 2661; x_wconf 85' lang='lat' dir='ltr'><strong>Non</strong></span> <span class='ocrx_word' id='word_1_732' title='bbox 2465 2608 2606 2662; x_wconf 87' lang='lat' dir='ltr'><strong>enim</strong></span> <span class='ocrx_word' id='word_1_733' title='bbox 2637 2617 2835 2663; x_wconf 91' lang='lat' dir='ltr'><strong>tantum</strong></span> <span class='ocrx_word' id='word_1_734' title='bbox 2865 2608 2960 2662; x_wconf 90' lang='lat' dir='ltr'><strong>tibi</strong></span> <span class='ocrx_word' id='word_1_735' title='bbox 2991 2625 3093 2663; x_wconf 90' lang='lat' dir='ltr'><strong>non</strong></span> <span class='ocrx_word' id='word_1_736' title='bbox 3118 2610 3368 2680; x_wconf 92' lang='lat' dir='ltr'><strong>proderat</strong></span> <span class='ocrx_word' id='word_1_737' title='bbox 3392 2610 3660 2681; x_wconf 88' lang='lat' dir='ltr'><strong>Baptisma</strong></span> <span class='ocrx_word' id='word_1_738' title='bbox 3684 2655 3702 2679; x_wconf 89' lang='lat'><strong>,</strong></span> 
     </span>
    </p>
   </div>
   <div class='ocr_carea' id='block_1_87' title="bbox 2121 2701 3710 2772">
    <p class='ocr_par' dir='ltr' id='par_1_87' title="bbox 2121 2701 3710 2772">
     <span class='ocr_line' id='line_1_87' title="bbox 2121 2701 3710 2772; baseline 0.001 -16"><span class='ocrx_word' id='word_1_739' title='bbox 2121 2709 2176 2756; x_wconf 92' lang='lat' dir='ltr'><strong>et</strong></span> <span class='ocrx_word' id='word_1_740' title='bbox 2203 2715 2307 2755; x_wconf 93' lang='lat' dir='ltr'><strong>non</strong></span> <span class='ocrx_word' id='word_1_741' title='bbox 2331 2701 2488 2755; x_wconf 90' lang='lat' dir='ltr'><strong>etiam</strong></span> <span class='ocrx_word' id='word_1_742' title='bbox 2517 2701 2718 2755; x_wconf 89' lang='lat' dir='ltr'><strong>oberat.</strong></span> <span class='ocrx_word' id='word_1_743' title='bbox 2746 2701 2814 2755; x_wconf 91' lang='lat' dir='ltr'><strong>Et</strong></span> <span class='ocrx_word' id='word_1_744' title='bbox 2841 2709 3019 2756; x_wconf 89' lang='lat' dir='ltr'><strong>sancta</strong></span> <span class='ocrx_word' id='word_1_745' title='bbox 3043 2711 3264 2772; x_wconf 90' lang='lat' dir='ltr'><strong>possunt</strong></span> <span class='ocrx_word' id='word_1_746' title='bbox 3282 2702 3470 2758; x_wconf 91' lang='lat' dir='ltr'><strong>obesse</strong></span> <span class='ocrx_word' id='word_1_747' title='bbox 3496 2722 3508 2756; x_wconf 90' lang='lat'><strong>:</strong></span> <span class='ocrx_word' id='word_1_748' title='bbox 3534 2703 3585 2758; x_wconf 92' lang='lat' dir='ltr'><strong>in</strong></span> <span class='ocrx_word' id='word_1_749' title='bbox 3614 2704 3710 2758; x_wconf 85' lang='lat' dir='ltr'><strong>bo-</strong></span> 
     </span>
    </p>
   </div>
   <div class='ocr_carea' id='block_1_88' title="bbox 2122 2793 3703 2866">
    <p class='ocr_par' dir='ltr' id='par_1_88' title="bbox 2122 2793 3703 2866">
     <span class='ocr_line' id='line_1_88' title="bbox 2122 2793 3703 2866; baseline 0.001 -18"><span class='ocrx_word' id='word_1_750' title='bbox 2122 2793 2205 2848; x_wconf 92' lang='lat' dir='ltr'><strong>nis</strong></span> <span class='ocrx_word' id='word_1_751' title='bbox 2235 2794 2374 2847; x_wconf 88' lang='lat' dir='ltr'><strong>enim</strong></span> <span class='ocrx_word' id='word_1_752' title='bbox 2420 2802 2599 2848; x_wconf 90' lang='lat' dir='ltr'><strong>sancta</strong></span> <span class='ocrx_word' id='word_1_753' title='bbox 2627 2793 2695 2848; x_wconf 93' lang='lat' dir='ltr'><strong>ad</strong></span> <span class='ocrx_word' id='word_1_754' title='bbox 2734 2794 2961 2849; x_wconf 88' lang='lat' dir='ltr'><strong>salutem</strong></span> <span class='ocrx_word' id='word_1_755' title='bbox 3001 2795 3208 2858; x_wconf 92' lang='lat' dir='ltr'><strong>insunt;</strong></span> <span class='ocrx_word' id='word_1_756' title='bbox 3248 2795 3300 2849; x_wconf 91' lang='lat' dir='ltr'><strong>in</strong></span> <span class='ocrx_word' id='word_1_757' title='bbox 3332 2795 3481 2851; x_wconf 92' lang='lat' dir='ltr'><strong>malis</strong></span> <span class='ocrx_word' id='word_1_758' title='bbox 3519 2796 3583 2850; x_wconf 91' lang='lat' dir='ltr'><strong>ad</strong></span> <span class='ocrx_word' id='word_1_759' title='bbox 3610 2796 3703 2866; x_wconf 84' lang='lat' dir='ltr'><strong>ju-</strong></span> 
     </span>
    </p>
   </div>
   <div class='ocr_carea' id='block_1_89' title="bbox 2123 2883 3704 2958">
    <p class='ocr_par' dir='ltr' id='par_1_89' title="bbox 2123 2883 3704 2958">
     <span class='ocr_line' id='line_1_89' title="bbox 2123 2883 3704 2958; baseline 0.001 -18"><span class='ocrx_word' id='word_1_760' title='bbox 2123 2885 2336 2940; x_wconf 91' lang='lat' dir='ltr'><strong>dicium.</strong></span> <span class='ocrx_word' id='word_1_761' title='bbox 2367 2883 2524 2940; x_wconf 87' lang='lat' dir='ltr'><strong>Certe</strong></span> <span class='ocrx_word' id='word_1_762' title='bbox 2559 2885 2701 2940; x_wconf 91' lang='lat' dir='ltr'><strong>enim</strong></span> <span class='ocrx_word' id='word_1_763' title='bbox 2726 2927 2742 2952; x_wconf 94' lang='lat'><strong>,</strong></span> <span class='ocrx_word' id='word_1_764' title='bbox 2783 2885 2972 2940; x_wconf 89' lang='lat' dir='ltr'><strong>fratres</strong></span> <span class='ocrx_word' id='word_1_765' title='bbox 2997 2927 3011 2951; x_wconf 97' lang='lat'><strong>,</strong></span> <span class='ocrx_word' id='word_1_766' title='bbox 3042 2887 3289 2941; x_wconf 87' lang='lat' dir='ltr'><strong>novimus</strong></span> <span class='ocrx_word' id='word_1_767' title='bbox 3317 2887 3439 2956; x_wconf 91' lang='lat' dir='ltr'><strong>quid</strong></span> <span class='ocrx_word' id='word_1_768' title='bbox 3469 2889 3704 2958; x_wconf 85' lang='lat' dir='ltr'><strong>accipia-</strong></span> 
     </span>
    </p>
   </div>
   <div class='ocr_carea' id='block_1_90' title="bbox 2122 2978 3707 3050">
    <p class='ocr_par' dir='ltr' id='par_1_90' title="bbox 2122 2978 3707 3050">
     <span class='ocr_line' id='line_1_90' title="bbox 2122 2978 3707 3050; baseline 0.003 -18"><span class='ocrx_word' id='word_1_769' title='bbox 2122 2993 2262 3042; x_wconf 87' lang='lat' dir='ltr'><strong>mus,</strong></span> <span class='ocrx_word' id='word_1_770' title='bbox 2291 2984 2346 3032; x_wconf 91' lang='lat' dir='ltr'><strong>et</strong></span> <span class='ocrx_word' id='word_1_771' title='bbox 2371 2978 2549 3046; x_wconf 85' lang='lat' dir='ltr'><strong>utique</strong></span> <span class='ocrx_word' id='word_1_772' title='bbox 2574 2985 2812 3032; x_wconf 89' lang='lat' dir='ltr'><strong>sanctum</strong></span> <span class='ocrx_word' id='word_1_773' title='bbox 2839 2987 2921 3033; x_wconf 90' lang='lat' dir='ltr'><strong>est</strong></span> <span class='ocrx_word' id='word_1_774' title='bbox 2945 2979 3084 3049; x_wconf 91' lang='lat' dir='ltr'><strong>quod</strong></span> <span class='ocrx_word' id='word_1_775' title='bbox 3110 2981 3396 3050; x_wconf 88' lang='lat' dir='ltr'><strong>accipimus</strong></span> <span class='ocrx_word' id='word_1_776' title='bbox 3415 3024 3429 3046; x_wconf 95' lang='lat'><strong>,</strong></span> <span class='ocrx_word' id='word_1_777' title='bbox 3461 2990 3515 3036; x_wconf 89' lang='lat' dir='ltr'><strong>et</strong></span> <span class='ocrx_word' id='word_1_778' title='bbox 3544 2996 3707 3036; x_wconf 93' lang='lat' dir='ltr'><strong>nemo</strong></span> 
     </span>
    </p>
   </div>
   <div class='ocr_carea' id='block_1_91' title="bbox 2123 3067 3708 3142">
    <p class='ocr_par' dir='ltr' id='par_1_91' title="bbox 2123 3067 3708 3142">
     <span class='ocr_line' id='line_1_91' title="bbox 2123 3067 3708 3142; baseline 0.003 -20"><span class='ocrx_word' id='word_1_779' title='bbox 2123 3067 2254 3123; x_wconf 92' lang='lat' dir='ltr'><strong>dicit</strong></span> <span class='ocrx_word' id='word_1_780' title='bbox 2274 3107 2291 3135; x_wconf 93' lang='lat'><strong>,</strong></span> <span class='ocrx_word' id='word_1_781' title='bbox 2321 3082 2424 3123; x_wconf 92' lang='lat' dir='ltr'><strong>non</strong></span> <span class='ocrx_word' id='word_1_782' title='bbox 2451 3083 2569 3124; x_wconf 90' lang='lat' dir='ltr'><strong>esse</strong></span> <span class='ocrx_word' id='word_1_783' title='bbox 2598 3078 2835 3124; x_wconf 91' lang='lat' dir='ltr'><strong>sanctum</strong></span> <span class='ocrx_word' id='word_1_784' title='bbox 2868 3087 2881 3123; x_wconf 89' lang='lat'>:</span> <span class='ocrx_word' id='word_1_785' title='bbox 2911 3079 2963 3124; x_wconf 95' lang='lat' dir='ltr'><strong>et</strong></span> <span class='ocrx_word' id='word_1_786' title='bbox 2988 3071 3111 3141; x_wconf 91' lang='lat' dir='ltr'><strong>quid</strong></span> <span class='ocrx_word' id='word_1_787' title='bbox 3139 3073 3212 3125; x_wconf 89' lang='lat' dir='ltr'><strong>ait</strong></span> <span class='ocrx_word' id='word_1_788' title='bbox 3244 3073 3569 3142; x_wconf 80' lang='lat' dir='ltr'><strong>Apostolus?</strong></span> <span class='ocrx_word' id='word_1_789' title='bbox 3600 3073 3708 3138; x_wconf 83' lang='lat' dir='ltr'><strong>Qui</strong></span> 
     </span>
    </p>
   </div>
   <div class='ocr_carea' id='block_1_92' title="bbox 2125 3162 3708 3232">
    <p class='ocr_par' dir='ltr' id='par_1_92' title="bbox 2125 3162 3708 3232">
     <span class='ocr_line' id='line_1_92' title="bbox 2125 3162 3708 3232; baseline 0.002 -19"><span class='ocrx_word' id='word_1_790' title='bbox 2125 3169 2292 3214; x_wconf 79' lang='lat' dir='ltr'><strong>autem</strong></span> <span class='ocrx_word' id='word_1_791' title='bbox 2319 3163 2589 3214; x_wconf 80' lang='lat' dir='ltr'><strong>manducat</strong></span> <span class='ocrx_word' id='word_1_792' title='bbox 2614 3171 2661 3215; x_wconf 87' lang='lat' dir='ltr'><strong>et</strong></span> <span class='ocrx_word' id='word_1_793' title='bbox 2687 3162 2804 3215; x_wconf 81' lang='lat' dir='ltr'><strong>bibit</strong></span> <span class='ocrx_word' id='word_1_794' title='bbox 2830 3163 3032 3232; x_wconf 80' lang='lat' dir='ltr'><strong>indigne</strong></span> <span class='ocrx_word' id='word_1_795' title='bbox 3051 3205 3064 3226; x_wconf 93' lang='lat'><strong>,</strong></span> <span class='ocrx_word' id='word_1_796' title='bbox 3087 3164 3338 3232; x_wconf 83' lang='lat' dir='ltr'><strong>judicium</strong></span> <span class='ocrx_word' id='word_1_797' title='bbox 3365 3165 3458 3216; x_wconf 86' lang='lat' dir='ltr'><strong>sibi</strong></span> <span class='ocrx_word' id='word_1_798' title='bbox 3488 3164 3708 3216; x_wconf 84' lang='lat' dir='ltr'><strong>mandu-</strong></span> 
     </span>
    </p>
   </div>
   <div class='ocr_carea' id='block_1_93' title="bbox 2125 3251 3705 3324">
    <p class='ocr_par' dir='ltr' id='par_1_93' title="bbox 2125 3251 3705 3324">
     <span class='ocr_line' id='line_1_93' title="bbox 2125 3251 3705 3324; baseline 0.004 -21"><span class='ocrx_word' id='word_1_799' title='bbox 2125 3260 2206 3303; x_wconf 84' lang='lat' dir='ltr'><strong>cat</strong></span> <span class='ocrx_word' id='word_1_800' title='bbox 2229 3261 2274 3306; x_wconf 82' lang='lat' dir='ltr'><strong>et</strong></span> <span class='ocrx_word' id='word_1_801' title='bbox 2301 3251 2420 3305; x_wconf 85' lang='lat' dir='ltr'><strong>bibit</strong></span> <span class='ocrx_word' id='word_1_802' title='bbox 2457 3252 2498 3324; x_wconf 94' lang='lat' dir='ltr'><strong>(I</strong></span> <span class='ocrx_word' id='word_1_803' title='bbox 2523 3251 2641 3307; x_wconf 88' lang='lat' dir='ltr'><strong>Cor.</strong></span> <span class='ocrx_word' id='word_1_804' title='bbox 2673 3269 2725 3306; x_wconf 75' lang='grc' dir='ltr'>Ï‡Î¹</span> <span class='ocrx_word' id='word_1_805' title='bbox 2748 3295 2764 3318; x_wconf 97' lang='grc'><strong>,</strong></span> <span class='ocrx_word' id='word_1_806' title='bbox 2791 3253 2906 3322; x_wconf 73' lang='lat'><strong>29).</strong></span> <span class='ocrx_word' id='word_1_807' title='bbox 2937 3253 3049 3306; x_wconf 89' lang='lat' dir='ltr'><strong>Non</strong></span> <span class='ocrx_word' id='word_1_808' title='bbox 3078 3254 3150 3306; x_wconf 92' lang='lat' dir='ltr'><strong>ait</strong></span> <span class='ocrx_word' id='word_1_809' title='bbox 3182 3254 3299 3323; x_wconf 91' lang='lat' dir='ltr'><strong>quia</strong></span> <span class='ocrx_word' id='word_1_810' title='bbox 3333 3254 3420 3307; x_wconf 90' lang='lat' dir='ltr'><strong>illa</strong></span> <span class='ocrx_word' id='word_1_811' title='bbox 3450 3271 3534 3309; x_wconf 87' lang='lat' dir='ltr'><strong>res</strong></span> <span class='ocrx_word' id='word_1_812' title='bbox 3565 3256 3705 3309; x_wconf 86' lang='lat' dir='ltr'><strong>mala</strong></span> 
     </span>
    </p>
   </div>
   <div class='ocr_carea' id='block_1_94' title="bbox 2127 3343 3705 3419">
    <p class='ocr_par' dir='ltr' id='par_1_94' title="bbox 2127 3343 3705 3419">
     <span class='ocr_line' id='line_1_94' title="bbox 2127 3343 3705 3419; baseline 0.004 -24"><span class='ocrx_word' id='word_1_813' title='bbox 2127 3351 2207 3396; x_wconf 91' lang='lat' dir='ltr'><strong>est</strong></span> <span class='ocrx_word' id='word_1_814' title='bbox 2236 3361 2248 3395; x_wconf 90' lang='lat'><strong>:</strong></span> <span class='ocrx_word' id='word_1_815' title='bbox 2277 3343 2368 3419; x_wconf 86' lang='lat' dir='ltr'><strong>sed</strong></span> <span class='ocrx_word' id='word_1_816' title='bbox 2387 3344 2506 3412; x_wconf 87' lang='lat' dir='ltr'><strong>quia</strong></span> <span class='ocrx_word' id='word_1_817' title='bbox 2530 3345 2617 3399; x_wconf 90' lang='lat' dir='ltr'><strong>ille</strong></span> <span class='ocrx_word' id='word_1_818' title='bbox 2637 3345 2828 3412; x_wconf 89' lang='lat' dir='ltr'><strong>malus,</strong></span> <span class='ocrx_word' id='word_1_819' title='bbox 2858 3345 2993 3398; x_wconf 92' lang='lat' dir='ltr'><strong>male</strong></span> <span class='ocrx_word' id='word_1_820' title='bbox 3013 3345 3339 3414; x_wconf 80' lang='lat' dir='ltr'><strong>accipiendo,</strong></span> <span class='ocrx_word' id='word_1_821' title='bbox 3364 3346 3428 3398; x_wconf 90' lang='lat' dir='ltr'><strong>ad</strong></span> <span class='ocrx_word' id='word_1_822' title='bbox 3447 3346 3705 3415; x_wconf 84' lang='lat' dir='ltr'><strong>judicium</strong></span> 
     </span>
    </p>
   </div>
   <div class='ocr_carea' id='block_1_95' title="bbox 2126 3433 3707 3505">
    <p class='ocr_par' dir='ltr' id='par_1_95' title="bbox 2126 3433 3707 3505">
     <span class='ocr_line' id='line_1_95' title="bbox 2126 3433 3707 3505; baseline 0.004 -19"><span class='ocrx_word' id='word_1_823' title='bbox 2126 3433 2316 3502; x_wconf 90' lang='lat' dir='ltr'><strong>accipit</strong></span> <span class='ocrx_word' id='word_1_824' title='bbox 2358 3433 2552 3488; x_wconf 91' lang='lat' dir='ltr'><strong>bonum</strong></span> <span class='ocrx_word' id='word_1_825' title='bbox 2596 3435 2735 3505; x_wconf 90' lang='lat' dir='ltr'><strong>quod</strong></span> <span class='ocrx_word' id='word_1_826' title='bbox 2775 3435 2985 3504; x_wconf 89' lang='lat' dir='ltr'><strong>accipit.</strong></span> <span class='ocrx_word' id='word_1_827' title='bbox 3031 3435 3168 3490; x_wconf 91' lang='lat' dir='ltr'><strong>Num</strong></span> <span class='ocrx_word' id='word_1_828' title='bbox 3216 3436 3358 3490; x_wconf 91' lang='lat' dir='ltr'><strong>enim</strong></span> <span class='ocrx_word' id='word_1_829' title='bbox 3405 3438 3541 3491; x_wconf 90' lang='lat' dir='ltr'><strong>mala</strong></span> <span class='ocrx_word' id='word_1_830' title='bbox 3589 3446 3707 3493; x_wconf 84' lang='lat' dir='ltr'><strong>erat</strong></span> 
     </span>
    </p>
   </div>
   <div class='ocr_carea' id='block_1_96' title="bbox 2126 3524 3702 3600">
    <p class='ocr_par' dir='ltr' id='par_1_96' title="bbox 2126 3524 3702 3600">
     <span class='ocr_line' id='line_1_96' title="bbox 2126 3524 3702 3600; baseline 0.003 -20"><span class='ocrx_word' id='word_1_831' title='bbox 2126 3524 2362 3580; x_wconf 89' lang='lat' dir='ltr'><strong>buecella</strong></span> <span class='ocrx_word' id='word_1_832' title='bbox 2410 3542 2527 3596; x_wconf 68' lang='lat' dir='ltr'><strong>quae</strong></span> <span class='ocrx_word' id='word_1_833' title='bbox 2581 3527 2770 3582; x_wconf 89' lang='lat' dir='ltr'><strong>tradita</strong></span> <span class='ocrx_word' id='word_1_834' title='bbox 2815 3537 2898 3582; x_wconf 91' lang='lat' dir='ltr'><strong>est</strong></span> <span class='ocrx_word' id='word_1_835' title='bbox 2947 3527 3093 3582; x_wconf 73' lang='lat' dir='ltr'><strong>Iudae</strong></span> <span class='ocrx_word' id='word_1_836' title='bbox 3145 3543 3175 3580; x_wconf 90' lang='lat' dir='ltr'><strong>a</strong></span> <span class='ocrx_word' id='word_1_837' title='bbox 3227 3528 3452 3582; x_wconf 90' lang='lat' dir='ltr'><strong>Domino</strong></span> <span class='ocrx_word' id='word_1_838' title='bbox 3503 3528 3702 3600; x_wconf 82' lang='lat' dir='ltr'><strong>(Joan.</strong></span> 
     </span>
    </p>
   </div>
   <div class='ocr_carea' id='block_1_97' title="bbox 2132 3619 3710 3688">
    <p class='ocr_par' dir='ltr' id='par_1_97' title="bbox 2132 3619 3710 3688">
     <span class='ocr_line' id='line_1_97' title="bbox 2132 3619 3710 3688; baseline 0.002 -15"><span class='ocrx_word' id='word_1_839' title='bbox 2132 3635 2222 3673; x_wconf 81' lang='lat' dir='ltr'><strong>xui</strong></span> <span class='ocrx_word' id='word_1_840' title='bbox 2249 3661 2264 3683; x_wconf 93' lang='lat'><strong>,</strong></span> <span class='ocrx_word' id='word_1_841' title='bbox 2292 3619 2422 3688; x_wconf 75' lang='lat'><strong>26)?</strong></span> <span class='ocrx_word' id='word_1_842' title='bbox 2449 3620 2617 3674; x_wconf 83' lang='lat' dir='ltr'><strong>Absit.</strong></span> <span class='ocrx_word' id='word_1_843' title='bbox 2660 3620 2892 3674; x_wconf 84' lang='lat' dir='ltr'><strong>Medicus</strong></span> <span class='ocrx_word' id='word_1_844' title='bbox 2939 3636 3043 3674; x_wconf 94' lang='lat' dir='ltr'><strong>non</strong></span> <span class='ocrx_word' id='word_1_845' title='bbox 3090 3620 3240 3674; x_wconf 89' lang='lat' dir='ltr'><strong>daret</strong></span> <span class='ocrx_word' id='word_1_846' title='bbox 3265 3636 3524 3675; x_wconf 90' lang='lat' dir='ltr'><strong>venenum</strong></span> <span class='ocrx_word' id='word_1_847' title='bbox 3565 3640 3579 3675; x_wconf 87' lang='lat'><strong>:</strong></span> <span class='ocrx_word' id='word_1_848' title='bbox 3618 3637 3710 3676; x_wconf 56' lang='lat' dir='ltr'><strong>sa-</strong></span> 
     </span>
    </p>
   </div>
   <div class='ocr_carea' id='block_1_98' title="bbox 2129 3709 3714 3781">
    <p class='ocr_par' dir='ltr' id='par_1_98' title="bbox 2129 3709 3714 3781">
     <span class='ocr_line' id='line_1_98' title="bbox 2129 3709 3714 3781; baseline 0.003 -19"><span class='ocrx_word' id='word_1_849' title='bbox 2129 3709 2292 3764; x_wconf 91' lang='lat' dir='ltr'><strong>lutem</strong></span> <span class='ocrx_word' id='word_1_850' title='bbox 2321 3709 2556 3763; x_wconf 90' lang='lat' dir='ltr'><strong>medicus</strong></span> <span class='ocrx_word' id='word_1_851' title='bbox 2579 3709 2724 3764; x_wconf 88' lang='lat' dir='ltr'><strong>dedit</strong></span> <span class='ocrx_word' id='word_1_852' title='bbox 2747 3727 2762 3775; x_wconf 94' lang='lat'><strong>;</strong></span> <span class='ocrx_word' id='word_1_853' title='bbox 2791 3710 2884 3765; x_wconf 91' lang='lat' dir='ltr'><strong>sed</strong></span> <span class='ocrx_word' id='word_1_854' title='bbox 2912 3709 3122 3779; x_wconf 82' lang='lat' dir='ltr'><strong>indigne</strong></span> <span class='ocrx_word' id='word_1_855' title='bbox 3142 3711 3469 3779; x_wconf 88' lang='lat' dir='ltr'><strong>accipiendo,</strong></span> <span class='ocrx_word' id='word_1_856' title='bbox 3495 3711 3559 3766; x_wconf 93' lang='lat' dir='ltr'><strong>ad</strong></span> <span class='ocrx_word' id='word_1_857' title='bbox 3583 3727 3714 3781; x_wconf 88' lang='lat' dir='ltr'><strong>per-</strong></span> 
     </span>
    </p>
   </div>
   <div class='ocr_carea' id='block_1_99' title="bbox 2128 3801 3720 3872">
    <p class='ocr_par' dir='ltr' id='par_1_99' title="bbox 2128 3801 3720 3872">
     <span class='ocr_line' id='line_1_99' title="bbox 2128 3801 3720 3872; baseline 0.003 -17"><span class='ocrx_word' id='word_1_858' title='bbox 2128 3801 2319 3856; x_wconf 90' lang='lat' dir='ltr'><strong>niciem</strong></span> <span class='ocrx_word' id='word_1_859' title='bbox 2355 3803 2556 3870; x_wconf 86' lang='lat' dir='ltr'><strong>accepit</strong></span> <span class='ocrx_word' id='word_1_860' title='bbox 2584 3804 2671 3872; x_wconf 92' lang='lat' dir='ltr'><strong>qui</strong></span> <span class='ocrx_word' id='word_1_861' title='bbox 2714 3817 2820 3855; x_wconf 91' lang='lat' dir='ltr'><strong>non</strong></span> <span class='ocrx_word' id='word_1_862' title='bbox 2865 3811 3079 3870; x_wconf 90' lang='lat' dir='ltr'><strong>pacatus</strong></span> <span class='ocrx_word' id='word_1_863' title='bbox 3108 3804 3331 3872; x_wconf 91' lang='lat' dir='ltr'><strong>accepit.</strong></span> <span class='ocrx_word' id='word_1_864' title='bbox 3373 3802 3461 3858; x_wconf 90' lang='lat' dir='ltr'><strong>Sic</strong></span> <span class='ocrx_word' id='word_1_865' title='bbox 3501 3819 3630 3872; x_wconf 88' lang='lat' dir='ltr'><strong>ergo</strong></span> <span class='ocrx_word' id='word_1_866' title='bbox 3659 3813 3720 3860; x_wconf 91' lang='lat' dir='ltr'><strong>et</strong></span> 
     </span>
    </p>
   </div>
   <div class='ocr_carea' id='block_1_100' title="bbox 2127 3893 3714 3964">
    <p class='ocr_par' dir='ltr' id='par_1_100' title="bbox 2127 3893 3714 3964">
     <span class='ocr_line' id='line_1_100' title="bbox 2127 3893 3714 3964; baseline 0.003 -16"><span class='ocrx_word' id='word_1_867' title='bbox 2127 3894 2216 3964; x_wconf 92' lang='lat' dir='ltr'><strong>qui</strong></span> <span class='ocrx_word' id='word_1_868' title='bbox 2241 3894 2558 3964; x_wconf 89' lang='lat' dir='ltr'><strong>baptizatur.</strong></span> <span class='ocrx_word' id='word_1_869' title='bbox 2581 3893 2798 3961; x_wconf 82' lang='lat' dir='ltr'><strong>Habeo,</strong></span> <span class='ocrx_word' id='word_1_870' title='bbox 2832 3895 3030 3964; x_wconf 91' lang='lat' dir='ltr'><strong>inquit,</strong></span> <span class='ocrx_word' id='word_1_871' title='bbox 3063 3895 3210 3948; x_wconf 92' lang='lat' dir='ltr'><strong>mihi.</strong></span> <span class='ocrx_word' id='word_1_872' title='bbox 3245 3894 3468 3961; x_wconf 81' lang='lat' dir='ltr'><strong>Fateor,</strong></span> <span class='ocrx_word' id='word_1_873' title='bbox 3498 3895 3665 3951; x_wconf 91' lang='lat' dir='ltr'><strong>habes</strong></span> <span class='ocrx_word' id='word_1_874' title='bbox 3698 3918 3714 3952; x_wconf 89' lang='lat'><strong>:</strong></span> 
     </span>
    </p>
   </div>
   <div class='ocr_carea' id='block_1_101' title="bbox 2129 3984 3714 4055">
    <p class='ocr_par' dir='ltr' id='par_1_101' title="bbox 2129 3984 3714 4055">
     <span class='ocr_line' id='line_1_101' title="bbox 2129 3984 3714 4055; baseline 0.003 -16"><span class='ocrx_word' id='word_1_875' title='bbox 2129 3985 2351 4040; x_wconf 88' lang='lat' dir='ltr'><strong>observa</strong></span> <span class='ocrx_word' id='word_1_876' title='bbox 2379 3984 2518 4055; x_wconf 91' lang='lat' dir='ltr'><strong>quod</strong></span> <span class='ocrx_word' id='word_1_877' title='bbox 2547 3985 2743 4049; x_wconf 89' lang='lat' dir='ltr'><strong>habes;</strong></span> <span class='ocrx_word' id='word_1_878' title='bbox 2771 3999 2836 4038; x_wconf 92' lang='lat' dir='ltr'><strong>eo</strong></span> <span class='ocrx_word' id='word_1_879' title='bbox 2862 3985 2976 4054; x_wconf 88' lang='lat' dir='ltr'><strong>ipso</strong></span> <span class='ocrx_word' id='word_1_880' title='bbox 2999 3985 3139 4055; x_wconf 91' lang='lat' dir='ltr'><strong>quod</strong></span> <span class='ocrx_word' id='word_1_881' title='bbox 3168 3986 3329 4040; x_wconf 88' lang='lat' dir='ltr'><strong>habes</strong></span> <span class='ocrx_word' id='word_1_882' title='bbox 3350 3985 3714 4043; x_wconf 86' lang='lat' dir='ltr'><strong>damuaberis.</strong></span> 
     </span>
    </p>
   </div>
   <div class='ocr_carea' id='block_1_102' title="bbox 2127 4075 3714 4144">
    <p class='ocr_par' dir='ltr' id='par_1_102' title="bbox 2127 4075 3714 4144">
     <span class='ocr_line' id='line_1_102' title="bbox 2127 4075 3714 4144; baseline 0.003 -15"><span class='ocrx_word' id='word_1_883' title='bbox 2127 4076 2340 4143; x_wconf 87' lang='lat' dir='ltr'><strong>Quare?</strong></span> <span class='ocrx_word' id='word_1_884' title='bbox 2367 4076 2496 4142; x_wconf 87' lang='lat' dir='ltr'><strong>Quia</strong></span> <span class='ocrx_word' id='word_1_885' title='bbox 2527 4090 2640 4129; x_wconf 88' lang='lat' dir='ltr'><strong>rem</strong></span> <span class='ocrx_word' id='word_1_886' title='bbox 2676 4075 2937 4130; x_wconf 65' lang='lat' dir='ltr'><strong>columba:</strong></span> <span class='ocrx_word' id='word_1_887' title='bbox 2971 4084 3162 4144; x_wconf 73' lang='lat' dir='ltr'><strong>prteter</strong></span> <span class='ocrx_word' id='word_1_888' title='bbox 3189 4076 3488 4130; x_wconf 89' lang='lat' dir='ltr'><strong>columbam</strong></span> <span class='ocrx_word' id='word_1_889' title='bbox 3519 4077 3714 4132; x_wconf 87' lang='lat' dir='ltr'><strong>habes.</strong></span> 
     </span>
    </p>
   </div>
   <div class='ocr_carea' id='block_1_103' title="bbox 2128 4165 3712 4234">
    <p class='ocr_par' dir='ltr' id='par_1_103' title="bbox 2128 4165 3712 4234">
     <span class='ocr_line' id='line_1_103' title="bbox 2128 4165 3712 4234; baseline 0.003 -12"><span class='ocrx_word' id='word_1_890' title='bbox 2128 4166 2182 4223; x_wconf 92' lang='lat' dir='ltr'><strong>Si</strong></span> <span class='ocrx_word' id='word_1_891' title='bbox 2213 4182 2326 4222; x_wconf 90' lang='lat' dir='ltr'><strong>rem</strong></span> <span class='ocrx_word' id='word_1_892' title='bbox 2355 4165 2612 4220; x_wconf 83' lang='lat' dir='ltr'><strong>columbae</strong></span> <span class='ocrx_word' id='word_1_893' title='bbox 2653 4166 2704 4219; x_wconf 90' lang='lat' dir='ltr'><strong>iu</strong></span> <span class='ocrx_word' id='word_1_894' title='bbox 2749 4166 2990 4222; x_wconf 90' lang='lat' dir='ltr'><strong>columba</strong></span> <span class='ocrx_word' id='word_1_895' title='bbox 3018 4165 3234 4234; x_wconf 91' lang='lat' dir='ltr'><strong>habeas,</strong></span> <span class='ocrx_word' id='word_1_896' title='bbox 3267 4183 3484 4222; x_wconf 88' lang='lat' dir='ltr'><strong>securus</strong></span> <span class='ocrx_word' id='word_1_897' title='bbox 3516 4169 3712 4228; x_wconf 89' lang='lat' dir='ltr'><strong>habes.</strong></span> 
     </span>
    </p>
   </div>
   <div class='ocr_carea' id='block_1_104' title="bbox 2130 4257 3718 4329">
    <p class='ocr_par' dir='ltr' id='par_1_104' title="bbox 2130 4257 3718 4329">
     <span class='ocr_line' id='line_1_104' title="bbox 2130 4257 3718 4329; baseline 0.003 -17"><span class='ocrx_word' id='word_1_898' title='bbox 2130 4259 2260 4312; x_wconf 89' lang='lat' dir='ltr'><strong>Puta</strong></span> <span class='ocrx_word' id='word_1_899' title='bbox 2300 4267 2352 4312; x_wconf 92' lang='lat' dir='ltr'><strong>te</strong></span> <span class='ocrx_word' id='word_1_900' title='bbox 2378 4273 2496 4313; x_wconf 86' lang='lat' dir='ltr'><strong>esse</strong></span> <span class='ocrx_word' id='word_1_901' title='bbox 2535 4257 2818 4312; x_wconf 89' lang='lat' dir='ltr'><strong>militarem</strong></span> <span class='ocrx_word' id='word_1_902' title='bbox 2850 4275 2863 4311; x_wconf 93' lang='lat'><strong>:</strong></span> <span class='ocrx_word' id='word_1_903' title='bbox 2894 4258 2938 4312; x_wconf 90' lang='lat' dir='ltr'><strong>si</strong></span> <span class='ocrx_word' id='word_1_904' title='bbox 2971 4257 3331 4314; x_wconf 89' lang='lat' dir='ltr'><strong>characterem</strong></span> <span class='ocrx_word' id='word_1_905' title='bbox 3371 4260 3718 4329; x_wconf 89' lang='lat' dir='ltr'><strong>imperatoris</strong></span> 
     </span>
    </p>
   </div>
   <div class='ocr_carea' id='block_1_105' title="bbox 2131 4350 3714 4419">
    <p class='ocr_par' dir='ltr' id='par_1_105' title="bbox 2131 4350 3714 4419">
     <span class='ocr_line' id='line_1_105' title="bbox 2131 4350 3714 4419; baseline 0.001 -14"><span class='ocrx_word' id='word_1_906' title='bbox 2131 4351 2206 4405; x_wconf 92' lang='lat' dir='ltr'><strong>tui</strong></span> <span class='ocrx_word' id='word_1_907' title='bbox 2237 4351 2376 4405; x_wconf 92' lang='lat' dir='ltr'><strong>intus</strong></span> <span class='ocrx_word' id='word_1_908' title='bbox 2410 4350 2627 4416; x_wconf 87' lang='lat' dir='ltr'><strong>habeas,</strong></span> <span class='ocrx_word' id='word_1_909' title='bbox 2675 4364 2893 4405; x_wconf 90' lang='lat' dir='ltr'><strong>securus</strong></span> <span class='ocrx_word' id='word_1_910' title='bbox 2928 4351 3159 4416; x_wconf 92' lang='lat' dir='ltr'><strong>militas;</strong></span> <span class='ocrx_word' id='word_1_911' title='bbox 3209 4351 3253 4405; x_wconf 90' lang='lat' dir='ltr'><strong>si</strong></span> <span class='ocrx_word' id='word_1_912' title='bbox 3295 4360 3442 4405; x_wconf 78' lang='lat' dir='ltr'><strong>extra</strong></span> <span class='ocrx_word' id='word_1_913' title='bbox 3487 4351 3714 4419; x_wconf 87' lang='lat' dir='ltr'><strong>habeas,</strong></span> 
     </span>
    </p>
   </div>
   <div class='ocr_carea' id='block_1_106' title="bbox 2132 4443 3714 4512">
    <p class='ocr_par' dir='ltr' id='par_1_106' title="bbox 2132 4443 3714 4512">
     <span class='ocr_line' id='line_1_106' title="bbox 2132 4443 3714 4512; baseline 0.001 -14"><span class='ocrx_word' id='word_1_914' title='bbox 2132 4460 2235 4498; x_wconf 93' lang='lat' dir='ltr'><strong>non</strong></span> <span class='ocrx_word' id='word_1_915' title='bbox 2261 4445 2428 4498; x_wconf 90' lang='lat' dir='ltr'><strong>solum</strong></span> <span class='ocrx_word' id='word_1_916' title='bbox 2458 4444 2550 4498; x_wconf 92' lang='lat' dir='ltr'><strong>tibi</strong></span> <span class='ocrx_word' id='word_1_917' title='bbox 2576 4443 2641 4498; x_wconf 91' lang='lat' dir='ltr'><strong>ad</strong></span> <span class='ocrx_word' id='word_1_918' title='bbox 2670 4445 2908 4498; x_wconf 90' lang='lat' dir='ltr'><strong>militiam</strong></span> <span class='ocrx_word' id='word_1_919' title='bbox 2935 4458 3041 4497; x_wconf 90' lang='lat' dir='ltr'><strong>non</strong></span> <span class='ocrx_word' id='word_1_920' title='bbox 3063 4443 3279 4512; x_wconf 84' lang='lat' dir='ltr'><strong>prodest</strong></span> <span class='ocrx_word' id='word_1_921' title='bbox 3298 4443 3576 4498; x_wconf 89' lang='lat' dir='ltr'><strong>character</strong></span> <span class='ocrx_word' id='word_1_922' title='bbox 3597 4445 3714 4511; x_wconf 89' lang='lat' dir='ltr'><strong>ille,</strong></span> 
     </span>
    </p>
   </div>
   <div class='ocr_carea' id='block_1_107' title="bbox 2131 4534 3724 4605">
    <p class='ocr_par' dir='ltr' id='par_1_107' title="bbox 2131 4534 3724 4605">
     <span class='ocr_line' id='line_1_107' title="bbox 2131 4534 3724 4605; baseline 0.002 -15"><span class='ocrx_word' id='word_1_923' title='bbox 2131 4535 2224 4590; x_wconf 92' lang='lat' dir='ltr'><strong>sed</strong></span> <span class='ocrx_word' id='word_1_924' title='bbox 2251 4535 2408 4590; x_wconf 90' lang='lat' dir='ltr'><strong>etiam</strong></span> <span class='ocrx_word' id='word_1_925' title='bbox 2434 4550 2534 4605; x_wconf 81' lang='lat' dir='ltr'><strong>pro</strong></span> <span class='ocrx_word' id='word_1_926' title='bbox 2561 4535 2834 4590; x_wconf 89' lang='lat' dir='ltr'><strong>desertore</strong></span> <span class='ocrx_word' id='word_1_927' title='bbox 2863 4535 3116 4605; x_wconf 90' lang='lat' dir='ltr'><strong>puuieris.</strong></span> <span class='ocrx_word' id='word_1_928' title='bbox 3150 4534 3278 4588; x_wconf 85' lang='lat' dir='ltr'><strong>Veni</strong></span> <span class='ocrx_word' id='word_1_929' title='bbox 3304 4551 3449 4604; x_wconf 81' lang='lat' dir='ltr'><strong>ergo,</strong></span> <span class='ocrx_word' id='word_1_930' title='bbox 3483 4537 3622 4603; x_wconf 87' lang='lat' dir='ltr'><strong>veni,</strong></span> <span class='ocrx_word' id='word_1_931' title='bbox 3659 4547 3724 4593; x_wconf 90' lang='lat' dir='ltr'><strong>et</strong></span> 
     </span>
    </p>
   </div>
   <div class='ocr_carea' id='block_1_108' title="bbox 2132 4625 3724 4696">
    <p class='ocr_par' dir='ltr' id='par_1_108' title="bbox 2132 4625 3724 4696">
     <span class='ocr_line' id='line_1_108' title="bbox 2132 4625 3724 4696; baseline 0 -14"><span class='ocrx_word' id='word_1_932' title='bbox 2132 4628 2240 4683; x_wconf 85' lang='lat' dir='ltr'><strong>noli</strong></span> <span class='ocrx_word' id='word_1_933' title='bbox 2270 4627 2448 4683; x_wconf 85' lang='lat' dir='ltr'><strong>dicere</strong></span> <span class='ocrx_word' id='word_1_934' title='bbox 2481 4645 2494 4681; x_wconf 88' lang='lat'><strong>:</strong></span> <span class='ocrx_word' id='word_1_935' title='bbox 2525 4627 2640 4683; x_wconf 85' lang='lat' dir='ltr'><strong>Jam</strong></span> <span class='ocrx_word' id='word_1_936' title='bbox 2670 4626 2872 4694; x_wconf 90' lang='lat' dir='ltr'><strong>habeo,</strong></span> <span class='ocrx_word' id='word_1_937' title='bbox 2895 4625 3002 4696; x_wconf 77' lang='lat' dir='ltr'><strong>iam</strong></span> <span class='ocrx_word' id='word_1_938' title='bbox 3031 4625 3222 4680; x_wconf 80' lang='lat' dir='ltr'><strong>sullicit</strong></span> <span class='ocrx_word' id='word_1_939' title='bbox 3249 4625 3395 4678; x_wconf 92' lang='lat' dir='ltr'><strong>mihi.</strong></span> <span class='ocrx_word' id='word_1_940' title='bbox 3425 4625 3554 4681; x_wconf 87' lang='lat' dir='ltr'><strong>chi</strong></span> <span class='ocrx_word' id='word_1_941' title='bbox 3581 4643 3596 4691; x_wconf 92' lang='lat'><strong>;</strong></span> <span class='ocrx_word' id='word_1_942' title='bbox 3619 4642 3724 4682; x_wconf 85' lang='lat' dir='ltr'><strong>co-</strong></span> 
     </span>
    </p>
   </div>
   <div class='ocr_carea' id='block_1_109' title="bbox 2132 4717 3721 4789">
    <p class='ocr_par' dir='ltr' id='par_1_109' title="bbox 2132 4717 3721 4789">
     <span class='ocr_line' id='line_1_109' title="bbox 2132 4717 3721 4789; baseline 0.001 -15"><span class='ocrx_word' id='word_1_943' title='bbox 2132 4719 2309 4775; x_wconf 89' lang='lat' dir='ltr'><strong>lumba</strong></span> <span class='ocrx_word' id='word_1_944' title='bbox 2332 4727 2385 4774; x_wconf 84' lang='lat' dir='ltr'><strong>te</strong></span> <span class='ocrx_word' id='word_1_945' title='bbox 2411 4727 2585 4786; x_wconf 90' lang='lat' dir='ltr'><strong>vocat,</strong></span> <span class='ocrx_word' id='word_1_946' title='bbox 2606 4717 2866 4789; x_wconf 90' lang='lat' dir='ltr'><strong>gemeudo</strong></span> <span class='ocrx_word' id='word_1_947' title='bbox 2890 4727 2942 4772; x_wconf 90' lang='lat' dir='ltr'><strong>te</strong></span> <span class='ocrx_word' id='word_1_948' title='bbox 2966 4727 3139 4773; x_wconf 91' lang='lat' dir='ltr'><strong>vocat.</strong></span> <span class='ocrx_word' id='word_1_949' title='bbox 3166 4717 3380 4772; x_wconf 86' lang='lat' dir='ltr'><strong>Fratres</strong></span> <span class='ocrx_word' id='word_1_950' title='bbox 3409 4719 3531 4783; x_wconf 90' lang='lat' dir='ltr'><strong>mei,</strong></span> <span class='ocrx_word' id='word_1_951' title='bbox 3557 4719 3721 4776; x_wconf 88' lang='lat' dir='ltr'><strong>vobis</strong></span> 
     </span>
    </p>
   </div>
   <div class='ocr_carea' id='block_1_110' title="bbox 2132 4810 3719 4882">
    <p class='ocr_par' dir='ltr' id='par_1_110' title="bbox 2132 4810 3719 4882">
     <span class='ocr_line' id='line_1_110' title="bbox 2132 4810 3719 4882; baseline 0 -16"><span class='ocrx_word' id='word_1_952' title='bbox 2132 4811 2281 4874; x_wconf 87' lang='lat' dir='ltr'><strong>dico;</strong></span> <span class='ocrx_word' id='word_1_953' title='bbox 2309 4811 2569 4882; x_wconf 89' lang='lat' dir='ltr'><strong>gemendo</strong></span> <span class='ocrx_word' id='word_1_954' title='bbox 2595 4819 2779 4866; x_wconf 89' lang='lat' dir='ltr'><strong>vocate</strong></span> <span class='ocrx_word' id='word_1_955' title='bbox 2802 4851 2816 4874; x_wconf 91' lang='lat'><strong>,</strong></span> <span class='ocrx_word' id='word_1_956' title='bbox 2845 4826 2948 4864; x_wconf 90' lang='lat' dir='ltr'><strong>non</strong></span> <span class='ocrx_word' id='word_1_957' title='bbox 2975 4810 3195 4865; x_wconf 82' lang='lat' dir='ltr'><strong>rixando</strong></span> <span class='ocrx_word' id='word_1_958' title='bbox 3231 4829 3244 4865; x_wconf 86' lang='lat'><strong>:</strong></span> <span class='ocrx_word' id='word_1_959' title='bbox 3273 4820 3458 4865; x_wconf 68' lang='lat' dir='ltr'><strong>vocate</strong></span> <span class='ocrx_word' id='word_1_960' title='bbox 3483 4812 3719 4878; x_wconf 92' lang='lat' dir='ltr'><strong>orando,</strong></span> 
     </span>
    </p>
   </div>
   <div class='ocr_carea' id='block_1_111' title="bbox 2132 4901 3721 4971">
    <p class='ocr_par' dir='ltr' id='par_1_111' title="bbox 2132 4901 3721 4971">
     <span class='ocr_line' id='line_1_111' title="bbox 2132 4901 3721 4971; baseline 0 -14"><span class='ocrx_word' id='word_1_961' title='bbox 2132 4913 2318 4959; x_wconf 87' lang='lat' dir='ltr'><strong>vocate</strong></span> <span class='ocrx_word' id='word_1_962' title='bbox 2361 4903 2649 4969; x_wconf 84' lang='lat' dir='ltr'><strong>iuvitando,</strong></span> <span class='ocrx_word' id='word_1_963' title='bbox 2688 4910 2871 4956; x_wconf 84' lang='lat' dir='ltr'><strong>vocate</strong></span> <span class='ocrx_word' id='word_1_964' title='bbox 2911 4901 3232 4971; x_wconf 83' lang='lat' dir='ltr'><strong>jejunaudo;</strong></span> <span class='ocrx_word' id='word_1_965' title='bbox 3277 4901 3343 4956; x_wconf 91' lang='lat' dir='ltr'><strong>de</strong></span> <span class='ocrx_word' id='word_1_966' title='bbox 3391 4901 3654 4957; x_wconf 89' lang='lat' dir='ltr'><strong>charitate</strong></span> <span class='ocrx_word' id='word_1_967' title='bbox 3695 4906 3721 4936; x_wconf 83' lang='grc'>Â¹</span> 
     </span>
    </p>
   </div>
   <div class='ocr_carea' id='block_1_112' title="bbox 2135 4994 3718 5066">
    <p class='ocr_par' dir='ltr' id='par_1_112' title="bbox 2135 4994 3718 5066">
     <span class='ocr_line' id='line_1_112' title="bbox 2135 4994 3718 5066; baseline -0.002 -14"><span class='ocrx_word' id='word_1_968' title='bbox 2135 4996 2428 5066; x_wconf 86' lang='lat' dir='ltr'><strong>intelligant</strong></span> <span class='ocrx_word' id='word_1_969' title='bbox 2447 4997 2567 5066; x_wconf 88' lang='lat' dir='ltr'><strong>quia</strong></span> <span class='ocrx_word' id='word_1_970' title='bbox 2593 4995 2786 5050; x_wconf 89' lang='lat' dir='ltr'><strong>doletis</strong></span> <span class='ocrx_word' id='word_1_971' title='bbox 2815 4995 2954 5049; x_wconf 90' lang='lat' dir='ltr'><strong>illos.</strong></span> <span class='ocrx_word' id='word_1_972' title='bbox 2986 4994 3099 5049; x_wconf 87' lang='lat' dir='ltr'><strong>Non</strong></span> <span class='ocrx_word' id='word_1_973' title='bbox 3131 4994 3332 5062; x_wconf 90' lang='lat' dir='ltr'><strong>dubito,</strong></span> <span class='ocrx_word' id='word_1_974' title='bbox 3367 4994 3554 5050; x_wconf 85' lang='lat' dir='ltr'><strong>fratres</strong></span> <span class='ocrx_word' id='word_1_975' title='bbox 3583 4997 3718 5063; x_wconf 90' lang='lat' dir='ltr'><strong>mei,</strong></span> 
     </span>
    </p>
   </div>
   <div class='ocr_carea' id='block_1_113' title="bbox 2135 5087 3726 5160">
    <p class='ocr_par' dir='ltr' id='par_1_113' title="bbox 2135 5087 3726 5160">
     <span class='ocr_line' id='line_1_113' title="bbox 2135 5087 3726 5160; baseline 0.001 -16"><span class='ocrx_word' id='word_1_976' title='bbox 2135 5090 2258 5160; x_wconf 87' lang='lat' dir='ltr'><strong>quia</strong></span> <span class='ocrx_word' id='word_1_977' title='bbox 2303 5091 2348 5143; x_wconf 88' lang='lat' dir='ltr'><strong>si</strong></span> <span class='ocrx_word' id='word_1_978' title='bbox 2386 5089 2599 5143; x_wconf 89' lang='lat' dir='ltr'><strong>videant</strong></span> <span class='ocrx_word' id='word_1_979' title='bbox 2639 5087 2880 5142; x_wconf 90' lang='lat' dir='ltr'><strong>dolorem</strong></span> <span class='ocrx_word' id='word_1_980' title='bbox 2921 5097 3180 5151; x_wconf 88' lang='lat' dir='ltr'><strong>vestrum,</strong></span> <span class='ocrx_word' id='word_1_981' title='bbox 3221 5087 3628 5155; x_wconf 91' lang='lat' dir='ltr'><strong>confundentur,</strong></span> <span class='ocrx_word' id='word_1_982' title='bbox 3664 5102 3726 5145; x_wconf 86' lang='lat' dir='ltr'><strong>et</strong></span> 
     </span>
    </p>
   </div>
   <div class='ocr_carea' id='block_1_114' title="bbox 2135 5178 3726 5248">
    <p class='ocr_par' dir='ltr' id='par_1_114' title="bbox 2135 5178 3726 5248">
     <span class='ocr_line' id='line_1_114' title="bbox 2135 5178 3726 5248; baseline 0.001 -15"><span class='ocrx_word' id='word_1_983' title='bbox 2135 5179 2472 5233; x_wconf 80' lang='lat' dir='ltr'><strong>reviviscent.</strong></span> <span class='ocrx_word' id='word_1_984' title='bbox 2504 5178 2635 5233; x_wconf 88' lang='lat' dir='ltr'><strong>Veni</strong></span> <span class='ocrx_word' id='word_1_985' title='bbox 2681 5178 2989 5248; x_wconf 88' lang='lat' dir='ltr'><strong>ergo,veni</strong></span> <span class='ocrx_word' id='word_1_986' title='bbox 3033 5197 3044 5232; x_wconf 89' lang='lat'>:</span> <span class='ocrx_word' id='word_1_987' title='bbox 3093 5178 3197 5232; x_wconf 93' lang='lat' dir='ltr'><strong>noli</strong></span> <span class='ocrx_word' id='word_1_988' title='bbox 3243 5179 3468 5243; x_wconf 89' lang='lat' dir='ltr'><strong>timere;</strong></span> <span class='ocrx_word' id='word_1_989' title='bbox 3498 5179 3624 5232; x_wconf 90' lang='lat' dir='ltr'><strong>time</strong></span> <span class='ocrx_word' id='word_1_990' title='bbox 3673 5181 3726 5235; x_wconf 93' lang='lat' dir='ltr'><strong>si</strong></span> 
     </span>
    </p>
   </div>
   <div class='ocr_carea' id='block_1_115' title="bbox 2137 5268 3724 5340">
    <p class='ocr_par' dir='ltr' id='par_1_115' title="bbox 2137 5268 3724 5340">
     <span class='ocr_line' id='line_1_115' title="bbox 2137 5268 3724 5340; baseline 0 -16"><span class='ocrx_word' id='word_1_991' title='bbox 2137 5284 2243 5325; x_wconf 93' lang='lat' dir='ltr'><strong>non</strong></span> <span class='ocrx_word' id='word_1_992' title='bbox 2267 5270 2417 5326; x_wconf 89' lang='lat' dir='ltr'><strong>venis</strong></span> <span class='ocrx_word' id='word_1_993' title='bbox 2449 5289 2462 5324; x_wconf 90' lang='lat'>:</span> <span class='ocrx_word' id='word_1_994' title='bbox 2495 5270 2601 5324; x_wconf 92' lang='lat' dir='ltr'><strong>imo</strong></span> <span class='ocrx_word' id='word_1_995' title='bbox 2638 5284 2745 5324; x_wconf 90' lang='lat' dir='ltr'><strong>non</strong></span> <span class='ocrx_word' id='word_1_996' title='bbox 2790 5270 2937 5336; x_wconf 88' lang='lat' dir='ltr'><strong>time,</strong></span> <span class='ocrx_word' id='word_1_997' title='bbox 2968 5269 3062 5324; x_wconf 91' lang='lat' dir='ltr'><strong>sed</strong></span> <span class='ocrx_word' id='word_1_998' title='bbox 3087 5271 3296 5340; x_wconf 88' lang='lat' dir='ltr'><strong>plange.</strong></span> <span class='ocrx_word' id='word_1_999' title='bbox 3329 5268 3481 5335; x_wconf 87' lang='lat' dir='ltr'><strong>Veni,</strong></span> <span class='ocrx_word' id='word_1_1000' title='bbox 3511 5269 3724 5339; x_wconf 87' lang='lat' dir='ltr'><strong>gaude-</strong></span> 
     </span>
    </p>
   </div>
   <div class='ocr_carea' id='block_1_116' title="bbox 2139 5363 3726 5432">
    <p class='ocr_par' dir='ltr' id='par_1_116' title="bbox 2139 5363 3726 5432">
     <span class='ocr_line' id='line_1_116' title="bbox 2139 5363 3726 5432; baseline 0.001 -14"><span class='ocrx_word' id='word_1_1001' title='bbox 2139 5365 2220 5419; x_wconf 93' lang='lat' dir='ltr'><strong>bis</strong></span> <span class='ocrx_word' id='word_1_1002' title='bbox 2267 5364 2311 5418; x_wconf 91' lang='lat' dir='ltr'><strong>si</strong></span> <span class='ocrx_word' id='word_1_1003' title='bbox 2362 5365 2572 5418; x_wconf 88' lang='lat' dir='ltr'><strong>veneris</strong></span> <span class='ocrx_word' id='word_1_1004' title='bbox 2620 5380 2634 5417; x_wconf 91' lang='lat'>:</span> <span class='ocrx_word' id='word_1_1005' title='bbox 2681 5377 2862 5432; x_wconf 89' lang='lat' dir='ltr'><strong>gemes</strong></span> <span class='ocrx_word' id='word_1_1006' title='bbox 2907 5363 3121 5432; x_wconf 87' lang='lat' dir='ltr'><strong>quidem</strong></span> <span class='ocrx_word' id='word_1_1007' title='bbox 3182 5363 3232 5415; x_wconf 91' lang='lat' dir='ltr'><strong>iu</strong></span> <span class='ocrx_word' id='word_1_1008' title='bbox 3290 5363 3726 5420; x_wconf 86' lang='lat' dir='ltr'><strong>tribulationibus</strong></span> 
     </span>
    </p>
   </div>
   <div class='ocr_carea' id='block_1_117' title="bbox 2139 5455 3728 5529">
    <p class='ocr_par' dir='ltr' id='par_1_117' title="bbox 2139 5455 3728 5529">
     <span class='ocr_line' id='line_1_117' title="bbox 2139 5455 3728 5529; baseline 0.003 -22"><span class='ocrx_word' id='word_1_1009' title='bbox 2139 5457 2610 5529; x_wconf 77' lang='lat' dir='ltr'><strong>peregrinationis;</strong></span> <span class='ocrx_word' id='word_1_1010' title='bbox 2657 5456 2750 5511; x_wconf 89' lang='lat' dir='ltr'><strong>sed</strong></span> <span class='ocrx_word' id='word_1_1011' title='bbox 2788 5456 3042 5526; x_wconf 87' lang='lat' dir='ltr'><strong>gaudebis</strong></span> <span class='ocrx_word' id='word_1_1012' title='bbox 3092 5455 3142 5508; x_wconf 93' lang='lat' dir='ltr'><strong>in</strong></span> <span class='ocrx_word' id='word_1_1013' title='bbox 3182 5471 3294 5525; x_wconf 87' lang='lat' dir='ltr'><strong>spe.</strong></span> <span class='ocrx_word' id='word_1_1014' title='bbox 3347 5455 3478 5510; x_wconf 89' lang='lat' dir='ltr'><strong>Veni</strong></span> <span class='ocrx_word' id='word_1_1015' title='bbox 3515 5456 3604 5509; x_wconf 93' lang='lat' dir='ltr'><strong>ubi</strong></span> <span class='ocrx_word' id='word_1_1016' title='bbox 3634 5468 3728 5512; x_wconf 86' lang='lat' dir='ltr'><strong>est</strong></span> 
     </span>
    </p>
   </div>
   <div class='ocr_carea' id='block_1_118' title="bbox 2139 5544 3732 5614">
    <p class='ocr_par' dir='ltr' id='par_1_118' title="bbox 2139 5544 3732 5614">
     <span class='ocr_line' id='line_1_118' title="bbox 2139 5544 3732 5614; baseline -0.003 -9"><span class='ocrx_word' id='word_1_1017' title='bbox 2139 5549 2383 5605; x_wconf 86' lang='lat' dir='ltr'><strong>columba</strong></span> <span class='ocrx_word' id='word_1_1018' title='bbox 2407 5588 2422 5611; x_wconf 90' lang='lat'><strong>,</strong></span> <span class='ocrx_word' id='word_1_1019' title='bbox 2451 5546 2536 5601; x_wconf 91' lang='lat' dir='ltr'><strong>cui</strong></span> <span class='ocrx_word' id='word_1_1020' title='bbox 2562 5545 2758 5601; x_wconf 91' lang='lat' dir='ltr'><strong>dictum</strong></span> <span class='ocrx_word' id='word_1_1021' title='bbox 2785 5554 2866 5600; x_wconf 91' lang='lat' dir='ltr'><strong>est</strong></span> <span class='ocrx_word' id='word_1_1022' title='bbox 2888 5587 2902 5611; x_wconf 92' lang='lat'><strong>,</strong></span> <span class='ocrx_word' id='word_1_1023' title='bbox 2937 5544 3051 5600; x_wconf 83' lang='lat' dir='ltr'><strong>Una</strong></span> <span class='ocrx_word' id='word_1_1024' title='bbox 3078 5553 3148 5599; x_wconf 79' lang='lat' dir='ltr'><strong>est</strong></span> <span class='ocrx_word' id='word_1_1025' title='bbox 3177 5545 3405 5598; x_wconf 85' lang='lat' dir='ltr'><strong>colmuba</strong></span> <span class='ocrx_word' id='word_1_1026' title='bbox 3433 5562 3543 5599; x_wconf 87' lang='lat' dir='ltr'><strong>mea</strong></span> <span class='ocrx_word' id='word_1_1027' title='bbox 3567 5586 3582 5614; x_wconf 94' lang='lat'><strong>,</strong></span> <span class='ocrx_word' id='word_1_1028' title='bbox 3614 5563 3732 5601; x_wconf 82' lang='lat' dir='ltr'><strong>una</strong></span> 
     </span>
    </p>
   </div>
   <div class='ocr_carea' id='block_1_119' title="bbox 2207 5707 3256 5765">
    <p class='ocr_par' dir='ltr' id='par_1_119' title="bbox 2207 5707 3256 5765">
     <span class='ocr_line' id='line_1_119' title="bbox 2207 5707 3256 5765; baseline -0.003 -10"><span class='ocrx_word' id='word_1_1029' title='bbox 2207 5711 2220 5740; x_wconf 73' lang='grc' dir='ltr'><strong>Î¹</strong></span> <span class='ocrx_word' id='word_1_1030' title='bbox 2242 5707 2378 5765; x_wconf 81' lang='lat' dir='ltr'><strong>Editi,</strong></span> <span class='ocrx_word' id='word_1_1031' title='bbox 2403 5711 2768 5755; x_wconf 81' lang='lat' dir='ltr'><strong>sacramentum.</strong></span> <span class='ocrx_word' id='word_1_1032' title='bbox 2791 5709 2919 5762; x_wconf 36' lang='grc' dir='ltr'>ÎœÎµÎ»,</span> <span class='ocrx_word' id='word_1_1033' title='bbox 2942 5709 3256 5754; x_wconf 77' lang='lat' dir='ltr'><strong>sacramenta.</strong></span> 
     </span>
    </p>
   </div>
   <div class='ocr_carea' id='block_1_120' title="bbox 2205 5765 3735 5828">
    <p class='ocr_par' dir='ltr' id='par_1_120' title="bbox 2205 5765 3735 5828">
     <span class='ocr_line' id='line_1_120' title="bbox 2205 5765 3735 5828; baseline -0.003 -12"><span class='ocrx_word' id='word_1_1034' title='bbox 2205 5773 2224 5801; x_wconf 78' lang='grc'>Â²</span> <span class='ocrx_word' id='word_1_1035' title='bbox 2248 5769 2382 5826; x_wconf 78' lang='lat' dir='ltr'><strong>Editi,</strong></span> <span class='ocrx_word' id='word_1_1036' title='bbox 2404 5773 2562 5817; x_wconf 71' lang='lat' dir='ltr'><strong>recole</strong></span> <span class='ocrx_word' id='word_1_1037' title='bbox 2584 5765 2853 5828; x_wconf 77' lang='lat' dir='ltr'><strong>jejwumdo</strong></span> <span class='ocrx_word' id='word_1_1038' title='bbox 2876 5765 2923 5815; x_wconf 87' lang='lat' dir='ltr'><strong>in</strong></span> <span class='ocrx_word' id='word_1_1039' title='bbox 2941 5765 3189 5828; x_wconf 78' lang='lat' dir='ltr'><strong>charitate.</strong></span> <span class='ocrx_word' id='word_1_1040' title='bbox 3213 5774 3266 5816; x_wconf 84' lang='lat' dir='ltr'><strong>Al.</strong></span> <span class='ocrx_word' id='word_1_1041' title='bbox 3287 5772 3394 5815; x_wconf 77' lang='lat' dir='ltr'><strong>Mss.</strong></span> <span class='ocrx_word' id='word_1_1042' title='bbox 3429 5765 3631 5824; x_wconf 87' lang='lat' dir='ltr'><strong>habent,</strong></span> <span class='ocrx_word' id='word_1_1043' title='bbox 3659 5766 3735 5818; x_wconf 72' lang='lat' dir='ltr'><strong>de</strong></span> 
     </span>
    </p>
   </div>
   <div class='ocr_carea' id='block_1_121' title="bbox 2141 5827 3664 5902">
    <p class='ocr_par' dir='ltr' id='par_1_121' title="bbox 2141 5827 3664 5902">
     <span class='ocr_line' id='line_1_121' title="bbox 2141 5827 3664 5902; baseline -0.005 -20"><span class='ocrx_word' id='word_1_1044' title='bbox 2141 5829 2372 5882; x_wconf 67' lang='lat' dir='ltr'><strong>charitate</strong></span> <span class='ocrx_word' id='word_1_1045' title='bbox 2393 5843 2409 5889; x_wconf 87' lang='lat'><strong>;</strong></span> <span class='ocrx_word' id='word_1_1046' title='bbox 2435 5836 2485 5875; x_wconf 70' lang='lat' dir='ltr'><strong>ut</strong></span> <span class='ocrx_word' id='word_1_1047' title='bbox 2506 5830 2749 5887; x_wconf 85' lang='lat' dir='ltr'><strong>omittunt,</strong></span> <span class='ocrx_word' id='word_1_1048' title='bbox 2772 5836 2931 5877; x_wconf 72' lang='grc' dir='ltr'>Ï…Î¿Ï‚Î¹Î¹Î¹Îµ</span> <span class='ocrx_word' id='word_1_1049' title='bbox 2944 5827 3229 5902; x_wconf 62' lang='grc' dir='ltr'><strong>á¿™Ï‚á¿‡Î±Î¹Î¹Î±Î·á½±Î¿,</strong></span> <span class='ocrx_word' id='word_1_1050' title='bbox 3265 5828 3484 5889; x_wconf 78' lang='lat' dir='ltr'><strong>exCeptis</strong></span> <span class='ocrx_word' id='word_1_1051' title='bbox 3500 5829 3664 5888; x_wconf 77' lang='lat' dir='ltr'><strong>paucis</strong></span> 
     </span>
    </p>
   </div>
  </div>
