4012 6480
211 362 321 422 ηδε

220 488 275 538 at
312 473 458 531 matri
504 481 631 527 saw.
684 472 997 531 Columbam
1037 487 1196 527 unam
1238 470 1387 527 vides
1432 486 1591 541 super
1631 478 1787 539 caput

220 572 425 637 Christi,
472 570 685 640 linguas
734 583 839 622 non
878 566 1025 621 vides
1067 567 1117 620 in
1160 574 1270 620 toto
1315 565 1444 619 orbe
1487 563 1787 618 terrarum?

223 668 344 722 Idem
372 663 605 732 Spiritus
632 675 734 730 per
762 659 1079 722 columbam,
1111 658 1247 712 idem
1273 665 1324 709 et
1354 672 1445 726 per
1473 658 1674 725 linguas
1703 674 1713 706 :
1743 654 1786 709 si

222 775 302 831 per
334 754 636 812 columbam
681 752 823 806 idem
867 750 1132 819 Spiritus,
1179 758 1232 802 et
1275 764 1368 817 per
1404 748 1606 817 linguas
1651 746 1788 799 idem

220 852 427 923 Spiritus
451 891 466 914 ,
492 848 723 916 Spiritus
760 856 971 901 sanctus
1001 844 1117 899 orbi
1156 852 1415 897 terrarum
1448 844 1463 873 ί
1494 842 1645 896 datus
1672 850 1785 907 est,

224 961 247 1000 a
268 958 367 1015 quo
391 952 444 996 te
474 939 783 1009 praecidisti,
814 947 869 991 ut
891 937 1087 990 clames
1113 950 1233 989 cum
1263 948 1443 997 corvo,
1477 948 1580 987 non
1612 943 1667 986 ut
1696 948 1788 1003 ge-

232 1054 333 1093 mas
360 1050 484 1089 cum
512 1032 785 1086 columba.
820 1030 948 1084 Veni
977 1043 1125 1098 ergo.

283 1130 365 1185 i6.
407 1127 512 1182 Sed
546 1126 807 1179 sollicitus
843 1138 902 1177 es
936 1122 1070 1175 forte
1094 1163 1108 1187 ,
1139 1130 1191 1175 et
1218 1119 1350 1174 dicis
1384 1138 1396 1173 :
1436 1118 1585 1172 Foris
1619 1118 1789 1187 bapti-

222 1233 373 1286 latus,
408 1221 573 1273 timeo
600 1233 665 1271 ne
696 1216 819 1271 inde
845 1216 940 1270 sim
972 1229 1112 1276 rcus,
1140 1213 1259 1283 quia
1293 1212 1419 1265 foris
1448 1211 1647 1278 accepi.
1677 1209 1791 1263 Jam

220 1313 411 1383 (περίειὶ
438 1323 765 1380 cognoscere
786 1306 907 1376 quid
936 1305 1253 1374 gemendum
1280 1303 1349 1356 sit
1378 1320 1389 1355 :
1425 1318 1605 1355 verum
1638 1301 1789 1365 dicis,

221 1408 329 1477 quia
356 1419 487 1459 reus
512 1418 603 1464 es;
634 1415 738 1453 non
772 1400 891 1468 quia
919 1398 1189 1467 accepisti,
1217 1394 1309 1450 sed
1340 1396 1461 1465 quia
1490 1394 1617 1448 foris
1644 1408 1794 1447 acce-

221 1499 349 1569 pisti.
376 1496 528 1549 Tene
558 1508 683 1562 ergo
726 1490 867 1561 quod
909 1490 1178 1557 accepisti,
1220 1487 1445 1541 emenda
1484 1486 1624 1555 quod
1670 1486 1795 1539 foris

221 1586 461 1656 accepisti
489 1584 773 1652 :accepisti
800 1596 913 1636 rem
934 1579 1213 1642 columbre,
1243 1586 1433 1646 prmter
1454 1577 1753 1629 columbam
1779 1592 1792 1627 :

221 1681 313 1735 duo
338 1688 463 1732 sunt
493 1692 611 1747 qu'c
640 1674 825 1737 audis;
858 1671 1140 1740 Accepisti,
1170 1680 1240 1735 et,
1271 1670 1467 1721 Praeter
1493 1666 1791 1721 columbam

220 1772 457 1841 accepisti
494 1789 507 1824 :
552 1769 693 1838 quod
732 1766 1020 1835 accepisti,
1062 1764 1325 1833 approbo;
1368 1762 1488 1831 quia
1530 1761 1656 1814 foris
1701 1775 1794 1813 ac-

220 1865 414 1933 cepisti,
448 1861 716 1930 improbe.
750 1858 895 1912 Tene
924 1871 1049 1925 ergo
1078 1854 1216 1924 quod
1248 1853 1525 1921 accepisti;
1550 1867 1655 1905 non
1683 1866 1799 1904 mu-

222 1966 381 2019 tatur,
415 1954 514 2008 sed
544 1952 852 2021 agnoscitur
882 1969 895 2004 :
924 1949 1198 2003 character
1221 1956 1301 2000 est
1326 1946 1482 2014 Regis
1513 1945 1615 1998 mei
1641 1985 1654 2006 ,
1693 1959 1797 1997 non

218 2063 300 2102 ero
347 2045 683 2113 sacrilegus;
738 2041 947 2111 corrigo
1001 2039 1368 2105 desertorem,
1421 2052 1527 2090 non
1579 2036 1798 2089 innnuto

220 2140 603 2194 characterem.
923 2119 931 2126 ’

285 2232 365 2283 Π.
400 2228 523 2282 Noli
550 2228 618 2281 de
647 2224 966 2294 Baptismate
1004 2221 1257 2291 gloriari,
1292 2220 1414 2290 quia
1444 2220 1595 2285 dico,
1627 2218 1799 2285 ipsum

220 2330 321 2384 est;
346 2335 478 2374 ecce
506 2318 647 2382 dico,
677 2317 850 2385 ipsum
878 2324 991 2377 est;
1024 2322 1130 2367 tota
1156 2313 1424 2366 Catholica
1449 2311 1596 2373 dicit,
1625 2310 1796 2379 ipsum

220 2423 293 2467 est
334 2431 347 2467 :
380 2410 615 2464 advertit
641 2407 923 2469 columba,
957 2414 1010 2460 et
1038 2405 1314 2473 agnoscit,
1357 2413 1408 2456 et
1437 2403 1637 2469 gemit,
1680 2402 1801 2470 quia

222 2508 382 2575 ipsum
416 2503 550 2556 foris
584 2502 783 2560 habes;
818 2499 957 2553 videt
1002 2498 1070 2552 ibi
1099 2498 1235 2565 quod
1264 2504 1511 2565 agnoscat
1538 2538 1550 2557 ,
1581 2494 1720 2549 videt
1750 2503 1805 2549 et

222 2595 348 2666 quod
378 2594 636 2662 corrigat.
669 2592 841 2661 Ipsum
872 2598 952 2644 est
972 2631 986 2653 ,
1015 2590 1155 2643 veni.
1189 2588 1444 2642 Gloriaris
1474 2588 1593 2657 quia
1630 2588 1801 2656 ipsum

223 2700 312 2753 est,
344 2698 397 2743 et
427 2703 539 2741 non
565 2686 646 2739 vis
676 2684 903 2738 venire?
929 2682 1063 2749 Quid
1106 2696 1232 2751 ergo
1261 2682 1404 2746 mali,
1432 2682 1518 2750 qui
1549 2696 1654 2734 non
1682 2695 1800 2747 per-

224 2783 381 2835 tinent
410 2779 478 2833 ad
510 2775 848 2831 columbam?
879 2774 963 2828 Ait
983 2773 1075 2827 tibi
1105 2772 1349 2825 columba
1381 2788 1391 2824 :
1425 2771 1489 2825 Et
1514 2772 1637 2824 mali
1666 2771 1805 2825 inter

222 2890 343 2943 quos
366 2886 529 2941 gemo
552 2913 568 2935 ,
598 2869 687 2937 qui
728 2882 832 2921 non
874 2865 1138 2934 pertinent
1181 2864 1245 2916 ad
1293 2862 1527 2915 membra
1562 2876 1677 2915 mea
1705 2901 1719 2924 ,
1751 2868 1807 2915 et

223 2978 435 3017 necesse
466 2970 551 3015 est
581 2968 637 3013 ut
662 2959 802 3012 inter
830 2956 948 3011 illos
976 2969 1207 3024 gemam,
1242 2967 1417 3006 nonne
1445 2951 1639 3005 habent
1664 2950 1805 3020 quod

223 3067 266 3111 te
289 3056 493 3110 habere
532 3050 821 3120 gloriaris?
848 3064 1027 3103 nonne
1071 3046 1223 3101 multi
1249 3046 1441 3100 ebriosi
1478 3045 1672 3098 habent
1703 3044 1807 3097 Ba-

222 3150 466 3217 ptismnm
489 3146 514 3198 ?
540 3159 716 3198 nonne
736 3142 887 3196 multi
918 3140 1094 3193 avari?
1118 3153 1292 3193 nonne
1321 3136 1474 3191 multi
1492 3135 1805 3203 idololatrae,

221 3250 267 3293 et
292 3238 430 3307 quod
451 3245 537 3289 est
560 3235 733 3303 pejus,
764 3232 979 3287 furtim?
1001 3244 1176 3283 nonne
1198 3228 1389 3297 Pagani
1414 3227 1477 3280 ad
1502 3226 1639 3279 idola
1659 3235 1807 3292 eunt,

225 3332 303 3384 vel
331 3330 479 3383 ibant
520 3325 766 3397 publice?
796 3338 935 3377 nunc
974 3321 1177 3375 occulte
1214 3318 1498 3373 Christiani
1529 3317 1810 3385 sortilegos

221 3432 481 3493 quatrunt,
518 3417 923 3473 mathematicos
947 3414 1251 3470 consulunt.
1288 3411 1352 3464 Et
1377 3411 1458 3463 isti
1489 3409 1683 3464 habent
1712 3409 1810 3461 Ba-

223 3519 493 3589 ptismum,
528 3512 623 3567 sed
653 3510 898 3564 columba
924 3506 1086 3577 gemit
1112 3505 1248 3558 inter
1275 3517 1484 3555 corvos.
1517 3499 1653 3566 Quid
1685 3513 1813 3569 ergo

224 3611 422 3679 gaudes
447 3651 463 3675 ,
492 3608 613 3677 quia
646 3604 849 3657 habes?
878 3601 979 3655 hoc
1006 3599 1169 3653 habes
1193 3594 1331 3666 quod
1363 3594 1520 3647 habet
1540 3600 1593 3646 et
1619 3592 1811 3644 malus.

225 3704 417 3756 habeto
432 3699 808 3758 humilitatem,
826 3692 1156 3755 charitatem,
1176 3702 1354 3755 pacem
1379 3704 1390 3739 :
1412 3684 1601 3737 habeto
1618 3683 1813 3737 bonum

223 3794 359 3863 quod
388 3790 627 3846 nondum
656 3788 850 3851 habes,
872 3792 927 3838 ut
945 3782 1109 3853 prosit
1136 3779 1226 3834 tibi
1245 3779 1438 3831 bonum
1469 3775 1606 3844 quod
1628 3774 1812 3828 habes.

292 3886 381 3940 l8.
425 3882 561 3937 Nam
606 3879 747 3949 quod
793 3876 995 3938 habes,
1037 3871 1217 3925 habuit
1260 3876 1314 3922 et
1357 3867 1537 3921 Simon
1581 3877 1811 3932 magus:

224 3979 388 4031 Actus
427 3970 806 4042 Apostolorum
852 3974 1013 4020 testes
1042 3972 1159 4016 sunt
1187 4000 1201 4025 ,
1234 3959 1323 4012 ille
1368 3956 1501 4010 liber
1530 3952 1816 4007 canonicus

226 4068 368 4123 omni
414 4078 557 4119 anno
597 4063 648 4116 in
683 4058 916 4114 Ecclesia
957 4052 1279 4110 recitaudns.
1320 4045 1691 4102 Anniversaria
1722 4058 1813 4097 so-

228 4160 507 4215 lemnitate
538 4163 661 4226 post
687 4152 986 4223 passionem
1020 4144 1227 4201 Domini
1260 4142 1426 4196 nostis
1455 4141 1595 4193 illum
1625 4137 1815 4191 librum

228 4252 464 4314 recitari,
491 4248 581 4302 ubi
608 4246 859 4313 scriptum
885 4250 966 4295 est
985 4236 1253 4307 quomodo
1277 4246 1565 4287 conversus
1586 4229 1657 4283 sit
1678 4230 1820 4297 Apo-

228 4345 436 4407 stolus,
484 4349 541 4394 et
596 4354 660 4393 ex
713 4342 1052 4405 persecutore
1103 4327 1418 4398 praedicator
1467 4322 1633 4377 factus
1682 4321 1816 4391 (Act.

230 4452 287 4489 ιι
305 4478 319 4499 ,
351 4429 517 4504 1-30)
552 4447 565 4481 :
596 4428 681 4482 ubi
705 4427 863 4481 etiam
896 4424 981 4476 die
1010 4422 1353 4476 Pentecostes
1381 4416 1573 4470 missus
1599 4420 1683 4467 est
1704 4411 1822 4481 Spi-

228 4530 358 4581 ritus
384 4503 607 4580 sanCtns
630 4522 682 4574 in
703 4518 895 4588 linguis
921 4514 1104 4568 divisis
1128 4511 1274 4565 velut
1294 4509 1427 4579 ignis
1456 4505 1564 4578 (Id.
1596 4521 1653 4571 tt,
1679 4503 1818 4574 1-4).

228 4618 303 4671 11νί
332 4616 565 4686 legimus
589 4611 784 4665 multos
822 4604 1111 4661 credidisse
1152 4602 1205 4654 in
1231 4596 1467 4654 Samaria
1510 4611 1603 4665 per
1634 4593 1823 4664 pracdi-

227 4712 499 4765 cationem
549 4701 776 4771 Philippi
819 4717 832 4753 :
874 4694 1187 4765 intelligitur
1214 4700 1391 4744 autem
1429 4690 1539 4741 sive
1584 4702 1719 4739 unus
1756 4699 1823 4738 ex

230 4800 530 4872 Apostolis,
560 4797 673 4850 sive
697 4810 761 4847 ex
791 4788 1029 4846 diaconis
1053 4802 1067 4851 ;
1091 4785 1215 4855 quia
1245 4788 1447 4852 septem
1478 4777 1549 4832 ibi
1572 4777 1823 4831 diaconos

229 4868 462 4963 legimus
487 4887 760 4943 ordinatos
784 4926 797 4948 ,
830 4884 968 4937 inter
994 4892 1127 4949 quos
1157 4883 1239 4932 est
1279 4873 1436 4929 etiam
1476 4886 1666 4925 nomen
1699 4868 1820 4922 Phi-

228 4988 354 5057 lippi
389 4982 504 5057 (ld.
536 4997 589 5035 VI
614 5020 629 5045 ,
663 4978 804 5047 5-6).
836 4975 937 5029 Per
965 4970 1189 5039 Philippi
1228 4982 1355 5037 ergo
1395 4964 1823 5036 prmdicationem

228 5054 582 5132 crediderunt
602 5069 877 5141 Samarita:
902 5084 917 5127 ;
947 5063 1184 5119 Samaria
1210 5061 1370 5128 cmpit
1398 5055 1667 5110 abundare
1694 5054 1824 5107 tide-

231 5168 369 5222 libus
396 5186 410 5220 :
442 5166 515 5221 ibi
547 5171 661 5217 erat
686 5162 783 5215 istc
814 5157 995 5211 Simon
1024 5169 1239 5223 magns;
1268 5167 1361 5220 per
1382 5148 1612 5217 magicas
1643 5145 1826 5200 factio-

232 5278 329 5315 nes
372 5274 502 5314 suas
554 5255 957 5310 dementaverat
1003 5246 1285 5316 populum,
1320 5250 1377 5295 ut
1417 5255 1537 5295 eum
1581 5239 1827 5291 virtutem

236 5356 331 5409 Dei
360 5358 610 5423 putarent
636 5366 649 5401 :
671 5351 971 5400 commotus
997 5350 1171 5394 tamen
1196 5336 1358 5406 signis
1384 5349 1502 5403 qua:
1531 5348 1560 5386 a
1586 5331 1830 5399 Philippo

236 5447 469 5511 ﬁebant,
502 5443 662 5497 etiam
704 5439 819 5507 ipse
860 5432 1111 5495 credidit;
1140 5427 1234 5483 sed
1273 5423 1537 5496 quomodo
1568 5424 1681 5492 ipse
1714 5436 1832 5475 cre-

240 5538 467 5598 didct'il,
509 5531 809 5605 posteriora
849 5522 1120 5594 sequentia
1165 5519 1664 5574 demonstraverunt
1697 5530 1709 5564 :
1739 5512 1832 5567 ba-

242 5633 467 5701 ptizatus
491 5636 573 5683 est
600 5633 786 5679 autem
815 5626 869 5671 et
894 5616 1096 5671 Simon.
1124 5612 1416 5668 Audierant
1442 5608 1542 5663 hoc
1566 5606 1829 5677 Apostoli,

310 5760 744 5826 tam:sz
778 5758 973 5807 amictus
1002 5764 1088 5817 per
1137 5748 1301 5801 orbem
1332 5750 1829 5807 terrarwn.AtItss.,

243 5827 350 5878 orbi
360 5835 613 5880 terrarum.

1374 353 1780 411 TRACTATUS
1826 351 1916 411 Vl.
1956 354 2178 413 CAPUT
2216 356 2255 412 Ι.

3320 362 3457 420 1434

1894 475 1981 541 qui
2025 483 2176 527 erant
2213 473 2547 549 Jerusalem;
2577 475 2725 531 missi
2761 482 2885 531 sunt
2926 476 2992 531 ad
3035 476 3152 533 illos
3194 477 3382 533 Petrus
3415 488 3468 534 et

1894 562 2146 632 Joannes,
2172 566 2483 621 invenerunt
2508 570 2700 622 multos
2726 568 3016 638 baptizatos
3041 587 3053 623 :
3077 578 3131 623 et
3154 572 3273 640 quia
3295 572 3468 628 nullus

1896 657 2129 726 ipsorum
2178 658 2349 713 adhuc
2399 670 2677 729 acceperat
2720 661 2971 730 Spiritum
3024 672 3284 729 sanctum,
3334 664 3469 719 sicut

1898 756 2023 803 tunc
2068 750 2438 811 descendebat,
2485 752 2549 806 ad
2599 753 2980 807 ostendendam
3029 753 3469 824 signiﬁcationem

1898 844 2128 913 gentium
2154 844 2559 911 crediturarum,
2584 856 2640 899 ut
2668 847 2859 915 linguis
2887 848 3225 916 loquerentur
3256 848 3307 902 in
3336 863 3472 918 quos

1898 934 2251 989 descendebat
2282 934 2507 1004 Spiritus
2550 946 2800 1002 sanctus;
2832 938 3195 1007 imposuerunt
3223 939 3324 993 illis
3354 955 3472 994 ma-

1899 1043 1999 1081 nus
2027 1037 2240 1082 orantes
2271 1045 2362 1097 pro
2389 1030 2485 1093 eis,
2510 1038 2563 1083 et
2589 1044 2906 1099 acceperunt
2930 1032 3181 1101 Spiritum
3207 1044 3470 1090 sanctmn.

1900 1122 2079 1177 Simon
2114 1122 2223 1186 ille,
2265 1123 2353 1191 qui
2399 1138 2502 1176 non
2548 1131 2661 1177 erat
2702 1124 2751 1177 in
2793 1124 3026 1179 Ecclesia
3065 1126 3330 1192 columba,
3377 1126 3469 1181 sed

1900 1230 2106 1279 corvus,
2132 1217 2252 1284 quia
2276 1230 2336 1268 ea
2357 1231 2473 1285 quae
2498 1231 2588 1269 sua
2614 1226 2735 1269 sunt
2760 1218 3051 1286 quierebat,
3082 1234 3186 1272 non
3208 1234 3326 1289 qure
3347 1218 3474 1273 Jesu

1899 1306 2092 1361 Christi
2117 1305 2369 1377 (Philipp.
2396 1323 2449 1370 tt,
2475 1306 2595 1377 21);
2624 1308 2761 1361 unde
2786 1309 3164 1364 inCltristianis
3186 1313 3475 1378 potentiam

1903 1398 2068 1467 magis
2093 1408 2363 1452 amaverat
2400 1414 2555 1468 quam
2583 1400 2863 1466 justitiam,
2906 1402 3034 1455 vidit
3063 1418 3153 1471 per
3181 1402 3476 1471 impositio-

1902 1502 2022 1542 nem
2071 1504 2320 1542 manuum
2366 1490 2736 1557 Apostolorum
2783 1490 2895 1544 dari
2938 1492 3188 1561 Spiritum
3235 1502 3477 1547 sanctum

1904 1577 2047 1651 (non
2098 1579 2217 1648 quia
2269 1580 2366 1648 ipsi
2428 1579 2661 1643 dabant,
2713 1581 2804 1635 sed
2850 1583 2971 1651 quia
3024 1584 3151 1651 ipsis
3202 1584 3478 1640 orantibus

1902 1669 2056 1724 datus
2080 1679 2161 1724 est
2189 1672 2227 1740 ),
2254 1678 2308 1724 et
2345 1671 2417 1723 ait
2440 1672 2727 1739 Apostolis,
2766 1672 2898 1737 Quid
2921 1673 3067 1726 vultis
3096 1690 3127 1726 a
3154 1690 3229 1726 me
3256 1675 3481 1743 accipere

1906 1763 2151 1828 pecuniaz,
2179 1772 2231 1814 ut
2259 1771 2303 1813 et
2330 1778 2417 1829 per
2439 1763 2805 1832 impositionem
2830 1780 3068 1817 manuum
3094 1780 3315 1817 mearum
3336 1764 3481 1818 detur

1906 1855 2127 1923 Spiritus
2152 1856 2398 1908 sanctus?
2425 1856 2489 1909 Et
2514 1857 2584 1909 ait
2610 1857 2681 1908 illi
2714 1857 2920 1922 Petrus,
2952 1857 3173 1911 Pecunia
3201 1868 3287 1910 tua
3323 1868 3482 1912 tecum

1904 1945 1966 1997 sit
1994 1945 2045 1997 in
2076 1944 2401 2013 perditionem
2422 1961 2438 2008 ;
2459 1947 2695 2015 quoniam
2722 1947 2907 2000 donum
2938 1947 3031 2001 Dei
3062 1950 3245 2018 putasti
3276 1949 3486 2019 pecunia

1905 2038 2317 2105 comparandum.
2345 2037 2442 2091 Cui
2471 2038 2617 2103 dicit,
2648 2038 2871 2093 Pecunia
2898 2050 2981 2093 tua
3005 2051 3162 2095 tecum
3190 2043 3252 2096 sit
3281 2044 3331 2095 in
3368 2060 3482 2113 per-

1906 2127 2188 2180 ditionem?
2215 2128 2405 2198 Utique
2446 2130 2727 2197 haptizato.
2757 2130 2872 2185 Jam
2914 2132 3181 2201 Baptisma
3215 2134 3441 2188 habebat
3468 2151 3482 2191 :

1908 2221 1998 2275 sed
2026 2222 2284 2276 columbm
2315 2223 2606 2277 visceribus
2643 2238 2746 2277 non
2784 2225 3035 2280 haerebat.
3065 2225 3200 2280 Audi
3231 2227 3352 2296 quia
3379 2242 3485 2282 non

1910 2315 2180 2379 haarebat;
2209 2316 2369 2370 verba
2398 2317 2509 2385 ipsa
2538 2316 2678 2370 Petri
2704 2318 2927 2386 apostoli
2959 2318 3181 2372 adverte
3205 2336 3217 2371 :
3249 2319 3489 2387 sequitur

1909 2408 2047 2461 enim
2070 2449 2083 2472 ,
2112 2407 2231 2461 Non
2252 2419 2323 2461 est
2354 2408 2440 2461 tibi
2474 2425 2592 2477 pars
2621 2425 2774 2481 neque
2798 2426 2905 2462 sors
2935 2410 2987 2462 in
3017 2410 3110 2461 hac
3131 2408 3266 2477 ﬁde;
3300 2410 3351 2462 in
3375 2409 3490 2480 felle

1909 2501 2039 2554 enim
2068 2499 2416 2553 amaritudinis
2452 2500 2592 2552 video
2631 2509 2677 2553 te
2719 2516 2824 2552 esse
2854 2500 2987 2569 (Act.
3016 2515 3108 2552 vnt
3128 2541 3143 2565 ,
3175 2498 3352 2567 5-25).
3383 2498 3487 2551 (lo-

1909 2592 2085 2646 lumba
2117 2592 2185 2646 fet
2213 2608 2316 2646 non
2344 2592 2503 2647 habet
2535 2611 2546 2646 :
2582 2593 2763 2646 Simon
2789 2592 3050 2656 habebat;
3076 2592 3194 2646 ideo
3216 2600 3491 2661 separatus

1911 2693 2082 2737 erata
2108 2684 2365 2737 columba:
2396 2683 2705 2737 visceribus.
2743 2684 3010 2752 Baptisma
3051 2683 3122 2735 illi
3170 2682 3293 2751 quid
3344 2680 3493 2750 prod-

1911 2775 2066 2829 erat?
2094 2775 2209 2828 Noli
2232 2790 2359 2843 ergo
2380 2774 2446 2828 de
2483 2775 2805 2843 Baptismate
2840 2775 3071 2845 gloriari,
3097 2775 3247 2843 quasi
3275 2791 3339 2828 ex
3377 2774 3493 2842 ipso

1913 2869 2054 2923 salus
2082 2868 2174 2921 tibi
2217 2868 2441 2921 sufﬁciat
2472 2884 2483 2918 :
2519 2867 2623 2920 noli
2666 2866 2858 2930 irasci,
2888 2866 3095 2934 depone
3133 2865 3240 2930 fel,
3274 2866 3395 2919 veni
3426 2864 3492 2919 ad

1913 2960 2244 3023 columbam;
2275 2959 2359 3011 hic
2407 2958 2497 3011 tibi
2537 2957 2773 3027 proderit
2810 2957 2952 3027 quod
2999 2956 3128 3010 foris
3167 2971 3274 3010 non
3314 2957 3491 3011 solum

1915 3068 2017 3107 non
2045 3052 2313 3123 proderat,
2343 3051 2435 3105 sed
2463 3051 2620 3105 etiam
2649 3050 2850 3104 eberat.

1986 3147 2072 3202 19.
2104 3146 2283 3216 Neque
2305 3146 2448 3199 dicas
2481 3164 2491 3199 :
2523 3145 2633 3198 Non
2665 3144 2817 3198 venio
2837 3185 2851 3210 ,
2891 3144 3011 3213 quia
3054 3142 3180 3197 foris
3218 3156 3337 3196 sum
3398 3141 3495 3196 ha-

1917 3238 2163 3307 ptizatus.
2190 3238 2320 3290 Ecce
2344 3236 2513 3304 incipe
2536 3234 2731 3288 habere
2746 3234 3055 3287 charitatem
3073 3275 3086 3299 ,
3108 3233 3277 3301 incipe
3299 3231 3496 3287 haoere

1918 3330 2142 3383 fructum
2167 3372 2181 3395 ,
2214 3328 2509 3382 inveniatur
2531 3328 2582 3380 in
2612 3337 2660 3379 te
2691 3326 2911 3389 fructus,
2938 3325 3139 3378 mittet‘
3172 3332 3223 3378 te
3252 3323 3493 3378 columba

1919 3422 2077 3475 intro.
2100 3421 2400 3475 Invenimus
2426 3419 2524 3473 hoc
2538 3420 2587 3472 in
2602 3418 2894 3486 Scriptura.
2912 3416 3324 3485 lmputrihilihus
3344 3414 3498 3485 lignis

1919 3530 2040 3568 arca
2069 3514 2236 3567 fuerat
2262 3511 2514 3565 fabricata
2545 3509 2697 3579 (Gen.
2728 3524 2799 3573 vt,
2834 3507 2959 3577 14):
2993 3506 3332 3577 imputrihilia
3362 3506 3500 3575 ligna

1921 3605 2085 3659 sancti
2130 3613 2286 3665 sunt,
2323 3602 2503 3656 ﬁdeles
2534 3602 2861 3670 pertinentes
2911 3599 2975 3651 ad
3015 3598 3305 3651 Christum.
3354 3596 3501 3663 Quo-

1920 3696 2079 3750 modo
2107 3696 2246 3749 cnim
2280 3695 2330 3747 iu
2364 3693 2558 3760 templo
2588 3691 2787 3760 lapides
2817 3690 2919 3741 vivi
2955 3688 3020 3741 de
3046 3689 3234 3757 quibus
3268 3687 3501 3741 aediﬁca-

1924 3787 2319 3852 tnrtetnplnm,
2368 3783 2609 3837 homines
2659 3782 2841 3834 ﬁdeles
2876 3779 3002 3832 dicti
3051 3786 3201 3841 sunt;
3250 3778 3326 3831 sic
3364 3778 3501 3845 ligna

1922 3877 2259 3948 imputrihilia
2287 3876 2528 3930 homines
2569 3881 2968 3943 perseverantes
3019 3871 3071 3924 in
3114 3870 3235 3924 ﬁde.
3282 3870 3337 3923 In
3386 3870 3499 3937 ipsa

1924 3985 2050 4040 ergo
2076 3984 2196 4024 arca
2230 3969 2365 4037 ligna
2392 3965 2731 4051 imputrihilia
2758 3971 2947 4027 erant;
2977 3976 3096 4016 arca
3141 3961 3281 4017 enim
3314 3960 3499 4014 Eccle-

1924 4064 2001 4117 sia
2027 4071 2107 4116 est
2139 4079 2149 4113 :
2181 4060 2249 4115 ibi
2274 4058 2502 4128 baptizat
2521 4055 2799 4120 columba;
2832 4069 2952 4109 arca
2974 4053 3114 4108 enim
3145 4052 3233 4106 illa
3282 4052 3332 4105 in
3363 4065 3500 4121 aqua

1925 4154 2192 4210 ferebatur
2226 4170 2237 4204 :
2272 4151 2409 4221 ligna
2454 4147 2791 4218 imputrihilia
2847 4147 2988 4201 intus
3029 4144 3287 4214 baptizata
3357 4152 3497 4198 sunt.

1927 4246 2226 4302 Invenimus
2251 4243 2492 4313 quredam
2526 4242 2664 4311 ligna
2694 4240 2821 4294 foris
2861 4239 3119 4308 baptizata
3143 4279 3159 4306 ,
3192 4251 3376 4291 omnes
3418 4251 3503 4290 ar-

1927 4338 2083 4392 bores
2110 4352 2226 4405 quaa
2250 4343 2401 4388 erant
2442 4333 2491 4387 in
2537 4330 2755 4400 mundo.
2808 4330 2923 4399 Ipsa
2964 4338 3137 4383 tamen
3188 4343 3320 4398 aqua
3357 4334 3501 4392 erat,

1929 4444 2034 4483 non
2065 4435 2181 4481 erat
2207 4428 2371 4480 altera
2405 4442 2417 4478 :
2446 4423 2619 4479 omnis
2647 4422 2713 4477 de
2741 4422 2879 4477 caelo
2902 4430 3136 4480 venerat.
3170 4428 3223 4474 et
3250 4418 3316 4474 de
3346 4419 3505 4490 abys-

1930 4522 2003 4577 sis
2032 4519 2252 4575 fontium
2288 4535 2299 4570 :
2336 4518 2445 4587 ipsa
2474 4524 2587 4570 erat
2611 4530 2745 4583 aqua
2788 4513 2841 4567 in
2868 4528 2968 4582 qua
2997 4511 3259 4580 baptizata
3298 4518 3420 4565 sunt
3444 4510 3507 4565 li—

1929 4629 2030 4685 gna
2058 4611 2397 4681 imputrihilia
2421 4625 2539 4680 quae
2565 4616 2717 4663 erant
2741 4608 2795 4661 in
2817 4622 2969 4673 arca,
3012 4606 3061 4660 in
3102 4621 3206 4675 qua
3246 4604 3507 4673 baptizata

1931 4716 2054 4761 sunt
2083 4706 2223 4775 ligna
2256 4704 2401 4757 foris.
2450 4702 2605 4755 Missa
2644 4708 2726 4754 est
2765 4699 3042 4763 columba,
3100 4707 3153 4751 et
3199 4698 3366 4766 pritno
3403 4712 3506 4751 non

1932 4799 2130 4854 invenit
2157 4797 2389 4866 requiem
2420 4794 2645 4865 pedibus
2664 4793 2772 4848 suis
2801 4811 2812 4844 :
2848 4790 3001 4845 rediit
3022 4790 3086 4843 ad
3116 4805 3322 4852 arcam;
3354 4788 3507 4857 plena

1934 4891 2076 4944 enim
2121 4896 2272 4943 erant
2322 4888 2472 4956 aquis
2502 4885 2707 4947 omnia,
2738 4892 2791 4938 et
2818 4882 3000 4935 maluit
3023 4881 3197 4935 redire
3232 4894 3389 4949 quam
3428 4892 3511 4931 re-

1933 4980 2205 5051 baptizari.
2250 4979 2452 5036 Corvus
2499 4986 2674 5031 autem
2720 4975 2811 5029 ille
2853 4972 3078 5027 emissus
3118 4980 3201 5026 est
3230 4978 3511 5039 antequam

1935 5074 2193 5128 siccaret.’
2222 5085 2359 5140 aqua
2392 5087 2404 5122 :
2435 5068 2789 5137 rebaptizatus
2818 5064 2989 5120 redire
3028 5062 3232 5127 uoluit;
3274 5068 3512 5131 mortuus

1935 5172 2016 5219 est
2042 5164 2091 5217 in
2120 5163 2199 5216 his
2237 5161 2406 5231 aquis.
2452 5159 2671 5213 Avertat
2711 5158 2847 5210 Deus
2890 5156 3032 5209 corvi
3079 5154 3216 5207 illius
3261 5162 3509 5206 mortem.

1934 5256 2066 5310 Nam
2087 5269 2249 5324 quare
2277 5268 2379 5307 non
2406 5261 2487 5307 est
2508 5265 2780 5317 reversus,
2817 5249 2915 5304 nisi
2953 5249 3071 5318 quia
3098 5247 3248 5316 aquis
3289 5247 3515 5301 interce-

1938 5357 2056 5418 ptus
2076 5347 2194 5401 est?
2218 5347 2285 5400 At
2307 5359 2431 5399 vero
2460 5342 2703 5397 columba
2725 5356 2827 5395 non
2852 5341 3125 5394 inveniens
3152 5340 3385 5409 requiem
3416 5353 3516 5408 pe-

1937 5442 2092 5497 dibus
2120 5441 2249 5503 suis,
2283 5454 2405 5493 cum
2427 5438 2474 5491 ei
2496 5436 2726 5506 undique
2750 5436 3002 5489 clamaret
3022 5448 3176 5502 aqua,
3205 5432 3354 5498 Veni,
3374 5433 3515 5498 veni,

1941 5536 2025 5589 hic
2053 5535 2287 5603 tingere;
2320 5531 2587 5602 quomodo
2632 5529 2863 5583 clamant
2898 5526 2983 5580 isti
3027 5525 3257 5581 haeretici
3283 5566 3297 5590 ,
3349 5525 3514 5593 Veni,

1941 5628 2085 5694 veni,
2119 5628 2204 5680 hic
2231 5626 2391 5679 habes
2428 5643 2440 5678 :
2475 5638 2578 5677 non
2606 5620 2984 5675 inveniensilla
3015 5623 3249 5692 requiem
3289 5618 3513 5691 pedibus

2005 5743 2020 5772 ι
2047 5740 2182 5799 Editi,
2201 5738 2370 5789 mittat.
2389 5734 2705 5799 κεχρήκει,

2004 5804 2024 5834 ι
2048 5794 2184 5850 sicin
2206 5808 2311 5849 Mss.
2332 5807 2384 5849 At
2407 5800 2454 5846 in
2480 5797 2639 5857 alitis,
2657 5794 2937 5849 siccantur.
