4074 6462
508 395 646 455 1435

509 513 640 578 suis,
666 513 881 565 reversa
906 516 988 563 est
1014 505 1079 561 ad
1101 505 1302 560 ar'cam.
1336 503 1402 558 Et
1448 499 1591 555 misit
1625 496 1766 551 illam
1825 492 1938 548 Noe
1986 491 2083 546 ite-

509 607 646 669 i'um,
675 602 809 659 sicut
833 615 925 656 vos
947 597 1106 654 mittit
1133 609 1274 662 arca,
1307 604 1361 650 ut
1392 590 1683 662 loquamini
1709 587 1813 642 illis
1843 605 1854 640 :
1885 583 2082 655 etquid

508 695 633 754 fecit
659 699 840 767 postea
883 682 1164 749 columba?
1191 690 1323 758 Quia
1367 694 1517 741 erant
1565 685 1702 753 ligna
1748 679 1878 734 foris
1913 677 2084 746 bapti-

508 789 645 854 tam,
673 785 966 856 repm‘tat'it
994 773 1058 837 ad
1105 787 1282 835 arcam
1311 784 1515 832 ramum
1562 775 1628 830 de
1674 767 1829 827 oiiva.
1883 769 2081 824 Damus

513 877 597 937 ille
627 887 681 935 et
709 880 830 934 folia
853 877 904 934 et
935 869 1156 930 fraetum
1184 873 1408 926 habebat
1436 868 1582 940 (Gen.
1614 883 1722 931 vm,
1742 859 1893 935 6-H)
1936 880 1948 916 :
1974 877 2081 916 non

508 971 613 1027 sint
645 974 696 1025 i'n
723 969 775 1025 te
801 969 912 1024 sola
941 963 1140 1030 Verba,
1180 975 1287 1018 non
1320 965 1424 1016 sint
1463 962 1515 1014 in
1559 965 1611 1013 te
1652 958 1762 1012 sola
1813 955 1964 1018 folia;
2013 953 2083 1006 sit

509 1055 983 1127 fruc'ttts,'etredis
1020 1057 1084 1111 ad
1128 1071 1341 1118 arcam,
1381 1068 1485 1107 non
1527 1065 1618 1120 per
1675 1050 1898 1118 teipsum
1923 1087 1937 1112 ,
1987 1047 2083 1100 co-

509 1155 684 1210 lumba
711 1163 761 1210 te
785 1160 1015 1208 revocat.
1032 1151 1241 1206 "Gemite
1259 1147 1403 1212 foris,
1427 1143 1613 1200 utillos
1632 1146 1771 1197 intro
1799 1141 2078 1196 revoeetis.

579 1249 669 1303 20.
711 1247 916 1302 Etenim
948 1233 1148 1299 fructus
1173 1243 1272 1297 iste
1303 1243 1488 1307 oliva»,
1530 1240 1573 1292 si
1621 1236 1952 1300 discutiatur,
2000 1233 2084 1286 in-

508 1339 690 1392 venies
715 1335 839 1406 quid
872 1345 1004 1390 erat.
1037 1334 1199 1388 Olivte
1218 1331 1436 1395 fruetus,
1464 1328 1771 1382 charitatem
1801 1325 2078 1394 signiﬁcat.

509 1427 662 1484 Unde
685 1427 788 1481 hoc
826 1423 1148 1496 probamus?
1181 1421 1457 1488 Quomodo
1482 1421 1621 1474 enim
1649 1419 1823 1473 oleum
1865 1431 1892 1468 a
1933 1414 2082 1468 nullo

513 1519 734 1572 humore
758 1513 1044 1587 pi‘e‘mi'tni',
1100 1515 1190 1569 sed
1222 1513 1473 1580 tlisruptis
1512 1508 1756 1563 omnibus
1795 1507 1976 1561 “exsilit
2031 1503 2084 1558 et

509 1611 912 1679 supereminet:
958 1609 1034 1662 sic
1083 1615 1137 1662 et
1176 1606 1404 1659 charitas
1451 1617 1558 1657 non
1605 1610 1776 1671 potest.
1818 1598 1982 1670 premi
2028 1599 2082 1651 in

512 1701 650 1766 ima;
680 1716 898 1755 necesse
920 1708 1006 1754 ‘cst
1036 1705 1089 1751 ut
1113 1692 1176 1752 ad
1206 1707 1431 1765 superna
1467 1694 1749 1747 emineat‘.
1797 1689 2081 1759 Propterea

511 1792 578 1846 de
605 1783 689 1845 illa
721 1791 845 1845 dicit
869 1789 1172 1859 Apostolus,
1205 1788 1384 1848 Adhuc
1413 1783 1932 1855 supereminentiorem
1952 1780 2083 1832 viain

511 1886 647 1939 vobis
671 1885 971 1938 demonstro.
1005 1882 1137 1949 Quia
1180 1882 1407 1934 diximus
1438 1879 1500 1931 de
1541 1877 1678 1941 oleo,
1723 1875 1842 1945 quia
1895 1887 2083 1942 Super-

511 1975 732 2039 eminet,
764 1990 831 2027 ne
857 1974 990 2027 forte
1019 1987 1122 2025 non
1155 1971 1219 2024 de
1250 1970 1507 2023 charitate
1550 1967 1740 2020 dixerit
1777 1963 2078 2032 Apostolus,

512 2063 1052 2134 SuperetninentiOrem
1093 2063 1222 2114 niani
1261 2062 1397 2112 vobis
1441 2058 1758 2122 demonstro,
1809 2055 2085 2109 audiar-nus

509 2157 634 2226 quid
663 2157 935 2225 Sequitur:
970 2153 1030 2208 Si
1058 2155 1245 2224 ‘linguis
1275 2153 1535 2204 hominum
1563 2152 1740 2218 loquar
1785 2159 1829 2202 et
1880 2148 2086 2218 angelo-

506 2263 640 2308 rum,
670 2249 962 2300 Charilat'em
992 2255 1155 2299 autem
1198 2257 1296 2298 non
1327 2245 1532 2297 habeam
1559 2287 1572 2310 ,
1607 2248 1764 2313 factus
1810 2249 1921 2296 sum
1975 2249 2088 2294 tan-

507 2347 658 2406 quam
686 2342 1007 2391 aranteatum
1025 2349 1228 2399 sonans,
1251 2346 1336 2387 aut
1358 2335 1640 2405 cymbalum
1664 2334 1878 2386 tinniat:
1904 2333 1943 2403 (l
1965 2329 2081 2386 Cor.

512 2443 606 2493 xu,
637 2430 726 2494 51,
758 2441 868 2492 xm,
906 2428 979 2498 1):.
1012 2429 1033 2482 ἰ
1079 2439 1248 2492 nunc,
1279 2425 1513 2491 Donate,
1563 2433 1615 2480 et
1665 2425 1855 2490 clama,
1906 2426 2086 2479 Diser-

511 2529 597 2574 tus
624 2529 737 2573 sum
772 2537 783 2571 :
819 2520 998 2573 inuno
1023 2562 1036 2584 ,
1076 2529 1128 2574 et
1157 2520 1325 2572 clama
1352 2561 1365 2582 ,
1399 2517 1594 2571 Doctus
1637 2529 1774 2570 sum.
1823 2514 2084 2582 Quantum

509 2611 776 2666 disertus?
797 2619 1050 2682 quantum
1072 2610 1294 2664 doctus?
1322 2609 1574 2678 numquid
1614 2609 1804 2678 linguis
1854 2601 2087 2678 Angelo—

512 2709 630 2756 rum
659 2704 866 2758 locutus
895 2703 986 2756 es?
1017 2702 1083 2754 Et
1105 2712 1280 2755 tamen
1311 2703 1355 2754 si
1397 2700 1587 2766 linguis
1635 2699 1957 2768 Angel'orum
2004 2698 2083 2750 lo-

513 2794 771 2862 quereris,
801 2793 1109 2847 charitatem
1140 2799 1245 2844 non
1282 2791 1516 2854 habens,
1560 2789 1797 2842 audirem
1846 2793 1950 2841 a-ra
2001 2789 2089 2842 so-

511 2885 688 2938 nantia
740 2894 793 2938 et
837 2884 1077 2954 cymbala
1125 2883 1419 2936 tinni'emia.
1472 2881 1801 2935 Soliditatem
1856 2879 2087 2950 aliquam

509 2991 722 3046 quaero,
775 2974 1002 3030 tinctam
1039 2976 1091 3028 in
1131 2973 1269 3028 foliis
1297 2973 1557 3027 inveniam
1615 2989 1628 3023 :
1678 2983 1780 3025 non
1827 2973 1932 3026 sint
1977 2974 2086 3024 s'ola

511 3067 692 3129 verba,
723 3066 952 3120 habeant
978 3067 1191 3127 olivam,
1231 3064 1454 3117 redeant
1483 3064 1544 3116 ad
1573 3077 1772 3117 arcam.

581 3157 670 3211 21.
713 3156 838 3221 Sed,
869 3157 1074 3226 inquies
1094 3197 1108 3222 ,
1139 3157 1305 3209 Italico
1332 3166 1740 3209 sacramentum.
1772 3155 1968 3215 Venno
2011 3158 2094 3216 di-

514 3251 592 3306 cis
619 3267 633 3303 :
665 3249 1065 3305 Sacrameutum
1093 3248 1326 3302 divinum
1354 3253 1466 3312 est;
1500 3248 1664 3302 habes
1692 3249 1958 3317 Baptisma
1981 3291 1997 3316 ,
2032 3258 2088 3304 et

513 3357 614 3412 ego
676 3343 955 3396 conﬁteor.
1013 3340 1115 3394 Sed
1157 3339 1279 3408 quid
1321 3339 1447 3393 dicit
1500 3341 1635 3393 idem
1684 3341 1988 3408 apostolus?
2028 3341 2090 3395 Si

511 3435 670 3488 δίε-ἱενο
713 3434 880 3486 omnia
921 3435 1262 3494 sacramenta,
1317 3437 1363 3484 et
1423 3431 1641 3484 habuero
1691 3433 2004 3501 prapheiian't
2042 3442 2090 3486 et

508 3529 708 3576 omnem
737 3525 920 3590 ﬁdem;
947 3524 1019 3576 ita
1059 3533 1108 3575 ut
1139 3525 1328 3576 montes
1357 3527 1657 3594 transferam
1686 3539 1702 3576 :
1741 3529 1805 3578 uc
1857 3524 1990 3578 forte
2037 3527 2090 3580 et

513 3619 612 3670 hoc
634 3619 860 3680 tliceres,
889 3617 1118 3681 Credidi,
1149 3615 1343 3669 s'ul'iicit
1369 3616 1515 3669 mihi.
1544 3615 1646 3671 Sed
1691 3617 1814 3686 quid
1846 3617 1972 3670 dicit
2001 3617 2090 3671 Ja-

513 3708 711 3761 t'oluIS?
747 3707 807 3760 Et
840 3695 1088 3761 dmnones
1118 3709 1328 3760 credunt
1353 3750 1366 3772 ,
1400 3719 1445 3761 et
1466 3711 1848 3761 contremiscunt
1878 3708 2090 3772 (Jacobi

511 3807 568 3860 ιι,
599 3799 712 3869 19).
744 3799 924 3868 Magna
957 3809 1038 3853 est
1065 3799 1225 3860 fides,
1258 3798 1350 3852 Sed
1383 3797 1511 3852 nihil
1543 3801 1754 3867 prodest
1782 3800 1823 3852 si
1863 3814 1964 3852 non
1998 3799 2091 3853 ha-

512 3893 634 3944 beat
655 3889 987 3943 chat‘italcm;
1016 3888 1412 3943 Coniitebautur
1440 3891 1774 3943 etdanuoues
1799 3877 2085 3944 Christum.

515 3984 655 4052 Ergo
699 3982 983 4047 credendo,
1031 3982 1122 4035 sed
1156 3998 1256 4034 non
1303 3981 1568 4049 diiigendo
1615 3983 1896 4048 dicebant,
1955 3982 2092 4047 Quid

516 4076 659 4130 nobis
687 4087 732 4128 et
757 4077 845 4129 tibi
875 4075 1065 4146 (Marc.
1089 4079 1107 4128 ἰ
1130 4118 1144 4141 ,
1173 4073 1507 4144 εὓῖιτὶιίῡιιι
1537 4073 1830 4139 habebant,
1862 4077 2091 4130 charilaé

517 4169 620 4219 tem
649 4182 753 4218 non
782 4165 1075 4219 habebant:
1105 4166 1222 4219 ideo
1249 4153 1517 4220 dmmones
1540 4165 1710 4220 erant.
1744 4166 1854 4219 Noli
1896 4166 1959 4218 de
1990 4164 2090 4221 fide

516 4257 757 4328 gloriari;
787 4258 960 4311 adh’uc
984 4257 1312 4310 daemonibus
1336 4257 1722 4325 contparamius
1749 4271 1823 4310 es.
1867 4256 1981 4310 Noli
2005 4258 2091 4310 illa

516 4361 638 4403 cere
683 4349 943 4413 Christo’,
992 4347 1113 4402 Mihi
1151 4355 1206 4401 et
1257 4349 1347 4401 tibi
1389 4347 1512 4417 quid
1559 4346 1674 4421 est?
1716 4345 1900 4401 Unitas
1949 4349 2088 4402 enim

518 4440 710 4495 Christi
735 4440 826 4493 tibi
860 4439 1110 4508 loquitur.
1146 4437 1273 4492 Veni
1301 4467 1314 4501 ~,
1345 4441 1606 4507 cognosce
1630 4440 1844 4506 pacem,
1872 4438 1985 4491 redi
2026 4437 2090 4492 ad

517 4532 718 4586 viscera
758 4531 1033 4584 columbae.
1085 4529 1237 4584 Foris
1276 4530 1569 4598 baptizatus
1602 4544 1694 4594 es;
1743 4529 1935 4583 habeto
1986 4530 2096 4585 fru-

517 4632 683 4685 ctum,
712 4630 766 4676 et
786 4622 927 4676 redis
955 4622 1018 4674 ad
1053 4629 1250 4675 areamz

586 4713 676 4766 22.
719 4709 787 4768 Et
813 4722 866 4766 tu
898 4729 910 4764 :
942 4711 1073 4779 Quid
1105 4721 1202 4765 nos
1232 4711 1499 4782 qureritis,
1531 4711 1575 4764 si
1614 4711 1735 4764 mali
1779 4712 2000 4766 sumus?
2024 4712 2095 4769 Ut

517 4805 640 4860 boni
662 4805 802 4858 sitis:
835 4803 958 4858 ltl‘eo
986 4811 1079 4857 vos
1107 4804 1420 4872 qua~rim'us,
1454 4805 1575 4872 quia
1601 4804 1721 4856 mali
1753 4804 1881 4858 estis
1910 4809 1923 4857 ‘:
1969 4817 2093 4860 nam

515 4899 561 4952 si
589 4899 709 4951 mali
739 4907 846 4952 non
866 4898 1077 4963 essetis,
1109 4897 1492 4950 invenissemus
1520 4910 1648 4960 vos,
1672 4909 1777 4952 non
1804 4907 1900 4952 ros
1943 4903 2091 4968 quae-

514 4995 775 5045 ηιιειιιιιθι
803 4990 900 5057 Qui
934 4990 1103 5043 bonus
1129 4996 1244 5055 est;
1271 4989 1377 5055 iam
1405 4990 1648 5043 inventus
1674 4997 1758 5044 est
1797 5005 1812 5043 :
1846 4991 1931 5060 qui
1982 4997 2094 5044 ma-

515 5083 742 5148 tu‘sﬁst,
776 5082 947 5136 adhuc
979 5083 1248 5152 quau-itur.
1285 5080 1408 5136 ideo
1443 5095 1537 5135 vos
1576 5084 1892 5152 qumrimus;
1926 5085 2094 5142 redite

519 5176 583 5228 ad
609 5181 806 5228 arcam.
849 5173 952 5228 Sed
977 5174 1084 5241 jam
1117 5172 1288 5226 habeo
1311 5173 1654 5240 Baptismum.
1699 5173 1760 5228 Si
1790 5176 1957 5228 omnia
2003 5194 2089 5230 sa-

521 5275 774 5318 cramenta
803 5265 980 5330 ‘sciero,
1007 5273 1052 5317 et
1081 5265 1299 5316 habuero
1332 5265 1642 5334 praphetiam
1685 5274 1729 5318 et
1781 5275 1974 5320 orabant
2025 5269 2091 5338 ﬁ-

519 5356 662 5420 dem,
693 5357 838 5408 itaut
861 5365 1052 5407 montes
1083 5359 1411 5423 transferam,
1445 5355 1738 5409 charito'ttm
1781 5363 1946 5411 autent
1991 5377 2093 5416 non

521 5447 728 5501 habeam
749 5487 762 5509 ,
795 5445 925 5500 nihil
953 5459 1084 5500 sum.
1120 5444 1370 5499 Fructum
1393 5446 1463 5500 ibi
1493 5447 1732 5514 videam,
1781 5448 1973 5504 olivam
2020 5451 2094 5508 ibi

523 5539 749 5602 videam,
782 5546 836 5590 et
858 5537 1127 5591 revocaris
1157 5535 1220 5589 ad
1257 5546 1459 5591 aream:

590 5631 681 5686 εδ.
713 5629 819 5685 Sed
841 5628 965 5700 quid
995 5627 1106 5683 ais?
1134 5627 1273 5683 Ecce
1315 5639 1412 5683 nos
1451 5629 1614 5684 multa
1651 5631 1789 5686 maia
1841 5633 2091 5702 patimur.

586 5746 603 5778 ι
625 5752 672 5794 In
693 5743 919 5794 omnibus
939 5739 1046 5791 fere
1066 5747 1194 5801 Mss,
1218 5740 1400 5792 emicet.

585 5807 828 5859 ἐδίωξε.
854 5803 1087 5857 Atediti:
1118 5802 1691 5858 mutui-em.

1471 375 1540 445 Lit
1578 365 2316 451 m’tNNISEVANGELmM,
2356 374 2414 431 s.
2456 370 2819 432 aUGUSTlNl

3640 361 3774 428 i453

2197 489 2322 542 ilzec
2359 488 2401 542 si
2434 503 2528 556 pro
2567 485 2782 542 Christo
2807 487 3148 557 pateremini,
3182 487 3304 542 non
3346 499 3444 557 pro
3482 485 3775 545 honoribus

2195 581 2408 636 vestris.
2435 580 2626 634 Audite
2659 579 2797 650 quod
2823 579 3100 651 sequitur:
3129 578 3331 651 jactant
3378 589 3437 635 se
3485 581 3626 634 enim
3673 583 3774 636 aii-

2194 673 2423 743 quando,
2457 673 2575 742 (luia
2604 673 2971 744 eleemosynas
2998 672 3189 727 multas
3219 671 3446 738 faciunt,
3480 671 3606 726 dant
3644 685 3775 743 pau-

2193 766 2440 834 peribus;
2472 765 2591 834 quia
2616 767 2884 835 patiuntur
2916 764 3182 819 molestias
3221 782 3234 816 :
3263 764 3355 818 sed
3409 776 3502 834 pro
3534 763 3741 820 Donato
3762 809 3776 832 ,

2193 873 2298 913 non
2332 867 2427 928 pro
2461 860 2696 914 Christo.
2727 857 2855 913 Vide
2883 847 3148 927 quomodo
3178 858 3388 926 patiaris
3420 871 3572 912 :nam
3597 858 3642 912 si
3679 863 3779 927 'p‘i-o

2196 947 2398 1005 Donato
2431 951 2625 1021 pateris
2649 993 2661 1014 ,
2699 957 2797 1020 pro
2829 951 3055 1020 superbo
3097 951 3329 1020 pateris;
3363 965 3465 1004 non
3502 967 3559 1004 es
3590 951 3640 1003 in
3684 963 3778 1004 co-

2193 1044 2368 1096 lumba
2396 1085 2411 1109 ,
2463 1044 2506 1096 si
2568 1059 2664 1113 pro
2703 1043 2905 1095 Donato
2931 1043 3143 1112 pateris.
3181 1041 3294 1095 Non
3351 1049 3464 1095 erat
3507 1040 3594 1096 ille
3641 1041 3779 1095 ami-

2193 1150 2288 1189 cus
2340 1135 2517 1204 sponsi
2566 1152 2578 1186 :
2618 1147 2738 1186 nam
2779 1135 2823 1188 si
2871 1134 3074 1188 amicus
3121 1137 3260 1188 esset
3303 1134 3503 1202 sponsi.
3553 1134 3775 1203 gloriam

2193 1228 2374 1296 sponsi
2402 1235 2689 1296 quaereret,
2721 1242 2822 1280 non
2849 1241 2997 1281 suam
3025 1226 3198 1293 (Joan.
3233 1243 3311 1293 ιιι,
3342 1226 3454 1298 29).
3481 1227 3610 1281 Vide
3641 1229 3778 1280 arni-

2191 1333 2310 1373 cum
2337 1318 2516 1387 sponsi
2541 1320 2825 1382 dicentem,
2871 1319 2966 1371 llic
3011 1330 3081 1372 est
3128 1320 3212 1386 qui
3247 1321 3479 1389 baptizat.
3525 1319 3617 1374 ille
3668 1323 3777 1373 non

2193 1417 2305 1464 erat
2333 1409 2533 1464 amicus
2575 1411 2786 1478 Sponsi,
2825 1415 2920 1480 pro
2949 1425 3052 1480 quo
3087 1411 3300 1478 pateris.
3333 1410 3445 1464 Non
3479 1409 3640 1464 habes
3685 1425 3775 1464 ve-
3822 1407 3836 1414 ’“

2195 1512 2328 1556 stem
2356 1503 2664 1571 nuptialem;
2690 1513 2738 1555 et
2759 1504 2799 1555 si
2823 1503 2886 1555 ad
2906 1504 3204 1555 convivium
3231 1504 3438 1568 venisti,
3466 1495 3780 1560 rtDI‘IISlialiCS

2195 1594 2329 1647 ιιιῙαὶ
2362 1594 2578 1663 (Matth.
2608 1607 2744 1657 χχιι,
2776 1597 2960 1664 il-l'5)
2988 1611 3001 1660 ;
3027 1596 3132 1648 imo
3160 1597 3278 1664 quia
3309 1583 3448 1650 foras
3480 1599 3670 1651 missus
3697 1611 3777 1665 es,

2195 1689 2314 1743 ideo
2347 1690 2509 1742 miser
2535 1705 2592 1744 es
2625 1707 2635 1741 ε
2663 1689 2772 1742 redi
2798 1688 3079 1758 aliquando
3104 1732 3117 1754 ,
3154 1698 3207 1743 et
3236 1690 3340 1742 noli
3366 1690 3605 1759 gloriari.
3640 1689 3777 1744 Audi

2195 1780 2321 1849 quid
2351 1781 2492 1834 dicat
2521 1773 2805 1850 Apostolus
2839 1797 2852 1831 :
2887 1779 2948 1834 Si
2977 1781 3276 1835 distribuere
3299 1783 3467 1835 omnia
3497 1799 3607 1836 mea
3647 1800 3778 1853 pau-

2198 1872 2416 1942 peribus,
2453 1881 2498 1925 et
2531 1871 2784 1924 tradidero
2806 1887 2988 1940 corpus
3014 1888 3174 1924 meum
3199 1877 3252 1924 ut
3276 1871 3516 1936 ardeam,
3559 1872 3780 1926 ehan’ta-

2196 1971 2290 2014 tem
2322 1973 2485 2014 autem
2516 1978 2613 2014 non
2640 1961 2867 2014 habeam.
2902 1962 3037 2016 Ecce
3061 1961 3198 2031 quod
3230 1975 3332 2015 non
3361 1961 3549 2016 habes.
3596 1951 3658 2016 Si
3681 1969 3779 2016 tra-

2201 2053 2374 2106 didero
2395 2094 2408 2116 ,
2441 2054 2641 2122 inquit,
2671 2069 2852 2122 corpus
2874 2069 3036 2105 meum
3056 2061 3118 2104 ,ιιι
3142 2053 3383 2114 ardeam;
3405 2059 3458 2106 et
3480 2053 3660 2122 utique
3683 2065 3778 2122 pro

2197 2145 2412 2197 nomine
2451 2143 2645 2198 Christi
2685 2143 2819 2196 :sed
2860 2144 2979 2210 quia
3025 2151 3147 2196 sunt
3191 2142 3340 2196 multi
3388 2142 3476 2212 qui
3519 2141 3781 2212 iactanter

2197 2233 2323 2290 illud
2346 2237 2545 2290 faciunt
2568 2279 2582 2301 ,
2607 2251 2710 2288 non
2743 2251 2862 2288 cum
2895 2233 3182 2294 charitate.
3217 2233 3367 2300 ideo,
3417 2234 3480 2291 Si
3525 2235 3780 2290 tradidero

2197 2343 2378 2396 corpus
2405 2339 2566 2378 meum
2589 2335 2640 2378 ut
2661 2327 2886 2391 ardeam,
2915 2327 3207 2379 charitatem
3233 2337 3395 2379 autem
3419 2344 3517 2380 non
3534 2325 3739 2380 habeam
3759 2367 3774 2393 ,

2196 2419 2323 2473 nihil
2339 2419 2461 2472 mihi
2487 2419 2685 2488 prodest
2713 2417 2904 2490 (lCor.
2933 2435 3044 2484 xm,
3067 2420 3120 2482 2,
3151 2421 3229 2487 5).
3258 2417 3527 2474 Charitate
3544 2417 3780 2475 fecerunt

2195 2516 2456 2584 inartYres
2495 2513 2567 2565 illi
2590 2513 2675 2582 qui
2701 2513 2750 2565 in
2789 2512 3030 2582 tempore
3061 2514 3437 2582 persecutioois
3459 2515 3595 2582 passi
3622 2523 3777 2580 sunt;

2195 2604 2454 2659 charitate
2485 2603 2722 2659 fecerunt
2753 2623 2764 2658 :
2798 2606 2878 2658 isti
2903 2614 3078 2660 autem
3107 2606 3173 2659 de
3195 2615 3401 2660 tumore
3427 2613 3477 2659 et
3502 2605 3566 2659 de
3591 2621 3780 2676 super-

2197 2697 2280 2750 bia
2313 2697 2505 2750 iaciunt
2529 2713 2542 2762 ;
2568 2711 2686 2750 nam
2711 2711 2828 2750 eum
2859 2707 3164 2767 persecutor
3189 2697 3346 2764 desit,
3367 2699 3569 2768 seipsos
3590 2691 3780 2769 prm'eio

2196 2789 2386 2859 'pitant.
2420 2787 2550 2844 Veni
2579 2806 2725 2861 ergo,
2755 2800 2813 2843 ut
2841 2789 3038 2844 habeas
3065 2789 3395 2846 eharitate'm.
3425 2789 3528 2846 Sed
3556 2807 3650 2845 nos
3681 2791 3779 2846 ha-

2194 2873 2383 2933 bemus
2412 2889 2689 2949 martyres.
2723 2879 2866 2946 Quos
2890 2869 3187 2952 martyres?
3212 2869 3326 2934 Non
3354 2889 3476 2934 sunt
3497 2881 3777 2948 columba},

2196 2958 2316 3023 ideo
2342 2971 2521 3024 volare
2545 2971 2716 3023 conati
2742 2979 2881 3032 sunt,
2911 2978 2963 3025 et
2987 2968 3050 3023 de
3081 2973 3229 3040 petra
3255 2971 3579 3026 Ceciderunt.

2265 3049 2354 3116 24.
2395 3062 2580 3117 Omnia
2611 3079 2757 3133 ergo,
2789 3059 2978 3117 fratres
3003 3064 3125 3127 mei,
3155 3061 3366 3129 videtis,
3398 3065 3518 3133 quia
3548 3061 3780 3118 clamant

2195 3153 2451 3209 adversus
2476 3156 2616 3222 illos,
2653 3159 2839 3210 omnes
2863 3155 3065 3225 pagina:
3094 3155 3284 3210 divina:
3303 3197 3316 3220 ,
3342 3157 3516 3210 omnis
3543 3151 3777 3226 prophe-

2197 3247 2267 3300 tia
2288 3289 2302 3310 ,
2331 3256 2497 3301 totum
2530 3247 2900 3317 Evangelium=
2945 3263 3131 3302 omnes
3183 3245 3488 3317 apostolicae
3534 3247 3728 3302 littera:
3753 3287 3767 3310 ,

2197 3342 2372 3395 omnis
2400 3342 2626 3410 gemitus
2651 3343 2942 3404 columbae;
2973 3351 3026 3396 et
3052 3335 3283 3395 nondum
3314 3341 3567 3412 evigilaut
3591 3384 3605 3408 ,
3649 3359 3780 3395 non.

2197 3431 2321 3485 dum
2345 3433 2795 3502 expergiscuutur.
2814 3427 2917 3486 Sed
2941 3432 2980 3487 si
3001 3429 3240 3486 Columba
3260 3433 3458 3497 sumus,
3485 3437 3778 3500 tremamus,

2195 3524 2498 3587 toleremus,
2530 3539 2836 3592 speremus;
2869 3521 3036 3578 aderit
3068 3524 3426 3577 misericordia
3463 3523 3590 3586 Dei,
3621 3533 3678 3577 ut
3699 3512 3781 3577 ei-

2194 3616 2397 3670 Ter’veat
2426 3617 2560 3686 ignis
2590 3609 2815 3686 Spiritus
2844 3619 3007 3670 sancti
3036 3615 3087 3670 in
3123 3618 3456 3686 simplicitate
3477 3617 3688 3682 vestra;
3729 3625 3783 3673 et

2195 3693 2432 3762 't'enie‘ut.
2464 3709 2574 3762 Non
2607 3717 2686 3762 est
2709 3709 3094 3778 desperandum
3120 3727 3132 3772 ;
3164 3719 3331 3773 orate,
3362 3710 3667 3779 prredicate,
3699 3703 3780 3764 di-

2195 3799 2340 3870 ligite
2363 3816 2376 3863 ;
2405 3803 2625 3869 prorsus
2653 3813 2838 3870 potens
2863 3810 2944 3854 est
2969 3801 3237 3854 Dominus.
3259 3791 3373 3855 Jam
3400 3809 3676 3870 cmpcruut
3701 3815 3783 3856 co-

2197 3891 2452 3959 giii‘isﬁerc
2490 3889 2717 3944 frontem
2763 3906 2911 3944 suam
2965 3907 2977 3942 :
3027 3891 3176 3944 multi
3211 3897 3600 3960 cognoverunt,
3632 3890 3781 3946 multi

2198 3981 2556 4046 erubuertmt;
2591 3982 2758 4035 aderit
2782 3981 3043 4049 Christus,
3074 3990 3130 4037 ul.
3157 3981 3478 4053 cognoscant
3499 3989 3551 4036 et
3580 3967 3778 4036 cmlei‘l.

2201 4063 2266 4126 Et
2295 4081 2460 4135 certe,
2491 4071 2680 4126 fratres
2708 4073 2846 4140 mei,
2877 4073 2958 4127 vel
3005 4075 3150 4142 palea
3197 4075 3308 4129 sola
3356 4071 3425 4128 ibi
3471 4069 3778 4142 remaneat,

2202 4164 2379 4216 omnia
2408 4179 2570 4232 grana
2602 4164 2918 4233 colligantur
2951 4183 2963 4216 :
2997 4163 3250 4237 quidquid
3295 4165 3364 4221 ibi
3410 4165 3739 4222 inlctilicavit
3764 4208 3778 4233 ,

2199 4253 2381 4306 redeat
2404 4245 2466 4307 ad
2500 4269 2674 4307 arcam
2707 4270 2801 4323 per
2819 4255 3141 4310 columbam.

2267 4335 2356 4400 25.
2391 4343 2545 4399 Modo
2581 4343 2888 4400 deﬁcientes
2924 4347 3154 4416 ubique,
3203 4347 3326 4417 quid
3381 4348 3532 4402 nobis
3581 4355 3778 4418 propo-

2202 4441 2349 4501 nunt,
2382 4443 2485 4489 non
2522 4437 2857 4491 invenientes
2885 4437 3010 4507 quid
3041 4437 3252 4493 dicant?
3279 4435 3443 4492 Villas
3467 4445 3676 4494 nostras
3698 4449 3783 4495 tu-

2198 4530 2392 4592 le‘ru'nt,
2425 4528 2613 4582 fundos
2638 4533 2851 4584 'n'osl‘ros
2879 4531 3131 4585 tulerunt.
3164 4529 3447 4586 Profertmt
3467 4537 3780 4589 testamenta

2201 4615 2494 4672 hominum.
2522 4621 2658 4675 Ecce
2684 4619 2767 4673 ubi
2794 4619 2956 4676 Gaius
2986 4621 3138 4675 Seius
3163 4615 3378 4676 donavit
3417 4621 3632 4676 fundum
3675 4623 3781 4678 Ec-

2201 4699 2400 4774 clesiae,
2433 4710 2515 4764 cui
2544 4718 2769 4778 praeerat
2799 4710 3103 4765 Faustinus.
3148 4711 3308 4781 Cujus
3343 4711 3620 4782 episcopus
3666 4713 3784 4769 erat

2203 4788 2481 4854 Faustinus
2526 4793 2818 4856 Ecclesia)?
2863 4803 2986 4871 quid
3041 4811 3120 4858 est
3169 4801 3438 4858 Ecclesia?
3491 4803 3779 4869 Ecclesim,

2204 4891 2358 4953 dixit,
2391 4892 2471 4945 cui
2503 4902 2726 4961 prmerat
2757 4893 3044 4948 Faustinus
3074 4913 3086 4948 :
3115 4895 3207 4950 sed
3233 4912 3336 4949 non
3369 4895 3616 4951 Ecclesia:
3648 4911 3784 4967 pra:-

2201 4992 2314 5037 crat
2349 4983 2662 5051 Faustinus,
2697 4985 2788 5039 sed
2836 4986 2970 5056 parti
3017 4998 3260 5056 praeerat.
3307 4987 3560 5044 Columba
3601 4999 3779 5046 autem

2202 5073 2434 5130 Eoi-lesia
2459 5073 2559 5130 est.
2593 5075 2727 5144 Quid
2757 5077 2994 5132 clamas?
3023 5077 3134 5133 Non
3175 5079 3546 5135 devoravimtis
3589 5081 3746 5137 villas
3767 5128 3780 5151 ,

2201 5167 2440 5219 columba
2473 5167 2588 5220 illas
2608 5167 2836 5222 habeat:
2870 5175 3136 5238 qureratur
3166 5183 3284 5239 qum
3313 5170 3378 5222 sit
3413 5171 3688 5239 columba,
3732 5183 3780 5228 et

2199 5245 2312 5327 ipsa
2328 5257 2534 5312 habeat.
2553 5249 2680 5312 Nam
2703 5259 2889 5326 nbstis,
2905 5260 3095 5314 fratres
3113 5260 3234 5325 mei,
3252 5261 3371 5330 quia
3387 5261 3525 5316 villze
3543 5259 3656 5318 ista:
3676 5281 3782 5320 non

2202 5355 2324 5403 sunt
2353 5341 2627 5419 Augustini
2654 5361 2738 5406 :et
2756 5351 2802 5407 si
2823 5359 2925 5406 non
2953 5351 3140 5419 nostis,
3160 5367 3216 5406 et
3237 5355 3430 5422 putatis
3453 5367 3535 5410 me
3551 5357 3786 5426 gaudere

2199 5438 2254 5492 in
2277 5441 2611 5507 posSeSsiOne
2635 5441 2875 5495 'villartIm
2893 5483 2907 5507 ,
2933 5440 3070 5496 Deus
3091 5443 3263 5508 novit,
3287 5443 3400 5512 ipse
3420 5446 3520 5500 scit
3538 5446 3662 5516 quid
3683 5463 3784 5516 ego

2201 5523 2268 5585 de
2290 5531 2390 5585 illis
2415 5531 2552 5586 villis
2571 5533 2815 5599 sentiam,
2838 5523 2920 5587 vel
2947 5533 3070 5603 quid
3100 5533 3170 5589 ibi
3199 5535 3483 5603 sufferam;
3513 5540 3658 5593 novit
3689 5555 3782 5610 ge-

2199 5623 2362 5678 mltos
2382 5629 2554 5689 meos,
2573 5626 2616 5679 si
2652 5615 2776 5679 mihi
2801 5625 2993 5695 aliquid
3029 5625 3096 5682 de
3121 5621 3364 5683 columba
3405 5630 3674 5699 impertire
3705 5632 3783 5686 di-

2201 5722 2391 5785 gnatus
2415 5723 2515 5769 est.
2543 5713 2682 5771 Ecce
2702 5724 2826 5771 sunt
2850 5717 3024 5771 villae:
3054 5733 3162 5788 quo
3184 5719 3304 5788 jure
3328 5719 3567 5774 defendis
3597 5722 3785 5776 villas?

2204 5805 2388 5862 divino
2411 5821 2475 5861 an
2497 5806 2729 5863 humano
2747 5808 2768 5862 ?
2785 5809 3160 5879 Respondeant
3179 5827 3190 5863 :
3212 5810 3453 5866 Divinum
3465 5811 3553 5883 jus
3573 5811 3625 5867 iu
3638 5811 3781 5869 Scri-
