4074 6466
307 448 441 508 M37
1471 423 1878 487 TRACTATUS

299 564 474 638 pluris
494 560 776 626 habemus,
793 557 1087 612 [humanum
1101 552 1193 624 jus
1213 551 1266 606 in
1282 549 1486 621 legibus
1496 561 1702 618 regum.
1727 541 1880 600 [inde

301 661 530 732 quisque
549 654 792 728 possidet
809 652 949 723 quod
977 649 1246 722 possidet?
1268 657 1444 702 nonne
1461 646 1578 715 jure
1607 640 1878 698 humano?

303 754 432 810 Nm
453 751 574 821 jure
598 748 811 811 divino,
839 745 1048 800 Domini
1083 747 1170 798 est.
1196 753 1338 797 terra
1367 749 1422 794 et
1451 736 1722 808 plenitudo
1762 734 1880 804 ejus

301 845 474 920 (Μ.
498 850 646 909 uti,
674 842 728 907 11
752 859 765 894 :
794 847 1050 910 palpo-ms
1077 834 1340 890 etdivitee
1374 834 1510 885 Deus
1534 829 1603 884 de
1623 842 1732 881 uno
1754 827 1879 895 limo

306 939 446 1002 fecit.
476 946 532 993 et
555 941 818 1006 pauperes
841 942 892 986 et
916 931 1111 985 divites
1141 943 1244 982 una
1272 929 1415 981 terra
1433 929 1728 993 supponat.
1751 920 1877 974 Jure

303 1041 478 1086 tamen
504 1028 735 1083 humano
751 1026 884 1080 dicit
903 1066 918 1091 ,
945 1024 1070 1078 Haec
1097 1022 1220 1075 villa
1245 1033 1364 1075 mea
1394 1029 1503 1083 est,
1533 1017 1648 1072 hinc
1687 1016 1878 1069 domus

303 1139 436 1187 mea,
464 1123 554 1176 hic
572 1124 764 1177 mut
786 1133 938 1173 metis
961 1126 1066 1171 est.
1102 1114 1232 1169 Iure
1268 1126 1400 1181 ergo
1445 1110 1709 1173 humano,
1761 1107 1877 1173 jum

299 1217 701 1286 imperatorum.
725 1209 940 1278 Quare?
961 1208 1096 1274 Quia
1121 1209 1237 1276 ipsa
1254 1206 1370 1274 jura
1403 1203 1627 1256 humana
1654 1215 1746 1269 per
1775 1200 1876 1252 imi

301 1315 579 1378 per-stores
598 1312 659 1357 et
679 1315 834 1372 reges
854 1300 1035 1354 surculi
1062 1298 1202 1351 Deus
1244 1293 1510 1350 dis-tribuit
1543 1291 1721 1360 generi
1773 1289 1876 1343 btr-

303 1411 481 1452 mane.
517 1395 688 1450 Vuitis
711 1394 948 1462 ieganms
974 1391 1121 1457 leges
1148 1388 1558 1455 imperatorum,
1596 1391 1650 1435 et
1683 1395 1875 1434 secun-

297 1491 427 1545 tium
452 1490 596 1557 ipsas
614 1501 833 1556 agamus
857 1484 928 1538 de
967 1480 1137 1536 villis?
1181 1479 1236 1533 Si
1277 1479 1394 1546 jure
1441 1477 1674 1529 humano
1718 1471 1875 1524 vultis

297 1581 594 1651 possidere,
640 1579 922 1632 rccitemus
954 1575 1100 1642 iuges
1127 1573 1502 1639 imperatorum
1546 1584 1558 1619 :
1604 1565 1876 1617 videamus

296 1675 344 1728 si
377 1672 661 1726 voluerunt
687 1668 883 1738 aliquid
910 1669 974 1721 ab
1004 1664 1268 1719 lucreticis
1295 1660 1570 1731 possideri.
1608 1657 1712 1712 Sed
1751 1655 1876 1724 quid

291 1765 428 1818 mihi
461 1772 548 1819 est
579 1759 908 1831 imperator?
955 1756 1257 1813 Secundum
1296 1754 1384 1823 jus
1424 1751 1590 1821 ipsius
1633 1747 1875 1818 possides

298 1867 519 1910 tenam.
551 1856 654 1908 Aut
693 1853 817 1906 tolle
841 1852 966 1919 jura
1008 1849 1380 1916 imperatorum
1402 1883 1415 1906 ,
1451 1851 1508 1897 et
1551 1841 1669 1911 quis
1717 1838 1877 1894 audet

293 1949 476 2002 dicere
507 1964 520 2000 :
549 1947 662 2000 Mea
692 1953 776 2000 est
801 1944 886 1996 ilia
915 1941 1065 2004 vilia,
1096 1948 1186 1992 aut
1226 1953 1374 1991 meus
1417 1944 1498 1990 est
1523 1934 1614 1987 ille
1652 1947 1872 1997 servus,

294 2048 386 2093 aut
405 2039 598 2092 domus
626 2036 738 2089 haec
765 2049 882 2089 mea
908 2033 1031 2088 est?
1058 2031 1116 2086 Si
1146 2038 1322 2083 autem
1365 2036 1424 2080 ut
1460 2033 1740 2080 teneantur
1777 2023 1874 2076 ista

291 2138 366 2191 ab
394 2136 717 2199 hominibus,
739 2133 860 2202 jura
889 2138 1203 2199 acceperunt
1229 2139 1411 2194 regum
1430 2165 1442 2189 ,
1476 2121 1639 2176 vultis
1678 2119 1874 2174 recite-

289 2244 418 2284 mus
445 2228 613 2298 leges,
641 2235 700 2280 ut
725 2224 996 2295 gaudeatis
1017 2222 1137 2291 quia
1167 2218 1249 2273 vel
1273 2231 1431 2271 unum
1471 2215 1684 2267 hortum
1717 2211 1876 2265 habe—

291 2322 364 2375 tis
381 2361 400 2387 ,
417 2331 471 2375 et
496 2336 603 2374 non
619 2317 887 2386 inputatis
908 2315 1006 2369 nisi
1022 2309 1413 2368 mansuetudini
1435 2306 1726 2370 columbae,
1753 2303 1875 2373 quia

289 2413 378 2467 vei
421 2412 496 2466 ibi
531 2411 682 2465 vobis
711 2408 1026 2480 permittitur
1049 2400 1400 2475 permanere?
1440 2399 1705 2467 Leguntur
1733 2394 1874 2449 enim

289 2506 440 2575 leges
459 2504 598 2557 mani
607 2503 772 2564 testas,
794 2500 884 2554 ubi
900 2503 1270 2569 praeceperunt
1283 2493 1651 2562 imperatores,
1675 2501 1767 2541 eos
1785 2485 1875 2554 qui

289 2603 491 2665 printer
506 2594 753 2648 Ecclesia:
764 2590 1034 2646 catholicae
1048 2585 1478 2643 communionem
1500 2587 1751 2650 usurpant
1776 2578 1873 2632 sibi

292 2701 492 2740 nomen
515 2685 874 2739 Christianum
892 2719 911 2748 ,
936 2695 1038 2736 nec
1079 2680 1264 2733 volunt
1285 2677 1339 2730 in
1363 2689 1490 2743 pace
1518 2673 1694 2728 coiere
1733 2671 1875 2740 pacis

287 2786 566 2831 auctorem
584 2813 602 2844 ,
635 2775 764 2829 nihil
808 2775 1022 2827 nomine
1048 2770 1301 2825 Ecclusiae
1329 2765 1558 2820 audeant
1581 2761 1874 2833 possidere.

364 2870 455 2924 26.
496 2869 600 2925 Sed
621 2868 750 2939 quid
775 2868 929 2922 nobis
945 2874 1001 2921 et
1021 2859 1366 2933 imperatori?
1385 2859 1490 2915 Sed
1511 2858 1618 2926 jam
1647 2855 1776 2915 dixi,
1807 2854 1874 2908 de

289 2964 411 3034 jure
441 2962 674 3018 humano
684 2964 876 3032 agitur.
898 2960 966 3013 Et
987 2967 1164 3014 tamen
1186 2955 1472 3025 Apostolus
1500 2951 1665 3006 voluit
1687 2948 1874 3003 serviri

288 3055 530 3126 legibus,
561 3055 725 3109 voluit
749 3053 999 3108 honorari
1028 3064 1201 3116 teges,
1225 3056 1285 3103 et
1305 3047 1439 3100 dixit
1479 3063 1492 3099 :
1522 3043 1709 3113 Regem
1735 3055 1870 3094 reve-

287 3146 476 3201 φανεὶπὶ
503 3146 544 3216 (1
587 3143 725 3198 Patr.
771 3159 830 3210 tu,
870 3142 982 3214 i7).
1013 3139 1130 3195 Noli
1173 3139 1351 3194 dicere
1404 3153 1416 3188 :
1460 3133 1596 3201 Quid
1640 3131 1775 3186 mihi
1821 3138 1876 3184 et

292 3240 446 3309 regi?
471 3238 605 3305 Quid
630 3237 722 3292 tibi
753 3251 880 3306 ergo
905 3247 961 3289 et
993 3230 1355 3304 possessioni?
1384 3229 1486 3284 Per
1511 3228 1635 3298 juna
1689 3238 1872 3293 regum

291 3329 635 3400 possidentur
657 3327 1040 3398 possessiones.
1074 3323 1281 3389 Dixisti,
1311 3320 1447 3386 Quid
1475 3318 1605 3372 mihi
1647 3325 1703 3371 et
1722 3313 1874 3385 regi?

293 3423 407 3476 noli
434 3421 612 3476 dicere
636 3420 1002 3491 possessiones
1024 3426 1182 3478 tuas;
1225 3417 1347 3483 quia
1364 3411 1434 3466 ad
1462 3412 1572 3480 ipsa
1605 3408 1726 3479 .jura
1773 3405 1873 3460 hu-

289 3528 452 3570 mana
485 3511 818 3575 renuntiasti,
865 3508 1059 3578 quibus
1102 3504 1437 3574 possidentur
1477 3497 1870 3570 possessiones.

293 3605 401 3662 Sed
419 3606 492 3661 de
509 3603 827 3674 diviocjure
855 3616 973 3670 ago,
1008 3599 1106 3652 ait.
1132 3599 1275 3666 Ergo
1313 3591 1656 3662 Evaugciium
1680 3588 1876 3642 recite-

291 3714 447 3762 mua;
475 3697 747 3751 videamus
768 3709 879 3764 quo
905 3708 1070 3762 usque
1102 3688 1338 3745 Ecclesia
1375 3683 1637 3740 catholica
1675 3681 1874 3736 Christi

294 3801 400 3858 est,
423 3803 583 3858 super
606 3802 762 3857 quem
785 3784 930 3840 venit
951 3781 1224 3843 columba,
1255 3793 1376 3849 quae
1419 3774 1600 3830 docuit
1621 3807 1638 3838 ~,
1675 3771 1772 3825 Hic
1801 3777 1874 3824 est

293 3885 381 3954 qui
410 3883 648 3952 baptism.
680 3878 959 3946 Quomodo
974 3873 1236 3945 ergojure
1261 3869 1442 3924 divino
1468 3864 1759 3938 possideat,
1781 3861 1872 3932 qui

289 3979 443 4042 dicit,
472 3977 585 4046 Ego
604 3975 841 4044 baptizo;
877 3981 1000 4025 cum
1037 3968 1180 4024 dicat
1206 3963 1478 4027 columba,
1538 3958 1640 4013 Hic
1680 3964 1749 4011 est
1786 3955 1876 4027 qui

291 4070 551 4140 baptiut;
575 4082 695 4121 cum
741 4066 882 4119 dicat
909 4063 1176 4130 Scriptura
1197 4090 1218 4125 ,
1247 4056 1364 4112 Una
1393 4064 1462 4110 est
1481 4051 1715 4108 columba
1739 4066 1870 4114 mea,

294 4178 397 4215 una
423 4171 497 4214 est
529 4159 676 4213 nostri
713 4157 858 4211 suae?
883 4155 1061 4222 Quare
1109 4149 1344 4206 laniastis
1391 4143 1732 4202 columbam?
1763 4142 1875 4195 imo

295 4253 538 4311 lauiastis
567 4252 767 4305 viscera
791 4258 962 4302 vestra
997 4262 1010 4300 :
1043 4258 1165 4298 nam
1196 4242 1344 4297 vobis
1371 4239 1602 4304 laniatis,
1629 4234 1873 4291 columba

297 4345 503 4413 integra
532 4350 854 4412 perseverat.
881 4339 1043 4408 Ergo,
1073 4337 1262 4390 fratres
1287 4332 1388 4387 mei
1415 4371 1430 4398 ,
1463 4331 1506 4384 si
1536 4329 1734 4396 ubique
1768 4339 1875 4379 non

295 4436 500 4491 habent
541 4433 682 4504 quod
722 4433 898 4488 dicant
918 4470 933 4497 ,
961 4445 1059 4500 ego
1079 4429 1200 4482 dico
1223 4423 1366 4496 quod
1391 4422 1587 4478 faciant
1619 4438 1632 4472 ε
1661 4419 1876 4473 veniant

291 4531 360 4585 ad
407 4528 776 4593 Catholicam,
833 4534 888 4579 et
931 4523 1206 4578 nobiscum
1258 4517 1524 4572 habebunt
1577 4526 1683 4568 non
1703 4510 1876 4565 solum

295 4632 517 4686 tenam;
564 4618 656 4674 sed
701 4617 858 4673 etiam
895 4615 1038 4668 illum
1068 4611 1158 4681 qui
1188 4608 1312 4664 fecit
1348 4606 1543 4662 casiam
1573 4612 1628 4659 et
1656 4610 1873 4656 terram.

810 4700 1217 4762 TRACTATUS
1256 4699 1364 4754 Vil.

299 4806 374 4862 Ab
395 4822 454 4860 eo
474 4803 609 4875 quod
635 4803 875 4873 scriptum
901 4808 993 4862 est,
1019 4798 1085 4851 Et
1113 4811 1211 4865 ego
1255 4789 1384 4856 vidi,
1424 4795 1479 4842 et
1514 4781 1876 4841 testimonium

367 4898 614 4971 perhibui
639 4897 764 4966 quia
796 4894 879 4948 hic
904 4889 1174 4947 estFilius
1199 4884 1314 4951 Dei,
1338 4897 1490 4950 usque
1512 4877 1580 4932 ad
1604 4876 1676 4941 id,
1702 4877 1874 4928 Amen

365 4968 492 5049 dico
522 4991 693 5051 vobis,
716 4986 960 5042 videbitis
1000 4983 1192 5037 corium
1217 4985 1495 5046 apertum,
1543 4980 1598 5026 et
1643 4968 1876 5036 Angelos

365 5081 720 5139 ascendentes
759 5076 814 5133 et
845 5072 1230 5131 descendentes
1269 5081 1426 5136 super
1464 5051 1658 5117 Filium
1699 5056 1874 5112 homi-

369 5177 474 5232 nis.
504 5172 632 5242 Cap.
653 5188 695 5237 ιδ
739 5171 775 5241 ᾖ
800 5203 813 5222 .
843 5167 1033 5224 Eii-5i.

373 5269 428 5322 i.
470 5261 878 5335 Gengaudemus
945 5253 1251 5325 frequentiae
1307 5257 1534 5309 vestrae,
1571 5243 1693 5314 quia
1742 5241 1876 5296 ultra

297 5375 460 5434 quam
503 5332 717 5426 sperare
769 5350 1054 5422 potuimus,
1102 5343 1348 5399 alacriter
1387 5334 1730 5395 convenistis.
1770 5332 1881 5384 lloc

299 5424 548 5524 estquod
572 5465 670 5504 nos
687 5445 940 5508 ketiiicat,
969 5452 1022 5496 et
1047 5437 1350 5494 consolatur
1377 5433 1429 5486 in
1453 5428 1700 5485 omnibus
1729 5424 1880 5479 labo-

501 5553 557 5599 et
581 5539 830 5612 periculis
854 5537 976 5592 vitae
1002 5531 1190 5602 hujus,
1224 5542 1374 5582 amor
1402 5533 1576 5579 vester
1608 5521 1663 5574 in
1695 5514 1880 5582 Deum,

300 5639 529 5708 etpium
569 5610 841 5697 studium,
889 5637 942 5683 et
967 5633 1111 5681 certa
1140 5637 1282 5692 spes,
1333 5627 1387 5674 et
1430 5615 1606 5670 fervor
1644 5610 1880 5680 spiritus.

301 5731 547 5790 Audistis
573 5743 694 5784 cum
727 5724 967 5780 Psalmus
1014 5720 1300 5788 legeretur,
1347 5710 1467 5783 quia
1498 5709 1649 5776 inops
1671 5713 1724 5760 et
1749 5719 1883 5774 pau—

299 5840 407 5898 per
427 5823 624 5879 clamat
647 5818 712 5874 ad
737 5819 904 5874 Deum
935 5815 987 5870 iu
1011 5806 1334 5867 iioc-sazcuio
1364 5801 1533 5876 (Psal.
1563 5813 1742 5865 LXXIII,
1765 5795 1880 5898 2i).

309 5887 424 5978 θοι
444 5928 589 5973 enim
609 5919 726 5984 est,
754 5918 814 5967 ut
839 5908 1036 5981 saepius
1057 5901 1280 5961 audistis
1299 5940 1318 5969 ,
1361 5906 1415 5954 et
1450 5891 1756 5952 meminisse
1787 5887 1884 5944 de~

1939 423 2048 481 1111.
2088 426 2315 485 CAPUT
2350 425 2394 484 l.

3425 433 3553 492 M33

1985 540 2154 610 betis,
2179 559 2282 598 non
2309 545 2465 599 unius
2500 542 2731 599 hominis
2750 583 2766 610 ,
2794 550 2849 597 et
2895 550 3070 598 tamen
3102 543 3254 599 unius
3279 544 3508 602 hominis
3534 565 3553 604 :

1985 650 2090 689 non
2119 636 2307 700 unius,
2337 636 2459 705 quia
2494 634 2677 690 ﬁdeles
2703 634 2886 701 multi;
2914 635 3074 690 multa
3097 651 3267 706 grana
3297 637 3434 693 inter
3462 654 3556 709 pa.

1987 725 2095 780 leas
2134 725 2416 794 gementia,
2437 724 2625 778 dill‘usa
2655 732 2768 779 toto
2795 723 2925 780 orbe
2967 735 3259 780 terrarum:
3287 726 3442 782 unius
3465 742 3556 782 au-

1985 823 2089 869 tem
2111 856 2126 880 ,
2156 815 2276 886 quia
2306 815 2541 869 membra
2567 815 2761 869 Christi
2793 831 3006 880 omnes;
3049 831 3110 870 ac
3129 832 3229 886 per
3264 816 3363 872 hoc
3391 833 3555 873 unum

1982 922 2193 978 corpus.
2222 905 2324 962 Iste
2348 921 2476 976 ergo
2506 907 2727 976 populus
2755 907 2906 977 ineps
2934 915 2988 961 et
3017 923 3234 977 pauper,
3268 923 3371 962 non
3405 909 3553 964 novit

1981 997 2210 1069 gaudere
2230 997 2297 1051 de
2325 997 2518 1050 saeculo
2543 1013 2556 1049 :
2587 1005 2639 1051 et
2663 996 2815 1051 dolor
2840 996 2951 1067 ejus
2980 997 3121 1051 intus
3168 1007 3248 1052 est
3270 1039 3282 1062 ,
3323 1007 3377 1053 et
3421 1014 3553 1068 gau-

1982 1090 2124 1143 dium
2152 1090 2267 1158 ejns
2295 1089 2437 1142 intus
2468 1096 2584 1151 est,
2624 1088 2712 1141 ubi
2741 1105 2844 1142 non
2872 1088 3016 1142 videt
3047 1089 3142 1142 nisi
3173 1090 3258 1144 ille
3279 1091 3366 1158 qui
3398 1105 3554 1144 exau-

1980 1179 2057 1235 dit
2081 1190 2399 1250 gementem,
2427 1189 2481 1234 et
2505 1188 2722 1234 coronat
2747 1189 3066 1248 sperantem.
3114 1179 3314 1235 Lretitia
3355 1181 3555 1249 saeculi,

1979 1273 2200 1326 vanitas.
2227 1273 2354 1325 Cum
2379 1288 2564 1342 magna
2593 1272 2991 1340 exspectatione
3010 1281 3252 1342 speratur
3278 1281 3332 1326 ut
3351 1274 3548 1339 veniat,

1980 1373 2031 1417 et
2058 1378 2160 1416 non
2207 1372 2378 1431 potest
2406 1363 2570 1416 teneri
2615 1378 2734 1416 cum
2765 1364 2984 1416 venerit.
3028 1363 3131 1417 iste
3156 1365 3296 1418 enim
3329 1363 3440 1418 dies
3466 1365 3555 1434 qui

1980 1456 2131 1509 laetus
2159 1463 2239 1508 est.
2262 1454 2482 1523 perditis
2514 1452 2671 1508 hodie
2699 1453 2750 1506 in
2797 1453 2895 1508 ista
2944 1453 3175 1518 civitate,
3207 1470 3325 1507 cras
3369 1456 3554 1523 utique

1979 1563 2082 1601 non
2115 1545 2253 1600 erit:
2283 1561 2380 1600 nec
2407 1545 2564 1599 iidem
2601 1545 2699 1613 ipsi
2721 1551 2840 1598 cras
2884 1543 2985 1598 hoc
3011 1555 3164 1598 erunt
3212 1533 3351 1613 quod
3398 1545 3556 1600 hodie

1979 1646 2122 1692 sunt.
2153 1638 2214 1690 Et
2246 1644 2519 1690 transeunt
2547 1635 2723 1688 omnia
2743 1675 2755 1698 ,
2781 1643 2835 1688 et
2865 1634 3074 1687 evolant
3116 1634 3310 1698 omnia,
3338 1644 3390 1688 et
3419 1636 3556 1689 sicut

1980 1730 2152 1783 fumus
2173 1737 2457 1782 vanescunt
2481 1745 2494 1780 :
2525 1737 2577 1781 et
2611 1743 2688 1780 vae
2713 1727 2800 1796 qui
2823 1735 3001 1780 amant
3023 1717 3173 1779 talia!
3199 1728 3382 1781 Omnis
3412 1731 3552 1783 enim

1979 1821 2151 1875 anima
2208 1821 2448 1889 sequitur
2494 1819 2632 1890 quod
2664 1829 2825 1873 amat.
2853 1818 3035 1872 Omnis
3077 1834 3200 1873 caro
3239 1818 3414 1872 fenum
3440 1861 3456 1885 ,
3505 1831 3556 1875 et

1979 1914 2154 1967 omnis
2188 1914 2355 1967 honor
2380 1914 2554 1966 carnis
2593 1912 2740 1982 quasi
2772 1911 2868 1964 llos
2900 1911 3032 1976 feni;
3062 1912 3238 1966 fenum
3269 1913 3426 1978 aruit,
3459 1898 3557 1969 llos

1979 2006 2174 2063 decidit
2207 2007 2479 2063 :Verbum
2524 2015 2700 2060 autem
2745 2007 2948 2059 Domini
2985 2015 3164 2061 manet
3200 2006 3251 2059 in
3298 2015 3554 2061 mternum

1981 2099 2245 2170 (Isai.x1.,
2278 2098 2416 2168 6-8).
2447 2099 2584 2152 Ecce
2630 2097 2768 2167 quod
2817 2112 2982 2160 ames,
3017 2097 3058 2150 si
3108 2097 3183 2150 \is
3228 2112 3442 2151 manere
3497 2097 3549 2151 in

1979 2201 2254 2246 aeternum.
2287 2190 2388 2245 Sed
2418 2189 2595 2243 dicere
2627 2189 2855 2242 habebas
2890 2206 2900 2239 :
2928 2187 3078 2243 Unde
3109 2203 3323 2257 possum
3359 2202 3550 2257 appre—

1979 2281 2215 2337 hendere
2262 2281 2492 2334 Verbum
2541 2279 2670 2332 Dei?
2715 2279 2943 2332 Verbum
2971 2293 3094 2332 caro
3134 2263 3327 2332 factum
3362 2285 3471 2346 est,
3503 2285 3557 2332 et

1983 2375 2241 2429 habitavit
2270 2376 2320 2429 in
2355 2373 2506 2428 nobis
2529 2373 2709 2443 (Joan.
2742 2389 2776 2436 i,
2813 2373 2922 2440 Η).

2049 2469 2100 2521 2.
2130 2469 2482 2538 Quapropter,
2515 2464 2811 2520 charissimi
2833 2505 2845 2529 ,
2875 2463 2938 2517 ad
2973 2461 3200 2532 inopiam
3234 2467 3466 2515 nostram
3503 2466 3559 2515 et

1980 2569 2340 2631 paupertatem
2374 2567 2608 2613 nostram
2639 2558 2897 2626 pertineat
2925 2566 2976 2610 ct
3007 2556 3144 2624 quod
3168 2556 3286 2608 illos
3313 2553 3553 2609 dolemus

1978 2653 2066 2722 qui
2097 2653 2196 2706 sibi
2235 2651 2504 2705 abundare
2540 2651 2803 2705 videntur.
2852 2649 3111 2704 Gaudium
3140 2649 3280 2702 enim
3309 2647 3542 2716 ipsorum

1978 2744 2126 2815 quasi
2145 2744 2578 2813 phreneticorum
2601 2750 2702 2796 est.
2727 2740 3003 2807 Quomodo
3021 2750 3192 2793 autem
3219 2727 3554 2808 phreneticus

1978 2835 2169 2906 gaudet
2214 2836 2263 2888 in
2297 2835 2497 2888 insania
2541 2833 2883 2902 plerumque,
2929 2840 2982 2884 et
3033 2821 3202 2893 ridet;
3258 2838 3310 2882 et
3359 2827 3556 2897 plangit

1979 2927 2127 2982 illum
2154 2927 2241 2996 qui
2264 2940 2424 2980 sanus
2449 2933 2529 2978 est
2563 2941 2575 2975 :
2608 2923 2681 2977 sic
2709 2929 2761 2977 et
2791 2905 2922 2985 nos,
2963 2909 3259 2974 charissimi
3281 2959 3295 2986 ,
3333 2917 3377 2972 si
3404 2919 3556 2972 rece-

1978 3018 2151 3088 pimus
2196 3016 2507 3070 medicinam
2554 3014 2621 3068 de
2650 3001 2787 3067 coelo
2832 3013 3164 3076 venientem,
3208 3009 3328 3078 quia
3374 3001 3426 3062 εἰ
3455 3007 3552 3060 nos

1977 3107 2167 3162 omnes
2212 3103 2506 3174 phrenetici
2535 3117 2744 3157 eramus
2765 3144 2778 3166 ,
2827 3103 3074 3171 tauquam
3102 3100 3228 3154 salvi
3262 3097 3403 3165 facti,
3429 3097 3552 3167 quia

1978 3212 2039 3252 ea
2089 3212 2209 3267 quae
2263 3195 2611 3265 diligebamus
2656 3208 2759 3246 non
2807 3191 3104 3262 diligimus,
3163 3201 3437 3261 gemamus
3487 3187 3550 3242 ad

1975 3292 2143 3348 Deum
2188 3289 2256 3345 de
2303 3290 2366 3343 iis
2399 3276 2486 3358 qui
2523 3283 2696 3341 adhuc
2746 3285 3032 3340 insaniunt.
3068 3279 3260 3338 Potens
3303 3291 3383 3336 est
3412 3281 3553 3336 enim

1978 3391 2035 3436 ut
2095 3388 2150 3436 et
2203 3381 2346 3450 ipsos
2401 3379 2578 3433 salvos
2633 3377 2808 3431 faciat.
2867 3377 2934 3430 Et
2998 3393 3129 3446 opus
3186 3371 3266 3430 est
3335 3383 3390 3428 ut
3461 3377 3551 3428 re—

1979 3474 2205 3544 spiciant
2243 3488 2300 3526 se
2322 3513 2336 3537 ,
2369 3479 2422 3526 et
2449 3460 2760 3538 displiceant
2793 3469 2912 3523 sibi.
2941 3455 3191 3536 Spectare
3231 3465 3469 3531 volunt‘,
3502 3472 3557 3519 et

1979 3573 2220 3638 spectare
2249 3580 2306 3619 se
2335 3579 2441 3618 non
2486 3565 2766 3616 noverunt.
2810 3549 2941 3614 Nam
2987 3560 3028 3612 si
3080 3559 3399 3627 aliquantum
3429 3571 3558 3609 ocu-

1979 3657 2062 3713 los
2113 3657 2178 3712 ad
2228 3673 2286 3711 se
2339 3663 2681 3719 convertant,
2731 3643 2913 3706 vident
2971 3651 3335 3706 Confusionem
3383 3664 3554 3704 suam.

1978 3747 2129 3818 Quod
2163 3749 2333 3803 donec
2365 3746 2472 3811 ﬁat,
2525 3746 2623 3798 alia
2679 3744 2786 3798 sint
2837 3741 3008 3796 studia
3065 3749 3264 3802 nostra,
3307 3739 3407 3792 alia
3449 3737 3555 3790 sint

1979 3850 2318 3898 avocamenta
2349 3840 2537 3891 animae
2575 3843 2788 3889 nostrae.
2825 3833 2954 3887 Plus
2995 3831 3135 3885 valet
3155 3829 3308 3883 dolor
3350 3826 3553 3892 nos-Ier,

1979 3948 2138 4004 quam
2166 3929 2413 4002 gaudium
2444 3928 2671 3982 illorum.
2700 3923 2966 3991 Quantum
3012 3919 3237 3992 pertinei
3278 3921 3339 3973 ad
3359 3935 3557 4004 imme-

1979 4040 2096 4080 rum
2127 3997 2343 4076 fratrum
2361 4060 2374 4085 ,
2401 4013 2616 4074 difficile
2644 4021 2723 4072 est
2744 4015 2797 4069 u't
2823 4015 3100 4084 quisquam
3131 4003 3218 4067 illa
3246 3997 3556 4066 celebritate

1978 4127 2161 4187 raptus
2202 4115 2355 4169 fuerit
2396 4128 2462 4167 ex
2495 4111 2621 4164 viris
2657 4116 2949 4178 :quantum
2976 4107 3151 4159 autem
3196 4103 3259 4156 ad
3307 4107 3548 4156 sororum

1979 4225 2292 4272 numerum,
2337 4205 2611 4261 contristat
2659 4217 2774 4264 nos,
2806 4209 2860 4254 et
2900 4200 3000 4253 hoc
3045 4197 3212 4267 magis
3263 4193 3547 4250 dolendum

1980 4312 2081 4370 est,
2107 4302 2228 4371 quia
2246 4316 2350 4354 non
2380 4299 2505 4367 ipsa:
2537 4295 2710 4366 potius
2741 4281 2807 4348 ad
2838 4281 3135 4345 Ecciesiam
3159 4285 3394 4351 currunt,
3425 4301 3555 4356 quas

1979 4381 2162 4450 debuit
2185 4393 2228 4446 si
2260 4407 2364 4444 non
2399 4379 2574 4450 timor,
2610 4394 2754 4440 certe
2781 4383 3094 4437 verecundia
3125 4381 3190 4433 de
3233 4375 3439 4448 publico
3464 4383 3554 4430 re—

1979 4499 2191 4541 vocare.
2227 4471 2428 4535 Viderit
2454 4479 2554 4531 ho‘c
2581 4476 2670 4546 qui
2704 4465 2849 4529 videt
2873 4516 2885 4538 ,
2913 4479 2967 4527 et
2995 4471 3164 4525 aderit
3195 4464 3552 4523 misericordia

1981 4578 2130 4648 ejus,
2163 4583 2217 4630 ut
2255 4571 2407 4626 sane!
2454 4581 2658 4624 omnes.
2689 4557 2798 4621 Nos
2829 4562 3000 4617 autem
3042 4563 3130 4632 qui
3172 4562 3556 4641 convenimus,

1981 4675 2258 4742 pascamur
2279 4661 2446 4735 epulis
2475 4651 2562 4715 Dei
2583 4703 2596 4726 ,
2627 4658 2678 4715 et
2706 4660 2773 4711 sit
2799 4656 3045 4727 gaudium
3081 4661 3322 4707 nostrum
3372 4665 3555 4706 sermo

1981 4752 2166 4832 ipsius.
2208 4745 2450 4811 invitavit
2493 4753 2634 4808 enim
2667 4756 2769 4804 nos
2797 4749 2860 4802 ad
2891 4737 3234 4816 Evangelium
3271 4758 3424 4797 suum
3462 4759 3474 4794 :
3507 4747 3560 4794 et

1984 4829 2094 4924 ipse
2115 4849 2264 4905 cibus
2295 4852 2476 4902 noster
2513 4849 2622 4905 est,
2650 4858 2754 4912 quo
2785 4837 2911 4893 nihil
2950 4829 3196 4902 dulcius;
3236 4833 3336 4889 Sed
3363 4832 3407 4886 si
3435 4831 3556 4902 quis

1984 4942 2143 5000 habet
2173 4943 2400 5013 palatum
2434 4943 2619 4992 sah‘um
2647 4935 2699 4988 in
2741 4931 2919 4987 'ccr‘t'le.

2050 5023 2106 5091 ‘5.
2147 5009 2287 5087 liene
2324 5033 2501 5083 autem
2528 5015 2754 5080 arbitrer
2787 5015 3093 5077 meminisse
3108 5009 3438 5075 Chai-itarem
3466 5019 3558 5068 ve-

1985 5126 2273 5186 stramime
2309 5106 2648 5190 Evangelinm
2670 5107 2979 5172 lectionibus
3010 5111 3254 5182 'coti'gi'tii's
3279 5112 3342 5164 e'x
3369 5107 3558 5162 ordine

1985 5218 2196 5276 recitari
2222 5235 2234 5271 :
2258 5227 2307 5272 et
2350 5218 2476 5285 puto
2528 5203 2676 5265 vobis
2713 5219 2815 5262 non
2856 5205 3114 5262 excidisse
3155 5209 3274 5272 quae
3317 5201 3426 5268 jam
3450 5205 3564 5252 ira:

1985 5315 2122 5368 elata
2152 5315 2292 5372 sum,
2323 5305 2550 5360 m‘aitime
2579 5299 2877 5356 recentiora
2899 5295 2965 5350 de
2993 5293 3195 5372 Joanne
3211 5291 3270 5345 et
3290 5289 3556 5346 columba.

1987 5403 2063 5460 De
2113 5369 2315 5457 Joanne
2363 5397 2599 5459 scilicet,
2638 5387 2766 5463 quid
2810 5393 3005 5442 nntium
3054 5369 3304 5439 didicerit
3345 5383 3398 5436 in
3452 5379 3556 5435 Do-

1988 5489 2131 5550 mino
2155 5499 2252 5563 per
2281 5481 2580 5546 columbam
2600 5527 2616 5553 ,
2645 5485 2736 5555 qui
2758 5484 2864 5552 jam
2906 5477 3125 5533 noverat
3159 5471 3463 5529 Dcini'uh‘nr.
3494 5471 3564 5526 Et

1991 5589 2091 5642 hoc
2122 5586 2392 5639 inventum
2425 5589 2508 5633 est
2553 5577 2844 5646 inspirante
2881 5565 3076 5640 Spiritu
3106 5565 3234 5634 Dei,
3276 5563 3417 5646 quod
3453 5563 3560 5632 jam

1993 5667 2202 5748 quidem
2248 5674 2479 5730 Joannes
2507 5643 2727 5723 noverat
2772 5660 3088 5724 mmmam
3124 5656 3224 5712 sed
3261 5643 3401 5726 quod
3450 5654 3564 5722 ipse

1993 5771 2250 5829 Dominus
2277 5765 2344 5823 ita
2388 5767 2530 5820 esset
2570 5757 2948 5830 lupttzaturas,
2982 5759 3041 5810 tit
3076 5748 3372 5824 b’a‘ptiﬂhdi
3412 5752 3567 5822 poem

2059 5888 2076 5920 ι
2101 5884 2230 5945 1188..
2246 5861 2455 5945 spectari
