4012 6488
504 349 530 406 1
539 347 644 406 439

501 473 692 520 atatem
719 475 750 516 a
771 473 829 516 se
851 459 906 515 in
939 458 1208 514 neminem
1234 453 1645 517 transfunderet,
1669 453 1771 508 hoc
1787 451 1971 505 didicit
1991 465 2085 519 per

501 553 802 611 columbam
826 593 843 619 ,
871 551 995 622 quia
1035 550 1234 606 dictum
1264 565 1314 604 et
1354 557 1500 612 erat,
1531 545 1698 616 Super
1725 561 1869 615 quem
1908 544 2088 597 uideris

503 648 754 714 Spiritum
797 643 1175 698 descendentem
1200 641 1332 695 velut
1379 635 1680 699 columbam,
1717 646 1763 689 et
1806 645 2088 688 manentem

503 755 652 808 super
679 753 813 802 eum,
847 736 928 790 hic
953 746 1024 790 est
1048 736 1135 806 qui
1163 734 1384 801 baptizat
1405 732 1457 784 in
1484 730 1681 800 Spiritu
1713 739 1886 783 sancto
1907 727 2082 797 (Joan.

499 847 540 896 ι,
575 830 688 898 55).
729 827 865 894 Quid
896 837 1010 891 est,
1043 828 1122 880 hic
1146 825 1258 880 est?
1297 823 1410 877 Non
1440 823 1574 877 alius
1595 865 1608 886 ,
1641 821 1739 876 etsi
1784 836 1878 891 per
1901 819 2083 873 alium.

501 922 679 989 Quare
705 929 880 974 autem
911 935 1006 988 per
1045 917 1384 973 columbam?
1416 916 1575 970 Multa
1613 915 1752 970 dicta
1803 922 1948 976 sunt,
1987 928 2089 968 nec

502 1028 741 1082 possum,
759 1026 858 1066 nec
874 1025 1007 1080 opus
1026 1016 1109 1064 est
1123 1009 1299 1064 omnia
1319 1019 1560 1064 retexere
1585 1027 1599 1062 :
1621 1007 1886 1078 prtecipue
1909 1016 2088 1061 tamen

500 1115 721 1177 propter
744 1119 924 1174 pacem
946 1119 960 1168 ;
979 1103 1100 1172 quia
1122 1111 1176 1156 et
1196 1103 1334 1172 ligna
1359 1119 1478 1172 qum
1500 1103 1762 1172 baptizata
1785 1109 1908 1154 sunt
1933 1098 2084 1168 foris,

500 1199 623 1268 quia
652 1197 877 1251 fructum
900 1196 950 1248 in
979 1195 1056 1248 eis
1081 1195 1280 1249 invenit
1307 1195 1572 1257 columba,
1591 1193 1654 1248 ad
1671 1209 1848 1248 arcam
1875 1193 2084 1248 attulit:

501 1289 639 1343 sicut
668 1287 982 1340 meministis
1020 1286 1322 1341 columbam
1349 1287 1598 1340 emissam
1634 1301 1665 1340 a
1708 1285 1817 1339 Noe
1843 1285 1910 1339 de
1939 1300 2086 1354 arca,

501 1397 621 1453 quae
667 1381 867 1434 diluvio
915 1380 1146 1441 natabat,
1181 1389 1236 1435 et
1273 1379 1539 1450 baptismo
1590 1379 1926 1445 abluebatur,
1980 1394 2086 1433 non

499 1472 855 1543 mergebatur.
882 1472 1015 1528 Cum
1044 1487 1171 1542 ergo
1217 1481 1355 1526 esset
1397 1471 1613 1533 emissa,
1662 1471 1834 1524 attulit
1878 1486 2086 1526 ramum

499 1566 652 1620 olivae
681 1582 692 1617 :
727 1563 822 1620 sed
849 1579 953 1618 non
979 1565 1090 1618 sola
1121 1563 1241 1617 folia
1271 1563 1518 1629 habebat,
1542 1562 1768 1616 habebat
1791 1571 1844 1617 et
1858 1562 2088 1619 fructum

503 1655 654 1728 (Gen.
696 1673 806 1719 vut,
852 1656 1028 1724 8-H).
1059 1655 1240 1726 Itaque
1268 1656 1369 1710 hoc
1393 1655 1681 1725 optandum
1727 1663 1809 1708 est
1839 1653 2088 1709 fratribus

501 1748 698 1802 uostris
723 1748 815 1818 qui
873 1748 998 1804 foris
1048 1749 1400 1816 baptizantur,
1450 1756 1508 1802 ut
1552 1746 1782 1801 habeant
1813 1746 2084 1802 fructum:

501 1854 606 1892 non
648 1838 767 1892 illos
796 1839 936 1892 sinet
965 1839 1210 1892 columba
1242 1837 1394 1902 foris,
1428 1837 1527 1891 nisi
1552 1837 1618 1890 ad
1641 1851 1818 1890 arcam
1852 1838 2082 1893 reduxe-

501 1931 590 1986 rit.
631 1929 857 1984 Fructus
896 1939 1072 1984 autem
1102 1937 1185 1984 est
1215 1937 1354 1983 totus
1393 1927 1646 1992 charitas,
1678 1929 1794 1983 sine
1827 1944 1927 1998 qua
1957 1928 2088 1984 nihil

501 2031 584 2076 est
627 2022 804 2086 homo,
849 2020 1102 2090 quidquid
1124 2020 1264 2096 aliud
1296 2021 1558 2076 habuerit.
1599 2019 1665 2074 Et
1697 2019 1796 2074 hoc
1822 2020 2089 2076 uberrime

501 2113 570 2169 ab
598 2104 1101 2183 Apostolo'dictum
1149 2114 1691 2167 commemoravimus
1719 2121 1773 2166 et
1816 2111 2088 2166 recensui-

502 2222 640 2261 nms.
675 2206 763 2260 Ait
788 2206 932 2260 enim
961 2223 974 2258 :
1006 2225 1023 2258 ι
1051 2205 1106 2261 Si
1130 2205 1320 2275 linguis
1351 2204 1624 2259 hominum
1660 2205 1848 2274 loquar
1889 2212 1945 2260 et
1973 2205 2086 2258 An-

499 2301 770 2370 gelorum,
800 2299 1114 2353 charitatem
1147 2306 1323 2352 autem
1353 2312 1457 2350 non
1493 2297 1713 2350 habeam
1734 2340 1746 2362 ,
1782 2297 1951 2352 factus
1971 2313 2089 2352 sum

503 2390 645 2444 velut
664 2400 1012 2444 teramentum
1041 2403 1258 2450 sonans,
1292 2397 1383 2443 aut
1409 2389 1710 2460 cymbalum
1732 2389 1964 2443 tinniens
1995 2406 2007 2442 :
2037 2398 2092 2444 et

501 2481 546 2537 si
568 2481 804 2536 habuero
833 2497 1048 2537 omnem
1088 2481 1390 2546 scientiam,
1427 2489 1481 2535 et
1516 2482 1678 2537 sciam
1708 2481 1886 2536 omnia
1914 2496 2090 2536 sacra-

501 2582 679 2628 menta
699 2617 713 2636 ,
739 2585 792 2630 et
833 2574 1054 2628 habeam
1104 2588 1316 2628 omnem
1371 2571 1698 2642 prophetiam
1718 2615 1731 2639 ,
1756 2582 1809 2627 et
1857 2573 2091 2629 habuero

499 2686 713 2726 omnem
737 2669 946 2735 fidem,»
970 2667 1149 2737 (fidem
1179 2676 1352 2721 autem
1381 2666 1648 2736 quomodo
1669 2665 1801 2720 dixit
1826 2668 2090 2736 omnem?)

505 2781 524 2814 ι
538 2773 593 2817 ιιι
614 2771 820 2817 montes
845 2760 1181 2825 transferam,
1202 2759 1514 2813 charitatcm
1531 2767 1706 2813 autem
1723 2773 1824 2810 non
1845 2758 2088 2825 habeam,

499 2856 634 2911 nihil
664 2871 804 2910 sum.
834 2855 902 2909 Et
929 2855 974 2908 si
1001 2853 1322 2908 distribuere
1363 2853 1538 2906 omnia
1581 2867 1698 2906 mea
1733 2851 2089 2921 pauperibus,

499 2951 618 3004 etsi
649 2949 918 3004 tradidero
959 2962 1153 3017 corpus
1180 2961 1355 3000 meum
1401 2955 1456 3000 ut
1499 2946 1717 3000 ardeam
1739 2988 1754 3012 ,
1777 2946 2089 3000 charitatem

499 3051 674 3097 autem
701 3057 805 3096 non
838 3042 1090 3105 habeam,
1125 3041 1254 3094 nihil
1280 3039 1406 3094 mihi
1439 3040 1682 3108 prodest»
1711 3039 1767 3109 (Ι
1810 3039 1928 3094 Cor.
1959 3057 2089 3108 xm,

501 3133 639 3205 1-3).
672 3133 824 3188 Nullo
872 3132 1028 3187 modo
1079 3140 1257 3186 autem
1307 3139 1526 3200 possunt
1567 3131 1744 3184 dicere
1787 3146 1844 3184 se
1891 3131 2090 3187 habere

497 3224 839 3288 charitatem,
864 3225 951 3294 qui
985 3222 1228 3278 dividunt
1269 3223 1541 3276 unitatem.
1588 3221 1714 3276 Haec
1751 3220 1890 3276 dicta
1919 3231 2042 3275 sunt
2074 3240 2086 3277 :

497 3315 772 3386 sequentia
800 3314 1094 3370 videamus.

567 3409 620 3464 ι.
650 3407 924 3464 Perhibnit
944 3406 1178 3461 Joannes
1200 3402 1721 3472 testimonium,quia
1744 3403 1893 3457 vidit.
1922 3403 2090 3470 Quale

500 3501 859 3557 testimonium
887 3498 1182 3569 perhibuit?
1211 3496 1342 3563 Quia
1369 3497 1478 3568 ipse
1495 3507 1566 3550 est
1591 3495 1760 3550 Filius
1783 3495 1896 3551 Dei.
1921 3501 2092 3567 (lpor-

498 3593 644 3648 tebat
669 3607 797 3661 ergo
825 3600 881 3644 ut
907 3591 992 3645 ille
1015 3589 1308 3658 baptizaret
1336 3590 1422 3657 qui
1447 3596 1530 3642 est
1560 3587 1725 3642 Filius
1757 3588 1846 3642 Dei
1877 3590 2086 3657 unicus,

497 3700 602 3740 non
638 3684 937 3754 adeptatus.
986 3683 1233 3752 Adoptati
1278 3681 1407 3747 filii,
1455 3681 1682 3736 ministri
1722 3691 1844 3736 sunt
1891 3682 2084 3738 Unici:

498 3778 698 3835 Unicus
722 3777 878 3832 habet
907 3784 1249 3846 potestatem,
1276 3775 1509 3845 adoptati
1535 3776 1906 3830 ministerium.
1938 3775 2089 3832 Licet

495 3869 729 3940 baptizet
758 3870 1002 3924 minister
1046 3884 1151 3922 non
1208 3868 1478 3936 pertinens
1523 3867 1588 3920 ad
1634 3883 1912 3922 numerum
1947 3868 2086 3922 ﬁlio-

495 3977 648 4023 rum,
681 3961 803 4029 quia
832 3961 970 4014 male
1001 3960 1129 4013 vivit
1158 3968 1212 4013 et
1241 3960 1378 4012 male
1399 3959 1538 4027 agit,
1570 3959 1694 4027 quid
1723 3973 1821 4012 nos
1841 3959 2086 4013 consola-

495 4050 620 4106 tur?
655 4050 749 4103 Hic
769 4061 840 4104 est
866 4052 950 4120 qui
975 4051 1216 4120 baptizat.

567 4143 621 4199 5.
665 4143 838 4196 Altera
864 4144 946 4195 die
971 4143 1151 4194 iterum
1189 4141 1353 4194 stabat
1384 4140 1633 4202 Joannes.
1659 4149 1704 4194 et
1727 4159 1790 4196 ea:
1823 4143 2085 4213 discipulis

496 4236 604 4308 ejus
630 4234 763 4299 duo,
793 4245 838 4288 et
868 4234 1137 4303 respiciens
1180 4231 1358 4286 Iesum
1401 4231 1738 4286 ambulantem
1767 4235 1922 4301 dicit,
1957 4235 2087 4291 Ecce

498 4329 672 4399 Agnus
715 4327 827 4381 Dei.
875 4325 1066 4396 Utique
1110 4326 1450 4396 singulariter
1493 4327 1592 4380 iste
1633 4327 1852 4396 Agnus:
1882 4345 2003 4382 nam
2031 4338 2086 4385 et

493 4420 739 4490 discipuli
784 4421 910 4475 dicti
958 4429 1081 4474 sunt
1135 4419 1286 4490 agni,
1319 4418 1452 4474 Ecce
1500 4436 1589 4489 ego
1640 4421 1781 4474 mitto
1830 4437 1914 4476 vos
1959 4423 2086 4478 sicut

503 4529 660 4584 agnos
686 4514 737 4566 in
776 4513 937 4567 medio
980 4512 1210 4581 luporum
1240 4510 1452 4583 (Matth.
1481 4527 1544 4577 Χ,
1575 4511 1686 4584 16).
1719 4513 1852 4569 Dicti
1883 4523 2008 4569 sunt
2031 4525 2086 4572 et

499 4606 598 4676 ipsi
650 4606 825 4660 lumen
850 4648 863 4670 ,
904 4605 1003 4660 Vos
1030 4607 1147 4660 estis
1187 4606 1354 4659 lumen
1390 4607 1566 4660 mundi
1601 4605 1712 4680 (Id.
1745 4623 1801 4671 v,
1836 4607 1923 4680 14)
1952 4610 2082 4666 :sed

495 4698 652 4753 aliter
678 4699 766 4752 ille
796 4698 861 4753 de
882 4714 988 4768 quo
1013 4699 1212 4754 dictum
1243 4708 1358 4765 est,
1389 4698 1520 4754 Erat
1541 4701 1710 4755 lumen
1737 4717 1925 4767 verum,
1949 4701 2084 4772 quod

495 4790 748 4844 illuminat
773 4807 972 4844 omnent
1010 4791 1262 4844 hominem
1297 4793 1571 4846 venientem
1597 4794 1650 4847 in
1681 4794 1814 4848 [tunc
1839 4795 2083 4850 mundum

495 4881 674 4952 (Joan.
709 4899 744 4948 ι,
774 4883 851 4954 9).
875 4883 963 4938 Sic
986 4893 1040 4938 et
1062 4887 1241 4954 Agnus
1269 4886 1628 4954 singulariter,
1659 4887 1802 4943 solus
1827 4889 1942 4944 sine
1969 4904 2084 4943 ma-

493 4977 635 5040 cula,
663 4978 780 5033 sine
807 4987 1025 5048 peccato
1050 4995 1065 5043 ;
1091 4993 1197 5033 non
1223 4979 1374 5048 cujus
1407 4980 1629 5035 macula:
1655 4981 1911 5038 abstersa:
1938 4981 2078 5050 sint,

492 5071 586 5124 sed
619 5070 767 5140 cujus
794 5071 998 5126 macula
1026 5071 1167 5125 nulla
1194 5070 1372 5125 fuerit.
1405 5071 1540 5138 Quid
1578 5071 1759 5126 enim?
1789 5072 1909 5142 quia
1937 5071 2082 5128 dice-

495 5160 832 5217 batloannes
869 5162 936 5217 de
964 5163 1186 5216 Domino
1207 5203 1220 5226 ,
1254 5160 1383 5217 Ecce
1417 5163 1587 5232 Agnus
1614 5160 1707 5215 Dei
1729 5204 1744 5228 ,
1778 5162 1890 5231 ipse
1919 5161 2081 5220 Joan-

494 5269 589 5309 nes
615 5272 716 5310 non
744 5265 859 5312 erat
904 5257 1106 5328 agnus?
1136 5273 1240 5311 non
1269 5264 1385 5310 erat
1425 5257 1506 5309 vir
1544 5256 1798 5311 sanctus?
1825 5272 1930 5312 non
1963 5267 2082 5315 erat

496 5347 698 5401 amicos
723 5349 948 5417 sponsi?
980 5349 1118 5419 Ergo
1158 5347 1497 5418 singulariter
1522 5348 1612 5403 ille
1635 5389 1649 5412 ,
1681 5349 1776 5405 llic
1795 5358 1878 5404 est
1897 5351 2079 5420 Agnus

499 5437 588 5490 Dei
615 5454 629 5502 ;
662 5439 782 5508 quia
810 5439 1149 5510 singulariter
1178 5437 1333 5509 hujus
1361 5438 1498 5509 Agni
1539 5440 1796 5512 sanguine
1838 5441 1955 5496 solo
1985 5441 2082 5497 ho-

498 5530 672 5584 mines
701 5529 889 5584 redimi
919 5541 1224 5600 potuerunt.

571 5623 623 5678 0.
668 5622 881 5678 Fratres
920 5626 1058 5692 mei,
1090 5627 1133 5681 si
1178 5625 1512 5697 agnoscimus
1560 5624 1788 5696 pretium
1837 5635 2079 5683 nostrum

499 5717 619 5787 quia
653 5717 866 5789 sanguis
907 5725 991 5773 est
1035 5721 1199 5790 Agni;
1225 5721 1315 5792 qui
1360 5729 1483 5776 sunt
1522 5720 1593 5776 illi
1623 5721 1712 5791 qui
1759 5719 1918 5776 hodie
1940 5723 2080 5778 cele-

501 5809 658 5867 brant
698 5809 1038 5868 festivitatem
1082 5813 1354 5882 sanguinis
1372 5852 1388 5880 ,
1415 5813 1596 5871 nescio
1619 5812 1770 5883 cujus
1799 5813 2075 5872 mulieris?

1447 339 1514 398 IN
1547 334 1822 398 JOANNIS
1856 327 2326 400 EVANGELIUM,
2362 332 2422 390 s.
2461 331 2827 391 AUGUSTINI
2897 314 2908 321 '

3634 337 3771 396 1440

2195 455 2248 500 ει
2291 461 2448 516 quam
2479 448 2668 518 ingrati
2712 449 2872 504 sunt?
2900 449 3127 522 Raptum
3168 457 3251 507 est
3292 465 3514 516 aurum,
3543 451 3766 524 dicunt,

2193 537 2262 591 de
2289 553 2418 593 aure
2443 541 2710 606 mulieris,
2739 553 2791 596 ει
2818 545 3048 599 cucurrit
3073 546 3318 616 sanguis,
3348 555 3404 601 et
3427 546 3655 616 positum
3686 557 3771 606 est

2194 643 2379 684 aurum
2407 630 2460 686 in
2489 634 2680 686 trutina
2711 634 2792 688 vel
2832 644 3026 690 statera
3046 678 3061 703 ,
3092 647 3146 692 et
3181 638 3603 708 prmponderavit
3625 641 3768 696 mul-

2196 728 2305 775 tum
2327 721 2392 775 de
2412 725 2686 795 sanguine.
2710 725 2763 780 Si
2785 727 2988 796 pondus
3002 728 3067 782 ad
3089 729 3444 785 inclinandum
3467 747 3654 788 aurum
3674 731 3767 788 hac

2194 808 2533 886 buitsanguis
2551 819 2807 887 mulieris,
2835 821 2987 889 quale
3015 821 3220 890 pondus
3242 822 3398 877 habet
3420 823 3486 878 ad
3508 823 3771 880 inclinan-

2193 904 2316 960 dum
2339 909 2590 963 mundum
2613 912 2827 980 sanguis
2853 912 3004 982 Agni,
3024 928 3117 982 per
3135 930 3291 983 quem
3317 915 3485 970 factus
3501 927 3584 970 est
3604 933 3766 972 mun-

2193 998 2331 1052 dus?
2357 999 2420 1054 Et
2447 1001 2659 1070 quidem
2689 1003 2777 1056 ille
2797 1005 3014 1074 spiritus
3039 1006 3218 1060 nescio
3245 1008 3364 1078 quis
3382 1049 3397 1073 ,
3427 1018 3481 1062 ut
3506 1019 3772 1078 premeret

2194 1092 2418 1160 pondus,
2438 1095 2675 1164 placatus
2690 1108 2771 1152 est
2789 1099 3062 1169 sanguine.
3089 1099 3346 1156 lmmundi
3368 1102 3582 1172 spiritus
3601 1119 3770 1159 nove-

2193 1197 2311 1240 rant
2349 1197 2626 1242 venturum
2664 1190 2844 1245 Jesum
2890 1191 3155 1248 Christum
3180 1237 3196 1261 ,
3223 1195 3499 1250 audierant
3543 1196 3611 1250 ab
3661 1198 3773 1252 An-

2191 1277 2354 1347 gelis,
2403 1281 2677 1336 audierant
2731 1299 2796 1338 ex
2844 1284 3154 1354 Pr0phetis,
3202 1296 3257 1341 et
3318 1289 3605 1356 sperabant
3647 1305 3775 1346 eum

2193 1377 2493 1425 venturum.
2521 1373 2650 1427 Nam
2673 1375 2716 1428 si
2743 1389 2846 1429 non
2874 1377 3191 1446 sperabant,
3220 1379 3360 1435 unde
3383 1380 3774 1449 clamaverunt,

2196 1461 2331 1527 Quid
2356 1465 2496 1518 nobis
2510 1473 2557 1518 et
2587 1466 2673 1520 tibi
2697 1469 2805 1522 est?
2824 1470 2997 1523 veniin
3026 1480 3142 1524 ante
3169 1480 3365 1541 tempus
3395 1473 3600 1543 perdere
3638 1492 3731 1530 nos
3749 1476 3778 1530 .9

2191 1555 2377 1610 scimus
2405 1557 2489 1625 qui
2519 1557 2588 1611 sis
2607 1598 2622 1625 ,
2655 1560 2872 1615 Sanetus
2901 1561 2993 1615 Dei
3015 1561 3205 1630 (Mare.
3238 1580 3290 1630 ι,
3318 1564 3430 1634 Et).
3468 1565 3766 1622 Venturum

2192 1648 2446 1714 sciebant,
2489 1651 2582 1704 sed
2629 1661 2836 1722 tempus
2867 1654 3194 1724 ignorabant.
3241 1656 3346 1712 Sed
3385 1658 3508 1728 quid
3545 1659 3771 1716 audistis

2193 1740 2243 1793 in
2290 1740 2498 1797 Psalmo
2525 1742 2594 1797 de
2617 1743 2952 1818 Jerusalem?
2984 1747 3230 1812 Quoniam
3276 1748 3639 1820 beneplaeitum
3681 1754 3780 1806 Ita-

2192 1832 2402 1888 buerunt
2427 1837 2553 1890 servi
2593 1839 2664 1890 tui
2695 1838 2889 1908 lapides
2914 1843 3052 1911 ejus,
3079 1850 3126 1896 et
3163 1843 3380 1912 pulveris
3407 1845 3514 1915 ejus
3560 1845 3774 1900 misere-

2193 1927 2416 1981 bantur:
2447 1939 2497 1982 tu
2525 1947 2823 2002 exsurgens,
2856 1933 3057 2003 inquit,
3102 1937 3408 1991 misereberis
3454 1937 3613 2005 Sion,
3645 1956 3780 2010 quo-

2193 2022 2328 2073 niam
2355 2022 2486 2075 venit
2513 2031 2707 2093 tempus
2733 2034 2787 2078 ut
2809 2026 3088 2080 miserearis
3114 2029 3222 2098 ejus
3247 2028 3416 2096 (Psal.
3445 2045 3515 2096 CI,
3543 2031 3627 2094 15,
3657 2032 3778 2100 14).

2193 2113 2414 2179 Quando
2465 2117 2614 2170 venit
2650 2125 2857 2186 tempus
2902 2127 2959 2173 ut
3013 2121 3358 2176 misereretur
3409 2122 3580 2187 Deus,
3631 2123 3784 2178 venit

2194 2205 2393 2275 Agnus.
2417 2206 2599 2273 Qualis
2630 2212 2809 2279 Agnus
2837 2227 2994 2282 quem
3024 2212 3133 2281 lupi
3152 2215 3370 2267 timent?
3397 2215 3568 2284 qualis
3595 2215 3784 2285 Agnus

2194 2301 2274 2349 es‘t
2302 2297 2389 2366 qui
2437 2298 2640 2352 leonem
2673 2301 2882 2356 occisus
2909 2303 3138 2357 occidit?
3166 2305 3345 2360 Dictus
3370 2315 3452 2360 est
3488 2307 3627 2360 enim
3655 2306 3781 2361 dia-

2195 2388 2346 2443 bolus
2379 2391 2460 2444 leo
2485 2392 2804 2448 circumiens
2831 2403 2884 2448 et
2924 2397 3173 2466 rugiens,
3198 2414 3442 2468 qua-rens
3487 2415 3645 2470 quem
3676 2401 3782 2456 de-

2195 2491 2343 2535 voret
2375 2481 2431 2553 (Ι
2465 2481 2606 2536 Petr.
2636 2500 2690 2551 v,
2719 2483 2788 2556 8)
2816 2488 3108 2557 :sanguine
3153 2491 3287 2559 Agni
3333 2491 3501 2546 victus
3548 2502 3630 2547 est
3670 2495 3782 2549 leo.

2195 2572 2332 2627 Ecce
2363 2575 2662 2642 spectacula
2689 2576 3130 2633 Christianorum.
3166 2580 3233 2634 Et
3259 2581 3396 2650 quod
3423 2593 3504 2636 est
3529 2585 3780 2654 amplius,

2195 2667 2268 2720 illi
2309 2668 2478 2722 oculis
2515 2670 2690 2723 carnis
2731 2670 2912 2724 vident
2936 2673 3220 2727 vanitatem
3243 2715 3256 2737 ,
3288 2690 3384 2730 nos
3407 2677 3582 2732 cordis
3611 2679 3786 2736 oculis

2195 2758 2489 2813 veritatem.
2523 2759 2598 2814 Ne
2626 2761 2853 2827 putetis,
2886 2760 3108 2831 fratres,
3141 2765 3279 2834 quod
3310 2767 3426 2822 sine
3463 2771 3788 2837 spectaculis

2197 2863 2293 2902 nos
2317 2849 2517 2904 dimisit
2552 2853 2808 2906 Dominus
2838 2854 2976 2908 Deus
3014 2865 3195 2910 noster
3219 2875 3232 2911 :
3258 2873 3382 2912 nam
3413 2860 3454 2913 si
3481 2861 3622 2915 nulla
3655 2872 3790 2920 sunt

2196 2944 2496 3011 spectacula
2519 2986 2535 3009 ,
2564 2960 2659 2999 cur
2704 2945 2860 3001 hodie
2886 2950 3247 3004 convenistis?
3278 2951 3416 3006 Ecce
3456 2955 3596 3024 quod
3635 2954 3789 3011 dixi-

2196 3049 2313 3087 mus
2333 3076 2348 3101 ,
2382 3035 2586 3090 vidistis
2607 3079 2621 3103 ,
2652 3046 2706 3091 et
2729 3039 3068 3094 exclamastis
3092 3059 3104 3093 :
3131 3057 3238 3096 non
3267 3045 3652 3110 exclamaretis,
3679 3049 3790 3108 nisi

2197 3125 2483 3181 vidissetis.
2515 3127 2583 3181 Et
2627 3143 2875 3199 magnum
2915 3140 2998 3186 est
3043 3133 3143 3188 hoc
3183 3146 3422 3206 spectare
3469 3154 3562 3206 per
3612 3149 3790 3198 totum

2195 3216 2378 3270 orbem
2436 3227 2730 3284 terrarum,
2779 3221 2976 3276 victum
3032 3223 3240 3280 leonem
3297 3227 3553 3298 sanguine
3608 3231 3786 3302 Agui,

2099 3323 2104 3330 ·
2194 3305 2382 3360 educta
2410 3306 2477 3360 de
2523 3308 2771 3364 dentibus
2800 3312 3012 3366 leonum
3061 3316 3293 3370 membra
3321 3318 3551 3386 Christi,
3583 3330 3636 3375 et
3679 3321 3789 3377 ad-

2188 3398 2372 3466 juncta
2389 3400 2599 3468 corpori
2629 3399 2846 3456 Christi.
2878 3404 3015 3474 Ergo
3042 3407 3222 3461 nescio
3249 3410 3370 3476 quid
3399 3410 3573 3466 simile
3601 3412 3790 3469 imita-

2195 3498 2278 3545 tus
2297 3500 2380 3547 est
2403 3493 2614 3562 quidam
2636 3495 2872 3565 spiritus,
2899 3505 2956 3551 ut
2980 3500 3236 3570 sanguine
3258 3501 3597 3557 simulacrum
3623 3520 3790 3562 suum

2193 3586 2297 3639 emi
2329 3585 2520 3652 vellet,
2555 3589 2676 3657 quia
2725 3600 2946 3646 noverat
2976 3593 3208 3660 pretioso
3249 3597 3505 3664 sanguine
3533 3597 3790 3666 quando-

2192 3690 2420 3748 cumque
2449 3678 2814 3734 redimcndum
2843 3697 2963 3736 esse
3006 3698 3174 3752 genus
3201 3686 3507 3740 humanum.
3549 3688 3791 3759 Fingunt

2193 3769 2332 3824 enim
2375 3770 2590 3839 spiritus
2619 3771 2738 3824 mali
2765 3773 2978 3828 umbras
3007 3776 3262 3843 quasdam
3293 3777 3506 3832 honoris
3532 3779 3790 3837 sibimet-

2195 3863 2350 3931 ipsis,
2383 3870 2440 3916 ut
2487 3864 2563 3918 sic
2588 3863 2852 3934 decipiant
2896 3883 2988 3922 eos
3035 3870 3122 3938 qui
3149 3882 3443 3940 sequuntur
3481 3872 3787 3930 Christum.

2194 3953 2373 4024 Usque
2398 3955 2554 4021 adeo,
2582 3955 2771 4012 fratres
2800 3959 2924 4023 mei,
2968 3967 3023 4014 ut
3051 3961 3124 4014 illi
3156 3961 3252 4030 ipsi
3283 3964 3371 4032 qui
3403 3965 3661 4020 seducunt
3687 3983 3790 4036 per

2193 4045 2484 4116 ligaturas,
2528 4064 2624 4119 per
2686 4052 3157 4118 prmcantationes,
3211 4070 3304 4122 per
3352 4057 3790 4118 marhinamenta

2192 4137 2411 4204 inimici,
2429 4141 2682 4196 misceant
2703 4146 3201 4212 praecantationibus
3214 4149 3322 4202 suis
3339 4163 3530 4205 nomen
3547 4150 3786 4207 Christi:

2191 4231 2314 4298 quia
2336 4231 2445 4300 jam
2489 4250 2592 4288 non
2622 4246 2845 4304 possunt
2886 4238 3142 4294 seducere
3167 4238 3526 4308 Christianos,
3562 4254 3617 4297 ut
3646 4244 3790 4301 dent

2192 4338 2476 4389 venenum,
2499 4325 2698 4380 addunt
2725 4329 2895 4383 mellis
2923 4330 3142 4401 aliquid,
3174 4342 3230 4387 ut
3259 4348 3351 4402 per
3372 4334 3421 4387 id
3453 4335 3593 4404 quod
3622 4335 3792 4394 dulce

2189 4427 2309 4482 est,
2351 4415 2512 4471 lateat
2549 4418 2958 4486 quod‘amarum
3008 4432 3124 4489 est,
3152 4432 3206 4479 ct
3250 4425 3459 4480 bibatur
3482 4427 3546 4480 ad
3592 4428 3789 4498 perni-

2190 4507 2345 4561 ciem.
2380 4507 2558 4580 Usque
2587 4510 2721 4566 adeo
2765 4523 2820 4567 ut
2857 4529 2956 4584 ego
2983 4516 3219 4570 noverim
3246 4517 3424 4586 aliquo
3450 4527 3690 4586 tempore
3715 4519 3792 4575 il-

2189 4597 2291 4654 lius
2329 4599 2536 4655 Pilleati
2583 4603 2915 4658 sacerdotem
2959 4605 3132 4660 solere
3181 4606 3355 4662 dicere
3377 4650 3390 4672 ,
3427 4608 3493 4662 Et
3523 4610 3633 4679 ipse
3664 4610 3785 4665 Pil-

2188 4691 2357 4748 leatus
2377 4693 2698 4748 Christianus
2729 4704 2832 4749 est.
2866 4695 2935 4750 Ut
2954 4696 3078 4764 quid
3107 4697 3206 4751 hoc
3227 4739 3240 4760 ,
3260 4698 3454 4755 fratres
3477 4741 3491 4764 ,
3521 4701 3620 4755 nisi
3645 4703 3784 4772 quia

2187 4786 2341 4840 aliter
2372 4803 2474 4841 non
2507 4797 2724 4856 possunt
2757 4787 2938 4842 seduci
2963 4788 3292 4844 Christiani?

2259 4879 2310 4933 7.
2348 4877 2426 4932 Ne
2469 4879 2716 4949 qtueratis
2743 4895 2871 4949 ergo
2911 4881 3033 4934 alibi
3079 4881 3370 4949 Christum,
3403 4899 3559 4954 quam
3598 4885 3685 4940 ubi
3719 4903 3782 4944 se

2186 4968 2337 5023 vobis
2367 4969 2532 5024 voluit
2576 4969 2851 5038 praedicari
2895 4969 3178 5038 Christus;
3218 4983 3273 5028 et
3309 4975 3578 5044 quomodo
3621 4978 3788 5047 vobis

2186 5063 2354 5118 voluit
2385 5063 2677 5133 prtedicari,
2710 5064 2787 5118 sic
2813 5065 2960 5120 illum
2992 5076 3186 5136 tenete,
3217 5071 3294 5125 sic
3320 5071 3371 5124 in
3402 5072 3563 5126 corde
3594 5080 3785 5129 vestro

2187 5155 2424 5212 scribite.
2454 5156 2630 5210 Murus
2658 5169 2740 5212 est
2769 5158 3024 5215 adversus
3049 5178 3234 5217 omnes
3256 5165 3483 5233 impetus
3506 5174 3559 5220 et
3583 5165 3790 5222 adver-

2185 5262 2278 5302 sus
2302 5263 2488 5303 omnes
2516 5249 2732 5305 insidias
2772 5252 2989 5308 inimici.
3039 5253 3210 5311 Nolite
3239 5257 3445 5325 timere,
3480 5274 3577 5314 nec
3604 5269 3791 5319 tental.

2186 5343 2294 5410 ille,
2321 5344 2422 5398 nisi
2453 5345 2743 5414 permissus
2772 5346 2931 5402 fuerit
2962 5366 2976 5403 :
3007 5359 3215 5404 Constat
3247 5353 3389 5406 illum
3418 5352 3783 5425 nihilfacere,

2188 5439 2288 5494 nisi
2332 5441 2619 5509 permissus
2665 5441 2822 5496 fuerit
2864 5451 2953 5497 aut
2995 5445 3208 5501 missus.
3257 5447 3480 5502 Mittitur
3520 5457 3787 5518 tanquam

2186 5533 2403 5602 angelus
2443 5534 2611 5587 malus
2649 5549 2676 5587 a
2711 5544 2972 5604 potestate
3011 5537 3355 5603 dominante;
3406 5543 3732 5610 permittitur
3758 5587 3782 5612 ,

2185 5623 2396 5694 quando
2425 5626 2621 5696 aliquid
2653 5627 2783 5696 petit
2811 5645 2824 5681 :
2855 5637 2910 5683 et
2937 5629 3057 5694 hoc,
3102 5631 3308 5694 fratres.
3334 5648 3437 5688 non
3467 5633 3543 5699 tit,
3580 5634 3684 5690 nisi
3717 5646 3789 5694 ut

2188 5718 2478 5788 probentur
2501 5721 2652 5791 juSti,
2686 5722 2972 5791 puniantur
3016 5723 3216 5794 injusti.
3255 5725 3390 5794 Quid
3415 5741 3542 5797 ergo
3570 5727 3787 5785 times?

2188 5813 2411 5868 Ambula
2461 5814 2512 5868 in
2543 5814 2768 5870 Domino
2813 5816 2926 5874 Deo
2967 5825 3076 5883 tuo,
3125 5829 3303 5875 certus
3342 5825 3500 5874 esto:
3529 5817 3671 5887 quod
3719 5830 3788 5878 to
