  <div class='ocr_page' id='page_1' title='image "/cluster/home/n/w/nwhite01/storage/ocr_20150623/35/hvd.32044015706302/070.png"; bbox 0 0 4074 6468; ppageno 0'>
   <div class='ocr_carea' id='block_1_1' title="bbox 274 398 409 457">
    <p class='ocr_par' dir='ltr' id='par_1_1' title="bbox 274 398 409 457">
     <span class='ocr_line' id='line_1_1' title="bbox 274 398 409 457; baseline 0.007 -1"><span class='ocrx_word' id='word_1_1' title='bbox 274 398 409 457; x_wconf 70' lang='grc' dir='ltr'>ιω</span> 
     </span>
    </p>
   </div>
   <div class='ocr_carea' id='block_1_2' title="bbox 272 504 1850 577">
    <p class='ocr_par' dir='ltr' id='par_1_2' title="bbox 272 504 1850 577">
     <span class='ocr_line' id='line_1_2' title="bbox 272 504 1850 577; baseline -0.005 -12"><span class='ocrx_word' id='word_1_2' title='bbox 272 526 380 565; x_wconf 88' lang='lat' dir='ltr'><strong>non</strong></span> <span class='ocrx_word' id='word_1_3' title='bbox 416 507 528 563; x_wconf 87' lang='lat' dir='ltr'><strong>vult</strong></span> <span class='ocrx_word' id='word_1_4' title='bbox 556 507 686 577; x_wconf 86' lang='lat' dir='ltr'><strong>pati,</strong></span> <span class='ocrx_word' id='word_1_5' title='bbox 717 522 823 560; x_wconf 88' lang='lat' dir='ltr'><strong>non</strong></span> <span class='ocrx_word' id='word_1_6' title='bbox 862 506 1095 575; x_wconf 88' lang='lat' dir='ltr'><strong>pateris;</strong></span> <span class='ocrx_word' id='word_1_7' title='bbox 1122 506 1265 575; x_wconf 91' lang='lat' dir='ltr'><strong>quod</strong></span> <span class='ocrx_word' id='word_1_8' title='bbox 1292 513 1341 560; x_wconf 91' lang='lat' dir='ltr'><strong>te</strong></span> <span class='ocrx_word' id='word_1_9' title='bbox 1372 506 1667 574; x_wconf 78' lang='lat' dir='ltr'><strong>permiserit</strong></span> <span class='ocrx_word' id='word_1_10' title='bbox 1711 504 1850 574; x_wconf 90' lang='lat' dir='ltr'><strong>pati,</strong></span> 
     </span>
    </p>
   </div>
   <div class='ocr_carea' id='block_1_3' title="bbox 273 593 1852 672">
    <p class='ocr_par' dir='ltr' id='par_1_3' title="bbox 273 593 1852 672">
     <span class='ocr_line' id='line_1_3' title="bbox 273 593 1852 672; baseline -0.006 -15"><span class='ocrx_word' id='word_1_11' title='bbox 273 601 538 672; x_wconf 82' lang='lat' dir='ltr'><strong>ﬂagellum</strong></span> <span class='ocrx_word' id='word_1_12' title='bbox 570 599 885 668; x_wconf 89' lang='lat' dir='ltr'><strong>corrigentis</strong></span> <span class='ocrx_word' id='word_1_13' title='bbox 933 608 1033 664; x_wconf 90' lang='lat' dir='ltr'><strong>est,</strong></span> <span class='ocrx_word' id='word_1_14' title='bbox 1075 614 1179 653; x_wconf 90' lang='lat' dir='ltr'><strong>non</strong></span> <span class='ocrx_word' id='word_1_15' title='bbox 1224 614 1375 667; x_wconf 75' lang='lat' dir='ltr'><strong>ptena</strong></span> <span class='ocrx_word' id='word_1_16' title='bbox 1406 598 1724 651; x_wconf 75' lang='lat' dir='ltr'><strong>damnantis.</strong></span> <span class='ocrx_word' id='word_1_17' title='bbox 1772 593 1852 648; x_wconf 89' lang='lat' dir='ltr'><strong>Ad</strong></span> 
     </span>
    </p>
   </div>
   <div class='ocr_carea' id='block_1_4' title="bbox 275 686 1852 761">
    <p class='ocr_par' dir='ltr' id='par_1_4' title="bbox 275 686 1852 761">
     <span class='ocr_line' id='line_1_4' title="bbox 275 686 1852 761; baseline -0.003 -16"><span class='ocrx_word' id='word_1_18' title='bbox 275 692 638 747; x_wconf 63' lang='lat' dir='ltr'><strong>limreditatem</strong></span> <span class='ocrx_word' id='word_1_19' title='bbox 671 692 1047 761; x_wconf 76' lang='lat' dir='ltr'><strong>sempiternam</strong></span> <span class='ocrx_word' id='word_1_20' title='bbox 1081 690 1370 754; x_wconf 86' lang='lat' dir='ltr'><strong>erudimur,</strong></span> <span class='ocrx_word' id='word_1_21' title='bbox 1400 698 1453 743; x_wconf 89' lang='lat' dir='ltr'><strong>et</strong></span> <span class='ocrx_word' id='word_1_22' title='bbox 1478 688 1729 758; x_wconf 84' lang='lat' dir='ltr'><strong>ﬂagellari</strong></span> <span class='ocrx_word' id='word_1_23' title='bbox 1754 686 1852 741; x_wconf 89' lang='lat' dir='ltr'><strong>de-</strong></span> 
     </span>
    </p>
   </div>
   <div class='ocr_carea' id='block_1_5' title="bbox 275 782 1854 853">
    <p class='ocr_par' dir='ltr' id='par_1_5' title="bbox 275 782 1854 853">
     <span class='ocr_line' id='line_1_5' title="bbox 275 782 1854 853; baseline -0.002 -17"><span class='ocrx_word' id='word_1_24' title='bbox 275 783 590 853; x_wconf 88' lang='lat' dir='ltr'><strong>dignamur!</strong></span> <span class='ocrx_word' id='word_1_25' title='bbox 642 782 851 836; x_wconf 78' lang='lat' dir='ltr'><strong>Fratres</strong></span> <span class='ocrx_word' id='word_1_26' title='bbox 880 782 1004 848; x_wconf 92' lang='lat' dir='ltr'><strong>mei,</strong></span> <span class='ocrx_word' id='word_1_27' title='bbox 1050 783 1093 836; x_wconf 90' lang='lat' dir='ltr'><strong>si</strong></span> <span class='ocrx_word' id='word_1_28' title='bbox 1122 790 1388 837; x_wconf 78' lang='lat' dir='ltr'><strong>recusaret</strong></span> <span class='ocrx_word' id='word_1_29' title='bbox 1416 782 1691 850; x_wconf 85' lang='lat' dir='ltr'><strong>quisquam</strong></span> <span class='ocrx_word' id='word_1_30' title='bbox 1725 796 1854 848; x_wconf 85' lang='lat' dir='ltr'><strong>puer</strong></span> 
     </span>
    </p>
   </div>
   <div class='ocr_carea' id='block_1_6' title="bbox 272 873 1851 944">
    <p class='ocr_par' dir='ltr' id='par_1_6' title="bbox 272 873 1851 944">
     <span class='ocr_line' id='line_1_6' title="bbox 272 873 1851 944; baseline -0.001 -16"><span class='ocrx_word' id='word_1_31' title='bbox 272 876 504 943; x_wconf 83' lang='lat' dir='ltr'><strong>colaphis</strong></span> <span class='ocrx_word' id='word_1_32' title='bbox 526 885 617 927; x_wconf 89' lang='lat' dir='ltr'><strong>aut</strong></span> <span class='ocrx_word' id='word_1_33' title='bbox 645 874 861 944; x_wconf 83' lang='lat' dir='ltr'><strong>ﬂagellis</strong></span> <span class='ocrx_word' id='word_1_34' title='bbox 889 873 1019 928; x_wconf 74' lang='lat' dir='ltr'><strong>caedi</strong></span> <span class='ocrx_word' id='word_1_35' title='bbox 1047 890 1074 927; x_wconf 91' lang='lat' dir='ltr'><strong>a</strong></span> <span class='ocrx_word' id='word_1_36' title='bbox 1094 884 1244 943; x_wconf 86' lang='lat' dir='ltr'><strong>patre</strong></span> <span class='ocrx_word' id='word_1_37' title='bbox 1272 890 1388 939; x_wconf 86' lang='lat' dir='ltr'><strong>suo,</strong></span> <span class='ocrx_word' id='word_1_38' title='bbox 1414 874 1680 944; x_wconf 92' lang='lat' dir='ltr'><strong>quomodo</strong></span> <span class='ocrx_word' id='word_1_39' title='bbox 1706 874 1851 926; x_wconf 89' lang='lat' dir='ltr'><strong>dice-</strong></span> 
     </span>
    </p>
   </div>
   <div class='ocr_carea' id='block_1_7' title="bbox 272 963 1853 1033">
    <p class='ocr_par' dir='ltr' id='par_1_7' title="bbox 272 963 1853 1033">
     <span class='ocr_line' id='line_1_7' title="bbox 272 963 1853 1033; baseline -0.002 -15"><span class='ocrx_word' id='word_1_40' title='bbox 272 975 418 1018; x_wconf 81' lang='lat' dir='ltr'><strong>retur</strong></span> <span class='ocrx_word' id='word_1_41' title='bbox 461 964 744 1033; x_wconf 91' lang='lat' dir='ltr'><strong>superbus,</strong></span> <span class='ocrx_word' id='word_1_42' title='bbox 777 964 1102 1032; x_wconf 89' lang='lat' dir='ltr'><strong>desperatus,</strong></span> <span class='ocrx_word' id='word_1_43' title='bbox 1140 965 1371 1033; x_wconf 89' lang='lat' dir='ltr'><strong>ingratus</strong></span> <span class='ocrx_word' id='word_1_44' title='bbox 1417 972 1648 1033; x_wconf 73' lang='lat' dir='ltr'><strong>paterna:</strong></span> <span class='ocrx_word' id='word_1_45' title='bbox 1691 963 1853 1016; x_wconf 85' lang='lat' dir='ltr'><strong>disci-</strong></span> 
     </span>
    </p>
   </div>
   <div class='ocr_carea' id='block_1_8' title="bbox 273 1052 1854 1122">
    <p class='ocr_par' dir='ltr' id='par_1_8' title="bbox 273 1052 1854 1122">
     <span class='ocr_line' id='line_1_8' title="bbox 273 1052 1854 1122; baseline -0.001 -16"><span class='ocrx_word' id='word_1_46' title='bbox 273 1054 469 1122; x_wconf 69' lang='lat' dir='ltr'><strong>plinze?</strong></span> <span class='ocrx_word' id='word_1_47' title='bbox 500 1055 563 1107; x_wconf 84' lang='lat' dir='ltr'><strong>Et</strong></span> <span class='ocrx_word' id='word_1_48' title='bbox 588 1053 773 1122; x_wconf 81' lang='lat' dir='ltr'><strong>utquid</strong></span> <span class='ocrx_word' id='word_1_49' title='bbox 802 1054 975 1107; x_wconf 83' lang='lat' dir='ltr'><strong>erudit</strong></span> <span class='ocrx_word' id='word_1_50' title='bbox 1000 1063 1146 1121; x_wconf 85' lang='lat' dir='ltr'><strong>pater</strong></span> <span class='ocrx_word' id='word_1_51' title='bbox 1174 1052 1332 1106; x_wconf 90' lang='lat' dir='ltr'><strong>homo</strong></span> <span class='ocrx_word' id='word_1_52' title='bbox 1365 1054 1526 1106; x_wconf 85' lang='lat' dir='ltr'><strong>lilium</strong></span> <span class='ocrx_word' id='word_1_53' title='bbox 1551 1052 1854 1106; x_wconf 85' lang='lat' dir='ltr'><strong>hominem?</strong></span> 
     </span>
    </p>
   </div>
   <div class='ocr_carea' id='block_1_9' title="bbox 274 1145 1850 1215">
    <p class='ocr_par' dir='ltr' id='par_1_9' title="bbox 274 1145 1850 1215">
     <span class='ocr_line' id='line_1_9' title="bbox 274 1145 1850 1215; baseline -0.004 -14"><span class='ocrx_word' id='word_1_54' title='bbox 274 1145 337 1201; x_wconf 89' lang='lat' dir='ltr'><strong>Ut</strong></span> <span class='ocrx_word' id='word_1_55' title='bbox 370 1147 537 1215; x_wconf 87' lang='lat' dir='ltr'><strong>possit</strong></span> <span class='ocrx_word' id='word_1_56' title='bbox 564 1162 666 1198; x_wconf 93' lang='lat' dir='ltr'><strong>non</strong></span> <span class='ocrx_word' id='word_1_57' title='bbox 702 1145 922 1214; x_wconf 86' lang='lat' dir='ltr'><strong>perdere</strong></span> <span class='ocrx_word' id='word_1_58' title='bbox 951 1146 1253 1214; x_wconf 90' lang='lat' dir='ltr'><strong>temporalia</strong></span> <span class='ocrx_word' id='word_1_59' title='bbox 1285 1161 1400 1215; x_wconf 66' lang='lat' dir='ltr'><strong>qua:</strong></span> <span class='ocrx_word' id='word_1_60' title='bbox 1433 1146 1504 1199; x_wconf 89' lang='lat' dir='ltr'><strong>illi</strong></span> <span class='ocrx_word' id='word_1_61' title='bbox 1535 1145 1850 1214; x_wconf 86' lang='lat' dir='ltr'><strong>acquisivit,</strong></span> 
     </span>
    </p>
   </div>
   <div class='ocr_carea' id='block_1_10' title="bbox 270 1238 1853 1307">
    <p class='ocr_par' dir='ltr' id='par_1_10' title="bbox 270 1238 1853 1307">
     <span class='ocr_line' id='line_1_10' title="bbox 270 1238 1853 1307; baseline 0.001 -17"><span class='ocrx_word' id='word_1_62' title='bbox 270 1254 390 1307; x_wconf 63' lang='lat' dir='ltr'><strong>qum</strong></span> <span class='ocrx_word' id='word_1_63' title='bbox 417 1239 489 1290; x_wconf 88' lang='lat' dir='ltr'><strong>illi</strong></span> <span class='ocrx_word' id='word_1_64' title='bbox 517 1238 749 1306; x_wconf 85' lang='lat' dir='ltr'><strong>collegit,</strong></span> <span class='ocrx_word' id='word_1_65' title='bbox 773 1254 891 1305; x_wconf 63' lang='lat' dir='ltr'><strong>quin</strong></span> <span class='ocrx_word' id='word_1_66' title='bbox 920 1254 1023 1291; x_wconf 91' lang='lat' dir='ltr'><strong>non</strong></span> <span class='ocrx_word' id='word_1_67' title='bbox 1048 1238 1159 1291; x_wconf 91' lang='lat' dir='ltr'><strong>vult</strong></span> <span class='ocrx_word' id='word_1_68' title='bbox 1187 1253 1307 1292; x_wconf 90' lang='lat' dir='ltr'><strong>eum</strong></span> <span class='ocrx_word' id='word_1_69' title='bbox 1331 1238 1575 1307; x_wconf 87' lang='lat' dir='ltr'><strong>perdere,</strong></span> <span class='ocrx_word' id='word_1_70' title='bbox 1605 1254 1720 1306; x_wconf 77' lang='lat' dir='ltr'><strong>qua:</strong></span> <span class='ocrx_word' id='word_1_71' title='bbox 1742 1238 1853 1305; x_wconf 88' lang='lat' dir='ltr'><strong>ipse</strong></span> 
     </span>
    </p>
   </div>
   <div class='ocr_carea' id='block_1_11' title="bbox 270 1329 1851 1399">
    <p class='ocr_par' dir='ltr' id='par_1_11' title="bbox 270 1329 1851 1399">
     <span class='ocr_line' id='line_1_11' title="bbox 270 1329 1851 1399; baseline 0.001 -18"><span class='ocrx_word' id='word_1_72' title='bbox 270 1331 356 1399; x_wconf 90' lang='lat' dir='ltr'><strong>qui</strong></span> <span class='ocrx_word' id='word_1_73' title='bbox 385 1330 656 1398; x_wconf 87' lang='lat' dir='ltr'><strong>relinquit,</strong></span> <span class='ocrx_word' id='word_1_74' title='bbox 692 1346 796 1383; x_wconf 88' lang='lat' dir='ltr'><strong>non</strong></span> <span class='ocrx_word' id='word_1_75' title='bbox 821 1332 987 1397; x_wconf 86' lang='lat' dir='ltr'><strong>potuit</strong></span> <span class='ocrx_word' id='word_1_76' title='bbox 1016 1330 1066 1382; x_wconf 91' lang='lat' dir='ltr'><strong>in</strong></span> <span class='ocrx_word' id='word_1_77' title='bbox 1096 1330 1478 1399; x_wconf 91' lang='lat' dir='ltr'><strong>sempiternum</strong></span> <span class='ocrx_word' id='word_1_78' title='bbox 1510 1338 1706 1383; x_wconf 90' lang='lat' dir='ltr'><strong>tenere.</strong></span> <span class='ocrx_word' id='word_1_79' title='bbox 1739 1329 1851 1383; x_wconf 88' lang='lat' dir='ltr'><strong>Non</strong></span> 
     </span>
    </p>
   </div>
   <div class='ocr_carea' id='block_1_12' title="bbox 266 1419 1853 1489">
    <p class='ocr_par' dir='ltr' id='par_1_12' title="bbox 266 1419 1853 1489">
     <span class='ocr_line' id='line_1_12' title="bbox 266 1419 1853 1489; baseline -0.001 -16"><span class='ocrx_word' id='word_1_80' title='bbox 266 1419 424 1473; x_wconf 86' lang='lat' dir='ltr'><strong>docet</strong></span> <span class='ocrx_word' id='word_1_81' title='bbox 448 1419 615 1471; x_wconf 87' lang='lat' dir='ltr'><strong>lilium</strong></span> <span class='ocrx_word' id='word_1_82' title='bbox 637 1434 755 1472; x_wconf 89' lang='lat' dir='ltr'><strong>cum</strong></span> <span class='ocrx_word' id='word_1_83' title='bbox 784 1435 889 1487; x_wconf 91' lang='lat' dir='ltr'><strong>quo</strong></span> <span class='ocrx_word' id='word_1_84' title='bbox 913 1419 1197 1487; x_wconf 85' lang='lat' dir='ltr'><strong>possideat,</strong></span> <span class='ocrx_word' id='word_1_85' title='bbox 1219 1419 1311 1473; x_wconf 86' lang='lat' dir='ltr'><strong>sed</strong></span> <span class='ocrx_word' id='word_1_86' title='bbox 1332 1420 1419 1489; x_wconf 89' lang='lat' dir='ltr'><strong>qui</strong></span> <span class='ocrx_word' id='word_1_87' title='bbox 1444 1428 1561 1489; x_wconf 89' lang='lat' dir='ltr'><strong>post</strong></span> <span class='ocrx_word' id='word_1_88' title='bbox 1585 1435 1703 1473; x_wconf 92' lang='lat' dir='ltr'><strong>eum</strong></span> <span class='ocrx_word' id='word_1_89' title='bbox 1735 1435 1853 1488; x_wconf 85' lang='lat' dir='ltr'><strong>pos-</strong></span> 
     </span>
    </p>
   </div>
   <div class='ocr_carea' id='block_1_13' title="bbox 266 1509 1851 1577">
    <p class='ocr_par' dir='ltr' id='par_1_13' title="bbox 266 1509 1851 1577">
     <span class='ocr_line' id='line_1_13' title="bbox 266 1509 1851 1577; baseline 0 -15"><span class='ocrx_word' id='word_1_90' title='bbox 266 1510 457 1563; x_wconf 86' lang='lat' dir='ltr'><strong>sideat.</strong></span> <span class='ocrx_word' id='word_1_91' title='bbox 489 1510 705 1563; x_wconf 86' lang='lat' dir='ltr'><strong>Fratres</strong></span> <span class='ocrx_word' id='word_1_92' title='bbox 728 1510 849 1573; x_wconf 90' lang='lat' dir='ltr'><strong>mei,</strong></span> <span class='ocrx_word' id='word_1_93' title='bbox 877 1510 918 1562; x_wconf 93' lang='lat' dir='ltr'><strong>si</strong></span> <span class='ocrx_word' id='word_1_94' title='bbox 945 1510 1103 1561; x_wconf 87' lang='lat' dir='ltr'><strong>lilium</strong></span> <span class='ocrx_word' id='word_1_95' title='bbox 1123 1509 1277 1563; x_wconf 89' lang='lat' dir='ltr'><strong>docet</strong></span> <span class='ocrx_word' id='word_1_96' title='bbox 1298 1519 1445 1577; x_wconf 86' lang='lat' dir='ltr'><strong>pater</strong></span> <span class='ocrx_word' id='word_1_97' title='bbox 1467 1524 1851 1572; x_wconf 82' lang='lat' dir='ltr'><strong>successm‘cm,</strong></span> 
     </span>
    </p>
   </div>
   <div class='ocr_carea' id='block_1_14' title="bbox 264 1598 1851 1668">
    <p class='ocr_par' dir='ltr' id='par_1_14' title="bbox 264 1598 1851 1668">
     <span class='ocr_line' id='line_1_14' title="bbox 264 1598 1851 1668; baseline -0.003 -15"><span class='ocrx_word' id='word_1_98' title='bbox 264 1610 317 1653; x_wconf 90' lang='lat' dir='ltr'><strong>et</strong></span> <span class='ocrx_word' id='word_1_99' title='bbox 345 1615 509 1668; x_wconf 86' lang='lat' dir='ltr'><strong>quem</strong></span> <span class='ocrx_word' id='word_1_100' title='bbox 534 1599 690 1653; x_wconf 88' lang='lat' dir='ltr'><strong>docet</strong></span> <span class='ocrx_word' id='word_1_101' title='bbox 717 1610 767 1653; x_wconf 91' lang='lat' dir='ltr'><strong>et</strong></span> <span class='ocrx_word' id='word_1_102' title='bbox 796 1600 965 1667; x_wconf 84' lang='lat' dir='ltr'><strong>ipsum</strong></span> <span class='ocrx_word' id='word_1_103' title='bbox 988 1598 1232 1653; x_wconf 88' lang='lat' dir='ltr'><strong>similiter</strong></span> <span class='ocrx_word' id='word_1_104' title='bbox 1252 1614 1343 1667; x_wconf 92' lang='lat' dir='ltr'><strong>per</strong></span> <span class='ocrx_word' id='word_1_105' title='bbox 1371 1599 1457 1651; x_wconf 86' lang='lat' dir='ltr'><strong>illa</strong></span> <span class='ocrx_word' id='word_1_106' title='bbox 1480 1599 1653 1651; x_wconf 84' lang='lat' dir='ltr'><strong>omnia</strong></span> <span class='ocrx_word' id='word_1_107' title='bbox 1680 1609 1851 1651; x_wconf 87' lang='lat' dir='ltr'><strong>trans-</strong></span> 
     </span>
    </p>
   </div>
   <div class='ocr_carea' id='block_1_15' title="bbox 266 1691 1851 1763">
    <p class='ocr_par' dir='ltr' id='par_1_15' title="bbox 266 1691 1851 1763">
     <span class='ocr_line' id='line_1_15' title="bbox 266 1691 1851 1763; baseline -0.003 -18"><span class='ocrx_word' id='word_1_108' title='bbox 266 1694 490 1757; x_wconf 87' lang='lat' dir='ltr'><strong>iturum,</strong></span> <span class='ocrx_word' id='word_1_109' title='bbox 541 1708 645 1763; x_wconf 88' lang='lat' dir='ltr'><strong>qua</strong></span> <span class='ocrx_word' id='word_1_110' title='bbox 698 1701 749 1745; x_wconf 91' lang='lat' dir='ltr'><strong>et</strong></span> <span class='ocrx_word' id='word_1_111' title='bbox 796 1692 885 1745; x_wconf 89' lang='lat' dir='ltr'><strong>ille</strong></span> <span class='ocrx_word' id='word_1_112' title='bbox 928 1692 1015 1759; x_wconf 90' lang='lat' dir='ltr'><strong>qui</strong></span> <span class='ocrx_word' id='word_1_113' title='bbox 1060 1691 1310 1744; x_wconf 84' lang='lat' dir='ltr'><strong>monebat</strong></span> <span class='ocrx_word' id='word_1_114' title='bbox 1360 1691 1676 1743; x_wconf 88' lang='lat' dir='ltr'><strong>transiturus</strong></span> <span class='ocrx_word' id='word_1_115' title='bbox 1724 1698 1851 1753; x_wconf 89' lang='lat' dir='ltr'><strong>est;</strong></span> 
     </span>
    </p>
   </div>
   <div class='ocr_carea' id='block_1_16' title="bbox 263 1781 1855 1852">
    <p class='ocr_par' dir='ltr' id='par_1_16' title="bbox 263 1781 1855 1852">
     <span class='ocr_line' id='line_1_16' title="bbox 263 1781 1855 1852; baseline -0.002 -17"><span class='ocrx_word' id='word_1_116' title='bbox 263 1783 539 1852; x_wconf 83' lang='lat' dir='ltr'><strong>quomodo</strong></span> <span class='ocrx_word' id='word_1_117' title='bbox 586 1783 741 1835; x_wconf 85' lang='lat' dir='ltr'><strong>vultis</strong></span> <span class='ocrx_word' id='word_1_118' title='bbox 779 1782 986 1836; x_wconf 91' lang='lat' dir='ltr'><strong>erudiat</strong></span> <span class='ocrx_word' id='word_1_119' title='bbox 1029 1798 1124 1835; x_wconf 88' lang='lat' dir='ltr'><strong>nos</strong></span> <span class='ocrx_word' id='word_1_120' title='bbox 1169 1782 1325 1835; x_wconf 89' lang='lat' dir='ltr'><strong>Pater</strong></span> <span class='ocrx_word' id='word_1_121' title='bbox 1376 1790 1574 1843; x_wconf 87' lang='lat' dir='ltr'><strong>noster,</strong></span> <span class='ocrx_word' id='word_1_122' title='bbox 1621 1781 1704 1833; x_wconf 91' lang='lat' dir='ltr'><strong>cui</strong></span> <span class='ocrx_word' id='word_1_123' title='bbox 1748 1795 1855 1833; x_wconf 93' lang='lat' dir='ltr'><strong>non</strong></span> 
     </span>
    </p>
   </div>
   <div class='ocr_carea' id='block_1_17' title="bbox 264 1873 1856 1941">
    <p class='ocr_par' dir='ltr' id='par_1_17' title="bbox 264 1873 1856 1941">
     <span class='ocr_line' id='line_1_17' title="bbox 264 1873 1856 1941; baseline -0.003 -15"><span class='ocrx_word' id='word_1_124' title='bbox 264 1875 591 1938; x_wconf 71' lang='lat' dir='ltr'><strong>sucressuri,</strong></span> <span class='ocrx_word' id='word_1_125' title='bbox 624 1873 715 1927; x_wconf 87' lang='lat' dir='ltr'><strong>sed</strong></span> <span class='ocrx_word' id='word_1_126' title='bbox 742 1873 808 1927; x_wconf 87' lang='lat' dir='ltr'><strong>ad</strong></span> <span class='ocrx_word' id='word_1_127' title='bbox 833 1889 988 1941; x_wconf 88' lang='lat' dir='ltr'><strong>quem</strong></span> <span class='ocrx_word' id='word_1_128' title='bbox 1015 1873 1278 1926; x_wconf 81' lang='lat' dir='ltr'><strong>accessuri</strong></span> <span class='ocrx_word' id='word_1_129' title='bbox 1309 1888 1511 1935; x_wconf 92' lang='lat' dir='ltr'><strong>sumus,</strong></span> <span class='ocrx_word' id='word_1_130' title='bbox 1541 1878 1729 1925; x_wconf 86' lang='lat' dir='ltr'><strong>etcum</strong></span> <span class='ocrx_word' id='word_1_131' title='bbox 1750 1886 1856 1939; x_wconf 88' lang='lat' dir='ltr'><strong>quo</strong></span> 
     </span>
    </p>
   </div>
   <div class='ocr_carea' id='block_1_18' title="bbox 263 1963 1853 2033">
    <p class='ocr_par' dir='ltr' id='par_1_18' title="bbox 263 1963 1853 2033">
     <span class='ocr_line' id='line_1_18' title="bbox 263 1963 1853 2033; baseline -0.001 -16"><span class='ocrx_word' id='word_1_132' title='bbox 263 1964 317 2017; x_wconf 88' lang='lat' dir='ltr'><strong>in</strong></span> <span class='ocrx_word' id='word_1_133' title='bbox 332 1975 599 2017; x_wconf 62' lang='lat' dir='ltr'><strong>.eternum</strong></span> <span class='ocrx_word' id='word_1_134' title='bbox 618 1964 852 2017; x_wconf 84' lang='lat' dir='ltr'><strong>mansuri</strong></span> <span class='ocrx_word' id='word_1_135' title='bbox 876 1964 927 2016; x_wconf 90' lang='lat' dir='ltr'><strong>in</strong></span> <span class='ocrx_word' id='word_1_136' title='bbox 950 1963 1274 2028; x_wconf 66' lang='lat' dir='ltr'><strong>hwreditate,</strong></span> <span class='ocrx_word' id='word_1_137' title='bbox 1292 1979 1409 2033; x_wconf 70' lang='lat' dir='ltr'><strong>qua:</strong></span> <span class='ocrx_word' id='word_1_138' title='bbox 1432 1978 1535 2016; x_wconf 93' lang='lat' dir='ltr'><strong>non</strong></span> <span class='ocrx_word' id='word_1_139' title='bbox 1553 1964 1853 2029; x_wconf 71' lang='lat' dir='ltr'><strong>marcescit,</strong></span> 
     </span>
    </p>
   </div>
   <div class='ocr_carea' id='block_1_19' title="bbox 264 2054 1856 2124">
    <p class='ocr_par' dir='ltr' id='par_1_19' title="bbox 264 2054 1856 2124">
     <span class='ocr_line' id='line_1_19' title="bbox 264 2054 1856 2124; baseline -0.002 -15"><span class='ocrx_word' id='word_1_140' title='bbox 264 2070 369 2109; x_wconf 86' lang='lat' dir='ltr'><strong>nec</strong></span> <span class='ocrx_word' id='word_1_141' title='bbox 398 2057 641 2119; x_wconf 88' lang='lat' dir='ltr'><strong>moritur,</strong></span> <span class='ocrx_word' id='word_1_142' title='bbox 677 2071 775 2109; x_wconf 92' lang='lat' dir='ltr'><strong>nec</strong></span> <span class='ocrx_word' id='word_1_143' title='bbox 822 2055 1129 2124; x_wconf 77' lang='lat' dir='ltr'><strong>grandinem</strong></span> <span class='ocrx_word' id='word_1_144' title='bbox 1160 2054 1339 2108; x_wconf 84' lang='lat' dir='ltr'><strong>novit?</strong></span> <span class='ocrx_word' id='word_1_145' title='bbox 1372 2056 1435 2107; x_wconf 86' lang='lat' dir='ltr'><strong>Et</strong></span> <span class='ocrx_word' id='word_1_146' title='bbox 1475 2055 1586 2123; x_wconf 91' lang='lat' dir='ltr'><strong>ipse</strong></span> <span class='ocrx_word' id='word_1_147' title='bbox 1630 2054 1856 2107; x_wconf 71' lang='lat' dir='ltr'><strong>lia-redi-</strong></span> 
     </span>
    </p>
   </div>
   <div class='ocr_carea' id='block_1_20' title="bbox 268 2146 1858 2217">
    <p class='ocr_par' dir='ltr' id='par_1_20' title="bbox 268 2146 1858 2217">
     <span class='ocr_line' id='line_1_20' title="bbox 268 2146 1858 2217; baseline -0.001 -16"><span class='ocrx_word' id='word_1_148' title='bbox 268 2158 348 2201; x_wconf 83' lang='lat' dir='ltr'><strong>tas</strong></span> <span class='ocrx_word' id='word_1_149' title='bbox 377 2158 431 2201; x_wconf 92' lang='lat' dir='ltr'><strong>et</strong></span> <span class='ocrx_word' id='word_1_150' title='bbox 476 2149 589 2217; x_wconf 89' lang='lat' dir='ltr'><strong>ipse</strong></span> <span class='ocrx_word' id='word_1_151' title='bbox 620 2148 772 2202; x_wconf 87' lang='lat' dir='ltr'><strong>Pater</strong></span> <span class='ocrx_word' id='word_1_152' title='bbox 802 2158 905 2203; x_wconf 90' lang='lat' dir='ltr'><strong>est.</strong></span> <span class='ocrx_word' id='word_1_153' title='bbox 940 2148 1089 2201; x_wconf 89' lang='lat' dir='ltr'><strong>Hune</strong></span> <span class='ocrx_word' id='word_1_154' title='bbox 1137 2147 1542 2217; x_wconf 83' lang='lat' dir='ltr'><strong>possidebimus,</strong></span> <span class='ocrx_word' id='word_1_155' title='bbox 1575 2159 1627 2202; x_wconf 88' lang='lat' dir='ltr'><strong>ct</strong></span> <span class='ocrx_word' id='word_1_156' title='bbox 1657 2146 1858 2202; x_wconf 89' lang='lat' dir='ltr'><strong>erudiri</strong></span> 
     </span>
    </p>
   </div>
   <div class='ocr_carea' id='block_1_21' title="bbox 268 2240 1854 2309">
    <p class='ocr_par' dir='ltr' id='par_1_21' title="bbox 268 2240 1854 2309">
     <span class='ocr_line' id='line_1_21' title="bbox 268 2240 1854 2309; baseline -0.001 -17"><span class='ocrx_word' id='word_1_157' title='bbox 268 2256 378 2294; x_wconf 86' lang='lat' dir='ltr'><strong>non</strong></span> <span class='ocrx_word' id='word_1_158' title='bbox 426 2241 720 2293; x_wconf 86' lang='lat' dir='ltr'><strong>debemus?</strong></span> <span class='ocrx_word' id='word_1_159' title='bbox 761 2240 1087 2294; x_wconf 75' lang='lat' dir='ltr'><strong>Sull‘eramus</strong></span> <span class='ocrx_word' id='word_1_160' title='bbox 1130 2255 1256 2309; x_wconf 88' lang='lat' dir='ltr'><strong>ergo</strong></span> <span class='ocrx_word' id='word_1_161' title='bbox 1286 2240 1633 2294; x_wconf 85' lang='lat' dir='ltr'><strong>eruditionem</strong></span> <span class='ocrx_word' id='word_1_162' title='bbox 1666 2240 1854 2293; x_wconf 88' lang='lat' dir='ltr'><strong>Patris.</strong></span> 
     </span>
    </p>
   </div>
   <div class='ocr_carea' id='block_1_22' title="bbox 268 2331 1860 2402">
    <p class='ocr_par' dir='ltr' id='par_1_22' title="bbox 268 2331 1860 2402">
     <span class='ocr_line' id='line_1_22' title="bbox 268 2331 1860 2402; baseline -0.001 -16"><span class='ocrx_word' id='word_1_163' title='bbox 268 2333 391 2386; x_wconf 83' lang='lat' dir='ltr'><strong>Non</strong></span> <span class='ocrx_word' id='word_1_164' title='bbox 419 2333 634 2402; x_wconf 86' lang='lat' dir='ltr'><strong>quando</strong></span> <span class='ocrx_word' id='word_1_165' title='bbox 662 2334 813 2385; x_wconf 91' lang='lat' dir='ltr'><strong>nobis</strong></span> <span class='ocrx_word' id='word_1_166' title='bbox 849 2332 991 2386; x_wconf 90' lang='lat' dir='ltr'><strong>dolet</strong></span> <span class='ocrx_word' id='word_1_167' title='bbox 1015 2341 1191 2401; x_wconf 89' lang='lat' dir='ltr'><strong>caput,</strong></span> <span class='ocrx_word' id='word_1_168' title='bbox 1219 2347 1492 2384; x_wconf 86' lang='lat' dir='ltr'><strong>curramus</strong></span> <span class='ocrx_word' id='word_1_169' title='bbox 1520 2331 1584 2384; x_wconf 87' lang='lat' dir='ltr'><strong>ad</strong></span> <span class='ocrx_word' id='word_1_170' title='bbox 1627 2348 1860 2399; x_wconf 70' lang='lat' dir='ltr'><strong>prtecan-</strong></span> 
     </span>
    </p>
   </div>
   <div class='ocr_carea' id='block_1_23' title="bbox 270 2421 1862 2492">
    <p class='ocr_par' dir='ltr' id='par_1_23' title="bbox 270 2421 1862 2492">
     <span class='ocr_line' id='line_1_23' title="bbox 270 2421 1862 2492; baseline -0.001 -15"><span class='ocrx_word' id='word_1_171' title='bbox 270 2434 480 2478; x_wconf 86' lang='lat' dir='ltr'><strong>tatores</strong></span> <span class='ocrx_word' id='word_1_172' title='bbox 512 2425 547 2488; x_wconf 76' lang='grc'><strong>⁸,</strong></span> <span class='ocrx_word' id='word_1_173' title='bbox 582 2424 649 2477; x_wconf 90' lang='lat' dir='ltr'><strong>ad</strong></span> <span class='ocrx_word' id='word_1_174' title='bbox 679 2424 959 2492; x_wconf 83' lang='lat' dir='ltr'><strong>sortilegos</strong></span> <span class='ocrx_word' id='word_1_175' title='bbox 989 2432 1039 2477; x_wconf 90' lang='lat' dir='ltr'><strong>et</strong></span> <span class='ocrx_word' id='word_1_176' title='bbox 1072 2423 1305 2476; x_wconf 90' lang='lat' dir='ltr'><strong>remedia</strong></span> <span class='ocrx_word' id='word_1_177' title='bbox 1338 2423 1599 2476; x_wconf 82' lang='lat' dir='ltr'><strong>vanitatis.</strong></span> <span class='ocrx_word' id='word_1_178' title='bbox 1648 2421 1862 2475; x_wconf 85' lang='lat' dir='ltr'><strong>Fratres</strong></span> 
     </span>
    </p>
   </div>
   <div class='ocr_carea' id='block_1_24' title="bbox 272 2513 1862 2587">
    <p class='ocr_par' dir='ltr' id='par_1_24' title="bbox 272 2513 1862 2587">
     <span class='ocr_line' id='line_1_24' title="bbox 272 2513 1862 2587; baseline -0.003 -14"><span class='ocrx_word' id='word_1_179' title='bbox 272 2520 404 2583; x_wconf 89' lang='lat' dir='ltr'><strong>mei,</strong></span> <span class='ocrx_word' id='word_1_180' title='bbox 435 2534 538 2572; x_wconf 92' lang='lat' dir='ltr'><strong>non</strong></span> <span class='ocrx_word' id='word_1_181' title='bbox 565 2532 659 2570; x_wconf 90' lang='lat' dir='ltr'><strong>vos</strong></span> <span class='ocrx_word' id='word_1_182' title='bbox 681 2516 961 2587; x_wconf 81' lang='lat' dir='ltr'><strong>plangam?</strong></span> <span class='ocrx_word' id='word_1_183' title='bbox 990 2515 1235 2583; x_wconf 85' lang='lat' dir='ltr'><strong>Quotidie</strong></span> <span class='ocrx_word' id='word_1_184' title='bbox 1257 2516 1467 2568; x_wconf 84' lang='lat' dir='ltr'><strong>invenio</strong></span> <span class='ocrx_word' id='word_1_185' title='bbox 1495 2515 1590 2568; x_wconf 88' lang='lat' dir='ltr'><strong>ista</strong></span> <span class='ocrx_word' id='word_1_186' title='bbox 1618 2531 1631 2577; x_wconf 91' lang='lat'><strong>;</strong></span> <span class='ocrx_word' id='word_1_187' title='bbox 1660 2526 1711 2568; x_wconf 89' lang='lat' dir='ltr'><strong>et</strong></span> <span class='ocrx_word' id='word_1_188' title='bbox 1736 2513 1862 2583; x_wconf 89' lang='lat' dir='ltr'><strong>quid</strong></span> 
     </span>
    </p>
   </div>
   <div class='ocr_carea' id='block_1_25' title="bbox 273 2608 1864 2679">
    <p class='ocr_par' dir='ltr' id='par_1_25' title="bbox 273 2608 1864 2679">
     <span class='ocr_line' id='line_1_25' title="bbox 273 2608 1864 2679; baseline -0.003 -14"><span class='ocrx_word' id='word_1_189' title='bbox 273 2611 514 2665; x_wconf 85' lang='lat' dir='ltr'><strong>faciam?</strong></span> <span class='ocrx_word' id='word_1_190' title='bbox 564 2610 805 2664; x_wconf 83' lang='lat' dir='ltr'><strong>Nondum</strong></span> <span class='ocrx_word' id='word_1_191' title='bbox 861 2609 1154 2679; x_wconf 86' lang='lat' dir='ltr'><strong>persuadeo</strong></span> <span class='ocrx_word' id='word_1_192' title='bbox 1197 2608 1513 2662; x_wconf 72' lang='lat' dir='ltr'><strong>Christianis</strong></span> <span class='ocrx_word' id='word_1_193' title='bbox 1553 2609 1603 2661; x_wconf 91' lang='lat' dir='ltr'><strong>in</strong></span> <span class='ocrx_word' id='word_1_194' title='bbox 1649 2608 1864 2661; x_wconf 84' lang='lat' dir='ltr'><strong>Christo</strong></span> 
     </span>
    </p>
   </div>
   <div class='ocr_carea' id='block_1_26' title="bbox 274 2690 1861 2773">
    <p class='ocr_par' dir='ltr' id='par_1_26' title="bbox 274 2690 1861 2773">
     <span class='ocr_line' id='line_1_26' title="bbox 274 2690 1861 2773; baseline -0.003 -17"><span class='ocrx_word' id='word_1_195' title='bbox 274 2718 427 2773; x_wconf 78' lang='lat' dir='ltr'><strong>spem</strong></span> <span class='ocrx_word' id='word_1_196' title='bbox 459 2716 578 2756; x_wconf 91' lang='lat' dir='ltr'><strong>esse</strong></span> <span class='ocrx_word' id='word_1_197' title='bbox 609 2700 943 2771; x_wconf 86' lang='lat' dir='ltr'><strong>ponendam?</strong></span> <span class='ocrx_word' id='word_1_198' title='bbox 971 2700 1129 2767; x_wconf 90' lang='lat' dir='ltr'><strong>Ecce,</strong></span> <span class='ocrx_word' id='word_1_199' title='bbox 1162 2700 1204 2753; x_wconf 90' lang='lat' dir='ltr'><strong>si</strong></span> <span class='ocrx_word' id='word_1_200' title='bbox 1232 2690 1314 2753; x_wconf 81' lang='lat' dir='ltr'><strong>cui</strong></span> <span class='ocrx_word' id='word_1_201' title='bbox 1347 2700 1539 2752; x_wconf 79' lang='lat' dir='ltr'><strong>factum</strong></span> <span class='ocrx_word' id='word_1_202' title='bbox 1570 2708 1649 2751; x_wconf 91' lang='lat' dir='ltr'><strong>est</strong></span> <span class='ocrx_word' id='word_1_203' title='bbox 1688 2714 1861 2752; x_wconf 86' lang='lat' dir='ltr'><strong>reme-</strong></span> 
     </span>
    </p>
   </div>
   <div class='ocr_carea' id='block_1_27' title="bbox 276 2789 1867 2861">
    <p class='ocr_par' dir='ltr' id='par_1_27' title="bbox 276 2789 1867 2861">
     <span class='ocr_line' id='line_1_27' title="bbox 276 2789 1867 2861; baseline -0.002 -15"><span class='ocrx_word' id='word_1_204' title='bbox 276 2792 449 2856; x_wconf 87' lang='lat' dir='ltr'><strong>dium,</strong></span> <span class='ocrx_word' id='word_1_205' title='bbox 484 2793 758 2857; x_wconf 87' lang='lat' dir='ltr'><strong>moriatur,</strong></span> <span class='ocrx_word' id='word_1_206' title='bbox 807 2791 996 2861; x_wconf 91' lang='lat' dir='ltr'><strong>(quam</strong></span> <span class='ocrx_word' id='word_1_207' title='bbox 1046 2790 1192 2843; x_wconf 91' lang='lat' dir='ltr'><strong>multi</strong></span> <span class='ocrx_word' id='word_1_208' title='bbox 1248 2792 1387 2844; x_wconf 92' lang='lat' dir='ltr'><strong>enim</strong></span> <span class='ocrx_word' id='word_1_209' title='bbox 1439 2806 1558 2842; x_wconf 89' lang='lat' dir='ltr'><strong>cum</strong></span> <span class='ocrx_word' id='word_1_210' title='bbox 1619 2789 1867 2843; x_wconf 83' lang='lat' dir='ltr'><strong>remediis</strong></span> 
     </span>
    </p>
   </div>
   <div class='ocr_carea' id='block_1_28' title="bbox 277 2880 1863 2951">
    <p class='ocr_par' dir='ltr' id='par_1_28' title="bbox 277 2880 1863 2951">
     <span class='ocr_line' id='line_1_28' title="bbox 277 2880 1863 2951; baseline -0.002 -16"><span class='ocrx_word' id='word_1_211' title='bbox 277 2883 478 2935; x_wconf 88' lang='lat' dir='ltr'><strong>mortui</strong></span> <span class='ocrx_word' id='word_1_212' title='bbox 508 2884 673 2936; x_wconf 90' lang='lat' dir='ltr'><strong>sunt?</strong></span> <span class='ocrx_word' id='word_1_213' title='bbox 699 2894 923 2951; x_wconf 85' lang='lat' dir='ltr'><strong>etquam</strong></span> <span class='ocrx_word' id='word_1_214' title='bbox 951 2882 1099 2935; x_wconf 91' lang='lat' dir='ltr'><strong>multi</strong></span> <span class='ocrx_word' id='word_1_215' title='bbox 1127 2882 1241 2936; x_wconf 89' lang='lat' dir='ltr'><strong>sine</strong></span> <span class='ocrx_word' id='word_1_216' title='bbox 1283 2880 1535 2934; x_wconf 88' lang='lat' dir='ltr'><strong>remediis</strong></span> <span class='ocrx_word' id='word_1_217' title='bbox 1566 2881 1863 2949; x_wconf 82' lang='lat' dir='ltr'><strong>vixerunt?)</strong></span> 
     </span>
    </p>
   </div>
   <div class='ocr_carea' id='block_1_29' title="bbox 279 2974 1868 3046">
    <p class='ocr_par' dir='ltr' id='par_1_29' title="bbox 279 2974 1868 3046">
     <span class='ocr_line' id='line_1_29' title="bbox 279 2974 1868 3046; baseline -0.002 -18"><span class='ocrx_word' id='word_1_218' title='bbox 279 2991 381 3046; x_wconf 79' lang='lat' dir='ltr'><strong>qua</strong></span> <span class='ocrx_word' id='word_1_219' title='bbox 415 2974 591 3029; x_wconf 90' lang='lat' dir='ltr'><strong>fronte</strong></span> <span class='ocrx_word' id='word_1_220' title='bbox 636 2977 764 3029; x_wconf 81' lang='lat' dir='ltr'><strong>exiit</strong></span> <span class='ocrx_word' id='word_1_221' title='bbox 812 2977 985 3029; x_wconf 89' lang='lat' dir='ltr'><strong>anima</strong></span> <span class='ocrx_word' id='word_1_222' title='bbox 1016 2976 1082 3037; x_wconf 76' lang='lat' dir='ltr'><strong>ad</strong></span> <span class='ocrx_word' id='word_1_223' title='bbox 1133 2976 1335 3030; x_wconf 89' lang='lat' dir='ltr'><strong>Deum?</strong></span> <span class='ocrx_word' id='word_1_224' title='bbox 1384 2976 1618 3029; x_wconf 84' lang='lat' dir='ltr'><strong>Perdidit</strong></span> <span class='ocrx_word' id='word_1_225' title='bbox 1662 2975 1868 3043; x_wconf 87' lang='lat' dir='ltr'><strong>signum</strong></span> 
     </span>
    </p>
   </div>
   <div class='ocr_carea' id='block_1_30' title="bbox 280 3067 1870 3138">
    <p class='ocr_par' dir='ltr' id='par_1_30' title="bbox 280 3067 1870 3138">
     <span class='ocr_line' id='line_1_30' title="bbox 280 3067 1870 3138; baseline -0.002 -16"><span class='ocrx_word' id='word_1_226' title='bbox 280 3070 504 3132; x_wconf 75' lang='lat' dir='ltr'><strong>Christi,</strong></span> <span class='ocrx_word' id='word_1_227' title='bbox 537 3070 736 3138; x_wconf 90' lang='lat' dir='ltr'><strong>accepit</strong></span> <span class='ocrx_word' id='word_1_228' title='bbox 775 3071 980 3138; x_wconf 90' lang='lat' dir='ltr'><strong>signum</strong></span> <span class='ocrx_word' id='word_1_229' title='bbox 1009 3069 1221 3123; x_wconf 83' lang='lat' dir='ltr'><strong>diaboli.</strong></span> <span class='ocrx_word' id='word_1_230' title='bbox 1276 3070 1355 3121; x_wconf 86' lang='lat' dir='ltr'><strong>An</strong></span> <span class='ocrx_word' id='word_1_231' title='bbox 1387 3070 1519 3121; x_wconf 81' lang='lat' dir='ltr'><strong>forte</strong></span> <span class='ocrx_word' id='word_1_232' title='bbox 1546 3068 1685 3122; x_wconf 86' lang='lat' dir='ltr'><strong>dicat</strong></span> <span class='ocrx_word' id='word_1_233' title='bbox 1712 3085 1724 3121; x_wconf 76' lang='grc' dir='ltr'>ε</span> <span class='ocrx_word' id='word_1_234' title='bbox 1758 3067 1870 3119; x_wconf 91' lang='lat' dir='ltr'><strong>Non</strong></span> 
     </span>
    </p>
   </div>
   <div class='ocr_carea' id='block_1_31' title="bbox 281 3159 1872 3230">
    <p class='ocr_par' dir='ltr' id='par_1_31' title="bbox 281 3159 1872 3230">
     <span class='ocr_line' id='line_1_31' title="bbox 281 3159 1872 3230; baseline -0.001 -17"><span class='ocrx_word' id='word_1_235' title='bbox 281 3160 492 3230; x_wconf 87' lang='lat' dir='ltr'><strong>perdidi</strong></span> <span class='ocrx_word' id='word_1_236' title='bbox 522 3162 726 3229; x_wconf 89' lang='lat' dir='ltr'><strong>signum</strong></span> <span class='ocrx_word' id='word_1_237' title='bbox 758 3159 954 3214; x_wconf 88' lang='lat' dir='ltr'><strong>Christi</strong></span> <span class='ocrx_word' id='word_1_238' title='bbox 979 3161 1001 3213; x_wconf 92' lang='lat'><strong>?</strong></span> <span class='ocrx_word' id='word_1_239' title='bbox 1034 3160 1171 3229; x_wconf 83' lang='lat' dir='ltr'><strong>Ergo</strong></span> <span class='ocrx_word' id='word_1_240' title='bbox 1201 3160 1409 3229; x_wconf 89' lang='lat' dir='ltr'><strong>signum</strong></span> <span class='ocrx_word' id='word_1_241' title='bbox 1437 3160 1631 3213; x_wconf 88' lang='lat' dir='ltr'><strong>Christi</strong></span> <span class='ocrx_word' id='word_1_242' title='bbox 1662 3175 1779 3212; x_wconf 90' lang='lat' dir='ltr'><strong>eum</strong></span> <span class='ocrx_word' id='word_1_243' title='bbox 1802 3160 1872 3211; x_wconf 85' lang='lat' dir='ltr'><strong>si-</strong></span> 
     </span>
    </p>
   </div>
   <div class='ocr_carea' id='block_1_32' title="bbox 282 3250 1871 3321">
    <p class='ocr_par' dir='ltr' id='par_1_32' title="bbox 282 3250 1871 3321">
     <span class='ocr_line' id='line_1_32' title="bbox 282 3250 1871 3321; baseline -0.002 -17"><span class='ocrx_word' id='word_1_244' title='bbox 282 3267 391 3321; x_wconf 89' lang='lat' dir='ltr'><strong>gno</strong></span> <span class='ocrx_word' id='word_1_245' title='bbox 406 3251 601 3304; x_wconf 88' lang='lat' dir='ltr'><strong>diaboli</strong></span> <span class='ocrx_word' id='word_1_246' title='bbox 624 3251 867 3304; x_wconf 85' lang='lat' dir='ltr'><strong>habuisti.</strong></span> <span class='ocrx_word' id='word_1_247' title='bbox 896 3251 1013 3305; x_wconf 89' lang='lat' dir='ltr'><strong>Non</strong></span> <span class='ocrx_word' id='word_1_248' title='bbox 1034 3252 1145 3305; x_wconf 85' lang='lat' dir='ltr'><strong>vult</strong></span> <span class='ocrx_word' id='word_1_249' title='bbox 1160 3252 1400 3305; x_wconf 88' lang='lat' dir='ltr'><strong>Christus</strong></span> <span class='ocrx_word' id='word_1_250' title='bbox 1420 3250 1871 3315; x_wconf 89' lang='lat' dir='ltr'><strong>communionem,</strong></span> 
     </span>
    </p>
   </div>
   <div class='ocr_carea' id='block_1_33' title="bbox 286 3344 1877 3415">
    <p class='ocr_par' dir='ltr' id='par_1_33' title="bbox 286 3344 1877 3415">
     <span class='ocr_line' id='line_1_33' title="bbox 286 3344 1877 3415; baseline 0 -18"><span class='ocrx_word' id='word_1_251' title='bbox 286 3344 384 3397; x_wconf 87' lang='lat' dir='ltr'><strong>sed</strong></span> <span class='ocrx_word' id='word_1_252' title='bbox 428 3345 575 3397; x_wconf 87' lang='lat' dir='ltr'><strong>solus</strong></span> <span class='ocrx_word' id='word_1_253' title='bbox 616 3346 728 3398; x_wconf 86' lang='lat' dir='ltr'><strong>vult</strong></span> <span class='ocrx_word' id='word_1_254' title='bbox 772 3346 1044 3414; x_wconf 89' lang='lat' dir='ltr'><strong>possidere</strong></span> <span class='ocrx_word' id='word_1_255' title='bbox 1087 3345 1227 3415; x_wconf 90' lang='lat' dir='ltr'><strong>quod</strong></span> <span class='ocrx_word' id='word_1_256' title='bbox 1270 3346 1415 3398; x_wconf 87' lang='lat' dir='ltr'><strong>emit.</strong></span> <span class='ocrx_word' id='word_1_257' title='bbox 1450 3345 1601 3398; x_wconf 84' lang='lat' dir='ltr'><strong>Tanti</strong></span> <span class='ocrx_word' id='word_1_258' title='bbox 1646 3345 1775 3398; x_wconf 90' lang='lat' dir='ltr'><strong>emit</strong></span> <span class='ocrx_word' id='word_1_259' title='bbox 1821 3354 1877 3397; x_wconf 88' lang='lat' dir='ltr'><strong>ut</strong></span> 
     </span>
    </p>
   </div>
   <div class='ocr_carea' id='block_1_34' title="bbox 286 3435 1875 3505">
    <p class='ocr_par' dir='ltr' id='par_1_34' title="bbox 286 3435 1875 3505">
     <span class='ocr_line' id='line_1_34' title="bbox 286 3435 1875 3505; baseline 0 -16"><span class='ocrx_word' id='word_1_260' title='bbox 286 3436 440 3489; x_wconf 81' lang='lat' dir='ltr'><strong>solus</strong></span> <span class='ocrx_word' id='word_1_261' title='bbox 473 3436 737 3505; x_wconf 86' lang='lat' dir='ltr'><strong>possideat</strong></span> <span class='ocrx_word' id='word_1_262' title='bbox 770 3454 780 3488; x_wconf 94' lang='lat'><strong>:</strong></span> <span class='ocrx_word' id='word_1_263' title='bbox 811 3446 866 3491; x_wconf 92' lang='lat' dir='ltr'><strong>tu</strong></span> <span class='ocrx_word' id='word_1_264' title='bbox 906 3436 1033 3491; x_wconf 84' lang='lat' dir='ltr'><strong>facis</strong></span> <span class='ocrx_word' id='word_1_265' title='bbox 1061 3438 1109 3491; x_wconf 93' lang='lat' dir='ltr'><strong>ei</strong></span> <span class='ocrx_word' id='word_1_266' title='bbox 1137 3445 1439 3491; x_wconf 87' lang='lat' dir='ltr'><strong>consortem</strong></span> <span class='ocrx_word' id='word_1_267' title='bbox 1467 3436 1756 3497; x_wconf 84' lang='lat' dir='ltr'><strong>diabolum,</strong></span> <span class='ocrx_word' id='word_1_268' title='bbox 1790 3435 1875 3489; x_wconf 91' lang='lat' dir='ltr'><strong>cui</strong></span> 
     </span>
    </p>
   </div>
   <div class='ocr_carea' id='block_1_35' title="bbox 290 3527 1874 3598">
    <p class='ocr_par' dir='ltr' id='par_1_35' title="bbox 290 3527 1874 3598">
     <span class='ocr_line' id='line_1_35' title="bbox 290 3527 1874 3598; baseline -0.001 -16"><span class='ocrx_word' id='word_1_269' title='bbox 290 3536 347 3583; x_wconf 83' lang='lat' dir='ltr'><strong>te</strong></span> <span class='ocrx_word' id='word_1_270' title='bbox 373 3546 469 3598; x_wconf 87' lang='lat' dir='ltr'><strong>per</strong></span> <span class='ocrx_word' id='word_1_271' title='bbox 496 3541 767 3598; x_wconf 86' lang='lat' dir='ltr'><strong>peccatum</strong></span> <span class='ocrx_word' id='word_1_272' title='bbox 796 3529 1129 3586; x_wconf 89' lang='lat' dir='ltr'><strong>vendideras.</strong></span> <span class='ocrx_word' id='word_1_273' title='bbox 1157 3528 1249 3583; x_wconf 68' lang='lat' dir='ltr'><strong>Va}</strong></span> <span class='ocrx_word' id='word_1_274' title='bbox 1275 3528 1469 3597; x_wconf 89' lang='lat' dir='ltr'><strong>duplici</strong></span> <span class='ocrx_word' id='word_1_275' title='bbox 1497 3529 1660 3583; x_wconf 91' lang='lat' dir='ltr'><strong>corde</strong></span> <span class='ocrx_word' id='word_1_276' title='bbox 1692 3527 1874 3598; x_wconf 89' lang='lat' dir='ltr'><strong>(Eccli.</strong></span> 
     </span>
    </p>
   </div>
   <div class='ocr_carea' id='block_1_36' title="bbox 292 3619 1875 3690">
    <p class='ocr_par' dir='ltr' id='par_1_36' title="bbox 292 3619 1875 3690">
     <span class='ocr_line' id='line_1_36' title="bbox 292 3619 1875 3690; baseline -0.001 -18"><span class='ocrx_word' id='word_1_277' title='bbox 292 3633 355 3684; x_wconf 87' lang='lat' dir='ltr'><strong>n,</strong></span> <span class='ocrx_word' id='word_1_278' title='bbox 386 3620 474 3689; x_wconf 71' lang='lat' dir='ltr'><strong>M)</strong></span> <span class='ocrx_word' id='word_1_279' title='bbox 501 3621 513 3673; x_wconf 87' lang='lat'><strong>!</strong></span> <span class='ocrx_word' id='word_1_280' title='bbox 546 3622 631 3690; x_wconf 89' lang='lat' dir='ltr'><strong>qui</strong></span> <span class='ocrx_word' id='word_1_281' title='bbox 666 3622 714 3673; x_wconf 91' lang='lat' dir='ltr'><strong>in</strong></span> <span class='ocrx_word' id='word_1_282' title='bbox 742 3620 903 3675; x_wconf 86' lang='lat' dir='ltr'><strong>corde</strong></span> <span class='ocrx_word' id='word_1_283' title='bbox 931 3635 1026 3674; x_wconf 85' lang='lat' dir='ltr'><strong>suo</strong></span> <span class='ocrx_word' id='word_1_284' title='bbox 1058 3633 1259 3690; x_wconf 84' lang='lat' dir='ltr'><strong>partem</strong></span> <span class='ocrx_word' id='word_1_285' title='bbox 1291 3619 1488 3673; x_wconf 88' lang='lat' dir='ltr'><strong>faciunt</strong></span> <span class='ocrx_word' id='word_1_286' title='bbox 1516 3620 1642 3683; x_wconf 85' lang='lat' dir='ltr'><strong>Deo,</strong></span> <span class='ocrx_word' id='word_1_287' title='bbox 1675 3629 1875 3687; x_wconf 86' lang='lat' dir='ltr'><strong>partem</strong></span> 
     </span>
    </p>
   </div>
   <div class='ocr_carea' id='block_1_37' title="bbox 293 3708 1875 3781">
    <p class='ocr_par' dir='ltr' id='par_1_37' title="bbox 293 3708 1875 3781">
     <span class='ocr_line' id='line_1_37' title="bbox 293 3708 1875 3781; baseline -0.001 -18"><span class='ocrx_word' id='word_1_288' title='bbox 293 3708 496 3763; x_wconf 81' lang='lat' dir='ltr'><strong>faciunt</strong></span> <span class='ocrx_word' id='word_1_289' title='bbox 515 3711 744 3766; x_wconf 88' lang='lat' dir='ltr'><strong>diabolo.</strong></span> <span class='ocrx_word' id='word_1_290' title='bbox 776 3712 945 3766; x_wconf 89' lang='lat' dir='ltr'><strong>Iratus</strong></span> <span class='ocrx_word' id='word_1_291' title='bbox 978 3712 1134 3776; x_wconf 90' lang='lat' dir='ltr'><strong>Deus,</strong></span> <span class='ocrx_word' id='word_1_292' title='bbox 1162 3710 1282 3781; x_wconf 91' lang='lat' dir='ltr'><strong>quia</strong></span> <span class='ocrx_word' id='word_1_293' title='bbox 1311 3711 1369 3763; x_wconf 86' lang='lat' dir='ltr'><strong>lit</strong></span> <span class='ocrx_word' id='word_1_294' title='bbox 1394 3710 1461 3764; x_wconf 91' lang='lat' dir='ltr'><strong>ibi</strong></span> <span class='ocrx_word' id='word_1_295' title='bbox 1497 3726 1619 3778; x_wconf 81' lang='lat' dir='ltr'><strong>pars</strong></span> <span class='ocrx_word' id='word_1_296' title='bbox 1645 3709 1875 3775; x_wconf 86' lang='lat' dir='ltr'><strong>diabolo,</strong></span> 
     </span>
    </p>
   </div>
   <div class='ocr_carea' id='block_1_38' title="bbox 292 3802 1881 3874">
    <p class='ocr_par' dir='ltr' id='par_1_38' title="bbox 292 3802 1881 3874">
     <span class='ocr_line' id='line_1_38' title="bbox 292 3802 1881 3874; baseline -0.002 -15"><span class='ocrx_word' id='word_1_297' title='bbox 292 3804 539 3871; x_wconf 85' lang='lat' dir='ltr'><strong>discedit,</strong></span> <span class='ocrx_word' id='word_1_298' title='bbox 584 3815 639 3860; x_wconf 92' lang='lat' dir='ltr'><strong>et</strong></span> <span class='ocrx_word' id='word_1_299' title='bbox 685 3814 852 3860; x_wconf 91' lang='lat' dir='ltr'><strong>totmn</strong></span> <span class='ocrx_word' id='word_1_300' title='bbox 897 3806 1139 3860; x_wconf 89' lang='lat' dir='ltr'><strong>diabolus</strong></span> <span class='ocrx_word' id='word_1_301' title='bbox 1170 3804 1479 3874; x_wconf 89' lang='lat' dir='ltr'><strong>possidebit.</strong></span> <span class='ocrx_word' id='word_1_302' title='bbox 1522 3802 1635 3856; x_wconf 90' lang='lat' dir='ltr'><strong>Non</strong></span> <span class='ocrx_word' id='word_1_303' title='bbox 1685 3802 1881 3856; x_wconf 83' lang='lat' dir='ltr'><strong>frustra</strong></span> 
     </span>
    </p>
   </div>
   <div class='ocr_carea' id='block_1_39' title="bbox 294 3894 1880 3967">
    <p class='ocr_par' dir='ltr' id='par_1_39' title="bbox 294 3894 1880 3967">
     <span class='ocr_line' id='line_1_39' title="bbox 294 3894 1880 3967; baseline -0.002 -16"><span class='ocrx_word' id='word_1_304' title='bbox 294 3896 477 3965; x_wconf 85' lang='lat' dir='ltr'><strong>itaque</strong></span> <span class='ocrx_word' id='word_1_305' title='bbox 524 3898 810 3967; x_wconf 87' lang='lat' dir='ltr'><strong>Apostolus</strong></span> <span class='ocrx_word' id='word_1_306' title='bbox 850 3898 977 3953; x_wconf 89' lang='lat' dir='ltr'><strong>dicit</strong></span> <span class='ocrx_word' id='word_1_307' title='bbox 1014 3915 1027 3951; x_wconf 93' lang='lat'><strong>:</strong></span> <span class='ocrx_word' id='word_1_308' title='bbox 1073 3896 1250 3966; x_wconf 78' lang='lat' dir='ltr'><strong>Neque</strong></span> <span class='ocrx_word' id='word_1_309' title='bbox 1298 3896 1423 3951; x_wconf 85' lang='lat' dir='ltr'><strong>detis</strong></span> <span class='ocrx_word' id='word_1_310' title='bbox 1467 3897 1631 3949; x_wconf 88' lang='lat' dir='ltr'><strong>locum</strong></span> <span class='ocrx_word' id='word_1_311' title='bbox 1680 3894 1880 3949; x_wconf 69' lang='lat' dir='ltr'><strong>diabolo</strong></span> 
     </span>
    </p>
   </div>
   <div class='ocr_carea' id='block_1_40' title="bbox 295 3985 1878 4058">
    <p class='ocr_par' dir='ltr' id='par_1_40' title="bbox 295 3985 1878 4058">
     <span class='ocr_line' id='line_1_40' title="bbox 295 3985 1878 4058; baseline -0.001 -18"><span class='ocrx_word' id='word_1_312' title='bbox 295 3986 515 4058; x_wconf 81' lang='lat' dir='ltr'><strong>(Ephes.</strong></span> <span class='ocrx_word' id='word_1_313' title='bbox 549 4004 620 4052; x_wconf 81' lang='lat' dir='ltr'><strong>tv,</strong></span> <span class='ocrx_word' id='word_1_314' title='bbox 649 3988 761 4058; x_wconf 74' lang='grc'><strong>27).</strong></span> <span class='ocrx_word' id='word_1_315' title='bbox 803 3989 1201 4058; x_wconf 87' lang='lat' dir='ltr'><strong>Cognoscamus</strong></span> <span class='ocrx_word' id='word_1_316' title='bbox 1228 4002 1354 4057; x_wconf 89' lang='lat' dir='ltr'><strong>ergo</strong></span> <span class='ocrx_word' id='word_1_317' title='bbox 1384 3988 1614 4056; x_wconf 88' lang='lat' dir='ltr'><strong>Agnum,</strong></span> <span class='ocrx_word' id='word_1_318' title='bbox 1649 3985 1839 4040; x_wconf 81' lang='lat' dir='ltr'><strong>fratres</strong></span> <span class='ocrx_word' id='word_1_319' title='bbox 1864 4027 1878 4048; x_wconf 90' lang='lat'><strong>,</strong></span> 
     </span>
    </p>
   </div>
   <div class='ocr_carea' id='block_1_41' title="bbox 294 4082 1225 4149">
    <p class='ocr_par' dir='ltr' id='par_1_41' title="bbox 294 4082 1225 4149">
     <span class='ocr_line' id='line_1_41' title="bbox 294 4082 1225 4149; baseline 0.001 -17"><span class='ocrx_word' id='word_1_320' title='bbox 294 4092 683 4148; x_wconf 84' lang='lat' dir='ltr'><strong>cognoscamus</strong></span> <span class='ocrx_word' id='word_1_321' title='bbox 711 4082 934 4149; x_wconf 90' lang='lat' dir='ltr'><strong>pretium</strong></span> <span class='ocrx_word' id='word_1_322' title='bbox 965 4088 1225 4134; x_wconf 87' lang='lat' dir='ltr'><strong>nostrum.</strong></span> 
     </span>
    </p>
   </div>
   <div class='ocr_carea' id='block_1_42' title="bbox 366 4170 1885 4240">
    <p class='ocr_par' dir='ltr' id='par_1_42' title="bbox 366 4170 1885 4240">
     <span class='ocr_line' id='line_1_42' title="bbox 366 4170 1885 4240; baseline 0.001 -16"><span class='ocrx_word' id='word_1_323' title='bbox 366 4170 421 4224; x_wconf 89' lang='lat'><strong>8.</strong></span> <span class='ocrx_word' id='word_1_324' title='bbox 467 4170 646 4224; x_wconf 82' lang='lat' dir='ltr'><strong>Stabat</strong></span> <span class='ocrx_word' id='word_1_325' title='bbox 674 4170 916 4237; x_wconf 84' lang='lat' dir='ltr'><strong>Joannes,</strong></span> <span class='ocrx_word' id='word_1_326' title='bbox 963 4181 1007 4224; x_wconf 87' lang='lat' dir='ltr'><strong>et</strong></span> <span class='ocrx_word' id='word_1_327' title='bbox 1033 4188 1093 4224; x_wconf 81' lang='lat' dir='ltr'><strong>ea:</strong></span> <span class='ocrx_word' id='word_1_328' title='bbox 1137 4170 1397 4240; x_wconf 79' lang='lat' dir='ltr'><strong>discipulis</strong></span> <span class='ocrx_word' id='word_1_329' title='bbox 1439 4170 1546 4239; x_wconf 86' lang='lat' dir='ltr'><strong>ejus</strong></span> <span class='ocrx_word' id='word_1_330' title='bbox 1575 4170 1693 4222; x_wconf 85' lang='lat' dir='ltr'><strong>duo.</strong></span> <span class='ocrx_word' id='word_1_331' title='bbox 1747 4170 1885 4225; x_wconf 84' lang='lat' dir='ltr'><strong>Ecce</strong></span> 
     </span>
    </p>
   </div>
   <div class='ocr_carea' id='block_1_43' title="bbox 295 4258 1886 4332">
    <p class='ocr_par' dir='ltr' id='par_1_43' title="bbox 295 4258 1886 4332">
     <span class='ocr_line' id='line_1_43' title="bbox 295 4258 1886 4332; baseline 0.001 -19"><span class='ocrx_word' id='word_1_332' title='bbox 295 4258 405 4314; x_wconf 88' lang='lat' dir='ltr'><strong>duo</strong></span> <span class='ocrx_word' id='word_1_333' title='bbox 447 4260 514 4315; x_wconf 90' lang='lat' dir='ltr'><strong>de</strong></span> <span class='ocrx_word' id='word_1_334' title='bbox 562 4261 832 4332; x_wconf 86' lang='lat' dir='ltr'><strong>discipulis</strong></span> <span class='ocrx_word' id='word_1_335' title='bbox 872 4262 1088 4317; x_wconf 82' lang='lat' dir='ltr'><strong>Joannis</strong></span> <span class='ocrx_word' id='word_1_336' title='bbox 1132 4280 1143 4315; x_wconf 89' lang='lat'><strong>:</strong></span> <span class='ocrx_word' id='word_1_337' title='bbox 1182 4262 1301 4331; x_wconf 90' lang='lat' dir='ltr'><strong>quia</strong></span> <span class='ocrx_word' id='word_1_338' title='bbox 1346 4262 1464 4313; x_wconf 88' lang='lat' dir='ltr'><strong>talis</strong></span> <span class='ocrx_word' id='word_1_339' title='bbox 1510 4270 1625 4315; x_wconf 91' lang='lat' dir='ltr'><strong>erat</strong></span> <span class='ocrx_word' id='word_1_340' title='bbox 1654 4261 1886 4315; x_wconf 86' lang='lat' dir='ltr'><strong>Joannes</strong></span> 
     </span>
    </p>
   </div>
   <div class='ocr_carea' id='block_1_44' title="bbox 299 4352 1885 4422">
    <p class='ocr_par' dir='ltr' id='par_1_44' title="bbox 299 4352 1885 4422">
     <span class='ocr_line' id='line_1_44' title="bbox 299 4352 1885 4422; baseline 0.002 -18"><span class='ocrx_word' id='word_1_341' title='bbox 299 4353 501 4405; x_wconf 77' lang='lat' dir='ltr'><strong>amicus</strong></span> <span class='ocrx_word' id='word_1_342' title='bbox 528 4353 729 4419; x_wconf 89' lang='lat' dir='ltr'><strong>sponsi,</strong></span> <span class='ocrx_word' id='word_1_343' title='bbox 760 4368 863 4406; x_wconf 93' lang='lat' dir='ltr'><strong>non</strong></span> <span class='ocrx_word' id='word_1_344' title='bbox 892 4354 1160 4422; x_wconf 70' lang='lat' dir='ltr'><strong>quaerebat</strong></span> <span class='ocrx_word' id='word_1_345' title='bbox 1180 4352 1401 4422; x_wconf 87' lang='lat' dir='ltr'><strong>gloriam</strong></span> <span class='ocrx_word' id='word_1_346' title='bbox 1424 4366 1595 4414; x_wconf 90' lang='lat' dir='ltr'><strong>suam,</strong></span> <span class='ocrx_word' id='word_1_347' title='bbox 1625 4353 1717 4407; x_wconf 91' lang='lat' dir='ltr'><strong>sed</strong></span> <span class='ocrx_word' id='word_1_348' title='bbox 1749 4355 1885 4407; x_wconf 90' lang='lat' dir='ltr'><strong>testi-</strong></span> 
     </span>
    </p>
   </div>
   <div class='ocr_carea' id='block_1_45' title="bbox 299 4442 1885 4515">
    <p class='ocr_par' dir='ltr' id='par_1_45' title="bbox 299 4442 1885 4515">
     <span class='ocr_line' id='line_1_45' title="bbox 299 4442 1885 4515; baseline 0.003 -20"><span class='ocrx_word' id='word_1_349' title='bbox 299 4442 539 4495; x_wconf 85' lang='lat' dir='ltr'><strong>monium</strong></span> <span class='ocrx_word' id='word_1_350' title='bbox 584 4444 901 4512; x_wconf 88' lang='lat' dir='ltr'><strong>perhibebat</strong></span> <span class='ocrx_word' id='word_1_351' title='bbox 949 4445 1195 4508; x_wconf 88' lang='lat' dir='ltr'><strong>veritati;</strong></span> <span class='ocrx_word' id='word_1_352' title='bbox 1230 4445 1485 4514; x_wconf 86' lang='lat' dir='ltr'><strong>numquid</strong></span> <span class='ocrx_word' id='word_1_353' title='bbox 1536 4446 1702 4498; x_wconf 87' lang='lat' dir='ltr'><strong>voluit</strong></span> <span class='ocrx_word' id='word_1_354' title='bbox 1746 4446 1885 4515; x_wconf 90' lang='lat' dir='ltr'><strong>apud</strong></span> 
     </span>
    </p>
   </div>
   <div class='ocr_carea' id='block_1_46' title="bbox 301 4535 1887 4606">
    <p class='ocr_par' dir='ltr' id='par_1_46' title="bbox 301 4535 1887 4606">
     <span class='ocr_line' id='line_1_46' title="bbox 301 4535 1887 4606; baseline 0.004 -19"><span class='ocrx_word' id='word_1_355' title='bbox 301 4546 362 4587; x_wconf 87' lang='lat' dir='ltr'><strong>se</strong></span> <span class='ocrx_word' id='word_1_356' title='bbox 387 4548 663 4587; x_wconf 86' lang='lat' dir='ltr'><strong>remanere</strong></span> <span class='ocrx_word' id='word_1_357' title='bbox 692 4535 981 4604; x_wconf 86' lang='lat' dir='ltr'><strong>discipulos</strong></span> <span class='ocrx_word' id='word_1_358' title='bbox 1005 4551 1152 4602; x_wconf 89' lang='lat' dir='ltr'><strong>suos,</strong></span> <span class='ocrx_word' id='word_1_359' title='bbox 1187 4546 1242 4590; x_wconf 90' lang='lat' dir='ltr'><strong>ut</strong></span> <span class='ocrx_word' id='word_1_360' title='bbox 1270 4553 1373 4592; x_wconf 90' lang='lat' dir='ltr'><strong>non</strong></span> <span class='ocrx_word' id='word_1_361' title='bbox 1405 4548 1755 4606; x_wconf 89' lang='lat' dir='ltr'><strong>sequerentur</strong></span> <span class='ocrx_word' id='word_1_362' title='bbox 1786 4538 1887 4593; x_wconf 85' lang='lat' dir='ltr'><strong>Do—</strong></span> 
     </span>
    </p>
   </div>
   <div class='ocr_carea' id='block_1_47' title="bbox 302 4625 1888 4698">
    <p class='ocr_par' dir='ltr' id='par_1_47' title="bbox 302 4625 1888 4698">
     <span class='ocr_line' id='line_1_47' title="bbox 302 4625 1888 4698; baseline 0.004 -20"><span class='ocrx_word' id='word_1_363' title='bbox 302 4625 507 4678; x_wconf 91' lang='lat' dir='ltr'><strong>minum</strong></span> <span class='ocrx_word' id='word_1_364' title='bbox 529 4626 552 4678; x_wconf 87' lang='lat'><strong>?</strong></span> <span class='ocrx_word' id='word_1_365' title='bbox 575 4626 737 4696; x_wconf 81' lang='lat' dir='ltr'><strong>Magis</strong></span> <span class='ocrx_word' id='word_1_366' title='bbox 765 4628 877 4696; x_wconf 89' lang='lat' dir='ltr'><strong>ipse</strong></span> <span class='ocrx_word' id='word_1_367' title='bbox 907 4629 1137 4682; x_wconf 88' lang='lat' dir='ltr'><strong>ostendit</strong></span> <span class='ocrx_word' id='word_1_368' title='bbox 1162 4629 1436 4697; x_wconf 87' lang='lat' dir='ltr'><strong>discipulis</strong></span> <span class='ocrx_word' id='word_1_369' title='bbox 1478 4629 1587 4683; x_wconf 90' lang='lat' dir='ltr'><strong>suis</strong></span> <span class='ocrx_word' id='word_1_370' title='bbox 1618 4646 1774 4698; x_wconf 89' lang='lat' dir='ltr'><strong>quem</strong></span> <span class='ocrx_word' id='word_1_371' title='bbox 1805 4645 1888 4685; x_wconf 85' lang='lat' dir='ltr'><strong>se-</strong></span> 
     </span>
    </p>
   </div>
   <div class='ocr_carea' id='block_1_48' title="bbox 304 4717 1891 4791">
    <p class='ocr_par' dir='ltr' id='par_1_48' title="bbox 304 4717 1891 4791">
     <span class='ocr_line' id='line_1_48' title="bbox 304 4717 1891 4791; baseline 0.005 -23"><span class='ocrx_word' id='word_1_372' title='bbox 304 4726 617 4784; x_wconf 86' lang='lat' dir='ltr'><strong>querentur.</strong></span> <span class='ocrx_word' id='word_1_373' title='bbox 648 4717 921 4772; x_wconf 89' lang='lat' dir='ltr'><strong>llabebant</strong></span> <span class='ocrx_word' id='word_1_374' title='bbox 936 4720 1076 4773; x_wconf 89' lang='lat' dir='ltr'><strong>enim</strong></span> <span class='ocrx_word' id='word_1_375' title='bbox 1107 4721 1254 4773; x_wconf 89' lang='lat' dir='ltr'><strong>illum</strong></span> <span class='ocrx_word' id='word_1_376' title='bbox 1284 4730 1529 4790; x_wconf 87' lang='lat' dir='ltr'><strong>tanquam</strong></span> <span class='ocrx_word' id='word_1_377' title='bbox 1550 4724 1761 4791; x_wconf 85' lang='lat' dir='ltr'><strong>Agnum</strong></span> <span class='ocrx_word' id='word_1_378' title='bbox 1793 4741 1803 4775; x_wconf 93' lang='lat'>:</span> <span class='ocrx_word' id='word_1_379' title='bbox 1836 4732 1891 4777; x_wconf 92' lang='lat' dir='ltr'><strong>et</strong></span> 
     </span>
    </p>
   </div>
   <div class='ocr_carea' id='block_1_49' title="bbox 306 4807 1892 4883">
    <p class='ocr_par' dir='ltr' id='par_1_49' title="bbox 306 4807 1892 4883">
     <span class='ocr_line' id='line_1_49' title="bbox 306 4807 1892 4883; baseline 0.004 -22"><span class='ocrx_word' id='word_1_380' title='bbox 306 4807 413 4867; x_wconf 88' lang='lat' dir='ltr'><strong>ille,</strong></span> <span class='ocrx_word' id='word_1_381' title='bbox 444 4808 579 4873; x_wconf 90' lang='lat' dir='ltr'><strong>Quid</strong></span> <span class='ocrx_word' id='word_1_382' title='bbox 609 4825 693 4864; x_wconf 93' lang='lat' dir='ltr'><strong>me</strong></span> <span class='ocrx_word' id='word_1_383' title='bbox 721 4810 1023 4864; x_wconf 85' lang='lat' dir='ltr'><strong>attenditis!</strong></span> <span class='ocrx_word' id='word_1_384' title='bbox 1067 4827 1167 4880; x_wconf 89' lang='lat' dir='ltr'><strong>ego</strong></span> <span class='ocrx_word' id='word_1_385' title='bbox 1214 4830 1315 4865; x_wconf 90' lang='lat' dir='ltr'><strong>non</strong></span> <span class='ocrx_word' id='word_1_386' title='bbox 1344 4828 1461 4867; x_wconf 90' lang='lat' dir='ltr'><strong>sum</strong></span> <span class='ocrx_word' id='word_1_387' title='bbox 1509 4816 1689 4883; x_wconf 88' lang='lat' dir='ltr'><strong>Agnus</strong></span> <span class='ocrx_word' id='word_1_388' title='bbox 1715 4832 1729 4879; x_wconf 91' lang='lat'><strong>;</strong></span> <span class='ocrx_word' id='word_1_389' title='bbox 1760 4814 1892 4868; x_wconf 87' lang='lat' dir='ltr'><strong>Ecce</strong></span> 
     </span>
    </p>
   </div>
   <div class='ocr_carea' id='block_1_50' title="bbox 307 4900 1891 4976">
    <p class='ocr_par' dir='ltr' id='par_1_50' title="bbox 307 4900 1891 4976">
     <span class='ocr_line' id='line_1_50' title="bbox 307 4900 1891 4976; baseline 0.006 -25"><span class='ocrx_word' id='word_1_390' title='bbox 307 4901 481 4969; x_wconf 77' lang='lat' dir='ltr'><strong>Agnus</strong></span> <span class='ocrx_word' id='word_1_391' title='bbox 509 4900 601 4953; x_wconf 82' lang='lat' dir='ltr'><strong>Dei</strong></span> <span class='ocrx_word' id='word_1_392' title='bbox 625 4921 643 4953; x_wconf 91' lang='lat'><strong><em>:</em></strong></span> <span class='ocrx_word' id='word_1_393' title='bbox 668 4901 735 4956; x_wconf 89' lang='lat' dir='ltr'><strong>de</strong></span> <span class='ocrx_word' id='word_1_394' title='bbox 755 4904 1031 4971; x_wconf 87' lang='lat' dir='ltr'><strong>quoetiam</strong></span> <span class='ocrx_word' id='word_1_395' title='bbox 1057 4905 1301 4972; x_wconf 90' lang='lat' dir='ltr'><strong>superius</strong></span> <span class='ocrx_word' id='word_1_396' title='bbox 1328 4906 1551 4966; x_wconf 73' lang='lat' dir='ltr'><strong>dixerat,</strong></span> <span class='ocrx_word' id='word_1_397' title='bbox 1578 4905 1705 4959; x_wconf 86' lang='lat' dir='ltr'><strong>Ecce</strong></span> <span class='ocrx_word' id='word_1_398' title='bbox 1718 4906 1891 4976; x_wconf 77' lang='lat' dir='ltr'><strong>Agnus</strong></span> 
     </span>
    </p>
   </div>
   <div class='ocr_carea' id='block_1_51' title="bbox 304 4989 1891 5067">
    <p class='ocr_par' dir='ltr' id='par_1_51' title="bbox 304 4989 1891 5067">
     <span class='ocr_line' id='line_1_51' title="bbox 304 4989 1891 5067; baseline 0.006 -25"><span class='ocrx_word' id='word_1_399' title='bbox 304 4989 423 5043; x_wconf 87' lang='lat' dir='ltr'><strong>Dei.</strong></span> <span class='ocrx_word' id='word_1_400' title='bbox 456 4992 522 5043; x_wconf 88' lang='lat' dir='ltr'><strong>Et</strong></span> <span class='ocrx_word' id='word_1_401' title='bbox 544 4992 667 5061; x_wconf 90' lang='lat' dir='ltr'><strong>quid</strong></span> <span class='ocrx_word' id='word_1_402' title='bbox 709 4994 861 5047; x_wconf 91' lang='lat' dir='ltr'><strong>nobis</strong></span> <span class='ocrx_word' id='word_1_403' title='bbox 892 4994 1107 5063; x_wconf 86' lang='lat' dir='ltr'><strong>prodest</strong></span> <span class='ocrx_word' id='word_1_404' title='bbox 1134 4998 1313 5065; x_wconf 88' lang='lat' dir='ltr'><strong>Agnus</strong></span> <span class='ocrx_word' id='word_1_405' title='bbox 1347 4997 1475 5051; x_wconf 85' lang='lat' dir='ltr'><strong>Dei?</strong></span> <span class='ocrx_word' id='word_1_406' title='bbox 1507 4996 1655 5061; x_wconf 85' lang='lat' dir='ltr'><strong>Ecce,</strong></span> <span class='ocrx_word' id='word_1_407' title='bbox 1684 5000 1775 5064; x_wconf 89' lang='lat' dir='ltr'><strong>ait,</strong></span> <span class='ocrx_word' id='word_1_408' title='bbox 1807 4999 1891 5067; x_wconf 88' lang='lat' dir='ltr'><strong>qui</strong></span> 
     </span>
    </p>
   </div>
   <div class='ocr_carea' id='block_1_52' title="bbox 305 5084 1889 5157">
    <p class='ocr_par' dir='ltr' id='par_1_52' title="bbox 305 5084 1889 5157">
     <span class='ocr_line' id='line_1_52' title="bbox 305 5084 1889 5157; baseline 0.005 -20"><span class='ocrx_word' id='word_1_409' title='bbox 305 5084 437 5137; x_wconf 84' lang='lat' dir='ltr'><strong>tollit</strong></span> <span class='ocrx_word' id='word_1_410' title='bbox 461 5095 721 5154; x_wconf 84' lang='lat' dir='ltr'><strong>peccatum</strong></span> <span class='ocrx_word' id='word_1_411' title='bbox 758 5087 952 5139; x_wconf 85' lang='lat' dir='ltr'><strong>mundi.</strong></span> <span class='ocrx_word' id='word_1_412' title='bbox 984 5089 1160 5142; x_wconf 89' lang='lat' dir='ltr'><strong>Secuti</strong></span> <span class='ocrx_word' id='word_1_413' title='bbox 1200 5097 1323 5142; x_wconf 91' lang='lat' dir='ltr'><strong>sunt</strong></span> <span class='ocrx_word' id='word_1_414' title='bbox 1349 5089 1515 5156; x_wconf 91' lang='lat' dir='ltr'><strong>illum,</strong></span> <span class='ocrx_word' id='word_1_415' title='bbox 1549 5090 1651 5145; x_wconf 85' lang='lat' dir='ltr'><strong>hoc</strong></span> <span class='ocrx_word' id='word_1_416' title='bbox 1672 5090 1889 5157; x_wconf 90' lang='lat' dir='ltr'><strong>audito,</strong></span> 
     </span>
    </p>
   </div>
   <div class='ocr_carea' id='block_1_53' title="bbox 304 5175 1097 5248">
    <p class='ocr_par' dir='ltr' id='par_1_53' title="bbox 304 5175 1097 5248">
     <span class='ocr_line' id='line_1_53' title="bbox 304 5175 1097 5248; baseline 0.005 -19"><span class='ocrx_word' id='word_1_417' title='bbox 304 5175 410 5229; x_wconf 91' lang='lat' dir='ltr'><strong>duo</strong></span> <span class='ocrx_word' id='word_1_418' title='bbox 436 5177 525 5248; x_wconf 91' lang='lat' dir='ltr'><strong>qui</strong></span> <span class='ocrx_word' id='word_1_419' title='bbox 551 5186 703 5230; x_wconf 90' lang='lat' dir='ltr'><strong>erant</strong></span> <span class='ocrx_word' id='word_1_420' title='bbox 729 5194 849 5233; x_wconf 91' lang='lat' dir='ltr'><strong>cum</strong></span> <span class='ocrx_word' id='word_1_421' title='bbox 877 5179 1097 5235; x_wconf 86' lang='lat' dir='ltr'><strong>Joanne.</strong></span> 
     </span>
    </p>
   </div>
   <div class='ocr_carea' id='block_1_54' title="bbox 377 5270 1894 5344">
    <p class='ocr_par' dir='ltr' id='par_1_54' title="bbox 377 5270 1894 5344">
     <span class='ocr_line' id='line_1_54' title="bbox 377 5270 1894 5344; baseline 0.004 -21"><span class='ocrx_word' id='word_1_422' title='bbox 377 5272 433 5323; x_wconf 86' lang='lat'><strong>9.</strong></span> <span class='ocrx_word' id='word_1_423' title='bbox 480 5270 761 5326; x_wconf 80' lang='lat' dir='ltr'><strong>Videamus</strong></span> <span class='ocrx_word' id='word_1_424' title='bbox 786 5274 1079 5340; x_wconf 90' lang='lat' dir='ltr'><strong>sequentia.</strong></span> <span class='ocrx_word' id='word_1_425' title='bbox 1108 5273 1237 5327; x_wconf 87' lang='lat' dir='ltr'><strong>Ecce</strong></span> <span class='ocrx_word' id='word_1_426' title='bbox 1259 5274 1433 5344; x_wconf 82' lang='lat' dir='ltr'><strong>Agnus</strong></span> <span class='ocrx_word' id='word_1_427' title='bbox 1462 5273 1591 5327; x_wconf 88' lang='lat' dir='ltr'><strong>Dei:</strong></span> <span class='ocrx_word' id='word_1_428' title='bbox 1614 5275 1712 5328; x_wconf 90' lang='lat' dir='ltr'><strong>hoc</strong></span> <span class='ocrx_word' id='word_1_429' title='bbox 1734 5275 1894 5329; x_wconf 88' lang='lat' dir='ltr'><strong>Joan-</strong></span> 
     </span>
    </p>
   </div>
   <div class='ocr_carea' id='block_1_55' title="bbox 307 5366 1894 5436">
    <p class='ocr_par' dir='ltr' id='par_1_55' title="bbox 307 5366 1894 5436">
     <span class='ocr_line' id='line_1_55' title="bbox 307 5366 1894 5436; baseline 0.003 -18"><span class='ocrx_word' id='word_1_430' title='bbox 307 5379 424 5418; x_wconf 89' lang='lat' dir='ltr'><strong>nes.</strong></span> <span class='ocrx_word' id='word_1_431' title='bbox 462 5384 481 5416; x_wconf 84' lang='grc'><em>‹</em></span> <span class='ocrx_word' id='word_1_432' title='bbox 520 5366 583 5419; x_wconf 85' lang='grc' dir='ltr'><strong>Ει</strong></span> <span class='ocrx_word' id='word_1_433' title='bbox 610 5366 887 5420; x_wconf 90' lang='lat' dir='ltr'><strong>audierunt</strong></span> <span class='ocrx_word' id='word_1_434' title='bbox 925 5383 1044 5420; x_wconf 89' lang='lat' dir='ltr'><strong>eum</strong></span> <span class='ocrx_word' id='word_1_435' title='bbox 1071 5367 1176 5420; x_wconf 92' lang='lat' dir='ltr'><strong>duo</strong></span> <span class='ocrx_word' id='word_1_436' title='bbox 1204 5368 1447 5436; x_wconf 78' lang='lat' dir='ltr'><strong>discipuli</strong></span> <span class='ocrx_word' id='word_1_437' title='bbox 1488 5368 1810 5435; x_wconf 83' lang='lat' dir='ltr'><strong>loquentem,</strong></span> <span class='ocrx_word' id='word_1_438' title='bbox 1840 5377 1894 5423; x_wconf 90' lang='lat' dir='ltr'><strong>et</strong></span> 
     </span>
    </p>
   </div>
   <div class='ocr_carea' id='block_1_56' title="bbox 305 5458 1893 5526">
    <p class='ocr_par' dir='ltr' id='par_1_56' title="bbox 305 5458 1893 5526">
     <span class='ocr_line' id='line_1_56' title="bbox 305 5458 1893 5526; baseline 0.003 -17"><span class='ocrx_word' id='word_1_439' title='bbox 305 5458 477 5510; x_wconf 83' lang='lat' dir='ltr'><strong>secuti</strong></span> <span class='ocrx_word' id='word_1_440' title='bbox 510 5468 629 5510; x_wconf 89' lang='lat' dir='ltr'><strong>sunt</strong></span> <span class='ocrx_word' id='word_1_441' title='bbox 658 5458 858 5512; x_wconf 88' lang='lat' dir='ltr'><strong>Jesum.</strong></span> <span class='ocrx_word' id='word_1_442' title='bbox 891 5460 1188 5513; x_wconf 87' lang='lat' dir='ltr'><strong>Conversus</strong></span> <span class='ocrx_word' id='word_1_443' title='bbox 1218 5468 1391 5513; x_wconf 87' lang='lat' dir='ltr'><strong>autem</strong></span> <span class='ocrx_word' id='word_1_444' title='bbox 1420 5459 1595 5526; x_wconf 88' lang='lat' dir='ltr'><strong>Jesus,</strong></span> <span class='ocrx_word' id='word_1_445' title='bbox 1626 5470 1679 5515; x_wconf 90' lang='lat' dir='ltr'><strong>et</strong></span> <span class='ocrx_word' id='word_1_446' title='bbox 1710 5461 1893 5514; x_wconf 83' lang='lat' dir='ltr'><strong>videns</strong></span> 
     </span>
    </p>
   </div>
   <div class='ocr_carea' id='block_1_57' title="bbox 306 5550 1894 5622">
    <p class='ocr_par' dir='ltr' id='par_1_57' title="bbox 306 5550 1894 5622">
     <span class='ocr_line' id='line_1_57' title="bbox 306 5550 1894 5622; baseline 0.002 -19"><span class='ocrx_word' id='word_1_447' title='bbox 306 5564 404 5603; x_wconf 84' lang='lat' dir='ltr'><strong>eos</strong></span> <span class='ocrx_word' id='word_1_448' title='bbox 430 5559 713 5617; x_wconf 84' lang='lat' dir='ltr'><strong>sequentes</strong></span> <span class='ocrx_word' id='word_1_449' title='bbox 743 5566 821 5615; x_wconf 85' lang='lat' dir='ltr'><strong>se,</strong></span> <span class='ocrx_word' id='word_1_450' title='bbox 850 5551 974 5603; x_wconf 91' lang='lat' dir='ltr'><strong>dicit</strong></span> <span class='ocrx_word' id='word_1_451' title='bbox 999 5552 1074 5603; x_wconf 90' lang='lat' dir='ltr'><strong>eis</strong></span> <span class='ocrx_word' id='word_1_452' title='bbox 1100 5569 1112 5603; x_wconf 91' lang='lat'><strong>:</strong></span> <span class='ocrx_word' id='word_1_453' title='bbox 1141 5550 1276 5619; x_wconf 86' lang='lat' dir='ltr'><strong>Quid</strong></span> <span class='ocrx_word' id='word_1_454' title='bbox 1306 5552 1584 5622; x_wconf 67' lang='lat' dir='ltr'><strong>quaeritis?</strong></span> <span class='ocrx_word' id='word_1_455' title='bbox 1614 5553 1711 5618; x_wconf 90' lang='lat' dir='ltr'><strong>Qui</strong></span> <span class='ocrx_word' id='word_1_456' title='bbox 1743 5553 1894 5607; x_wconf 82' lang='lat' dir='ltr'><strong>dixe-</strong></span> 
     </span>
    </p>
   </div>
   <div class='ocr_carea' id='block_1_58' title="bbox 306 5643 1893 5717">
    <p class='ocr_par' dir='ltr' id='par_1_58' title="bbox 306 5643 1893 5717">
     <span class='ocr_line' id='line_1_58' title="bbox 306 5643 1893 5717; baseline 0.003 -22"><span class='ocrx_word' id='word_1_457' title='bbox 306 5651 435 5696; x_wconf 89' lang='lat' dir='ltr'><strong>runt</strong></span> <span class='ocrx_word' id='word_1_458' title='bbox 464 5662 476 5695; x_wconf 92' lang='lat'><strong>:</strong></span> <span class='ocrx_word' id='word_1_459' title='bbox 512 5643 675 5698; x_wconf 80' lang='lat' dir='ltr'><strong>Rabbi</strong></span> <span class='ocrx_word' id='word_1_460' title='bbox 719 5643 889 5715; x_wconf 82' lang='lat' dir='ltr'><strong>(quod</strong></span> <span class='ocrx_word' id='word_1_461' title='bbox 936 5646 1125 5701; x_wconf 91' lang='lat' dir='ltr'><strong>dicitur</strong></span> <span class='ocrx_word' id='word_1_462' title='bbox 1151 5648 1548 5717; x_wconf 89' lang='lat' dir='ltr'><strong>interpretatum</strong></span> <span class='ocrx_word' id='word_1_463' title='bbox 1575 5646 1893 5717; x_wconf 82' lang='lat' dir='ltr'><strong>Magister),</strong></span> 
     </span>
    </p>
   </div>
   <div class='ocr_carea' id='block_1_59' title="bbox 307 5732 1895 5811">
    <p class='ocr_par' dir='ltr' id='par_1_59' title="bbox 307 5732 1895 5811">
     <span class='ocr_line' id='line_1_59' title="bbox 307 5732 1895 5811; baseline 0.005 -24"><span class='ocrx_word' id='word_1_464' title='bbox 307 5733 400 5787; x_wconf 89' lang='lat' dir='ltr'><strong>ubi</strong></span> <span class='ocrx_word' id='word_1_465' title='bbox 428 5732 677 5788; x_wconf 86' lang='lat' dir='ltr'><strong>habitas?</strong></span> <span class='ocrx_word' id='word_1_466' title='bbox 715 5755 733 5788; x_wconf 78' lang='grc' dir='ltr'><strong><em>ι</em></strong></span> <span class='ocrx_word' id='word_1_467' title='bbox 768 5736 880 5791; x_wconf 80' lang='lat' dir='ltr'><strong>Non</strong></span> <span class='ocrx_word' id='word_1_468' title='bbox 920 5738 995 5792; x_wconf 89' lang='lat' dir='ltr'><strong>sic</strong></span> <span class='ocrx_word' id='word_1_469' title='bbox 1023 5739 1171 5793; x_wconf 88' lang='lat' dir='ltr'><strong>illum</strong></span> <span class='ocrx_word' id='word_1_470' title='bbox 1211 5741 1569 5811; x_wconf 84' lang='lat' dir='ltr'><strong>sequebantur</strong></span> <span class='ocrx_word' id='word_1_471' title='bbox 1608 5740 1760 5811; x_wconf 82' lang='lat' dir='ltr'><strong>quasi</strong></span> <span class='ocrx_word' id='word_1_472' title='bbox 1783 5738 1895 5810; x_wconf 86' lang='lat' dir='ltr'><strong>jam</strong></span> 
     </span>
    </p>
   </div>
   <div class='ocr_carea' id='block_1_60' title="bbox 374 5846 1329 5917">
    <p class='ocr_par' dir='ltr' id='par_1_60' title="bbox 374 5846 1329 5917">
     <span class='ocr_line' id='line_1_60' title="bbox 374 5846 1329 5917; baseline 0.004 -14"><span class='ocrx_word' id='word_1_473' title='bbox 374 5846 395 5880; x_wconf 84' lang='grc'>¹</span> <span class='ocrx_word' id='word_1_474' title='bbox 419 5853 473 5897; x_wconf 81' lang='lat' dir='ltr'><strong>In</strong></span> <span class='ocrx_word' id='word_1_475' title='bbox 494 5846 747 5914; x_wconf 73' lang='lat' dir='ltr'><strong>plerisque</strong></span> <span class='ocrx_word' id='word_1_476' title='bbox 768 5858 897 5915; x_wconf 61' lang='lat' dir='ltr'><strong>Mss,</strong></span> <span class='ocrx_word' id='word_1_477' title='bbox 919 5854 1329 5917; x_wconf 74' lang='lat' dir='ltr'><strong>prtecmtationes.</strong></span> 
     </span>
    </p>
   </div>
   <div class='ocr_carea' id='block_1_61' title="bbox 1431 388 2329 449">
    <p class='ocr_par' dir='ltr' id='par_1_61' title="bbox 1431 388 2329 449">
     <span class='ocr_line' id='line_1_61' title="bbox 1431 388 2329 449; baseline -0.003 0"><span class='ocrx_word' id='word_1_478' title='bbox 1431 392 1839 449; x_wconf 82' lang='lat' dir='ltr'><strong>TRACTATUS</strong></span> <span class='ocrx_word' id='word_1_479' title='bbox 1878 388 1989 447; x_wconf 79' lang='lat' dir='ltr'><strong>VII.</strong></span> <span class='ocrx_word' id='word_1_480' title='bbox 2029 390 2253 449; x_wconf 86' lang='lat' dir='ltr'><strong>CAPUT</strong></span> <span class='ocrx_word' id='word_1_481' title='bbox 2289 391 2329 448; x_wconf 88' lang='grc'><strong>1.</strong></span> 
     </span>
    </p>
   </div>
   <div class='ocr_carea' id='block_1_62' title="bbox 3390 401 3531 457">
    <p class='ocr_par' dir='ltr' id='par_1_62' title="bbox 3390 401 3531 457">
     <span class='ocr_line' id='line_1_62' title="bbox 3390 401 3531 457; baseline 0.014 -2"><span class='ocrx_word' id='word_1_482' title='bbox 3390 401 3531 457; x_wconf 68' lang='grc' dir='ltr'><strong>μη</strong></span> 
     </span>
    </p>
   </div>
   <div class='ocr_carea' id='block_1_63' title="bbox 1963 502 3535 577">
    <p class='ocr_par' dir='ltr' id='par_1_63' title="bbox 1963 502 3535 577">
     <span class='ocr_line' id='line_1_63' title="bbox 1963 502 3535 577; baseline 0.008 -22"><span class='ocrx_word' id='word_1_483' title='bbox 1963 511 2019 556; x_wconf 93' lang='lat' dir='ltr'><strong>ut</strong></span> <span class='ocrx_word' id='word_1_484' title='bbox 2064 502 2383 558; x_wconf 54' lang='lat' dir='ltr'><strong>inhaererent</strong></span> <span class='ocrx_word' id='word_1_485' title='bbox 2418 504 2491 559; x_wconf 86' lang='lat' dir='ltr'><strong>illi</strong></span> <span class='ocrx_word' id='word_1_486' title='bbox 2526 520 2539 557; x_wconf 88' lang='lat'><strong>:</strong></span> <span class='ocrx_word' id='word_1_487' title='bbox 2570 518 2691 558; x_wconf 88' lang='lat' dir='ltr'><strong>nam</strong></span> <span class='ocrx_word' id='word_1_488' title='bbox 2740 502 3073 559; x_wconf 85' lang='lat' dir='ltr'><strong>manifestum</strong></span> <span class='ocrx_word' id='word_1_489' title='bbox 3101 515 3184 561; x_wconf 87' lang='lat' dir='ltr'><strong>est</strong></span> <span class='ocrx_word' id='word_1_490' title='bbox 3224 509 3432 577; x_wconf 89' lang='lat' dir='ltr'><strong>quando</strong></span> <span class='ocrx_word' id='word_1_491' title='bbox 3461 512 3535 567; x_wconf 90' lang='lat' dir='ltr'><strong>illi</strong></span> 
     </span>
    </p>
   </div>
   <div class='ocr_carea' id='block_1_64' title="bbox 1961 592 3536 665">
    <p class='ocr_par' dir='ltr' id='par_1_64' title="bbox 1961 592 3536 665">
     <span class='ocr_line' id='line_1_64' title="bbox 1961 592 3536 665; baseline 0.007 -19"><span class='ocrx_word' id='word_1_492' title='bbox 1961 592 2305 661; x_wconf 77' lang='lat' dir='ltr'><strong>inhznserunt,</strong></span> <span class='ocrx_word' id='word_1_493' title='bbox 2354 597 2472 665; x_wconf 88' lang='lat' dir='ltr'><strong>quia</strong></span> <span class='ocrx_word' id='word_1_494' title='bbox 2502 595 2568 650; x_wconf 90' lang='lat' dir='ltr'><strong>de</strong></span> <span class='ocrx_word' id='word_1_495' title='bbox 2609 595 2725 650; x_wconf 89' lang='lat' dir='ltr'><strong>navi</strong></span> <span class='ocrx_word' id='word_1_496' title='bbox 2770 612 2864 650; x_wconf 93' lang='lat' dir='ltr'><strong>eos</strong></span> <span class='ocrx_word' id='word_1_497' title='bbox 2904 598 3125 651; x_wconf 87' lang='lat' dir='ltr'><strong>vocavit.</strong></span> <span class='ocrx_word' id='word_1_498' title='bbox 3173 599 3225 652; x_wconf 91' lang='lat' dir='ltr'><strong>In</strong></span> <span class='ocrx_word' id='word_1_499' title='bbox 3272 599 3353 654; x_wconf 86' lang='lat' dir='ltr'><strong>his</strong></span> <span class='ocrx_word' id='word_1_500' title='bbox 3396 604 3536 657; x_wconf 87' lang='lat' dir='ltr'><strong>enim</strong></span> 
     </span>
    </p>
   </div>
   <div class='ocr_carea' id='block_1_65' title="bbox 1962 684 3539 755">
    <p class='ocr_par' dir='ltr' id='par_1_65' title="bbox 1962 684 3539 755">
     <span class='ocr_line' id='line_1_65' title="bbox 1962 684 3539 755; baseline 0.004 -17"><span class='ocrx_word' id='word_1_501' title='bbox 1962 684 2168 739; x_wconf 89' lang='lat' dir='ltr'><strong>duobus</strong></span> <span class='ocrx_word' id='word_1_502' title='bbox 2206 698 2318 740; x_wconf 91' lang='lat' dir='ltr'><strong>erat</strong></span> <span class='ocrx_word' id='word_1_503' title='bbox 2346 688 2607 752; x_wconf 85' lang='lat' dir='ltr'><strong>Andreas,</strong></span> <span class='ocrx_word' id='word_1_504' title='bbox 2652 688 2787 743; x_wconf 87' lang='lat' dir='ltr'><strong>sicut</strong></span> <span class='ocrx_word' id='word_1_505' title='bbox 2830 688 2985 743; x_wconf 91' lang='lat' dir='ltr'><strong>modo</strong></span> <span class='ocrx_word' id='word_1_506' title='bbox 3024 689 3274 755; x_wconf 81' lang='lat' dir='ltr'><strong>audistis;</strong></span> <span class='ocrx_word' id='word_1_507' title='bbox 3302 691 3539 746; x_wconf 84' lang='lat' dir='ltr'><strong>Andreas</strong></span> 
     </span>
    </p>
   </div>
   <div class='ocr_carea' id='block_1_66' title="bbox 1962 776 3536 851">
    <p class='ocr_par' dir='ltr' id='par_1_66' title="bbox 1962 776 3536 851">
     <span class='ocr_line' id='line_1_66' title="bbox 1962 776 3536 851; baseline 0.005 -23"><span class='ocrx_word' id='word_1_508' title='bbox 1962 785 2136 829; x_wconf 90' lang='lat' dir='ltr'><strong>autem</strong></span> <span class='ocrx_word' id='word_1_509' title='bbox 2184 776 2346 831; x_wconf 79' lang='lat' dir='ltr'><strong>frater</strong></span> <span class='ocrx_word' id='word_1_510' title='bbox 2394 778 2532 831; x_wconf 86' lang='lat' dir='ltr'><strong>Petri</strong></span> <span class='ocrx_word' id='word_1_511' title='bbox 2578 790 2691 833; x_wconf 88' lang='lat' dir='ltr'><strong>erat</strong></span> <span class='ocrx_word' id='word_1_512' title='bbox 2725 797 2736 831; x_wconf 91' lang='lat'>:</span> <span class='ocrx_word' id='word_1_513' title='bbox 2767 789 2821 833; x_wconf 89' lang='lat' dir='ltr'><strong>et</strong></span> <span class='ocrx_word' id='word_1_514' title='bbox 2870 780 3113 833; x_wconf 82' lang='lat' dir='ltr'><strong>novimus</strong></span> <span class='ocrx_word' id='word_1_515' title='bbox 3158 781 3209 834; x_wconf 91' lang='lat' dir='ltr'><strong>in</strong></span> <span class='ocrx_word' id='word_1_516' title='bbox 3254 782 3536 851; x_wconf 73' lang='lat' dir='ltr'><strong>Evangelia</strong></span> 
     </span>
    </p>
   </div>
   <div class='ocr_carea' id='block_1_67' title="bbox 1961 869 3535 939">
    <p class='ocr_par' dir='ltr' id='par_1_67' title="bbox 1961 869 3535 939">
     <span class='ocr_line' id='line_1_67' title="bbox 1961 869 3535 939; baseline 0.004 -18"><span class='ocrx_word' id='word_1_517' title='bbox 1961 869 2099 937; x_wconf 90' lang='lat' dir='ltr'><strong>quod</strong></span> <span class='ocrx_word' id='word_1_518' title='bbox 2129 869 2340 923; x_wconf 88' lang='lat' dir='ltr'><strong>Petrum</strong></span> <span class='ocrx_word' id='word_1_519' title='bbox 2380 881 2433 923; x_wconf 89' lang='lat' dir='ltr'><strong>et</strong></span> <span class='ocrx_word' id='word_1_520' title='bbox 2461 871 2724 925; x_wconf 88' lang='lat' dir='ltr'><strong>Andream</strong></span> <span class='ocrx_word' id='word_1_521' title='bbox 2768 872 3019 925; x_wconf 84' lang='lat' dir='ltr'><strong>Dominus</strong></span> <span class='ocrx_word' id='word_1_522' title='bbox 3048 872 3114 926; x_wconf 90' lang='lat' dir='ltr'><strong>de</strong></span> <span class='ocrx_word' id='word_1_523' title='bbox 3142 872 3261 925; x_wconf 83' lang='lat' dir='ltr'><strong>navi</strong></span> <span class='ocrx_word' id='word_1_524' title='bbox 3291 874 3496 927; x_wconf 89' lang='lat' dir='ltr'><strong>vocavit</strong></span> <span class='ocrx_word' id='word_1_525' title='bbox 3518 913 3535 939; x_wconf 93' lang='lat'><strong>,</strong></span> 
     </span>
    </p>
   </div>
   <div class='ocr_carea' id='block_1_68' title="bbox 1961 958 3533 1032">
    <p class='ocr_par' dir='ltr' id='par_1_68' title="bbox 1961 958 3533 1032">
     <span class='ocr_line' id='line_1_68' title="bbox 1961 958 3533 1032; baseline 0.003 -21"><span class='ocrx_word' id='word_1_526' title='bbox 1961 958 2162 1025; x_wconf 85' lang='lat' dir='ltr'><strong>dicens,</strong></span> <span class='ocrx_word' id='word_1_527' title='bbox 2201 958 2370 1012; x_wconf 77' lang='lat' dir='ltr'><strong>Venite</strong></span> <span class='ocrx_word' id='word_1_528' title='bbox 2396 970 2506 1030; x_wconf 81' lang='lat' dir='ltr'><strong>post</strong></span> <span class='ocrx_word' id='word_1_529' title='bbox 2540 978 2635 1025; x_wconf 86' lang='lat' dir='ltr'><strong>me,</strong></span> <span class='ocrx_word' id='word_1_530' title='bbox 2665 972 2709 1015; x_wconf 87' lang='lat' dir='ltr'><strong>et</strong></span> <span class='ocrx_word' id='word_1_531' title='bbox 2741 962 2922 1032; x_wconf 77' lang='lat' dir='ltr'><strong>faciam</strong></span> <span class='ocrx_word' id='word_1_532' title='bbox 2952 980 3036 1015; x_wconf 83' lang='lat' dir='ltr'><strong>vos</strong></span> <span class='ocrx_word' id='word_1_533' title='bbox 3076 964 3343 1031; x_wconf 71' lang='lat' dir='ltr'><strong>piscatores</strong></span> <span class='ocrx_word' id='word_1_534' title='bbox 3370 963 3533 1016; x_wconf 86' lang='lat' dir='ltr'><strong>homi-</strong></span> 
     </span>
    </p>
   </div>
   <div class='ocr_carea' id='block_1_69' title="bbox 1962 1050 3537 1121">
    <p class='ocr_par' dir='ltr' id='par_1_69' title="bbox 1962 1050 3537 1121">
     <span class='ocr_line' id='line_1_69' title="bbox 1962 1050 3537 1121; baseline 0.006 -20"><span class='ocrx_word' id='word_1_535' title='bbox 1962 1067 2083 1102; x_wconf 84' lang='lat' dir='ltr'><strong>num</strong></span> <span class='ocrx_word' id='word_1_536' title='bbox 2110 1050 2320 1119; x_wconf 76' lang='lat' dir='ltr'><strong>(Matth.</strong></span> <span class='ocrx_word' id='word_1_537' title='bbox 2353 1067 2423 1115; x_wconf 82' lang='lat' dir='ltr'><strong>tv,</strong></span> <span class='ocrx_word' id='word_1_538' title='bbox 2448 1053 2557 1121; x_wconf 85' lang='lat' dir='ltr'><strong>l9).</strong></span> <span class='ocrx_word' id='word_1_539' title='bbox 2586 1053 2649 1105; x_wconf 84' lang='lat' dir='ltr'><strong>Et</strong></span> <span class='ocrx_word' id='word_1_540' title='bbox 2678 1069 2740 1106; x_wconf 86' lang='lat' dir='ltr'><strong>ex</strong></span> <span class='ocrx_word' id='word_1_541' title='bbox 2768 1054 2854 1107; x_wconf 91' lang='lat' dir='ltr'><strong>illo</strong></span> <span class='ocrx_word' id='word_1_542' title='bbox 2875 1055 2982 1121; x_wconf 86' lang='lat' dir='ltr'><strong>jam</strong></span> <span class='ocrx_word' id='word_1_543' title='bbox 3011 1054 3334 1108; x_wconf 74' lang='lat' dir='ltr'><strong>inhzeserunt</strong></span> <span class='ocrx_word' id='word_1_544' title='bbox 3360 1056 3453 1121; x_wconf 91' lang='lat' dir='ltr'><strong>illi,</strong></span> <span class='ocrx_word' id='word_1_545' title='bbox 3479 1065 3537 1110; x_wconf 91' lang='lat' dir='ltr'><strong>ut</strong></span> 
     </span>
    </p>
   </div>
   <div class='ocr_carea' id='block_1_70' title="bbox 1962 1143 3536 1216">
    <p class='ocr_par' dir='ltr' id='par_1_70' title="bbox 1962 1143 3536 1216">
     <span class='ocr_line' id='line_1_70' title="bbox 1962 1143 3536 1216; baseline 0.003 -21"><span class='ocrx_word' id='word_1_546' title='bbox 1962 1157 2067 1195; x_wconf 93' lang='lat' dir='ltr'><strong>non</strong></span> <span class='ocrx_word' id='word_1_547' title='bbox 2100 1143 2424 1197; x_wconf 88' lang='lat' dir='ltr'><strong>recederent.</strong></span> <span class='ocrx_word' id='word_1_548' title='bbox 2460 1143 2612 1197; x_wconf 84' lang='lat' dir='ltr'><strong>Modo</strong></span> <span class='ocrx_word' id='word_1_549' title='bbox 2639 1160 2766 1211; x_wconf 89' lang='lat' dir='ltr'><strong>ergo</strong></span> <span class='ocrx_word' id='word_1_550' title='bbox 2795 1145 2933 1214; x_wconf 91' lang='lat' dir='ltr'><strong>quod</strong></span> <span class='ocrx_word' id='word_1_551' title='bbox 2964 1146 3111 1199; x_wconf 93' lang='lat' dir='ltr'><strong>illum</strong></span> <span class='ocrx_word' id='word_1_552' title='bbox 3138 1156 3426 1216; x_wconf 89' lang='lat' dir='ltr'><strong>sequuntur</strong></span> <span class='ocrx_word' id='word_1_553' title='bbox 3453 1148 3536 1200; x_wconf 89' lang='lat' dir='ltr'><strong>isti</strong></span> 
     </span>
    </p>
   </div>
   <div class='ocr_carea' id='block_1_71' title="bbox 1961 1234 3539 1306">
    <p class='ocr_par' dir='ltr' id='par_1_71' title="bbox 1961 1234 3539 1306">
     <span class='ocr_line' id='line_1_71' title="bbox 1961 1234 3539 1306; baseline 0.003 -18"><span class='ocrx_word' id='word_1_554' title='bbox 1961 1234 2083 1297; x_wconf 91' lang='lat' dir='ltr'><strong>duo,</strong></span> <span class='ocrx_word' id='word_1_555' title='bbox 2120 1252 2224 1289; x_wconf 92' lang='lat' dir='ltr'><strong>non</strong></span> <span class='ocrx_word' id='word_1_556' title='bbox 2253 1237 2400 1304; x_wconf 88' lang='lat' dir='ltr'><strong>quasi</strong></span> <span class='ocrx_word' id='word_1_557' title='bbox 2433 1251 2537 1289; x_wconf 90' lang='lat' dir='ltr'><strong>non</strong></span> <span class='ocrx_word' id='word_1_558' title='bbox 2568 1238 2829 1291; x_wconf 88' lang='lat' dir='ltr'><strong>recessuri</strong></span> <span class='ocrx_word' id='word_1_559' title='bbox 2859 1248 3186 1306; x_wconf 82' lang='lat' dir='ltr'><strong>sequuntur;</strong></span> <span class='ocrx_word' id='word_1_560' title='bbox 3234 1238 3327 1293; x_wconf 90' lang='lat' dir='ltr'><strong>sed</strong></span> <span class='ocrx_word' id='word_1_561' title='bbox 3357 1238 3539 1293; x_wconf 88' lang='lat' dir='ltr'><strong>videre</strong></span> 
     </span>
    </p>
   </div>
   <div class='ocr_carea' id='block_1_72' title="bbox 1961 1326 3533 1398">
    <p class='ocr_par' dir='ltr' id='par_1_72' title="bbox 1961 1326 3533 1398">
     <span class='ocr_line' id='line_1_72' title="bbox 1961 1326 3533 1398; baseline 0.003 -20"><span class='ocrx_word' id='word_1_562' title='bbox 1961 1326 2237 1379; x_wconf 89' lang='lat' dir='ltr'><strong>voluerunt</strong></span> <span class='ocrx_word' id='word_1_563' title='bbox 2270 1327 2354 1379; x_wconf 92' lang='lat' dir='ltr'><strong>ubi</strong></span> <span class='ocrx_word' id='word_1_564' title='bbox 2382 1327 2662 1387; x_wconf 85' lang='lat' dir='ltr'><strong>habitaret,</strong></span> <span class='ocrx_word' id='word_1_565' title='bbox 2696 1340 2749 1383; x_wconf 90' lang='lat' dir='ltr'><strong>et</strong></span> <span class='ocrx_word' id='word_1_566' title='bbox 2780 1328 2950 1382; x_wconf 83' lang='lat' dir='ltr'><strong>facere</strong></span> <span class='ocrx_word' id='word_1_567' title='bbox 2978 1330 3116 1398; x_wconf 90' lang='lat' dir='ltr'><strong>quod</strong></span> <span class='ocrx_word' id='word_1_568' title='bbox 3147 1332 3400 1398; x_wconf 89' lang='lat' dir='ltr'><strong>scriptum</strong></span> <span class='ocrx_word' id='word_1_569' title='bbox 3430 1340 3533 1396; x_wconf 84' lang='lat' dir='ltr'><strong>est,</strong></span> 
     </span>
    </p>
   </div>
   <div class='ocr_carea' id='block_1_73' title="bbox 1959 1415 3539 1489">
    <p class='ocr_par' dir='ltr' id='par_1_73' title="bbox 1959 1415 3539 1489">
     <span class='ocr_line' id='line_1_73' title="bbox 1959 1415 3539 1489; baseline 0.002 -20"><span class='ocrx_word' id='word_1_570' title='bbox 1959 1415 2135 1469; x_wconf 87' lang='lat' dir='ltr'><strong>Limen</strong></span> <span class='ocrx_word' id='word_1_571' title='bbox 2172 1420 2409 1471; x_wconf 81' lang='lat' dir='ltr'><strong>ostiorum</strong></span> <span class='ocrx_word' id='word_1_572' title='bbox 2438 1420 2545 1487; x_wconf 86' lang='lat' dir='ltr'><strong>ejus</strong></span> <span class='ocrx_word' id='word_1_573' title='bbox 2574 1428 2760 1472; x_wconf 76' lang='lat' dir='ltr'><strong>exterat</strong></span> <span class='ocrx_word' id='word_1_574' title='bbox 2803 1436 2887 1489; x_wconf 86' lang='lat' dir='ltr'><strong>pes</strong></span> <span class='ocrx_word' id='word_1_575' title='bbox 2930 1432 3078 1483; x_wconf 87' lang='lat' dir='ltr'><strong>tuus;</strong></span> <span class='ocrx_word' id='word_1_576' title='bbox 3107 1438 3253 1489; x_wconf 78' lang='lat' dir='ltr'><strong>surge</strong></span> <span class='ocrx_word' id='word_1_577' title='bbox 3289 1421 3355 1473; x_wconf 86' lang='lat' dir='ltr'><strong>ad</strong></span> <span class='ocrx_word' id='word_1_578' title='bbox 3392 1421 3539 1475; x_wconf 84' lang='lat' dir='ltr'><strong>illum</strong></span> 
     </span>
    </p>
   </div>
   <div class='ocr_carea' id='block_1_74' title="bbox 1960 1508 3537 1581">
    <p class='ocr_par' dir='ltr' id='par_1_74' title="bbox 1960 1508 3537 1581">
     <span class='ocr_line' id='line_1_74' title="bbox 1960 1508 3537 1581; baseline 0.005 -23"><span class='ocrx_word' id='word_1_579' title='bbox 1960 1509 2124 1559; x_wconf 84' lang='lat' dir='ltr'><strong>venire</strong></span> <span class='ocrx_word' id='word_1_580' title='bbox 2150 1508 2348 1561; x_wconf 82' lang='lat' dir='ltr'><strong>assidue</strong></span> <span class='ocrx_word' id='word_1_581' title='bbox 2382 1519 2425 1560; x_wconf 90' lang='lat' dir='ltr'><strong>et</strong></span> <span class='ocrx_word' id='word_1_582' title='bbox 2460 1510 2655 1562; x_wconf 84' lang='lat' dir='ltr'><strong>erudire</strong></span> <span class='ocrx_word' id='word_1_583' title='bbox 2682 1511 2943 1579; x_wconf 78' lang='lat' dir='ltr'><strong>prwceptis</strong></span> <span class='ocrx_word' id='word_1_584' title='bbox 2982 1512 3088 1581; x_wconf 85' lang='lat' dir='ltr'><strong>ejus</strong></span> <span class='ocrx_word' id='word_1_585' title='bbox 3119 1510 3304 1577; x_wconf 86' lang='lat' dir='ltr'><strong>(Eccli.</strong></span> <span class='ocrx_word' id='word_1_586' title='bbox 3348 1528 3423 1575; x_wconf 80' lang='lat' dir='ltr'><strong>vr,</strong></span> <span class='ocrx_word' id='word_1_587' title='bbox 3449 1513 3537 1577; x_wconf 76' lang='lat'><strong>36,</strong></span> 
     </span>
    </p>
   </div>
   <div class='ocr_carea' id='block_1_75' title="bbox 1962 1596 3539 1664">
    <p class='ocr_par' dir='ltr' id='par_1_75' title="bbox 1962 1596 3539 1664">
     <span class='ocr_line' id='line_1_75' title="bbox 1962 1596 3539 1664; baseline 0.004 -14"><span class='ocrx_word' id='word_1_588' title='bbox 1962 1597 2071 1664; x_wconf 79' lang='lat'><strong>&#39;57).</strong></span> <span class='ocrx_word' id='word_1_589' title='bbox 2101 1596 2342 1651; x_wconf 89' lang='lat' dir='ltr'><strong>Ostendit</strong></span> <span class='ocrx_word' id='word_1_590' title='bbox 2376 1600 2453 1652; x_wconf 91' lang='lat' dir='ltr'><strong>eis</strong></span> <span class='ocrx_word' id='word_1_591' title='bbox 2482 1599 2567 1653; x_wconf 91' lang='lat' dir='ltr'><strong>ille</strong></span> <span class='ocrx_word' id='word_1_592' title='bbox 2597 1600 2680 1652; x_wconf 87' lang='lat' dir='ltr'><strong>ubi</strong></span> <span class='ocrx_word' id='word_1_593' title='bbox 2714 1608 2950 1653; x_wconf 89' lang='lat' dir='ltr'><strong>maneret</strong></span> <span class='ocrx_word' id='word_1_594' title='bbox 2981 1618 2994 1653; x_wconf 83' lang='lat'><strong>;</strong></span> <span class='ocrx_word' id='word_1_595' title='bbox 3035 1610 3291 1655; x_wconf 87' lang='lat' dir='ltr'><strong>venerunt</strong></span> <span class='ocrx_word' id='word_1_596' title='bbox 3326 1611 3380 1656; x_wconf 93' lang='lat' dir='ltr'><strong>et</strong></span> <span class='ocrx_word' id='word_1_597' title='bbox 3422 1601 3539 1656; x_wconf 88' lang='lat' dir='ltr'><strong>fue-</strong></span> 
     </span>
    </p>
   </div>
   <div class='ocr_carea' id='block_1_76' title="bbox 1961 1688 3538 1761">
    <p class='ocr_par' dir='ltr' id='par_1_76' title="bbox 1961 1688 3538 1761">
     <span class='ocr_line' id='line_1_76' title="bbox 1961 1688 3538 1761; baseline 0.004 -21"><span class='ocrx_word' id='word_1_598' title='bbox 1961 1697 2082 1741; x_wconf 87' lang='lat' dir='ltr'><strong>runt</strong></span> <span class='ocrx_word' id='word_1_599' title='bbox 2111 1703 2227 1741; x_wconf 89' lang='lat' dir='ltr'><strong>eum</strong></span> <span class='ocrx_word' id='word_1_600' title='bbox 2274 1688 2383 1742; x_wconf 91' lang='lat' dir='ltr'><strong>illo.</strong></span> <span class='ocrx_word' id='word_1_601' title='bbox 2430 1692 2596 1755; x_wconf 82' lang='lat' dir='ltr'><strong>Quam</strong></span> <span class='ocrx_word' id='word_1_602' title='bbox 2642 1691 2849 1744; x_wconf 88' lang='lat' dir='ltr'><strong>beatum</strong></span> <span class='ocrx_word' id='word_1_603' title='bbox 2892 1692 3029 1744; x_wconf 91' lang='lat' dir='ltr'><strong>diem</strong></span> <span class='ocrx_word' id='word_1_604' title='bbox 3059 1692 3338 1759; x_wconf 81' lang='lat' dir='ltr'><strong>duxerunt,</strong></span> <span class='ocrx_word' id='word_1_605' title='bbox 3381 1708 3538 1761; x_wconf 90' lang='lat' dir='ltr'><strong>quam</strong></span> 
     </span>
    </p>
   </div>
   <div class='ocr_carea' id='block_1_77' title="bbox 1962 1778 3540 1853">
    <p class='ocr_par' dir='ltr' id='par_1_77' title="bbox 1962 1778 3540 1853">
     <span class='ocr_line' id='line_1_77' title="bbox 1962 1778 3540 1853; baseline 0.004 -22"><span class='ocrx_word' id='word_1_606' title='bbox 1962 1778 2170 1832; x_wconf 87' lang='lat' dir='ltr'><strong>beatam</strong></span> <span class='ocrx_word' id='word_1_607' title='bbox 2199 1781 2438 1834; x_wconf 82' lang='lat' dir='ltr'><strong>noctem!</strong></span> <span class='ocrx_word' id='word_1_608' title='bbox 2473 1782 2602 1847; x_wconf 89' lang='lat' dir='ltr'><strong>Quis</strong></span> <span class='ocrx_word' id='word_1_609' title='bbox 2629 1791 2709 1836; x_wconf 91' lang='lat' dir='ltr'><strong>est</strong></span> <span class='ocrx_word' id='word_1_610' title='bbox 2737 1784 2825 1851; x_wconf 91' lang='lat' dir='ltr'><strong>qui</strong></span> <span class='ocrx_word' id='word_1_611' title='bbox 2871 1784 3020 1836; x_wconf 91' lang='lat' dir='ltr'><strong>nobis</strong></span> <span class='ocrx_word' id='word_1_612' title='bbox 3047 1784 3186 1837; x_wconf 89' lang='lat' dir='ltr'><strong>dicat</strong></span> <span class='ocrx_word' id='word_1_613' title='bbox 3210 1801 3327 1853; x_wconf 67' lang='lat' dir='ltr'><strong>qum</strong></span> <span class='ocrx_word' id='word_1_614' title='bbox 3356 1784 3540 1838; x_wconf 85' lang='lat' dir='ltr'><strong>audie-</strong></span> 
     </span>
    </p>
   </div>
   <div class='ocr_carea' id='block_1_78' title="bbox 1960 1871 3544 1945">
    <p class='ocr_par' dir='ltr' id='par_1_78' title="bbox 1960 1871 3544 1945">
     <span class='ocr_line' id='line_1_78' title="bbox 1960 1871 3544 1945; baseline 0.004 -22"><span class='ocrx_word' id='word_1_615' title='bbox 1960 1871 2068 1924; x_wconf 87' lang='lat' dir='ltr'><strong>rint</strong></span> <span class='ocrx_word' id='word_1_616' title='bbox 2097 1872 2215 1925; x_wconf 90' lang='lat' dir='ltr'><strong>illia</strong></span> <span class='ocrx_word' id='word_1_617' title='bbox 2242 1873 2496 1926; x_wconf 91' lang='lat' dir='ltr'><strong>Domino?</strong></span> <span class='ocrx_word' id='word_1_618' title='bbox 2525 1873 2873 1928; x_wconf 62' lang='lat' dir='ltr'><strong>IEdilieemus</strong></span> <span class='ocrx_word' id='word_1_619' title='bbox 2899 1886 2949 1930; x_wconf 91' lang='lat' dir='ltr'><strong>et</strong></span> <span class='ocrx_word' id='word_1_620' title='bbox 2972 1877 3277 1945; x_wconf 88' lang='lat' dir='ltr'><strong>nosmetipsi</strong></span> <span class='ocrx_word' id='word_1_621' title='bbox 3305 1876 3357 1929; x_wconf 93' lang='lat' dir='ltr'><strong>in</strong></span> <span class='ocrx_word' id='word_1_622' title='bbox 3384 1877 3544 1930; x_wconf 87' lang='lat' dir='ltr'><strong>corde</strong></span> 
     </span>
    </p>
   </div>
   <div class='ocr_carea' id='block_1_79' title="bbox 1962 1967 3543 2039">
    <p class='ocr_par' dir='ltr' id='par_1_79' title="bbox 1962 1967 3543 2039">
     <span class='ocr_line' id='line_1_79' title="bbox 1962 1967 3543 2039; baseline 0.001 -18"><span class='ocrx_word' id='word_1_623' title='bbox 1962 1977 2165 2032; x_wconf 90' lang='lat' dir='ltr'><strong>nostro,</strong></span> <span class='ocrx_word' id='word_1_624' title='bbox 2199 1975 2252 2021; x_wconf 88' lang='lat' dir='ltr'><strong>et</strong></span> <span class='ocrx_word' id='word_1_625' title='bbox 2282 1967 2534 2021; x_wconf 81' lang='lat' dir='ltr'><strong>faciamus</strong></span> <span class='ocrx_word' id='word_1_626' title='bbox 2569 1969 2784 2023; x_wconf 91' lang='lat' dir='ltr'><strong>domum</strong></span> <span class='ocrx_word' id='word_1_627' title='bbox 2811 1985 2913 2039; x_wconf 91' lang='lat' dir='ltr'><strong>quo</strong></span> <span class='ocrx_word' id='word_1_628' title='bbox 2940 1969 3113 2024; x_wconf 90' lang='lat' dir='ltr'><strong>veniat</strong></span> <span class='ocrx_word' id='word_1_629' title='bbox 3140 1970 3245 2036; x_wconf 89' lang='lat' dir='ltr'><strong>ille,</strong></span> <span class='ocrx_word' id='word_1_630' title='bbox 3274 1979 3327 2024; x_wconf 89' lang='lat' dir='ltr'><strong>et</strong></span> <span class='ocrx_word' id='word_1_631' title='bbox 3354 1970 3543 2025; x_wconf 89' lang='lat' dir='ltr'><strong>doceat</strong></span> 
     </span>
    </p>
   </div>
   <div class='ocr_carea' id='block_1_80' title="bbox 1964 2060 2661 2128">
    <p class='ocr_par' dir='ltr' id='par_1_80' title="bbox 1964 2060 2661 2128">
     <span class='ocr_line' id='line_1_80' title="bbox 1964 2060 2661 2128; baseline 0.001 -15"><span class='ocrx_word' id='word_1_632' title='bbox 1964 2076 2059 2113; x_wconf 90' lang='lat' dir='ltr'><strong>nos</strong></span> <span class='ocrx_word' id='word_1_633' title='bbox 2084 2076 2099 2123; x_wconf 90' lang='lat'><strong>;</strong></span> <span class='ocrx_word' id='word_1_634' title='bbox 2130 2060 2462 2128; x_wconf 91' lang='lat' dir='ltr'><strong>colloquatur</strong></span> <span class='ocrx_word' id='word_1_635' title='bbox 2490 2061 2661 2115; x_wconf 92' lang='lat' dir='ltr'><strong>nobis.</strong></span> 
     </span>
    </p>
   </div>
   <div class='ocr_carea' id='block_1_81' title="bbox 2035 2153 3536 2226">
    <p class='ocr_par' dir='ltr' id='par_1_81' title="bbox 2035 2153 3536 2226">
     <span class='ocr_line' id='line_1_81' title="bbox 2035 2153 3536 2226; baseline 0.003 -20"><span class='ocrx_word' id='word_1_636' title='bbox 2035 2153 2122 2206; x_wconf 80' lang='grc'><strong>10.</strong></span> <span class='ocrx_word' id='word_1_637' title='bbox 2168 2172 2187 2203; x_wconf 74' lang='grc' dir='ltr'>ι</span> <span class='ocrx_word' id='word_1_638' title='bbox 2215 2153 2349 2220; x_wconf 92' lang='lat' dir='ltr'><strong>Quid</strong></span> <span class='ocrx_word' id='word_1_639' title='bbox 2374 2155 2647 2223; x_wconf 65' lang='lat' dir='ltr'><strong>quaeritis?</strong></span> <span class='ocrx_word' id='word_1_640' title='bbox 2670 2154 2767 2220; x_wconf 85' lang='lat' dir='ltr'><strong>Qui</strong></span> <span class='ocrx_word' id='word_1_641' title='bbox 2792 2154 3036 2209; x_wconf 80' lang='lat' dir='ltr'><strong>dixerunt</strong></span> <span class='ocrx_word' id='word_1_642' title='bbox 3051 2154 3102 2209; x_wconf 90' lang='lat' dir='ltr'><strong>ei</strong></span> <span class='ocrx_word' id='word_1_643' title='bbox 3125 2172 3137 2209; x_wconf 91' lang='lat'>:</span> <span class='ocrx_word' id='word_1_644' title='bbox 3158 2154 3345 2218; x_wconf 82' lang='lat' dir='ltr'><strong>Rabbi,</strong></span> <span class='ocrx_word' id='word_1_645' title='bbox 3374 2154 3536 2226; x_wconf 91' lang='lat' dir='ltr'><strong>(quod</strong></span> 
     </span>
    </p>
   </div>
   <div class='ocr_carea' id='block_1_82' title="bbox 1965 2245 3544 2317">
    <p class='ocr_par' dir='ltr' id='par_1_82' title="bbox 1965 2245 3544 2317">
     <span class='ocr_line' id='line_1_82' title="bbox 1965 2245 3544 2317; baseline 0.002 -19"><span class='ocrx_word' id='word_1_646' title='bbox 1965 2245 2363 2315; x_wconf 89' lang='lat' dir='ltr'><strong>interpretatum</strong></span> <span class='ocrx_word' id='word_1_647' title='bbox 2409 2246 2600 2301; x_wconf 91' lang='lat' dir='ltr'><strong>dicitur</strong></span> <span class='ocrx_word' id='word_1_648' title='bbox 2647 2248 2958 2317; x_wconf 84' lang='lat' dir='ltr'><strong>Magister),</strong></span> <span class='ocrx_word' id='word_1_649' title='bbox 2990 2248 3075 2301; x_wconf 91' lang='lat' dir='ltr'><strong>ubi</strong></span> <span class='ocrx_word' id='word_1_650' title='bbox 3125 2246 3366 2301; x_wconf 84' lang='lat' dir='ltr'><strong>habitas?</strong></span> <span class='ocrx_word' id='word_1_651' title='bbox 3412 2248 3544 2301; x_wconf 87' lang='lat' dir='ltr'><strong>Dicit</strong></span> 
     </span>
    </p>
   </div>
   <div class='ocr_carea' id='block_1_83' title="bbox 1964 2338 3543 2406">
    <p class='ocr_par' dir='ltr' id='par_1_83' title="bbox 1964 2338 3543 2406">
     <span class='ocr_line' id='line_1_83' title="bbox 1964 2338 3543 2406; baseline 0 -13"><span class='ocrx_word' id='word_1_652' title='bbox 1964 2340 2042 2393; x_wconf 90' lang='lat' dir='ltr'><strong>eis</strong></span> <span class='ocrx_word' id='word_1_653' title='bbox 2072 2358 2082 2391; x_wconf 95' lang='lat'>:</span> <span class='ocrx_word' id='word_1_654' title='bbox 2116 2339 2321 2406; x_wconf 82' lang='lat' dir='ltr'><strong>Venite,</strong></span> <span class='ocrx_word' id='word_1_655' title='bbox 2369 2348 2423 2393; x_wconf 90' lang='lat' dir='ltr'><strong>et</strong></span> <span class='ocrx_word' id='word_1_656' title='bbox 2453 2339 2649 2394; x_wconf 90' lang='lat' dir='ltr'><strong>videte.</strong></span> <span class='ocrx_word' id='word_1_657' title='bbox 2684 2340 2748 2393; x_wconf 84' lang='lat' dir='ltr'><strong>Et</strong></span> <span class='ocrx_word' id='word_1_658' title='bbox 2777 2346 3048 2405; x_wconf 88' lang='lat' dir='ltr'><strong>venerunt,</strong></span> <span class='ocrx_word' id='word_1_659' title='bbox 3081 2348 3134 2393; x_wconf 92' lang='lat' dir='ltr'><strong>et</strong></span> <span class='ocrx_word' id='word_1_660' title='bbox 3171 2338 3411 2393; x_wconf 90' lang='lat' dir='ltr'><strong>viderunt</strong></span> <span class='ocrx_word' id='word_1_661' title='bbox 3454 2338 3543 2393; x_wconf 83' lang='lat' dir='ltr'><strong>tibi</strong></span> 
     </span>
    </p>
   </div>
   <div class='ocr_carea' id='block_1_84' title="bbox 1967 2429 3545 2504">
    <p class='ocr_par' dir='ltr' id='par_1_84' title="bbox 1967 2429 3545 2504">
     <span class='ocr_line' id='line_1_84' title="bbox 1967 2429 3545 2504; baseline -0.003 -18"><span class='ocrx_word' id='word_1_662' title='bbox 1967 2440 2228 2498; x_wconf 73' lang='lat' dir='ltr'><strong>maneret,</strong></span> <span class='ocrx_word' id='word_1_663' title='bbox 2254 2442 2307 2489; x_wconf 86' lang='lat' dir='ltr'><strong>et</strong></span> <span class='ocrx_word' id='word_1_664' title='bbox 2327 2432 2463 2504; x_wconf 83' lang='lat' dir='ltr'><strong>apud</strong></span> <span class='ocrx_word' id='word_1_665' title='bbox 2485 2447 2605 2490; x_wconf 90' lang='lat' dir='ltr'><strong>eum</strong></span> <span class='ocrx_word' id='word_1_666' title='bbox 2627 2438 2932 2486; x_wconf 88' lang='lat' dir='ltr'><strong>manserunt</strong></span> <span class='ocrx_word' id='word_1_667' title='bbox 2951 2430 3035 2484; x_wconf 91' lang='lat' dir='ltr'><strong>die</strong></span> <span class='ocrx_word' id='word_1_668' title='bbox 3060 2430 3152 2483; x_wconf 89' lang='lat' dir='ltr'><strong>illo</strong></span> <span class='ocrx_word' id='word_1_669' title='bbox 3184 2447 3195 2482; x_wconf 90' lang='lat'><strong>:</strong></span> <span class='ocrx_word' id='word_1_670' title='bbox 3225 2429 3352 2482; x_wconf 90' lang='lat' dir='ltr'><strong>hora</strong></span> <span class='ocrx_word' id='word_1_671' title='bbox 3371 2437 3545 2482; x_wconf 91' lang='lat' dir='ltr'><strong>autem</strong></span> 
     </span>
    </p>
   </div>
   <div class='ocr_carea' id='block_1_85' title="bbox 1968 2521 3549 2598">
    <p class='ocr_par' dir='ltr' id='par_1_85' title="bbox 1968 2521 3549 2598">
     <span class='ocr_line' id='line_1_85' title="bbox 1968 2521 3549 2598; baseline -0.006 -15"><span class='ocrx_word' id='word_1_672' title='bbox 1968 2538 2082 2583; x_wconf 83' lang='lat' dir='ltr'><strong>erat</strong></span> <span class='ocrx_word' id='word_1_673' title='bbox 2121 2530 2268 2598; x_wconf 91' lang='lat' dir='ltr'><strong>quasi</strong></span> <span class='ocrx_word' id='word_1_674' title='bbox 2310 2528 2532 2583; x_wconf 90' lang='lat' dir='ltr'><strong>decima.</strong></span> <span class='ocrx_word' id='word_1_675' title='bbox 2570 2549 2588 2581; x_wconf 77' lang='grc' dir='ltr'><strong><em>ι</em></strong></span> <span class='ocrx_word' id='word_1_676' title='bbox 2638 2524 2846 2583; x_wconf 76' lang='lat' dir='ltr'><strong>Nihilne</strong></span> <span class='ocrx_word' id='word_1_677' title='bbox 2889 2522 3207 2576; x_wconf 88' lang='lat' dir='ltr'><strong>arbitramur</strong></span> <span class='ocrx_word' id='word_1_678' title='bbox 3238 2521 3549 2590; x_wconf 87' lang='lat' dir='ltr'><strong>pertinuisse</strong></span> 
     </span>
    </p>
   </div>
   <div class='ocr_carea' id='block_1_86' title="bbox 1969 2613 3550 2691">
    <p class='ocr_par' dir='ltr' id='par_1_86' title="bbox 1969 2613 3550 2691">
     <span class='ocr_line' id='line_1_86' title="bbox 1969 2613 3550 2691; baseline -0.004 -18"><span class='ocrx_word' id='word_1_679' title='bbox 1969 2620 2036 2675; x_wconf 91' lang='lat' dir='ltr'><strong>ad</strong></span> <span class='ocrx_word' id='word_1_680' title='bbox 2057 2622 2461 2691; x_wconf 86' lang='lat' dir='ltr'><strong>Evangelistam,</strong></span> <span class='ocrx_word' id='word_1_681' title='bbox 2488 2622 2666 2676; x_wconf 90' lang='lat' dir='ltr'><strong>dicere</strong></span> <span class='ocrx_word' id='word_1_682' title='bbox 2692 2622 2843 2675; x_wconf 91' lang='lat' dir='ltr'><strong>nobis</strong></span> <span class='ocrx_word' id='word_1_683' title='bbox 2859 2624 3014 2691; x_wconf 77' lang='lat' dir='ltr'><strong>quota</strong></span> <span class='ocrx_word' id='word_1_684' title='bbox 3038 2615 3165 2669; x_wconf 87' lang='lat' dir='ltr'><strong>hora</strong></span> <span class='ocrx_word' id='word_1_685' title='bbox 3192 2614 3340 2669; x_wconf 75' lang='lat' dir='ltr'><strong>erat?</strong></span> <span class='ocrx_word' id='word_1_686' title='bbox 3368 2613 3550 2667; x_wconf 88' lang='lat' dir='ltr'><strong>Potest</strong></span> 
     </span>
    </p>
   </div>
   <div class='ocr_carea' id='block_1_87' title="bbox 1972 2704 3551 2777">
    <p class='ocr_par' dir='ltr' id='par_1_87' title="bbox 1972 2704 3551 2777">
     <span class='ocr_line' id='line_1_87' title="bbox 1972 2704 3551 2777; baseline 0 -14"><span class='ocrx_word' id='word_1_687' title='bbox 1972 2711 2175 2765; x_wconf 75' lang='lat' dir='ltr'><strong>[ierint</strong></span> <span class='ocrx_word' id='word_1_688' title='bbox 2218 2712 2346 2763; x_wconf 90' lang='lat' dir='ltr'><strong>nihil</strong></span> <span class='ocrx_word' id='word_1_689' title='bbox 2386 2712 2455 2765; x_wconf 92' lang='lat' dir='ltr'><strong>ibi</strong></span> <span class='ocrx_word' id='word_1_690' title='bbox 2500 2727 2596 2766; x_wconf 90' lang='lat' dir='ltr'><strong>nos</strong></span> <span class='ocrx_word' id='word_1_691' title='bbox 2648 2712 3090 2777; x_wconf 90' lang='lat' dir='ltr'><strong>animadvertere,</strong></span> <span class='ocrx_word' id='word_1_692' title='bbox 3140 2704 3268 2757; x_wconf 74' lang='lat' dir='ltr'><strong>nihil</strong></span> <span class='ocrx_word' id='word_1_693' title='bbox 3314 2718 3551 2775; x_wconf 63' lang='lat' dir='ltr'><strong>quaerere</strong></span> 
     </span>
    </p>
   </div>
   <div class='ocr_carea' id='block_1_88' title="bbox 1972 2799 3550 2869">
    <p class='ocr_par' dir='ltr' id='par_1_88' title="bbox 1972 2799 3550 2869">
     <span class='ocr_line' id='line_1_88' title="bbox 1972 2799 3550 2869; baseline 0 -17"><span class='ocrx_word' id='word_1_694' title='bbox 1972 2801 2238 2853; x_wconf 89' lang='lat' dir='ltr'><strong>voluerit?</strong></span> <span class='ocrx_word' id='word_1_695' title='bbox 2270 2802 2478 2854; x_wconf 89' lang='lat' dir='ltr'><strong>Decima</strong></span> <span class='ocrx_word' id='word_1_696' title='bbox 2509 2812 2621 2856; x_wconf 91' lang='lat' dir='ltr'><strong>erat</strong></span> <span class='ocrx_word' id='word_1_697' title='bbox 2646 2802 2793 2855; x_wconf 90' lang='lat' dir='ltr'><strong>hora.</strong></span> <span class='ocrx_word' id='word_1_698' title='bbox 2841 2801 3102 2855; x_wconf 84' lang='lat' dir='ltr'><strong>Numerus</strong></span> <span class='ocrx_word' id='word_1_699' title='bbox 3134 2800 3233 2853; x_wconf 89' lang='lat' dir='ltr'><strong>iste</strong></span> <span class='ocrx_word' id='word_1_700' title='bbox 3277 2800 3446 2869; x_wconf 88' lang='lat' dir='ltr'><strong>legem</strong></span> <span class='ocrx_word' id='word_1_701' title='bbox 3475 2799 3550 2852; x_wconf 81' lang='lat' dir='ltr'><strong>si-</strong></span> 
     </span>
    </p>
   </div>
   <div class='ocr_carea' id='block_1_89' title="bbox 1972 2889 3549 2960">
    <p class='ocr_par' dir='ltr' id='par_1_89' title="bbox 1972 2889 3549 2960">
     <span class='ocr_line' id='line_1_89' title="bbox 1972 2889 3549 2960; baseline 0.001 -18"><span class='ocrx_word' id='word_1_702' title='bbox 1972 2891 2205 2960; x_wconf 77' lang='lat' dir='ltr'><strong>gnificat,</strong></span> <span class='ocrx_word' id='word_1_703' title='bbox 2238 2894 2357 2960; x_wconf 90' lang='lat' dir='ltr'><strong>quia</strong></span> <span class='ocrx_word' id='word_1_704' title='bbox 2388 2892 2438 2943; x_wconf 91' lang='lat' dir='ltr'><strong>in</strong></span> <span class='ocrx_word' id='word_1_705' title='bbox 2463 2891 2645 2945; x_wconf 90' lang='lat' dir='ltr'><strong>decem</strong></span> <span class='ocrx_word' id='word_1_706' title='bbox 2676 2892 2951 2959; x_wconf 69' lang='lat' dir='ltr'><strong>prwccptis</strong></span> <span class='ocrx_word' id='word_1_707' title='bbox 2977 2890 3097 2944; x_wconf 88' lang='lat' dir='ltr'><strong>data</strong></span> <span class='ocrx_word' id='word_1_708' title='bbox 3129 2900 3207 2943; x_wconf 87' lang='lat' dir='ltr'><strong>est</strong></span> <span class='ocrx_word' id='word_1_709' title='bbox 3236 2889 3339 2943; x_wconf 81' lang='lat' dir='ltr'><strong>lex.</strong></span> <span class='ocrx_word' id='word_1_710' title='bbox 3377 2889 3549 2943; x_wconf 81' lang='lat' dir='ltr'><strong>Vene-</strong></span> 
     </span>
    </p>
   </div>
   <div class='ocr_carea' id='block_1_90' title="bbox 1974 2982 3552 3051">
    <p class='ocr_par' dir='ltr' id='par_1_90' title="bbox 1974 2982 3552 3051">
     <span class='ocr_line' id='line_1_90' title="bbox 1974 2982 3552 3051; baseline -0.003 -15"><span class='ocrx_word' id='word_1_711' title='bbox 1974 2992 2056 3036; x_wconf 87' lang='lat' dir='ltr'><strong>rat</strong></span> <span class='ocrx_word' id='word_1_712' title='bbox 2084 2992 2258 3037; x_wconf 92' lang='lat' dir='ltr'><strong>autem</strong></span> <span class='ocrx_word' id='word_1_713' title='bbox 2294 2993 2499 3051; x_wconf 89' lang='lat' dir='ltr'><strong>tempus</strong></span> <span class='ocrx_word' id='word_1_714' title='bbox 2528 2993 2583 3036; x_wconf 92' lang='lat' dir='ltr'><strong>ut</strong></span> <span class='ocrx_word' id='word_1_715' title='bbox 2612 2983 2918 3051; x_wconf 89' lang='lat' dir='ltr'><strong>impleretur</strong></span> <span class='ocrx_word' id='word_1_716' title='bbox 2947 2983 3028 3037; x_wconf 80' lang='lat' dir='ltr'><strong>lex</strong></span> <span class='ocrx_word' id='word_1_717' title='bbox 3063 2997 3157 3051; x_wconf 90' lang='lat' dir='ltr'><strong>per</strong></span> <span class='ocrx_word' id='word_1_718' title='bbox 3184 2982 3552 3044; x_wconf 84' lang='lat' dir='ltr'><strong>dilectionem;</strong></span> 
     </span>
    </p>
   </div>
   <div class='ocr_carea' id='block_1_91' title="bbox 1975 3069 3557 3145">
    <p class='ocr_par' dir='ltr' id='par_1_91' title="bbox 1975 3069 3557 3145">
     <span class='ocr_line' id='line_1_91' title="bbox 1975 3069 3557 3145; baseline -0.003 -17"><span class='ocrx_word' id='word_1_719' title='bbox 1975 3075 2095 3145; x_wconf 90' lang='lat' dir='ltr'><strong>quia</strong></span> <span class='ocrx_word' id='word_1_720' title='bbox 2123 3090 2150 3126; x_wconf 91' lang='lat' dir='ltr'><strong>a</strong></span> <span class='ocrx_word' id='word_1_721' title='bbox 2172 3074 2367 3129; x_wconf 66' lang='lat' dir='ltr'><strong>Judmis</strong></span> <span class='ocrx_word' id='word_1_722' title='bbox 2394 3090 2497 3127; x_wconf 91' lang='lat' dir='ltr'><strong>non</strong></span> <span class='ocrx_word' id='word_1_723' title='bbox 2526 3082 2727 3142; x_wconf 91' lang='lat' dir='ltr'><strong>poterat</strong></span> <span class='ocrx_word' id='word_1_724' title='bbox 2758 3073 2961 3141; x_wconf 89' lang='lat' dir='ltr'><strong>impleri</strong></span> <span class='ocrx_word' id='word_1_725' title='bbox 2990 3088 3084 3141; x_wconf 89' lang='lat' dir='ltr'><strong>per</strong></span> <span class='ocrx_word' id='word_1_726' title='bbox 3111 3072 3378 3126; x_wconf 91' lang='lat' dir='ltr'><strong>timorem.</strong></span> <span class='ocrx_word' id='word_1_727' title='bbox 3405 3069 3557 3125; x_wconf 87' lang='lat' dir='ltr'><strong>Unde</strong></span> 
     </span>
    </p>
   </div>
   <div class='ocr_carea' id='block_1_92' title="bbox 1978 3162 3559 3233">
    <p class='ocr_par' dir='ltr' id='par_1_92' title="bbox 1978 3162 3559 3233">
     <span class='ocr_line' id='line_1_92' title="bbox 1978 3162 3559 3233; baseline -0.004 -13"><span class='ocrx_word' id='word_1_728' title='bbox 1978 3167 2231 3221; x_wconf 87' lang='lat' dir='ltr'><strong>Dominus</strong></span> <span class='ocrx_word' id='word_1_729' title='bbox 2268 3166 2435 3220; x_wconf 86' lang='lat' dir='ltr'><strong>dicit:</strong></span> <span class='ocrx_word' id='word_1_730' title='bbox 2473 3166 2590 3219; x_wconf 82' lang='lat' dir='ltr'><strong>Non</strong></span> <span class='ocrx_word' id='word_1_731' title='bbox 2632 3167 2741 3218; x_wconf 86' lang='lat' dir='ltr'><strong>veni</strong></span> <span class='ocrx_word' id='word_1_732' title='bbox 2782 3166 2969 3217; x_wconf 83' lang='lat' dir='ltr'><strong>solvere</strong></span> <span class='ocrx_word' id='word_1_733' title='bbox 3010 3165 3185 3233; x_wconf 87' lang='lat' dir='ltr'><strong>legem,</strong></span> <span class='ocrx_word' id='word_1_734' title='bbox 3228 3164 3315 3216; x_wconf 88' lang='lat' dir='ltr'><strong>sed</strong></span> <span class='ocrx_word' id='word_1_735' title='bbox 3352 3162 3559 3232; x_wconf 81' lang='lat' dir='ltr'><strong>implere</strong></span> 
     </span>
    </p>
   </div>
   <div class='ocr_carea' id='block_1_93' title="bbox 1980 3252 3560 3328">
    <p class='ocr_par' dir='ltr' id='par_1_93' title="bbox 1980 3252 3560 3328">
     <span class='ocr_line' id='line_1_93' title="bbox 1980 3252 3560 3328; baseline -0.004 -17"><span class='ocrx_word' id='word_1_736' title='bbox 1980 3258 2190 3328; x_wconf 80' lang='lat' dir='ltr'><strong>(Matth.</strong></span> <span class='ocrx_word' id='word_1_737' title='bbox 2232 3275 2288 3324; x_wconf 87' lang='lat' dir='ltr'><strong>v,</strong></span> <span class='ocrx_word' id='word_1_738' title='bbox 2336 3259 2443 3328; x_wconf 87' lang='lat' dir='ltr'><strong>l7).</strong></span> <span class='ocrx_word' id='word_1_739' title='bbox 2476 3257 2659 3311; x_wconf 85' lang='lat' dir='ltr'><strong>Merito</strong></span> <span class='ocrx_word' id='word_1_740' title='bbox 2685 3271 2812 3325; x_wconf 88' lang='lat' dir='ltr'><strong>ergo</strong></span> <span class='ocrx_word' id='word_1_741' title='bbox 2838 3256 3039 3309; x_wconf 89' lang='lat' dir='ltr'><strong>decima</strong></span> <span class='ocrx_word' id='word_1_742' title='bbox 3077 3255 3204 3307; x_wconf 88' lang='lat' dir='ltr'><strong>hora</strong></span> <span class='ocrx_word' id='word_1_743' title='bbox 3232 3268 3353 3307; x_wconf 87' lang='lat' dir='ltr'><strong>eum</strong></span> <span class='ocrx_word' id='word_1_744' title='bbox 3395 3252 3560 3309; x_wconf 88' lang='lat' dir='ltr'><strong>secuti</strong></span> 
     </span>
    </p>
   </div>
   <div class='ocr_carea' id='block_1_94' title="bbox 1980 3344 3561 3415">
    <p class='ocr_par' dir='ltr' id='par_1_94' title="bbox 1980 3344 3561 3415">
     <span class='ocr_line' id='line_1_94' title="bbox 1980 3344 3561 3415; baseline -0.006 -11"><span class='ocrx_word' id='word_1_745' title='bbox 1980 3360 2100 3404; x_wconf 90' lang='lat' dir='ltr'><strong>sunt</strong></span> <span class='ocrx_word' id='word_1_746' title='bbox 2128 3350 2192 3402; x_wconf 87' lang='lat' dir='ltr'><strong>ad</strong></span> <span class='ocrx_word' id='word_1_747' title='bbox 2220 3350 2575 3403; x_wconf 82' lang='lat' dir='ltr'><strong>testiinonium</strong></span> <span class='ocrx_word' id='word_1_748' title='bbox 2604 3348 2757 3400; x_wconf 85' lang='lat' dir='ltr'><strong>amici</strong></span> <span class='ocrx_word' id='word_1_749' title='bbox 2788 3348 2965 3415; x_wconf 88' lang='lat' dir='ltr'><strong>sponsi</strong></span> <span class='ocrx_word' id='word_1_750' title='bbox 2995 3345 3099 3398; x_wconf 92' lang='lat' dir='ltr'><strong>duo</strong></span> <span class='ocrx_word' id='word_1_751' title='bbox 3125 3346 3208 3399; x_wconf 81' lang='lat' dir='ltr'><strong>isti</strong></span> <span class='ocrx_word' id='word_1_752' title='bbox 3240 3363 3253 3399; x_wconf 91' lang='lat'><strong>:</strong></span> <span class='ocrx_word' id='word_1_753' title='bbox 3278 3355 3332 3398; x_wconf 91' lang='lat' dir='ltr'><strong>et</strong></span> <span class='ocrx_word' id='word_1_754' title='bbox 3354 3344 3561 3399; x_wconf 89' lang='lat' dir='ltr'><strong>decima</strong></span> 
     </span>
    </p>
   </div>
   <div class='ocr_carea' id='block_1_95' title="bbox 1983 3436 3564 3508">
    <p class='ocr_par' dir='ltr' id='par_1_95' title="bbox 1983 3436 3564 3508">
     <span class='ocr_line' id='line_1_95' title="bbox 1983 3436 3564 3508; baseline -0.002 -13"><span class='ocrx_word' id='word_1_755' title='bbox 1983 3440 2111 3495; x_wconf 92' lang='lat' dir='ltr'><strong>hora</strong></span> <span class='ocrx_word' id='word_1_756' title='bbox 2140 3442 2357 3506; x_wconf 92' lang='lat' dir='ltr'><strong>audivit,</strong></span> <span class='ocrx_word' id='word_1_757' title='bbox 2412 3441 2593 3505; x_wconf 84' lang='lat' dir='ltr'><strong>Rabbi,</strong></span> <span class='ocrx_word' id='word_1_758' title='bbox 2626 3439 2762 3508; x_wconf 91' lang='lat' dir='ltr'><strong>quod</strong></span> <span class='ocrx_word' id='word_1_759' title='bbox 2794 3439 3167 3507; x_wconf 88' lang='lat' dir='ltr'><strong>interpretatur</strong></span> <span class='ocrx_word' id='word_1_760' title='bbox 3208 3436 3472 3503; x_wconf 78' lang='lat' dir='ltr'><strong>Magister.</strong></span> <span class='ocrx_word' id='word_1_761' title='bbox 3507 3436 3564 3492; x_wconf 89' lang='lat' dir='ltr'><strong>Si</strong></span> 
     </span>
    </p>
   </div>
   <div class='ocr_carea' id='block_1_96' title="bbox 1981 3528 3562 3595">
    <p class='ocr_par' dir='ltr' id='par_1_96' title="bbox 1981 3528 3562 3595">
     <span class='ocr_line' id='line_1_96' title="bbox 1981 3528 3562 3595; baseline -0.003 -8"><span class='ocrx_word' id='word_1_762' title='bbox 1981 3533 2184 3589; x_wconf 89' lang='lat' dir='ltr'><strong>decima</strong></span> <span class='ocrx_word' id='word_1_763' title='bbox 2224 3533 2354 3586; x_wconf 91' lang='lat' dir='ltr'><strong>hora</strong></span> <span class='ocrx_word' id='word_1_764' title='bbox 2384 3532 2542 3586; x_wconf 85' lang='lat' dir='ltr'><strong>Rabbi</strong></span> <span class='ocrx_word' id='word_1_765' title='bbox 2571 3532 2825 3585; x_wconf 88' lang='lat' dir='ltr'><strong>Dominus</strong></span> <span class='ocrx_word' id='word_1_766' title='bbox 2851 3530 3067 3595; x_wconf 85' lang='lat' dir='ltr'><strong>audivit,</strong></span> <span class='ocrx_word' id='word_1_767' title='bbox 3111 3539 3163 3583; x_wconf 89' lang='lat' dir='ltr'><strong>et</strong></span> <span class='ocrx_word' id='word_1_768' title='bbox 3202 3528 3438 3583; x_wconf 91' lang='lat' dir='ltr'><strong>decimus</strong></span> <span class='ocrx_word' id='word_1_769' title='bbox 3462 3544 3562 3583; x_wconf 87' lang='lat' dir='ltr'><strong>nu-</strong></span> 
     </span>
    </p>
   </div>
   <div class='ocr_carea' id='block_1_97' title="bbox 1983 3620 3565 3694">
    <p class='ocr_par' dir='ltr' id='par_1_97' title="bbox 1983 3620 3565 3694">
     <span class='ocr_line' id='line_1_97' title="bbox 1983 3620 3565 3694; baseline -0.001 -15"><span class='ocrx_word' id='word_1_770' title='bbox 1983 3641 2161 3680; x_wconf 91' lang='lat' dir='ltr'><strong>merus</strong></span> <span class='ocrx_word' id='word_1_771' title='bbox 2188 3624 2251 3678; x_wconf 91' lang='lat' dir='ltr'><strong>ad</strong></span> <span class='ocrx_word' id='word_1_772' title='bbox 2277 3626 2443 3694; x_wconf 85' lang='lat' dir='ltr'><strong>legem</strong></span> <span class='ocrx_word' id='word_1_773' title='bbox 2491 3624 2751 3693; x_wconf 91' lang='lat' dir='ltr'><strong>pertinet;</strong></span> <span class='ocrx_word' id='word_1_774' title='bbox 2787 3623 3037 3691; x_wconf 85' lang='lat' dir='ltr'><strong>magister</strong></span> <span class='ocrx_word' id='word_1_775' title='bbox 3063 3620 3192 3690; x_wconf 87' lang='lat' dir='ltr'><strong>legis</strong></span> <span class='ocrx_word' id='word_1_776' title='bbox 3236 3628 3441 3674; x_wconf 90' lang='lat' dir='ltr'><strong>nonest</strong></span> <span class='ocrx_word' id='word_1_777' title='bbox 3467 3621 3565 3677; x_wconf 88' lang='lat' dir='ltr'><strong>nisi</strong></span> 
     </span>
    </p>
   </div>
   <div class='ocr_carea' id='block_1_98' title="bbox 1984 3714 3565 3790">
    <p class='ocr_par' dir='ltr' id='par_1_98' title="bbox 1984 3714 3565 3790">
     <span class='ocr_line' id='line_1_98' title="bbox 1984 3714 3565 3790; baseline -0.005 -15"><span class='ocrx_word' id='word_1_778' title='bbox 1984 3722 2138 3776; x_wconf 89' lang='lat' dir='ltr'><strong>dator</strong></span> <span class='ocrx_word' id='word_1_779' title='bbox 2154 3721 2299 3790; x_wconf 89' lang='lat' dir='ltr'><strong>legis.</strong></span> <span class='ocrx_word' id='word_1_780' title='bbox 2329 3716 2789 3786; x_wconf 90' lang='lat' dir='ltr'><strong>Nemodicatquia</strong></span> <span class='ocrx_word' id='word_1_781' title='bbox 2808 3717 2944 3769; x_wconf 86' lang='lat' dir='ltr'><strong>alius</strong></span> <span class='ocrx_word' id='word_1_782' title='bbox 2969 3714 3115 3768; x_wconf 91' lang='lat' dir='ltr'><strong>dedit</strong></span> <span class='ocrx_word' id='word_1_783' title='bbox 3142 3714 3334 3783; x_wconf 86' lang='lat' dir='ltr'><strong>legem,</strong></span> <span class='ocrx_word' id='word_1_784' title='bbox 3363 3714 3565 3767; x_wconf 89' lang='lat' dir='ltr'><strong>etalius</strong></span> 
     </span>
    </p>
   </div>
   <div class='ocr_carea' id='block_1_99' title="bbox 1986 3803 3567 3881">
    <p class='ocr_par' dir='ltr' id='par_1_99' title="bbox 1986 3803 3567 3881">
     <span class='ocr_line' id='line_1_99' title="bbox 1986 3803 3567 3881; baseline -0.008 -13"><span class='ocrx_word' id='word_1_785' title='bbox 1986 3814 2141 3868; x_wconf 90' lang='lat' dir='ltr'><strong>docet</strong></span> <span class='ocrx_word' id='word_1_786' title='bbox 2160 3812 2333 3881; x_wconf 90' lang='lat' dir='ltr'><strong>legem</strong></span> <span class='ocrx_word' id='word_1_787' title='bbox 2363 3832 2375 3867; x_wconf 86' lang='lat'>:</span> <span class='ocrx_word' id='word_1_788' title='bbox 2406 3813 2518 3878; x_wconf 90' lang='lat' dir='ltr'><strong>ipse</strong></span> <span class='ocrx_word' id='word_1_789' title='bbox 2537 3809 2679 3862; x_wconf 89' lang='lat' dir='ltr'><strong>illam</strong></span> <span class='ocrx_word' id='word_1_790' title='bbox 2707 3807 2862 3861; x_wconf 90' lang='lat' dir='ltr'><strong>docet</strong></span> <span class='ocrx_word' id='word_1_791' title='bbox 2883 3806 2969 3874; x_wconf 91' lang='lat' dir='ltr'><strong>qui</strong></span> <span class='ocrx_word' id='word_1_792' title='bbox 2994 3805 3133 3857; x_wconf 90' lang='lat' dir='ltr'><strong>illam</strong></span> <span class='ocrx_word' id='word_1_793' title='bbox 3155 3803 3331 3866; x_wconf 88' lang='lat' dir='ltr'><strong>dedit;</strong></span> <span class='ocrx_word' id='word_1_794' title='bbox 3364 3803 3567 3871; x_wconf 89' lang='lat' dir='ltr'><strong>ipseest</strong></span> 
     </span>
    </p>
   </div>
   <div class='ocr_carea' id='block_1_100' title="bbox 1988 3893 3567 3973">
    <p class='ocr_par' dir='ltr' id='par_1_100' title="bbox 1988 3893 3567 3973">
     <span class='ocr_line' id='line_1_100' title="bbox 1988 3893 3567 3973; baseline -0.008 -15"><span class='ocrx_word' id='word_1_795' title='bbox 1988 3905 2237 3973; x_wconf 86' lang='lat' dir='ltr'><strong>magister</strong></span> <span class='ocrx_word' id='word_1_796' title='bbox 2252 3902 2380 3971; x_wconf 88' lang='lat' dir='ltr'><strong>legis</strong></span> <span class='ocrx_word' id='word_1_797' title='bbox 2410 3917 2541 3966; x_wconf 59' lang='lat' dir='ltr'><strong>suae,</strong></span> <span class='ocrx_word' id='word_1_798' title='bbox 2560 3910 2613 3953; x_wconf 90' lang='lat' dir='ltr'><strong>et</strong></span> <span class='ocrx_word' id='word_1_799' title='bbox 2640 3898 2796 3953; x_wconf 91' lang='lat' dir='ltr'><strong>docet</strong></span> <span class='ocrx_word' id='word_1_800' title='bbox 2822 3898 2983 3950; x_wconf 91' lang='lat' dir='ltr'><strong>illam.</strong></span> <span class='ocrx_word' id='word_1_801' title='bbox 3006 3895 3073 3949; x_wconf 86' lang='lat' dir='ltr'><strong>Et</strong></span> <span class='ocrx_word' id='word_1_802' title='bbox 3100 3893 3461 3949; x_wconf 86' lang='lat' dir='ltr'><strong>misericordia</strong></span> <span class='ocrx_word' id='word_1_803' title='bbox 3482 3900 3567 3947; x_wconf 89' lang='lat' dir='ltr'><strong>est</strong></span> 
     </span>
    </p>
   </div>
   <div class='ocr_carea' id='block_1_101' title="bbox 1986 3983 3565 4064">
    <p class='ocr_par' dir='ltr' id='par_1_101' title="bbox 1986 3983 3565 4064">
     <span class='ocr_line' id='line_1_101' title="bbox 1986 3983 3565 4064; baseline -0.008 -14"><span class='ocrx_word' id='word_1_804' title='bbox 1986 3996 2039 4050; x_wconf 89' lang='lat' dir='ltr'><strong>in</strong></span> <span class='ocrx_word' id='word_1_805' title='bbox 2067 3996 2239 4064; x_wconf 88' lang='lat' dir='ltr'><strong>lingua</strong></span> <span class='ocrx_word' id='word_1_806' title='bbox 2269 3992 2453 4062; x_wconf 86' lang='lat' dir='ltr'><strong>ipsius,</strong></span> <span class='ocrx_word' id='word_1_807' title='bbox 2477 3990 2595 4045; x_wconf 87' lang='lat' dir='ltr'><strong>ideo</strong></span> <span class='ocrx_word' id='word_1_808' title='bbox 2623 3987 3034 4042; x_wconf 86' lang='lat' dir='ltr'><strong>misericorditer</strong></span> <span class='ocrx_word' id='word_1_809' title='bbox 3057 3984 3213 4039; x_wconf 90' lang='lat' dir='ltr'><strong>docet</strong></span> <span class='ocrx_word' id='word_1_810' title='bbox 3242 3983 3433 4053; x_wconf 89' lang='lat' dir='ltr'><strong>legem,</strong></span> <span class='ocrx_word' id='word_1_811' title='bbox 3458 3984 3565 4037; x_wconf 85' lang='lat' dir='ltr'><strong>sic-</strong></span> 
     </span>
    </p>
   </div>
   <div class='ocr_carea' id='block_1_102' title="bbox 1989 4073 3568 4149">
    <p class='ocr_par' dir='ltr' id='par_1_102' title="bbox 1989 4073 3568 4149">
     <span class='ocr_line' id='line_1_102' title="bbox 1989 4073 3568 4149; baseline -0.009 -10"><span class='ocrx_word' id='word_1_812' title='bbox 1989 4094 2048 4139; x_wconf 87' lang='lat' dir='ltr'><strong>ut</strong></span> <span class='ocrx_word' id='word_1_813' title='bbox 2074 4080 2272 4140; x_wconf 87' lang='lat' dir='ltr'><strong>dictum</strong></span> <span class='ocrx_word' id='word_1_814' title='bbox 2302 4092 2383 4138; x_wconf 90' lang='lat' dir='ltr'><strong>est</strong></span> <span class='ocrx_word' id='word_1_815' title='bbox 2406 4081 2471 4136; x_wconf 90' lang='lat' dir='ltr'><strong>de</strong></span> <span class='ocrx_word' id='word_1_816' title='bbox 2498 4080 2775 4149; x_wconf 71' lang='lat' dir='ltr'><strong>sapientia,</strong></span> <span class='ocrx_word' id='word_1_817' title='bbox 2809 4077 2993 4147; x_wconf 87' lang='lat' dir='ltr'><strong>Legem</strong></span> <span class='ocrx_word' id='word_1_818' title='bbox 3021 4084 3183 4127; x_wconf 89' lang='lat' dir='ltr'><strong>autem</strong></span> <span class='ocrx_word' id='word_1_819' title='bbox 3210 4084 3254 4127; x_wconf 89' lang='lat' dir='ltr'><strong>et</strong></span> <span class='ocrx_word' id='word_1_820' title='bbox 3286 4073 3568 4126; x_wconf 85' lang='lat' dir='ltr'><strong>misericor-</strong></span> 
     </span>
    </p>
   </div>
   <div class='ocr_carea' id='block_1_103' title="bbox 1990 4166 3569 4247">
    <p class='ocr_par' dir='ltr' id='par_1_103' title="bbox 1990 4166 3569 4247">
     <span class='ocr_line' id='line_1_103' title="bbox 1990 4166 3569 4247; baseline -0.008 -14"><span class='ocrx_word' id='word_1_821' title='bbox 1990 4180 2127 4233; x_wconf 88' lang='lat' dir='ltr'><strong>diam</strong></span> <span class='ocrx_word' id='word_1_822' title='bbox 2148 4179 2200 4231; x_wconf 88' lang='lat' dir='ltr'><strong>in</strong></span> <span class='ocrx_word' id='word_1_823' title='bbox 2222 4178 2392 4247; x_wconf 86' lang='lat' dir='ltr'><strong>lingua</strong></span> <span class='ocrx_word' id='word_1_824' title='bbox 2414 4182 2578 4247; x_wconf 84' lang='lat' dir='ltr'><strong>portat</strong></span> <span class='ocrx_word' id='word_1_825' title='bbox 2604 4171 2785 4242; x_wconf 88' lang='lat' dir='ltr'><strong>(Prov.</strong></span> <span class='ocrx_word' id='word_1_826' title='bbox 2812 4186 2958 4234; x_wconf 80' lang='lat' dir='ltr'><strong>xxxi,</strong></span> <span class='ocrx_word' id='word_1_827' title='bbox 2986 4168 3098 4240; x_wconf 79' lang='lat'><strong>26).</strong></span> <span class='ocrx_word' id='word_1_828' title='bbox 3130 4166 3248 4221; x_wconf 91' lang='lat' dir='ltr'><strong>Noli</strong></span> <span class='ocrx_word' id='word_1_829' title='bbox 3272 4166 3479 4231; x_wconf 91' lang='lat' dir='ltr'><strong>timere,</strong></span> <span class='ocrx_word' id='word_1_830' title='bbox 3502 4181 3569 4221; x_wconf 88' lang='lat' dir='ltr'><strong>ne</strong></span> 
     </span>
    </p>
   </div>
   <div class='ocr_carea' id='block_1_104' title="bbox 1991 4259 3571 4339">
    <p class='ocr_par' dir='ltr' id='par_1_104' title="bbox 1991 4259 3571 4339">
     <span class='ocr_line' id='line_1_104' title="bbox 1991 4259 3571 4339; baseline -0.007 -16"><span class='ocrx_word' id='word_1_831' title='bbox 1991 4271 2211 4339; x_wconf 86' lang='lat' dir='ltr'><strong>implere</strong></span> <span class='ocrx_word' id='word_1_832' title='bbox 2241 4270 2406 4337; x_wconf 88' lang='lat' dir='ltr'><strong>legem</strong></span> <span class='ocrx_word' id='word_1_833' title='bbox 2439 4282 2542 4319; x_wconf 91' lang='lat' dir='ltr'><strong>non</strong></span> <span class='ocrx_word' id='word_1_834' title='bbox 2572 4264 2763 4334; x_wconf 83' lang='lat' dir='ltr'><strong>possis,</strong></span> <span class='ocrx_word' id='word_1_835' title='bbox 2810 4262 2928 4331; x_wconf 79' lang='lat' dir='ltr'><strong>fuge</strong></span> <span class='ocrx_word' id='word_1_836' title='bbox 2957 4261 3020 4314; x_wconf 90' lang='lat' dir='ltr'><strong>ad</strong></span> <span class='ocrx_word' id='word_1_837' title='bbox 3049 4259 3485 4314; x_wconf 90' lang='lat' dir='ltr'><strong>misericordiam.</strong></span> <span class='ocrx_word' id='word_1_838' title='bbox 3515 4259 3571 4312; x_wconf 89' lang='lat' dir='ltr'><strong>Si</strong></span> 
     </span>
    </p>
   </div>
   <div class='ocr_carea' id='block_1_105' title="bbox 1992 4349 3569 4423">
    <p class='ocr_par' dir='ltr' id='par_1_105' title="bbox 1992 4349 3569 4423">
     <span class='ocr_line' id='line_1_105' title="bbox 1992 4349 3569 4423; baseline -0.01 -9"><span class='ocrx_word' id='word_1_839' title='bbox 1992 4361 2213 4414; x_wconf 92' lang='lat' dir='ltr'><strong>multum</strong></span> <span class='ocrx_word' id='word_1_840' title='bbox 2244 4367 2325 4412; x_wconf 92' lang='lat' dir='ltr'><strong>est</strong></span> <span class='ocrx_word' id='word_1_841' title='bbox 2362 4356 2429 4410; x_wconf 89' lang='lat' dir='ltr'><strong>ad</strong></span> <span class='ocrx_word' id='word_1_842' title='bbox 2461 4364 2509 4409; x_wconf 92' lang='lat' dir='ltr'><strong>te</strong></span> <span class='ocrx_word' id='word_1_843' title='bbox 2553 4355 2723 4423; x_wconf 87' lang='lat' dir='ltr'><strong>legem</strong></span> <span class='ocrx_word' id='word_1_844' title='bbox 2772 4352 3013 4419; x_wconf 88' lang='lat' dir='ltr'><strong>implere,</strong></span> <span class='ocrx_word' id='word_1_845' title='bbox 3060 4361 3208 4403; x_wconf 90' lang='lat' dir='ltr'><strong>utere</strong></span> <span class='ocrx_word' id='word_1_846' title='bbox 3257 4358 3408 4418; x_wconf 90' lang='lat' dir='ltr'><strong>pacto</strong></span> <span class='ocrx_word' id='word_1_847' title='bbox 3438 4349 3525 4400; x_wconf 89' lang='lat' dir='ltr'><strong>illo</strong></span> <span class='ocrx_word' id='word_1_848' title='bbox 3554 4387 3569 4413; x_wconf 94' lang='lat'><strong>,</strong></span> 
     </span>
    </p>
   </div>
   <div class='ocr_carea' id='block_1_106' title="bbox 1992 4440 3572 4519">
    <p class='ocr_par' dir='ltr' id='par_1_106' title="bbox 1992 4440 3572 4519">
     <span class='ocr_line' id='line_1_106' title="bbox 1992 4440 3572 4519; baseline -0.008 -12"><span class='ocrx_word' id='word_1_849' title='bbox 1992 4461 2141 4507; x_wconf 89' lang='lat' dir='ltr'><strong>utere</strong></span> <span class='ocrx_word' id='word_1_850' title='bbox 2166 4448 2535 4519; x_wconf 90' lang='lat' dir='ltr'><strong>chirographo,</strong></span> <span class='ocrx_word' id='word_1_851' title='bbox 2569 4455 2719 4500; x_wconf 92' lang='lat' dir='ltr'><strong>utere</strong></span> <span class='ocrx_word' id='word_1_852' title='bbox 2747 4443 2990 4512; x_wconf 87' lang='lat' dir='ltr'><strong>precibus</strong></span> <span class='ocrx_word' id='word_1_853' title='bbox 3016 4457 3149 4511; x_wconf 90' lang='lat' dir='ltr'><strong>quas</strong></span> <span class='ocrx_word' id='word_1_854' title='bbox 3181 4441 3270 4496; x_wconf 89' lang='lat' dir='ltr'><strong>tibi</strong></span> <span class='ocrx_word' id='word_1_855' title='bbox 3301 4440 3572 4496; x_wconf 91' lang='lat' dir='ltr'><strong>constituit</strong></span> 
     </span>
    </p>
   </div>
   <div class='ocr_carea' id='block_1_107' title="bbox 1992 4537 3001 4613">
    <p class='ocr_par' dir='ltr' id='par_1_107' title="bbox 1992 4537 3001 4613">
     <span class='ocr_line' id='line_1_107' title="bbox 1992 4537 3001 4613; baseline -0.011 -13"><span class='ocrx_word' id='word_1_856' title='bbox 1992 4554 2047 4601; x_wconf 86' lang='lat' dir='ltr'><strong>et</strong></span> <span class='ocrx_word' id='word_1_857' title='bbox 2072 4543 2369 4613; x_wconf 88' lang='lat' dir='ltr'><strong>composuit</strong></span> <span class='ocrx_word' id='word_1_858' title='bbox 2387 4540 2723 4610; x_wconf 88' lang='lat' dir='ltr'><strong>jurispcritus</strong></span> <span class='ocrx_word' id='word_1_859' title='bbox 2750 4537 3001 4591; x_wconf 67' lang='lat' dir='ltr'><strong>cmlestis.</strong></span> 
     </span>
    </p>
   </div>
   <div class='ocr_carea' id='block_1_108' title="bbox 2066 4625 3573 4701">
    <p class='ocr_par' dir='ltr' id='par_1_108' title="bbox 2066 4625 3573 4701">
     <span class='ocr_line' id='line_1_108' title="bbox 2066 4625 3573 4701; baseline -0.007 -12"><span class='ocrx_word' id='word_1_860' title='bbox 2066 4636 2150 4690; x_wconf 81' lang='lat' dir='ltr'><strong>ll.</strong></span> <span class='ocrx_word' id='word_1_861' title='bbox 2192 4634 2292 4701; x_wconf 88' lang='lat' dir='ltr'><strong>Qui</strong></span> <span class='ocrx_word' id='word_1_862' title='bbox 2318 4633 2457 4687; x_wconf 91' lang='lat' dir='ltr'><strong>enim</strong></span> <span class='ocrx_word' id='word_1_863' title='bbox 2490 4631 2683 4683; x_wconf 89' lang='lat' dir='ltr'><strong>habent</strong></span> <span class='ocrx_word' id='word_1_864' title='bbox 2716 4642 2947 4690; x_wconf 84' lang='lat' dir='ltr'><strong>causam,</strong></span> <span class='ocrx_word' id='word_1_865' title='bbox 2982 4635 3035 4681; x_wconf 89' lang='lat' dir='ltr'><strong>et</strong></span> <span class='ocrx_word' id='word_1_866' title='bbox 3063 4627 3248 4681; x_wconf 90' lang='lat' dir='ltr'><strong>volunt</strong></span> <span class='ocrx_word' id='word_1_867' title='bbox 3275 4625 3573 4695; x_wconf 90' lang='lat' dir='ltr'><strong>supplicare</strong></span> 
     </span>
    </p>
   </div>
   <div class='ocr_carea' id='block_1_109' title="bbox 1996 4716 3575 4796">
    <p class='ocr_par' dir='ltr' id='par_1_109' title="bbox 1996 4716 3575 4796">
     <span class='ocr_line' id='line_1_109' title="bbox 1996 4716 3575 4796; baseline -0.008 -15"><span class='ocrx_word' id='word_1_868' title='bbox 1996 4724 2321 4796; x_wconf 91' lang='lat' dir='ltr'><strong>imperatori,</strong></span> <span class='ocrx_word' id='word_1_869' title='bbox 2363 4730 2601 4791; x_wconf 66' lang='lat' dir='ltr'><strong>qumrunt</strong></span> <span class='ocrx_word' id='word_1_870' title='bbox 2629 4720 2854 4787; x_wconf 89' lang='lat' dir='ltr'><strong>aliquem</strong></span> <span class='ocrx_word' id='word_1_871' title='bbox 2897 4716 3268 4771; x_wconf 86' lang='lat' dir='ltr'><strong>scholasticum</strong></span> <span class='ocrx_word' id='word_1_872' title='bbox 3295 4717 3575 4785; x_wconf 70' lang='lat' dir='ltr'><strong>iurisperi-</strong></span> 
     </span>
    </p>
   </div>
   <div class='ocr_carea' id='block_1_110' title="bbox 1995 4806 3572 4885">
    <p class='ocr_par' dir='ltr' id='par_1_110' title="bbox 1995 4806 3572 4885">
     <span class='ocr_line' id='line_1_110' title="bbox 1995 4806 3572 4885; baseline -0.009 -14"><span class='ocrx_word' id='word_1_873' title='bbox 1995 4828 2130 4883; x_wconf 90' lang='lat' dir='ltr'><strong>tum,</strong></span> <span class='ocrx_word' id='word_1_874' title='bbox 2156 4833 2186 4871; x_wconf 92' lang='lat' dir='ltr'><strong>a</strong></span> <span class='ocrx_word' id='word_1_875' title='bbox 2213 4831 2317 4885; x_wconf 89' lang='lat' dir='ltr'><strong>quo</strong></span> <span class='ocrx_word' id='word_1_876' title='bbox 2343 4813 2442 4868; x_wconf 90' lang='lat' dir='ltr'><strong>sibi</strong></span> <span class='ocrx_word' id='word_1_877' title='bbox 2482 4826 2664 4880; x_wconf 90' lang='lat' dir='ltr'><strong>preces</strong></span> <span class='ocrx_word' id='word_1_878' title='bbox 2693 4817 3076 4877; x_wconf 90' lang='lat' dir='ltr'><strong>componantur</strong></span> <span class='ocrx_word' id='word_1_879' title='bbox 3100 4824 3113 4871; x_wconf 90' lang='lat'><strong>;</strong></span> <span class='ocrx_word' id='word_1_880' title='bbox 3146 4822 3213 4861; x_wconf 90' lang='lat' dir='ltr'><strong>ne</strong></span> <span class='ocrx_word' id='word_1_881' title='bbox 3240 4806 3375 4859; x_wconf 83' lang='lat' dir='ltr'><strong>forte</strong></span> <span class='ocrx_word' id='word_1_882' title='bbox 3400 4806 3442 4859; x_wconf 89' lang='lat' dir='ltr'><strong>si</strong></span> <span class='ocrx_word' id='word_1_883' title='bbox 3474 4806 3572 4858; x_wconf 85' lang='lat' dir='ltr'><strong>ali-</strong></span> 
     </span>
    </p>
   </div>
   <div class='ocr_carea' id='block_1_111' title="bbox 1998 4899 3578 4978">
    <p class='ocr_par' dir='ltr' id='par_1_111' title="bbox 1998 4899 3578 4978">
     <span class='ocr_line' id='line_1_111' title="bbox 1998 4899 3578 4978; baseline -0.008 -14"><span class='ocrx_word' id='word_1_884' title='bbox 1998 4920 2080 4964; x_wconf 89' lang='lat' dir='ltr'><strong>ter</strong></span> <span class='ocrx_word' id='word_1_885' title='bbox 2107 4908 2356 4978; x_wconf 86' lang='lat' dir='ltr'><strong>petierint</strong></span> <span class='ocrx_word' id='word_1_886' title='bbox 2384 4920 2540 4974; x_wconf 88' lang='lat' dir='ltr'><strong>quam</strong></span> <span class='ocrx_word' id='word_1_887' title='bbox 2569 4910 2795 4970; x_wconf 91' lang='lat' dir='ltr'><strong>oportet,</strong></span> <span class='ocrx_word' id='word_1_888' title='bbox 2827 4914 2929 4953; x_wconf 91' lang='lat' dir='ltr'><strong>non</strong></span> <span class='ocrx_word' id='word_1_889' title='bbox 2962 4899 3130 4952; x_wconf 91' lang='lat' dir='ltr'><strong>solum</strong></span> <span class='ocrx_word' id='word_1_890' title='bbox 3158 4914 3264 4953; x_wconf 89' lang='lat' dir='ltr'><strong>non</strong></span> <span class='ocrx_word' id='word_1_891' title='bbox 3292 4899 3578 4966; x_wconf 86' lang='lat' dir='ltr'><strong>impetrent</strong></span> 
     </span>
    </p>
   </div>
   <div class='ocr_carea' id='block_1_112' title="bbox 1997 4993 3575 5073">
    <p class='ocr_par' dir='ltr' id='par_1_112' title="bbox 1997 4993 3575 5073">
     <span class='ocr_line' id='line_1_112' title="bbox 1997 4993 3575 5073; baseline -0.009 -16"><span class='ocrx_word' id='word_1_892' title='bbox 1997 5002 2134 5073; x_wconf 91' lang='lat' dir='ltr'><strong>quod</strong></span> <span class='ocrx_word' id='word_1_893' title='bbox 2158 5008 2364 5071; x_wconf 89' lang='lat' dir='ltr'><strong>petunt,</strong></span> <span class='ocrx_word' id='word_1_894' title='bbox 2393 4997 2485 5053; x_wconf 89' lang='lat' dir='ltr'><strong>sed</strong></span> <span class='ocrx_word' id='word_1_895' title='bbox 2512 5007 2565 5051; x_wconf 88' lang='lat' dir='ltr'><strong>et</strong></span> <span class='ocrx_word' id='word_1_896' title='bbox 2592 5010 2797 5065; x_wconf 67' lang='lat' dir='ltr'><strong>pinnam</strong></span> <span class='ocrx_word' id='word_1_897' title='bbox 2827 5008 2925 5064; x_wconf 92' lang='lat' dir='ltr'><strong>pro</strong></span> <span class='ocrx_word' id='word_1_898' title='bbox 2949 4993 3208 5047; x_wconf 83' lang='lat' dir='ltr'><strong>beneﬁcio</strong></span> <span class='ocrx_word' id='word_1_899' title='bbox 3236 5005 3575 5060; x_wconf 83' lang='lat' dir='ltr'><strong>consequan-</strong></span> 
     </span>
    </p>
   </div>
   <div class='ocr_carea' id='block_1_113' title="bbox 1998 5084 3577 5169">
    <p class='ocr_par' dir='ltr' id='par_1_113' title="bbox 1998 5084 3577 5169">
     <span class='ocr_line' id='line_1_113' title="bbox 1998 5084 3577 5169; baseline -0.008 -19"><span class='ocrx_word' id='word_1_900' title='bbox 1998 5105 2083 5169; x_wconf 82' lang='lat' dir='ltr'><strong>tur</strong></span> <span class='ocrx_word' id='word_1_901' title='bbox 2105 5097 2143 5148; x_wconf 76' lang='grc' dir='ltr'><strong>ι.</strong></span> <span class='ocrx_word' id='word_1_902' title='bbox 2175 5094 2305 5148; x_wconf 89' lang='lat' dir='ltr'><strong>Cum</strong></span> <span class='ocrx_word' id='word_1_903' title='bbox 2328 5106 2453 5161; x_wconf 89' lang='lat' dir='ltr'><strong>ergo</strong></span> <span class='ocrx_word' id='word_1_904' title='bbox 2478 5096 2779 5161; x_wconf 74' lang='lat' dir='ltr'><strong>quaererent</strong></span> <span class='ocrx_word' id='word_1_905' title='bbox 2802 5086 3100 5156; x_wconf 87' lang='lat' dir='ltr'><strong>supplicare</strong></span> <span class='ocrx_word' id='word_1_906' title='bbox 3120 5084 3378 5154; x_wconf 87' lang='lat' dir='ltr'><strong>Apostolt,</strong></span> <span class='ocrx_word' id='word_1_907' title='bbox 3394 5092 3449 5137; x_wconf 88' lang='lat' dir='ltr'><strong>et</strong></span> <span class='ocrx_word' id='word_1_908' title='bbox 3470 5098 3577 5138; x_wconf 88' lang='lat' dir='ltr'><strong>non</strong></span> 
     </span>
    </p>
   </div>
   <div class='ocr_carea' id='block_1_114' title="bbox 1999 5178 3581 5256">
    <p class='ocr_par' dir='ltr' id='par_1_114' title="bbox 1999 5178 3581 5256">
     <span class='ocr_line' id='line_1_114' title="bbox 1999 5178 3581 5256; baseline -0.008 -13"><span class='ocrx_word' id='word_1_909' title='bbox 1999 5188 2295 5243; x_wconf 90' lang='lat' dir='ltr'><strong>invenirent</strong></span> <span class='ocrx_word' id='word_1_910' title='bbox 2327 5184 2593 5256; x_wconf 91' lang='lat' dir='ltr'><strong>quomodo</strong></span> <span class='ocrx_word' id='word_1_911' title='bbox 2618 5183 2823 5237; x_wconf 89' lang='lat' dir='ltr'><strong>adirent</strong></span> <span class='ocrx_word' id='word_1_912' title='bbox 2866 5181 3238 5249; x_wconf 88' lang='lat' dir='ltr'><strong>imperatorem</strong></span> <span class='ocrx_word' id='word_1_913' title='bbox 3277 5178 3463 5245; x_wconf 90' lang='lat' dir='ltr'><strong>Deum,</strong></span> <span class='ocrx_word' id='word_1_914' title='bbox 3498 5178 3581 5233; x_wconf 89' lang='lat' dir='ltr'><strong>di-</strong></span> 
     </span>
    </p>
   </div>
   <div class='ocr_carea' id='block_1_115' title="bbox 1998 5268 3580 5344">
    <p class='ocr_par' dir='ltr' id='par_1_115' title="bbox 1998 5268 3580 5344">
     <span class='ocr_line' id='line_1_115' title="bbox 1998 5268 3580 5344; baseline -0.008 -8"><span class='ocrx_word' id='word_1_915' title='bbox 1998 5290 2193 5336; x_wconf 84' lang='lat' dir='ltr'><strong>xerunt</strong></span> <span class='ocrx_word' id='word_1_916' title='bbox 2228 5278 2461 5344; x_wconf 88' lang='lat' dir='ltr'><strong>Christo,</strong></span> <span class='ocrx_word' id='word_1_917' title='bbox 2496 5274 2726 5337; x_wconf 87' lang='lat' dir='ltr'><strong>Domine,</strong></span> <span class='ocrx_word' id='word_1_918' title='bbox 2755 5272 2877 5326; x_wconf 85' lang='lat' dir='ltr'><strong>doce</strong></span> <span class='ocrx_word' id='word_1_919' title='bbox 2900 5288 2991 5325; x_wconf 78' lang='lat' dir='ltr'><strong>nos</strong></span> <span class='ocrx_word' id='word_1_920' title='bbox 3020 5285 3203 5324; x_wconf 85' lang='lat' dir='ltr'><strong>orare:</strong></span> <span class='ocrx_word' id='word_1_921' title='bbox 3226 5268 3326 5323; x_wconf 89' lang='lat' dir='ltr'><strong>hoc</strong></span> <span class='ocrx_word' id='word_1_922' title='bbox 3350 5277 3452 5333; x_wconf 90' lang='lat' dir='ltr'><strong>est,</strong></span> <span class='ocrx_word' id='word_1_923' title='bbox 3484 5268 3580 5324; x_wconf 85' lang='lat' dir='ltr'><strong>Ju-</strong></span> 
     </span>
    </p>
   </div>
   <div class='ocr_carea' id='block_1_116' title="bbox 2000 5360 3583 5442">
    <p class='ocr_par' dir='ltr' id='par_1_116' title="bbox 2000 5360 3583 5442">
     <span class='ocr_line' id='line_1_116' title="bbox 2000 5360 3583 5442; baseline -0.008 -15"><span class='ocrx_word' id='word_1_924' title='bbox 2000 5372 2245 5442; x_wconf 89' lang='lat' dir='ltr'><strong>risperite</strong></span> <span class='ocrx_word' id='word_1_925' title='bbox 2270 5378 2465 5432; x_wconf 89' lang='lat' dir='ltr'><strong>noster,</strong></span> <span class='ocrx_word' id='word_1_926' title='bbox 2487 5381 2747 5432; x_wconf 87' lang='lat' dir='ltr'><strong>assessor,</strong></span> <span class='ocrx_word' id='word_1_927' title='bbox 2763 5366 2870 5419; x_wconf 93' lang='lat' dir='ltr'><strong>imo</strong></span> <span class='ocrx_word' id='word_1_928' title='bbox 2888 5376 3168 5418; x_wconf 88' lang='lat' dir='ltr'><strong>consessor</strong></span> <span class='ocrx_word' id='word_1_929' title='bbox 3188 5360 3303 5427; x_wconf 90' lang='lat' dir='ltr'><strong>Dei,</strong></span> <span class='ocrx_word' id='word_1_930' title='bbox 3322 5376 3583 5431; x_wconf 82' lang='lat' dir='ltr'><strong>compone</strong></span> 
     </span>
    </p>
   </div>
   <div class='ocr_carea' id='block_1_117' title="bbox 2001 5452 3581 5533">
    <p class='ocr_par' dir='ltr' id='par_1_117' title="bbox 2001 5452 3581 5533">
     <span class='ocr_line' id='line_1_117' title="bbox 2001 5452 3581 5533; baseline -0.007 -14"><span class='ocrx_word' id='word_1_931' title='bbox 2001 5466 2154 5519; x_wconf 91' lang='lat' dir='ltr'><strong>nobis</strong></span> <span class='ocrx_word' id='word_1_932' title='bbox 2189 5477 2395 5533; x_wconf 90' lang='lat' dir='ltr'><strong>preces.</strong></span> <span class='ocrx_word' id='word_1_933' title='bbox 2451 5460 2519 5515; x_wconf 88' lang='lat' dir='ltr'><strong>Et</strong></span> <span class='ocrx_word' id='word_1_934' title='bbox 2560 5458 2739 5514; x_wconf 89' lang='lat' dir='ltr'><strong>docuit</strong></span> <span class='ocrx_word' id='word_1_935' title='bbox 2765 5456 3016 5511; x_wconf 86' lang='lat' dir='ltr'><strong>Dominus</strong></span> <span class='ocrx_word' id='word_1_936' title='bbox 3040 5452 3107 5508; x_wconf 88' lang='lat' dir='ltr'><strong>de</strong></span> <span class='ocrx_word' id='word_1_937' title='bbox 3136 5453 3270 5507; x_wconf 90' lang='lat' dir='ltr'><strong>libro</strong></span> <span class='ocrx_word' id='word_1_938' title='bbox 3303 5453 3437 5522; x_wconf 87' lang='lat' dir='ltr'><strong>juris</strong></span> <span class='ocrx_word' id='word_1_939' title='bbox 3465 5469 3581 5509; x_wconf 67' lang='lat' dir='ltr'><strong>ca:-</strong></span> 
     </span>
    </p>
   </div>
   <div class='ocr_carea' id='block_1_118' title="bbox 2002 5544 3578 5623">
    <p class='ocr_par' dir='ltr' id='par_1_118' title="bbox 2002 5544 3578 5623">
     <span class='ocr_line' id='line_1_118' title="bbox 2002 5544 3578 5623; baseline -0.01 -11"><span class='ocrx_word' id='word_1_940' title='bbox 2002 5558 2171 5621; x_wconf 86' lang='lat' dir='ltr'><strong>lestis,</strong></span> <span class='ocrx_word' id='word_1_941' title='bbox 2191 5550 2648 5623; x_wconf 89' lang='lat' dir='ltr'><strong>docuitquomodo</strong></span> <span class='ocrx_word' id='word_1_942' title='bbox 2664 5556 2877 5604; x_wconf 89' lang='lat' dir='ltr'><strong>orarent</strong></span> <span class='ocrx_word' id='word_1_943' title='bbox 2904 5564 2917 5601; x_wconf 89' lang='lat'><strong>:</strong></span> <span class='ocrx_word' id='word_1_944' title='bbox 2946 5554 3001 5601; x_wconf 90' lang='lat' dir='ltr'><strong>et</strong></span> <span class='ocrx_word' id='word_1_945' title='bbox 3026 5546 3078 5599; x_wconf 91' lang='lat' dir='ltr'><strong>in</strong></span> <span class='ocrx_word' id='word_1_946' title='bbox 3096 5546 3210 5615; x_wconf 84' lang='lat' dir='ltr'><strong>ipso</strong></span> <span class='ocrx_word' id='word_1_947' title='bbox 3222 5544 3360 5614; x_wconf 92' lang='lat' dir='ltr'><strong>quod</strong></span> <span class='ocrx_word' id='word_1_948' title='bbox 3380 5545 3578 5608; x_wconf 87' lang='lat' dir='ltr'><strong>docuit,</strong></span> 
     </span>
    </p>
   </div>
   <div class='ocr_carea' id='block_1_119' title="bbox 2006 5635 3577 5721">
    <p class='ocr_par' dir='ltr' id='par_1_119' title="bbox 2006 5635 3577 5721">
     <span class='ocr_line' id='line_1_119' title="bbox 2006 5635 3577 5721; baseline -0.01 -17"><span class='ocrx_word' id='word_1_949' title='bbox 2006 5649 2178 5721; x_wconf 91' lang='lat' dir='ltr'><strong>posuit</strong></span> <span class='ocrx_word' id='word_1_950' title='bbox 2197 5646 2477 5717; x_wconf 89' lang='lat' dir='ltr'><strong>quamdam</strong></span> <span class='ocrx_word' id='word_1_951' title='bbox 2488 5643 2843 5699; x_wconf 90' lang='lat' dir='ltr'><strong>conditionem</strong></span> <span class='ocrx_word' id='word_1_952' title='bbox 2873 5655 2886 5692; x_wconf 92' lang='lat'><strong>:</strong></span> <span class='ocrx_word' id='word_1_953' title='bbox 2916 5636 3122 5691; x_wconf 87' lang='lat' dir='ltr'><strong>Dimitte</strong></span> <span class='ocrx_word' id='word_1_954' title='bbox 3141 5638 3281 5691; x_wconf 76' lang='lat' dir='ltr'><strong>nobis</strong></span> <span class='ocrx_word' id='word_1_955' title='bbox 3297 5635 3460 5689; x_wconf 83' lang='lat' dir='ltr'><strong>debila</strong></span> <span class='ocrx_word' id='word_1_956' title='bbox 3484 5652 3577 5689; x_wconf 80' lang='lat' dir='ltr'><strong>no-</strong></span> 
     </span>
    </p>
   </div>
   <div class='ocr_carea' id='block_1_120' title="bbox 2003 5726 3558 5803">
    <p class='ocr_par' dir='ltr' id='par_1_120' title="bbox 2003 5726 3558 5803">
     <span class='ocr_line' id='line_1_120' title="bbox 2003 5726 3558 5803; baseline -0.01 -7"><span class='ocrx_word' id='word_1_957' title='bbox 2003 5749 2128 5803; x_wconf 77' lang='lat' dir='ltr'><strong>stre,</strong></span> <span class='ocrx_word' id='word_1_958' title='bbox 2154 5739 2280 5793; x_wconf 73' lang='lat' dir='ltr'><strong>sicut</strong></span> <span class='ocrx_word' id='word_1_959' title='bbox 2299 5748 2345 5792; x_wconf 80' lang='lat' dir='ltr'><strong>et</strong></span> <span class='ocrx_word' id='word_1_960' title='bbox 2370 5754 2459 5791; x_wconf 77' lang='lat' dir='ltr'><strong>nos</strong></span> <span class='ocrx_word' id='word_1_961' title='bbox 2476 5734 2774 5789; x_wconf 76' lang='lat' dir='ltr'><strong>dimittimus</strong></span> <span class='ocrx_word' id='word_1_962' title='bbox 2798 5728 3100 5787; x_wconf 69' lang='lat' dir='ltr'><strong>debitoribus</strong></span> <span class='ocrx_word' id='word_1_963' title='bbox 3123 5729 3309 5786; x_wconf 71' lang='lat' dir='ltr'><strong>nostris</strong></span> <span class='ocrx_word' id='word_1_964' title='bbox 3333 5726 3479 5801; x_wconf 84' lang='lat' dir='ltr'><strong>(Luc.</strong></span> <span class='ocrx_word' id='word_1_965' title='bbox 3504 5742 3558 5781; x_wconf 70' lang='grc' dir='ltr'><strong><em>ιι</em></strong></span> 
     </span>
    </p>
   </div>
   <div class='ocr_carea' id='block_1_121' title="bbox 2070 5851 2797 5916">
    <p class='ocr_par' dir='ltr' id='par_1_121' title="bbox 2070 5851 2797 5916">
     <span class='ocr_line' id='line_1_121' title="bbox 2070 5851 2797 5916; baseline -0.007 -12"><span class='ocrx_word' id='word_1_966' title='bbox 2070 5851 2088 5887; x_wconf 77' lang='grc' dir='ltr'>ι</span> <span class='ocrx_word' id='word_1_967' title='bbox 2112 5851 2336 5916; x_wconf 64' lang='lat' dir='ltr'><strong>ﬂetique</strong></span> <span class='ocrx_word' id='word_1_968' title='bbox 2355 5857 2487 5913; x_wconf 65' lang='lat' dir='ltr'><strong>Ias,</strong></span> <span class='ocrx_word' id='word_1_969' title='bbox 2508 5852 2797 5901; x_wconf 66' lang='lat' dir='ltr'><strong>Mearm.</strong></span> 
     </span>
    </p>
   </div>
  </div>
