4074 6460
547 377 682 440 ιω

544 499 687 566 1-4).
713 499 776 553 Si
797 513 906 558 non
923 501 1214 556 secundum
1235 501 1406 572 legem
1435 503 1667 572 petieris,
1687 517 1808 558 reus
1832 503 1954 558 eris.
1977 502 2118 560 Con-

541 592 804 646 tretniscis
849 593 1216 662 impera-torem
1261 593 1426 647 factus
1451 595 1616 648 rens?
1639 593 1772 650 offer
1801 593 2116 650 sacriﬁcium

543 682 871 745 humilitatis,
889 683 1022 738 utier
1045 684 1360 739 sacrificium
1385 685 1780 749 misericordiae,
1802 685 1888 740 dic
1913 686 1964 739 in
1994 703 2115 756 pre-

538 778 705 842 cibus,
751 777 961 830 Dimitte
993 778 1140 840 mihi,
1173 777 1420 845 quoniam
1449 785 1502 831 et
1529 792 1628 848 ego
1665 777 1892 831 dimitto.
1937 777 2042 832 Sed
2069 777 2114 832 si

536 867 688 932 dicis,
735 867 835 922 fac.
879 867 1012 934 Quid
1041 869 1184 922 enim
1226 867 1459 922 facturus
1497 883 1575 934 es,
1620 884 1724 938 quo
1753 869 1921 922 iturus
1950 884 2027 932 es,
2069 868 2116 922 si

536 960 786 1013 mentitus
815 958 974 1013 literis
1004 960 1054 1012 in
1089 958 1371 1027 precibus?
1409 959 1522 1012 Non
1553 959 1816 1026 quomodo
1843 957 2036 1012 dicitur
2061 958 2112 1011 in

535 1047 669 1114 lbra,
711 1049 916 1102 carebis
953 1047 1208 1102 beneﬁcio
1248 1049 1486 1116 rescripti
1509 1065 1522 1112 ;
1549 1048 1641 1102 sed
1673 1063 1770 1102 nec
1801 1047 2112 1116 rescriptum

535 1137 860 1208 impetrabis.
889 1139 1027 1193 Juris
1057 1138 1198 1192 enim
1227 1139 1449 1194 forensis
1479 1147 1560 1192 est
1587 1148 1640 1192 ut
1669 1139 1755 1208 qui
1789 1139 1840 1191 in
1867 1138 2114 1206 precibus

533 1231 785 1284 mentitus
823 1229 999 1296 Fuerit,
1043 1246 1144 1284 non
1173 1229 1246 1284 illi
1279 1231 1444 1299 prosit
1477 1229 1620 1299 quod
1658 1231 1972 1298 impetravit.
2007 1229 2116 1282 Sed

533 1319 638 1375 hoc
665 1321 802 1375 inter
829 1321 1091 1388 homines,
1116 1323 1236 1390 quia
1263 1329 1434 1390 potest
1455 1321 1564 1374 falli
1589 1321 1782 1386 homo;
1812 1321 1982 1392 potuit
2003 1319 2111 1376 Falli

533 1410 837 1479 imperator,
871 1417 1080 1480 quando
1122 1427 1304 1480 preces
1332 1412 1521 1466 misisti
1555 1430 1568 1466 :
1595 1411 1774 1466 dixisti
1798 1412 1938 1484 enim
1965 1411 2112 1481 quod

531 1502 761 1568 voluisti,
791 1504 942 1558 eteui
969 1505 1166 1568 (ﬁxisti,
1199 1505 1366 1560 nescit
1385 1520 1452 1558 an
1480 1519 1663 1558 verum
1689 1505 1756 1558 sit
1790 1520 1810 1569 ;ο
1833 1503 2034 1558 dimisit
2059 1512 2112 1558 tc

530 1593 838 1649 adversario
861 1604 952 1648 tuo
973 1595 1410 1662 convincendum,
1441 1595 1558 1649 utsi
1581 1601 1704 1650 ante
1725 1595 1956 1664 judicem
1981 1609 2111 1648 con-

529 1686 698 1740 victus
736 1685 900 1740 fueris
941 1687 1010 1742 de
1039 1687 1333 1754 mendacio,
1366 1688 1484 1756 quia
1517 1701 1628 1742 non
1665 1687 1834 1755 potuit
1877 1686 1962 1740 ille
2009 1687 2110 1741 nisi

529 1785 800 1845 pne-stare,
823 1778 1063 1832 nesciens
1088 1793 1154 1830 an
1185 1777 1346 1832 fueris
1366 1777 1643 1844 ment-itus,
1673 1775 1750 1830 ibi
1769 1777 1974 1832 carebis
1995 1777 2112 1846 ipso

527 1865 786 1921 beneflcio
821 1870 1079 1940 rescripti,
1127 1885 1234 1938 quo
1275 1868 1562 1938 perduxisti
1601 1867 1935 1935 rescriptum.
1971 1867 2112 1923 Deus

527 1969 704 2014 autem
746 1963 836 2030 qui
882 1963 1025 2015 novit
1065 1974 1238 2016 utrum
1279 1963 1578 2029 mentiaris,
1619 1977 1686 2016 an
1717 1978 1898 2017 verum
1923 1963 2104 2030 dicas,

525 2065 630 2104 non
659 2049 782 2104 facit
808 2061 864 2105 ut
901 2053 951 2105 in
977 2053 1176 2120 judicio
1209 2053 1300 2106 tibi
1325 2069 1430 2108 noo
1461 2055 1663 2125 prosit;
1697 2053 1794 2109 sed
1817 2070 1914 2109 nec
1941 2055 2109 2125 impe-

525 2149 668 2200 trare
695 2150 746 2195 te
774 2143 1046 2210 permittit,
1079 2147 1206 2212 quia
1225 2159 1390 2200 ausus
1413 2161 1470 2200 es
1499 2148 1709 2201 mentiri
1735 2148 1962 2202 veritati.

540 2221 544 2224 ’
595 2233 681 2286 η.
721 2233 865 2298 Quid
895 2249 1028 2304 ergo
1069 2236 1302 2291 facturus
1327 2237 1428 2294 es?
1456 2238 1544 2293 die
1574 2239 1722 2292 mihi.
1763 2239 1988 2308 implere
2025 2239 2106 2295 le-

523 2339 642 2394 gem
685 2339 750 2380 ex
779 2327 922 2380 omni
951 2335 1117 2396 parte,
1152 2329 1220 2382 ita
1251 2337 1310 2382 ut
1333 2330 1388 2382 in
1429 2331 1578 2386 nulie
1611 2331 1867 2394 oli’endas,
1895 2331 2108 2387 difficile

522 2425 606 2470 est
635 2427 856 2472 :reatus
899 2434 1027 2489 ergo
1067 2429 1246 2476 certus
1285 2429 1410 2487 est:
1445 2423 1684 2478 remedio
1723 2425 1796 2478 uti
1839 2441 1944 2480 non
1983 2425 2108 2480 vis?

519 2505 680 2578 Ecce,
731 2507 922 2566 fratres
958 2511 1082 2576 mei,
1133 2511 1290 2579 quale
1325 2513 1616 2566 retnedium
1651 2515 1824 2584 posuit
1851 2515 2110 2570 Domino-9

521 2605 706 2651 contra
725 2599 1063 2668 tegritudiines
1081 2601 1294 2656 animae.
1313 2601 1472 2668 Quod
1487 2618 1614 2672 ergo
1629 2603 1652 2655 ελ
1679 2604 1808 2659 Cum
1829 2615 1986 2674 caput
2013 2607 2105 2662 tibi

520 2687 684 2756 dolet,
718 2690 992 2745 laudamus
1005 2694 1048 2744 si
1079 2693 1418 2762 Evagelium
1443 2693 1508 2748 ad
1537 2703 1696 2764 capm
1721 2697 1810 2750 tibi
1838 2699 2097 2766 posueris,

520 2787 578 2833 et
597 2794 710 2834 non.
729 2780 800 2842 ad
823 2782 1102 2850 ligotueuin
1131 2785 1448 2838 cucurreris.
1480 2785 1562 2839 Ad
1595 2787 1696 2840 hoc
1729 2787 1869 2841 enim
1901 2789 2100 2856 perdu-

519 2879 606 2926 cta
628 2881 708 2926 est
735 2872 1016 2928 inﬁrmitas
1043 2873 1339 2938 hominum,
1369 2882 1422 2928 et
1449 2875 1520 2929 ita
1550 2875 1828 2946 plangendi
1857 2886 1981 2932 sunt
2006 2878 2102 2933 ho-

520 2963 690 3018 minus
714 2965 804 3033 qui
826 2974 1048 3028 currunt
1072 2965 1137 3020 ad
1165 2967 1434 3036 ligatum,
1461 2975 1518 3021 ut
1544 2968 1865 3037 gaudeamus
1885 2969 2100 3039 quando

519 3054 760 3108 videmus
805 3056 1080 3110 hominem.
1112 3057 1162 3110 iu
1205 3057 1342 3116 lecto
1373 3073 1476 3111 suo.
1514 3060 1876 3128 constitutum,
1909 3061 2100 3130 jactari

519 3143 750 3208 ﬁebribns
769 3155 824 3201 et
853 3148 1144 3213 doloribus,
1174 3165 1274 3204 nec
1295 3149 1486 3205 alicubi
1525 3165 1674 3220 spem
1704 3153 1965 3222 posuisse,
1996 3155 2098 3210 nisi

518 3255 577 3301 ut
614 3248 714 3302 sibi
743 3248 1088 3320 Evangelium
1131 3249 1204 3304 ad
1233 3259 1391 3320 caput
1441 3259 1702 3319 poneret:
1735 3267 1841 3305 non
1867 3253 1987 3322 quia
2030 3254 2098 3307 ad

517 3337 620 3394 hoc
661 3339 854 3395 factum
888 3341 1126 3408 est,nsed
1162 3342 1282 3410 quia
1327 3341 1602 3411 praelatum
1629 3352 1711 3397 est
1750 3343 2096 3412 Evangelium

516 3430 771 3502 ligaturis.
820 3432 877 3488 Si
926 3447 1056 3504 ergo
1079 3433 1146 3488 ad
1173 3441 1332 3502 caput
1355 3433 1568 3502 ponitur
1596 3442 1653 3487 ut
1680 3435 1916 3504 quiescat
1945 3435 2096 3488 dolor

515 3526 722 3595 capitis,
767 3525 840 3580 ad-
878 3543 972 3582 cor
1011 3544 1116 3582 non
1162 3529 1376 3598 ponitur
1417 3538 1471 3583 ut
1518 3541 1734 3584 sanetur
1758 3545 1788 3584 a
1818 3533 2096 3602 peccatis?

515 3615 632 3670 Fiat
655 3632 802 3686 ergo.
833 3618 968 3685 Quid
991 3618 1081 3672 ﬂat
1097 3619 1124 3672 ?
1147 3619 1378 3673 Ponatur
1399 3619 1468 3675 ad
1485 3635 1596 3686 cor,
1623 3629 1842 3676 sanetur
1859 3637 1968 3677 cor.
2001 3623 2096 3678 Bo-

511 3723 638 3764 num
662 3717 762 3774 est,
803 3709 1020 3774 bonum,
1051 3719 1106 3764 ut
1131 3709 1198 3764 de
1239 3711 1408 3766 salute
1435 3712 1677 3782 corporis
1716 3729 1820 3767 non
1848 3723 2054 3784 satagas
2073 3756 2089 3782 ,

511 3800 610 3855 nisi
649 3809 760 3855 ut-a
795 3801 906 3856 Deo
933 3803 1074 3856 illam
1110 3811 1277 3871 petas.
1311 3803 1372 3856 Si
1395 3803 1495 3857 scit
1521 3804 1614 3858 tibi
1645 3805 1918 3874 prodesse,
1948 3807 2094 3862 dabit

509 3890 652 3944 illam
679 3909 694 3946 :
719 3892 764 3946 si
791 3907 898 3946 non
928 3893 1018 3946 tibi
1043 3893 1267 3956 dederit,
1292 3909 1398 3948 non
1425 3894 1676 3963 proderat
1705 3897 1900 3952 habere
1921 3899 2088 3952 illam.

509 3979 678 4045 Quam
717 3982 866 4034 multi
911 3989 1168 4051 mgrotant
1193 3983 1244 4036 in
1274 3983 1410 4036 lecto
1437 3983 1781 4050 innocentes;
1820 3995 1875 4040 et
1904 3989 1946 4040 si
1975 3987 2092 4040 sani

509 4071 734 4138 fuerint,
789 4073 1079 4142 procedunt
1125 4073 1198 4127 ad—
1237 4075 1437 4128 scelera
1463 4077 1878 4131 committenda?
1921 4077 2088 4144 Quam

509 4164 689 4217 multis
718 4163 868 4217 obest
907 4165 1104 4218 sanitas
1123 4164 1156 4218 ?'
1181 4165 1340 4219 Latro
1367 4166 1456 4235 qui
1501 4165 1736 4234 procedit
1773 4167 1840 4221 ad
1883 4167 2088 4222 faucem

509 4254 754 4308 occidere
781 4253 1070 4322 hominem,
1095 4265 1291 4325 quanto
1321 4256 1397 4309 illi
1427 4257 1616 4312 melius
1637 4267 1750 4312 erat
1777 4268 1830 4312 ut
1861 4269 2086 4328 :rgrota-

508 4347 632 4400 ret?
661 4347 756 4412 Qui
775 4355 934 4400 noctu
957 4347 1124 4417 surgit
1139 4347 1202 4401 ad
1231 4347 1531 4402 fodiendum
1554 4349 1806 4417 parietem
1831 4351 2083 4418 alienum,

508 4448 706 4508 quamo
735 4441 806 4493 illi
837 4441 1024 4494 melius
1049 4440 1092 4494 si
1132 4439 1366 4493 febribus
1390 4440 1716 4509 j'actaretur?
1745 4441 2085 4498 [innocentius

506 4539 802 4601 aegrotaret,
831 4531 1090 4585 scelerate
1118 4545 1279 4584 sanus
1305 4540 1406 4585 est.
1445 4531 1600 4585 Novit
1627 4547 1754 4602 ergo
1781 4533 1920 4587 Deus
1959 4535 2088 4604 quid

505 4621 659 4674 nobis
702 4621 985 4690 expediat:
1019 4621 1070 4674 id
1115 4635 1336 4691 oguinus
1363 4629 1586 4686 tantum,
1630 4629 1686 4676 ut
1719 4637 1816 4677 cor
1843 4633 2082 4682 mstrum

505 4727 692 4766 sanum
717 4713 788 4765 sit
818 4727 846 4764 a
877 4711 1139 4780 peccatis;
1169 4721 1223 4766 et
1247 4711 1458 4782 quando
1499 4711 1632 4766 forte
1670 4711 2000 4783 ﬂagellamur
2029 4716 2082 4770 in

503 4818 757 4872 corpore,
809 4804 980 4872 ipsum
1029 4803 1392 4872 deprecemur.
1443 4803 1666 4874 Rogauit
1717 4819 1838 4859 eum
1893 4807 2084 4863 Paulus

503 4895 790 4963 apostolus,
823 4901 878 4947 ut
917 4893 1150 4948 auferret
1175 4894 1444 4948 stimulum
1485 4895 1678 4958 carnis,
1707 4904 1760 4949 et
1781 4895 1954 4950 noluit:
1987 4913 2082 4952 au-

501 4983 664 5040 ferre.
697 4985 960 5054 Numquid
997 4985 1334 5054 perturbans
1361 4986 1478 5039 est?
1515 4987 1766 5055 numquid
1795 4989 2082 5046 contrista-

503 5083 588 5129 tus
613 5075 744 5130 dixit
769 5091 830 5129 se
863 5075 1130 5130 desertum
1149 5075 1174 5127 ἲ
1199 5074 1362 5143 Magis
1387 5089 1454 5128 se
1472 5075 1608 5130 dixit
1637 5091 1738 5132 non
1771 5077 2036 5132 desertum
2061 5121 2076 5144 ,

501 5167 624 5237 quia
652 5181 764 5221 non
790 5167 1032 5222 ablatum
1067 5177 1158 5224 est
1191 5167 1334 5237 quod
1368 5168 1582 5222 volebat
1623 5169 1840 5237 auferri;
1889 5181 1945 5225 ut
1989 5172 2078 5226 illa

501 5255 1092 5312 infirmitas-sanantur.
1127 5258 1236 5312 Hoc
1255 5259 1404 5313 enim
1417 5259 1619 5314 invenit
1642 5261 1696 5314 in
1712 5277 1846 5317 voce.
1863 5264 2075 5319 medici:

501 5347 998 5420 Suﬁit-tibi'gratio
1013 5367 1170 5416 meo:
1193 5365 1320 5404 nam
1339 5351 1496 5404 virtus
1519 5353 1576 5405 in
1600 5352 1891 5421 inﬁrmitate
1918 5357 2076 5426 pet-[i-

499 5439 627 5493 citur
659 5439 734 5510 (‘ll
759 5439 876 5496 Cor.
905 5457 998 5505 xu,
1026 5441 1080 5509 8,
1104 5439 1180 5513 9).
1213 5440 1522 5512 Undeengo-
1539 5443 1643 5498 scis
1663 5444 1812 5512 quod
1832 5459 1944 5500 non-
1965 5447 2082 5502 vult

497 5539 554 5588 te
578 5547 768 5588 sanare
808 5533 986 5588 Darei
1012 5533 1198 5588 Adhuc
1225 5533 1322 5588 tibi
1355 5533 1568 5602 expedit
1609 5533 1880 5604 ﬂagellari.
1926 5535 2078 5593 Unde

497 5624 602 5678 scis
621 5639 776 5694 quam
801 5633 953 5693 putre
971 5633 1062 5679 est
1077 5625 1218 5695 quod
1243 5633 1388 5680 secat
1411 5624 1670 5692 medicos,
1693 5639 1858 5695 agens
1877 5624 2076 5684 ferrum

499 5727 594 5784 per
637 5715 842 5784 putris?
883 5714 1078 5772 Nonne
1113 5717 1258 5771 norit
1296 5714 1532 5780 niodu,
1579 5713 1704 5784 quid
1749 5713 1926 5781 iaciat,
1969 5731 2080 5787 quo

500 5824 667 5882 usque
693 5814 882 5870 faciat?
911 5811 1173 5885 Numquid
1210 5811 1440 5872 ωυιαω
1473 5807 1590 5879 01118
1609 5807 1706 5879 (ἰξιὶ
1725 5816 1956 5878 mn
1982 5825 2072 5866 ro-

1475 383 1540 443 IN
1576 385 1854 444 JOANNIS
1889 387 2355 460 EVANGELIUM,
2393 390 2452 448 S.
2493 392 2863 454 AUGUSTINI

3657 405 3792 468 MM

2223 505 2384 561 trahit
2410 521 2598 563 manus
2627 509 2814 565 medici
2840 511 3123 570 artiﬁciose
3144 517 3412 572 secantis?
3439 517 3532 574 ille
3559 519 3790 592 clamat;

2221 597 2312 653 ille
2337 607 2499 656 secat.
2532 601 2771 657 Crudelis
2807 604 2895 673 qui
2923 620 3027 660 non
3055 607 3196 662 audit
3222 609 3558 678 clamantem,
3600 627 3666 674 an
3695 595 3790 692 po:

2222 690 2325 746 tius
2350 692 2652 748 misericors
2671 695 2760 764 qui
2783 697 2971 752 vulnus
2999 701 3330 769 persequitur
3353 712 3410 760 ut
3449 715 3599 766 sanet
3625 690 3789 780 tegm-

2221 783 2369 836 tum?
2398 784 2540 851 Haec,
2565 785 2754 842 fratres
2780 791 2902 854 mei,
2936 790 3054 844 ideo
3078 791 3206 859 dixi,
3237 810 3303 848 ne
3327 796 3444 866 quis
3469 809 3670 874 quaerat
3695 801 3790 856 aii-

2220 873 2342 940 quid
2367 885 2560 943 praeter
2587 877 2836 933 auxilium
2867 879 2977 944 Dei,
3011 882 3221 950 quando
3241 884 3374 940 forte
3401 885 3454 940 in
3479 873 3651 968 aliqua
3678 905 3792 946 cor-

2220 965 2460 1033 reptione
2493 967 2700 1024 Domini
2720 985 2920 1026 sumus.
2951 973 3139 1029 Videte
3165 992 3229 1030 ne
3257 979 3505 1048 pereatis,
3535 965 3706 1048 videte
3730 1002 3791 1038 ne

2218 1055 2285 1110 ab
2311 1055 2462 1128 Agno
2486 1061 2763 1129 recedatis,
2795 1071 2849 1118 et
2876 1079 2904 1117 a
2933 1065 3085 1120 leone
3109 1066 3456 1124 devoremini.

2289 1151 2374 1206 l5.
2417 1153 2651 1210 Diximus
2691 1173 2816 1228 ergo
2864 1175 3026 1230 quare
3071 1161 3200 1218 hora
3230 1164 3488 1222 decima:
3519 1177 3790 1240 sequentia

2218 1241 2508 1299 videamus.
2557 1245 2684 1302 Erat
2707 1249 2934 1306 Andreas
2975 1258 3133 1324 frater
3157 1255 3380 1312 Simonis
3405 1257 3547 1314 Petri
3575 1278 3706 1320 unus
3735 1282 3791 1328 et;

2217 1331 2412 1390 duobus
2437 1338 2522 1406 qui
2547 1339 2811 1395 audierant
2835 1343 2896 1396 ab
2923 1343 3143 1414 Joanne,
3177 1358 3223 1402 et
3249 1353 3402 1404 secuti
3433 1356 3632 1424 fueram
3653 1374 3784 1418 eum,

2216 1422 2416 1480 Invenit
2442 1427 2522 1480 hic
2555 1427 2812 1485 Simonem
2849 1434 3059 1503 fratrem
3100 1455 3280 1512 suum,
3313 1449 3358 1494 et
3387 1422 3505 1496 dicit
3531 1447 3575 1502 ci
3597 1485 3610 1512 ,
3641 1445 3666 1498 1
3677 1465 3788 1502 nuc--

2215 1515 2380 1571 nimus
2409 1518 2648 1574 Messium
2663 1540 2684 1588 ,1
2712 1525 2846 1594 quod
2869 1537 2940 1580 est
2969 1529 3348 1598 interpretatum
3368 1531 3615 1596 Christus.
3652 1538 3787 1592 Mes-

2215 1606 2320 1662 sias
2348 1608 2623 1676 hebraice,
2653 1612 2895 1668 Christus
2921 1632 3092 1686 grzece
3131 1627 3246 1688 est,
3277 1620 3437 1678 latine
3465 1623 3682 1682 Unctus.
3713 1630 3788 1684 Ab

2217 1698 2463 1753 unctione
2507 1701 2648 1756 enim
2704 1704 2897 1760 dicitur
2948 1705 3212 1764 Christus.
3266 1719 3464 1784 Χρῖσμα
3500 1717 3675 1780 unctio
3713 1729 3794 1784 est

2213 1799 2418 1855 grmce;
2451 1805 2576 1862 ergo
2598 1791 2856 1858 Christus,
2882 1805 3090 1851 unctus.
3115 1797 3207 1855 Ille
3228 1801 3563 1876 singulariter
3585 1821 3792 1878 unctus,

2215 1881 2477 1949 prmcipue
2506 1893 2724 1952 unctus;
2771 1888 2908 1942 unde
2947 1907 3134 1952 onincs
3175 1895 3456 1952 Christiani
3502 1913 3788 1972 unguntur,
3823 1943 3832 1952 .

2215 1970 2306 2026 ille
2327 1977 2610 2044 prmcipue.
2653 1979 2928 2048 Quomodo
2956 1983 3005 2037 in
3037 1985 3244 2040 Psalmo
3270 1988 3430 2056 dicit,
3459 1970 3624 2052 audii:
3659 1993 3791 2048 Pro-

2215 2071 2382 2130 pterea
2407 2067 2547 2118 unxit
2574 2077 2646 2133 te,
2684 2068 2837 2138 Deus,
2871 2073 3006 2128 Dcus
3029 2086 3142 2134 tuus
3170 2079 3278 2132 oleo
3305 2083 3672 2150 exsultationis,
3689 2103 3792 2155 pra:

2215 2155 2540 2248 participibus
2583 2160 2682 2216 tuis
2711 2161 2728 2234 (
2755 2163 2897 2218 Psul.
2949 2182 3108 2234 κων,
3163 2169 3259 2242 8).
3308 2172 3597 2248 Participcs
3651 2176 3790 2232 enim

2213 2241 2327 2312 ejus
2355 2259 2542 2304 omnes
2571 2253 2767 2320 sancti;
2807 2255 2901 2309 sed
2938 2256 3024 2310 ille
3049 2241 3384 2330 singulariter
3421 2241 3644 2321 Sanctus
3672 2282 3793 2324 san-

2211 2342 2453 2404 ctorum,
2487 2341 2822 2413 singulariter
2869 2357 3094 2418 unctus,
3138 2333 3472 2422 singulariter
3497 2355 3757 2412 Christus.

2285 2429 2371 2485 ﬂ.
2413 2429 2482 2484 Et
2520 2433 2662 2486 duxit
2702 2451 2814 2488 eunt
2859 2437 2926 2496 ad
2960 2439 3154 2498 Jesunt.
3207 2439 3428 2497 Intuilus
3455 2455 3620 2499 autem
3647 2465 3790 2518 eum,

2211 2519 2364 2575 Jesus
2391 2521 2551 2590 dixit,
2587 2524 2662 2578 Tu
2688 2543 2738 2578 es
2766 2527 2941 2582 Simon
2981 2530 3120 2600 ﬁlius
3153 2532 3404 2600 Joannis,
3451 2546 3506 2592 tu
3545 2539 3794 2600 vocaberis

2213 2612 2450 2683 Ccphas;
2479 2617 2613 2684 quod
2639 2619 2996 2690 interpretatur
3026 2622 3229 2680 Petrus.
3253 2626 3366 2681 Non
3398 2645 3643 2710 magnum
3672 2634 3791 2703 quia

2209 2703 2466 2760 Dominus
2497 2709 2628 2763 dixit
2660 2711 2811 2779 cujus
2852 2713 2988 2768 [ilius
3029 2725 3171 2769 esset
3213 2717 3331 2773 iste.
3380 2703 3516 2788 Quid
3545 2739 3792 2794 magnum

2211 2795 2477 2851 Domino?
2522 2799 2710 2854 Omnia
2752 2804 2964 2858 nomina
2991 2817 3291 2862 sanctorum
3321 2827 3535 2865 suorum
3566 2815 3790 2884 sciebat,

2209 2903 2340 2956 quos
2389 2898 2511 2944 ante
2559 2894 2991 2950 constitutionem
3042 2901 3222 2954 mundi
3277 2903 3712 2976 prindestinavit;
3742 2917 3794 2964 et

2207 2981 2417 3034 miraris
2443 2983 2566 3051 quia
2597 2984 2732 3038 dixit
2761 2987 2850 3040 uni
2880 2989 3116 3057 homini,
3147 2992 3224 3046 Tu
3267 3011 3324 3048 es
3365 2996 3505 3050 [ilius
3537 2998 3675 3069 illius
3695 3041 3710 3066 ,
3743 3009 3794 3058 et

2208 3077 2262 3122 tu
2289 3071 2564 3127 vocaberis
2590 3073 2754 3128 illud?
2778 3077 3018 3148 Magnum
3062 3083 3182 3154 quia
3231 3087 3452 3150 mutavit
3490 3088 3538 3142 ei
3565 3104 3789 3158 nomen;

2206 3170 2260 3216 et
2303 3162 2426 3218 fecit
2469 3165 2534 3220 de
2577 3165 2795 3224 Simone
2823 3169 3077 3226 Petrum?
3123 3174 3311 3231 Petrus
3335 3189 3512 3242 autem
3539 3197 3569 3235 a
3599 3159 3788 3254 petra,

2205 3263 2354 3324 petra
2396 3273 2524 3311 vero
2563 3257 2804 3314 Ecclesia
2837 3280 2848 3315 :
2881 3279 3011 3334 ergo
3055 3266 3106 3319 in
3157 3267 3297 3322 Petri
3326 3273 3538 3326 nomine
3567 3275 3790 3352 ﬁgurata

2204 3357 2287 3402 est
2307 3349 2565 3405 Ecclesia.
2607 3351 2674 3406 Et
2701 3355 2820 3423 quis
2845 3370 3061 3410 securus
3080 3398 3095 3424 ,
3127 3359 3226 3418 nisi
3252 3362 3340 3431 qui
3369 3363 3596 3422 aediﬁcat
3619 3349 3788 3436 super

2203 3442 2450 3509 petram?
2479 3443 2542 3496 Et
2571 3445 2695 3514 quid
2717 3446 2791 3500 ait
2822 3447 2933 3518 ipse
2967 3449 3258 3506 Dominus?
3293 3471 3310 3503 ι
3340 3453 3438 3520 Qui
3460 3457 3603 3510 audit
3625 3458 3787 3522 verba

2203 3548 2318 3585 mea
2365 3533 2480 3588 lucc
2523 3543 2576 3589 et
2621 3535 2746 3591 facit
2785 3555 2880 3604 ea,
2929 3540 3172 3596 similabo
3215 3559 3334 3598 eum
3361 3546 3477 3602 viro
3507 3547 3786 3626 prudenti,

2203 3621 2482 3676 tediﬁcanti
2514 3641 2672 3694 super
2719 3637 2920 3700 petram
2956 3649 2976 3682 ι
3013 3631 3138 3701 (ηοιι
3161 3633 3300 3714 cedit
3341 3637 3742 3716 tentationibus)

2209 3729 2226 3762 ι
2246 3712 2519 3768 descendit
2547 3715 2718 3784 pluvia
2736 3758 2748 3780 ,
2777 3731 3034 3774 venerunt
3061 3712 3306 3790 ﬂumina,
3329 3724 3590 3782 ﬂaveruut
3615 3712 3780 3804 venti,

2201 3811 2253 3856 et
2276 3803 2606 3872 impegerunt
2635 3807 2688 3860 in
2718 3807 2930 3862 domum
2955 3811 3117 3878 illam,
3137 3821 3312 3869 etnon
3339 3817 3549 3886 cecidit;
3575 3803 3789 3876 fundata

2201 3894 2342 3946 enim
2373 3903 2484 3948 erat
2511 3911 2670 3965 super
2695 3909 2918 3968 petram.
2949 3901 3050 3968 Qui
3078 3905 3222 3959 audit
3251 3909 3410 3964 verba
3443 3925 3560 3964 mea
3595 3920 3650 3966 et
3683 3929 3789 3974 non

2199 3983 2325 4037 facit
2351 4001 2413 4039 ea
2439 4005 2455 4036 ι
2481 3987 2607 4056 (jam
2633 3991 2992 4060 unusquisque
3014 4005 3252 4049 nostrum
3279 3999 3460 4053 timeat
3478 4010 3532 4056 et
3555 4001 3785 4076 caveat),

2205 4092 2224 4124 ‹
2253 4074 2496 4130 similabo
2521 4093 2638 4131 eum
2666 4081 2779 4134 viro
2805 4083 2966 4136 stulto
2991 4085 3077 4152 qui
3102 4085 3380 4142 :cdilicavit
3398 4089 3614 4146 domum
3635 4074 3786 4154 suam

2199 4177 2361 4232 super
2393 4181 2610 4220 arenam
2643 4186 2654 4220 :
2688 4169 2960 4225 descendit
3001 4173 3172 4243 pluvia
3195 4217 3208 4242 ,
3242 4189 3499 4232 venerunt
3531 4181 3746 4235 ﬂumina
3769 4225 3784 4248 ,

2197 4253 2458 4309 fleverunt
2485 4259 2650 4323 venti,
2676 4268 2728 4313 et
2757 4261 3090 4332 impegerunt
3116 4265 3167 4318 in
3198 4267 3410 4322 domum
3440 4270 3604 4338 illam,
3630 4280 3682 4324 et
3700 4287 3791 4326 cc-

2197 4345 2357 4411 cidit;
2387 4355 2438 4400 et
2465 4346 2602 4402 facta
2630 4358 2712 4403 est
2739 4351 2892 4405 ruina
2917 4353 3031 4421 ejus
3055 4371 3243 4425 magna
3271 4375 3290 4409 ι
3325 4357 3534 4432 (Matth.
3567 4377 3656 4426 vn,
3686 4361 3778 4426 2i,

2195 4433 2310 4506 Ἠ).
2339 4437 2476 4503 Quid
2503 4439 2716 4508 prodest
2744 4443 2864 4511 quia
2895 4443 3054 4498 intrat
3083 4445 3374 4501 Ecclesium
3395 4489 3410 4514 ,
3444 4451 3528 4518 qui
3563 4451 3671 4504 vult
3696 4467 3790 4506 su-

2196 4543 2292 4598 per
2313 4543 2528 4583 arcnam
2549 4531 2845 4588 aediﬁcare?
2861 4535 3136 4590 Audiendo
3153 4539 3294 4592 enim
3317 4549 3370 4593 et
3393 4557 3498 4594 non
3520 4543 3781 4610 faciendo,

2194 4619 2419 4674 aediﬁcat
2439 4622 2649 4691 quidem
2669 4663 2683 4689 ,
2718 4623 2810 4678 sed
2840 4639 2998 4694 super
3021 4643 3256 4682 arenam.
3285 4631 3338 4685 Si
3362 4633 3502 4685 Cllllll
3533 4633 3664 4688 nihil
3687 4650 3786 4689 au-

2193 4711 2289 4778 dit,
2315 4713 2446 4766 nihil
2469 4713 2696 4767 sedilicat
2723 4729 2742 4766 τ
2768 4714 2812 4768 si
2841 4723 3014 4770 autem
3046 4719 3211 4784 audit,
3235 4721 3480 4776 :ediﬂcat.
3513 4723 3617 4777 Sed
3640 4741 3788 4794 qua:-

2193 4805 2386 4872 rimus,
2419 4807 2530 4860 ubi.
2563 4806 2616 4860 Si
2645 4807 2786 4861 enim
2817 4809 2963 4862 audit
2989 4819 3041 4864 et
3077 4811 3233 4878 facit,
3267 4829 3426 4882 super
3452 4825 3656 4884 petram
3689 4834 3702 4870 :
3737 4819 3786 4873 si

2192 4895 2336 4949 audit
2378 4905 2432 4951 et
2471 4913 2574 4950 non
2603 4897 2760 4962 facit,
2793 4913 2952 4968 super
2971 4913 3207 4956 arenam.
3265 4905 3377 4958 Duo
3419 4917 3542 4960 sunt
3584 4924 3783 4978 genera

2192 4987 2598 5055 miilicantium;
2626 4999 2716 5044 aut
2741 5007 2906 5062 super
2927 5002 3130 5064 petram
3153 5039 3167 5064 ,
3202 5005 3291 5050 aut
3331 5013 3494 5066 super
3537 5015 3780 5054 arenam.

2190 5079 2328 5146 Quid
2353 5095 2478 5151 ergo
2503 5083 2576 5136 illi
2611 5085 2699 5153 qui
2725 5099 2828 5140 non
2855 5089 3114 5143 audiunt?
3152 5091 3324 5144 securi
3357 5094 3520 5146 sunt?
3560 5109 3784 5150 securos

2189 5187 2283 5227 eos
2307 5173 2467 5241 dicit,
2498 5177 2616 5244 quia
2649 5177 2779 5231 nihil
2805 5179 3106 5236 nidiﬁcant?
3125 5183 3266 5237 Nudi
3284 5193 3406 5239 sunt
3427 5187 3526 5240 sub
3555 5188 3734 5258 pluvia
3762 5231 3780 5255 ,

2188 5273 2314 5318 ante
2355 5275 2575 5334 ventos,
2622 5279 2744 5323 ante
2787 5269 3002 5328 flumina
3035 5291 3050 5326 :
3081 5291 3199 5329 cum
3229 5280 3472 5333 venerint
3495 5280 3619 5346 ista,
3651 5291 3784 5338 ante

2189 5357 2306 5412 i‘rlos
2331 5359 2558 5427 tollunt,
2591 5377 2747 5431 quam
2776 5363 2961 5420 domos
2986 5366 3252 5436 dejiciant.
3285 5371 3421 5442 Ergo
3452 5389 3553 5428 una
3583 5385 3665 5430 est
3693 5392 3784 5432 se-

2187 5452 2418 5520 curitas,
2451 5463 2505 5508 et
2531 5454 2829 5524 tedillcare,
2870 5465 2924 5512 et
2948 5475 3108 5529 super
3144 5471 3346 5532 petram
3391 5466 3671 5524 mdiﬁcare.
3717 5469 3780 5524 Si

2185 5544 2371 5599 audire
2397 5545 2477 5599 vis
2497 5555 2550 5600 et
2570 5561 2674 5602 non
2703 5549 2878 5605 facere
2897 5592 2912 5617 ,
2945 5551 3177 5610 aediﬁcas
3202 5571 3216 5622 ;
3249 5557 3344 5613 sed
3373 5559 3580 5615 ruinam
3607 5561 3782 5615 aedili-

2185 5647 2277 5689 cas
2306 5651 2322 5690 :
2351 5647 2670 5693 comantem
2699 5641 2904 5696 venerit
2927 5646 3176 5712 tentatio,
3220 5649 3398 5720 dejicit
3435 5653 3652 5706 domum
3670 5692 3687 5720 ,
3715 5661 3779 5709 et

2184 5737 2307 5780 eum
2332 5725 2446 5796 ipsa
2469 5729 2620 5783 ruina
2649 5738 2734 5784 tua
2765 5741 2814 5787 te
2843 5728 2993 5790 tollit.
3042 5737 3098 5793 Si
3119 5749 3299 5794 autem
3323 5757 3428 5796 non
3448 5741 3601 5798 audis
3621 5785 3633 5807 ,
3666 5761 3774 5798 nu-

2183 5814 2284 5872 dus
2309 5831 2370 5872 es
2387 5858 2403 5886 ,
2432 5819 2536 5874 illis
2563 5823 2944 5885 tentatiouibus
2971 5837 3026 5884 tu
3050 5829 3166 5900 ipse
3189 5829 3435 5888 traheris.
3459 5832 3598 5889 Attii
3619 5847 3775 5906 ergo,
