4074 6482
348 370 372 423 ἰ
385 365 487 430 445

343 489 399 532 et
427 478 547 542 fac;
580 491 742 546 unum
789 483 870 540 est
911 473 1223 544 remedium.
1255 473 1446 553 Quanti
1487 472 1620 542 torte
1658 472 1813 540 hodie
1833 487 1928 536 au-

348 568 544 623 diendo
584 577 638 636 et
685 583 786 634 non
829 566 1066 635 faciendo
1091 567 1224 638 rapti
1265 574 1390 632 sunt
1426 564 1584 628 ﬂuvio
1610 564 1931 628 celebritatis

348 659 543 730 hujus?
571 657 846 712 Audiendo
873 657 1013 720 enim
1053 667 1105 712 et
1133 671 1236 722 non
1264 654 1504 720 faciendo
1523 695 1538 720 ,
1573 655 1714 718 venit
1742 653 1928 714 ﬂuvius

347 748 462 810 ipsa
511 749 789 820 celebritas
839 749 1237 822 anniversaria,
1280 748 1525 816 impletus
1566 757 1648 816 est
1687 757 1924 813 torrens,

345 840 668 909 transiturus
695 848 776 893 est
803 848 853 894 et
883 839 1174 906 siccaturus
1209 855 1221 890 :
1251 838 1345 892 sed
1373 827 1453 898 va;
1481 838 1555 892 illi
1594 853 1748 906 quem
1793 838 1927 902 tule-

348 934 450 986 rit!
487 932 615 988 lllud
641 947 764 1008 ergo
791 931 996 998 noverit
1028 929 1268 985 Charitas
1297 940 1501 994 vestra,
1532 931 1653 1000 quia
1684 929 1781 988 nisi
1809 929 1929 999 quis

343 1034 401 1078 et
427 1024 609 1078 audiat
634 1033 686 1078 et
712 1021 886 1087 faciat,
913 1037 1014 1089 non
1042 1020 1266 1089 :udiﬁcat
1288 1036 1447 1107 super
1473 1031 1706 1102 petram,
1739 1027 1792 1082 et
1821 1035 1926 1088 non

344 1115 577 1184 pertinet
601 1113 670 1182 ad
698 1128 887 1167 nomen
917 1120 1024 1165 tam
1064 1126 1310 1180 magnum
1329 1152 1342 1178 ,
1375 1110 1516 1180 quod
1555 1112 1630 1172 sic
1654 1125 1924 1176 commen-

341 1205 492 1259 davit
522 1204 796 1274 Dominus.
839 1204 1101 1270 Intentum
1125 1203 1267 1268 enim
1311 1210 1362 1258 te
1406 1201 1547 1255 fecit.
1598 1200 1737 1268 Nam.
1757 1201 1799 1254 si
1829 1200 1929 1264 hoc

340 1308 469 1368 ante
515 1297 706 1366 Petrus
748 1303 1045 1364 vocaretur,
1091 1308 1195 1364 non
1243 1293 1312 1362 ita
1359 1292 1569 1364 videres
1617 1292 1926 1362 mysterium

343 1399 545 1464 petrae;
575 1401 632 1458 et
659 1399 870 1464 putares
907 1402 1033 1456 casu
1057 1402 1176 1440 eum
1204 1428 1218 1450 ,
1264 1385 1344 1452 sic
1383 1385 1590 1451 vocari,
1624 1400 1725 1452 non
1757 1385 1928 1464 prori-

341 1461 523 1550 dentia
556 1458 702 1549 Dei-ﬁ.
722 1479 841 1547 ideo
867 1479 1029 1546 voluit
1053 1492 1174 1531 eum
1204 1475 1345 1529 aliud
1371 1476 1512 1544 prius
1538 1473 1750 1537 vocari,
1773 1458 1833 1536 ut
1861 1486 1928 1524 ex

342 1573 456 1641 ipsa
510 1569 922 1644 commutatione
986 1569 1250 1634 nominis,
1308 1567 1619 1628 sacramenti
1679 1564 1928 1628 vivacitas

341 1660 838 1726 commendaretur.

417 1753 505 1807 15.
551 1752 614 1804 Et
640 1752 691 1816 in
721 1753 992 1805 crastinum
1018 1747 1171 1802 voluit
1200 1749 1333 1802 exire
1357 1747 1408 1800 in
1440 1745 1702 1806 Galiltcant
1725 1785 1738 1810 ,
1770 1754 1814 1797 et
1842 1745 1926 1797 in-

341 1843 474 1895 venit
505 1841 820 1912 Philippum.
863 1840 994 1908 Dicit
1025 1841 1066 1907 ei
1099 1855 1116 1892 :
1145 1840 1361 1909 Sequere
1386 1855 1481 1891 me.
1524 1837 1648 1890 Erat
1673 1848 1838 1890 autem
1868 1837 1929 1888 de

341 1934 540 2000 civitate
569 1934 783 2004 Andr-ea:
812 1941 857 1988 et
890 1930 1048 1984 Petri.
1101 1931 1162 1983 Et
1201 1931 1384 1982 invenit
1411 1928 1680 1998 Philippus
1724 1926 1925 1980 Nat/ta-

341 2036 540 2080 naetem
573 2025 718 2095 :jam
745 2032 963 2078 vocatus
984 2042 1010 2076 a
1037 2024 1256 2077 Domino
1280 2022 1568 2089 Philippus.
1601 2019 1665 2071 Et
1692 2020 1816 2072 dixit
1845 2020 1886 2072 ei
1909 2032 1928 2072 .°

345 2115 507 2182 Quem
529 2115 728 2186 scripsit
757 2113 956 2184 Moyses
983 2113 1032 2164 in
1063 2112 1221 2184 Lege,
1251 2122 1296 2164 et
1331 2111 1596 2180 Prop/leta:
1614 2151 1627 2175 ,
1656 2111 1928 2176 invenimus

340 2208 522 2274 Iesum
565 2209 728 2276 ﬁlium
763 2205 976 2276 Joseph.
1025 2206 1153 2274 Ejus
1201 2207 1336 2258 lilius
1374 2204 1673 2269 dicebatur,
1709 2204 1790 2255 cui
1831 2203 1928 2266 dc-

340 2308 596 2369 sponsata
620 2307 731 2352 erat
760 2307 930 2350 mater
955 2295 1089 2364 ejus.
1139 2295 1267 2347 Nam
1297 2294 1435 2363 quod
1479 2308 1541 2348 ea
1569 2293 1760 2345 intacta
1797 2306 1928 2346 con-

340 2400 530 2462 ceptus
560 2398 615 2444 et
643 2397 795 2442 natus
817 2390 919 2455 sit,
957 2388 1091 2442 bene
1129 2395 1386 2440 noverunt
1431 2401 1615 2439 onuies
1642 2384 1928 2452 Christiani

341 2496 409 2536 ex
427 2469 743 2552 Evangelii).
775 2480 886 2534 Hoc
909 2479 1176 2547 Philippus
1204 2477 1334 2530 dixit
1355 2476 1696 2540 Nalhmlacii;
1723 2475 1929 2529 addidit

339 2584 394 2627 et
434 2557 641 2637 locum,
677 2588 706 2624 α
734 2569 1014 2623 Ναιανειέι.
1065 2569 1126 2621 Et
1155 2569 1280 2621 dixit
1307 2569 1352 2620 ei
1382 2567 1668 2620 Nat/mune!
1699 2584 1715 2620 :
1743 2569 1784 2619 A
1817 2566 1930 2620 Na-

340 2666 512 2718 zaretlt
544 2673 702 2738 potest
727 2655 916 2733 aliquid
957 2662 1072 2716 boni
1100 2679 1222 2714 esse.
1275 2661 1408 2728 Quid
1441 2661 1766 2730 intelligitur,
1801 2660 1930 2714 Fra-

342 2760 498 2813 tres?
543 2739 658 2826 Eon
704 2755 970 2827 quomodo
997 2755 1154 2824 aliqui
1204 2755 1541 2824 pronuntiant
1578 2772 1588 2805 :
1626 2770 1742 2806 nam
1772 2765 1824 2807 ct
1854 2753 1930 2818 sic

343 2852 484 2904 solet
510 2848 836 2918 pronuntiari
859 2888 873 2911 ,
906 2845 949 2898 Α
978 2845 1232 2900 Nazaret/t
1261 2854 1417 2914 potest
1439 2845 1626 2920 aliquid
1653 2843 1766 2897 boui
1791 2845 1930 2898 esse?

341 2942 598 3012 Sequitur
641 2942 781 2994 enim
831 2956 929 2992 vox
981 2939 1237 3007 Philippi,
1269 2947 1322 2990 et
1347 2939 1500 3002 dicit,
1540 2937 1696 3002 Veni,
1729 2947 1772 2991 et
1798 2937 1924 3002 vide.

343 3032 545 3085 Ambas
587 3039 759 3083 autem
803 3015 1254 3098 pronuntiationes
1283 3037 1452 3096 potest
1485 3030 1580 3080 ista
1608 3045 1704 3082 vox
1734 3028 1881 3096 sequi
1912 3069 1925 3091 ,

342 3125 458 3178 sive
482 3125 561 3176 sic
589 3105 895 3194 pronunties
933 3129 1179 3190 tanquam
1206 3119 1527 3174 conﬁrmans
1550 3163 1563 3184 ,
1596 3120 1639 3186 Α
1670 3121 1929 3182 Nazarcth

344 3226 510 3286 potest
535 3213 725 3286 aliquid
753 3215 864 3266 boni
884 3229 1021 3278 esse;
1049 3221 1103 3264 et
1133 3212 1252 3278 ille,
1291 3210 1440 3274 Veni,
1470 3222 1517 3265 et
1539 3213 1647 3278 vide
1674 3230 1685 3266 :
1719 3215 1829 3278 sive
1854 3215 1929 3267 sic

345 3308 633 3369 dubitans,
683 3314 736 3360 et
783 3315 946 3359 totum
995 3305 1364 3373 interrogans,
1413 3304 1451 3372 Α
1485 3296 1740 3370 quitreth
1769 3314 1928 3376 potest

344 3398 544 3467 aliquid
573 3398 684 3451 boni
725 3397 866 3450 esse?
920 3393 1072 3458 Vem,
1103 3403 1146 3446 et
1181 3393 1309 3447 vide.
1355 3391 1483 3460 Cum
1525 3410 1649 3463 ergo
1688 3395 1798 3456 sive
1841 3395 1929 3449 illo

344 3491 544 3556 modo,
573 3490 682 3544 sive
726 3490 829 3562 isto
870 3488 1260 3557 pronuntietur,
1307 3503 1411 3553 non
1443 3496 1734 3558 repugnent
1772 3488 1928 3550 verba

346 3582 651 3652 sequentia;
699 3588 934 3642 nostrum
963 3587 1044 3632 est
1070 3593 1310 3647 qutcrere
1336 3577 1457 3652 quid
1482 3578 1654 3648 potius
1676 3578 1932 3649 intelliga-

348 3691 467 3736 mus
493 3676 544 3728 in
579 3674 660 3726 his
686 3671 878 3733 verbis.

422 3764 509 3820 16.
567 3764 747 3830 Qualis
795 3762 948 3826 fuerit
990 3759 1279 3818 Nathanacl
1319 3759 1445 3823 iste,
1500 3758 1550 3823 in
1590 3759 1930 3828 sequentibus

349 3858 656 3924 probamus.
689 3853 878 3906 Audite
905 3851 1075 3920 qualis
1102 3850 1258 3903 fuerit
1291 3867 1304 3902 :
1331 3847 1584 3902 Dominus
1616 3850 1726 3917 ipse
1753 3851 1929 3919 periti-

346 3949 436 4002 bet
459 3947 835 4002 testimonium.
857 3945 1072 4013 Magnus
1093 3942 1347 3996 Dominus
1367 3942 1608 4009 cognitus
1631 3942 1931 3997 testimonio

345 4039 570 4105 Joanpis
603 4055 616 4090 :
649 4037 834 4092 beatus
859 4033 1148 4098 Natbanael
1194 4032 1434 4100 cognitus
1463 4032 1765 4086 testimonio
1793 4033 1929 4086 veri-

349 4132 490 4185 tatis.
522 4129 654 4197 Quia
686 4128 933 4187 Dominus
957 4126 1053 4180 etsi
1085 4124 1385 4178 testimonio
1413 4122 1632 4178 Joannis
1659 4140 1759 4180 non
1788 4139 1932 4178 com-

349 4221 725 4284 tuendaretur,
767 4219 876 4286 ipse
916 4217 1011 4269 sibi
1043 4215 1350 4284 perhibebat
1381 4214 1768 4280 testimonium;
1810 4216 1930 4285 quia

348 4313 550 4368 sullieit
572 4312 670 4365 sibi
693 4310 755 4363 ad
782 4308 1139 4363 testimonium
1162 4321 1310 4357 suum
1336 4305 1544 4357 veritas.
1571 4304 1672 4357 Sed
1695 4305 1813 4374 quia
1841 4321 1935 4360 ve-

349 4409 561 4462 ritatem
595 4420 698 4456 non
730 4409 971 4470 poterant
1014 4413 1204 4466 capere
1249 4396 1516 4459 homines,
1551 4411 1642 4464 per
1665 4397 1931 4450 lucernam

349 4497 660 4567 qumrebant
684 4492 958 4546 veritatem
993 4507 1005 4542 :
1038 4497 1090 4543 et
1117 4488 1236 4541 ideo
1262 4487 1496 4540 Joannes
1524 4503 1616 4554 per
1642 4503 1795 4555 quem
1826 4487 1930 4539 Do-

350 4590 528 4642 minus
555 4584 942 4643 ostenderetur,
972 4580 1162 4632 missus
1189 4587 1288 4630 est.
1338 4576 1472 4628 Audi
1513 4575 1791 4628 Dominum
1833 4576 1933 4628 Na-

353 4680 585 4734 thanaeli
619 4676 971 4732 testimonium
1005 4672 1364 4742 perhibcntem
1393 4689 1404 4724 :
1429 4670 1493 4722 Et
1517 4670 1640 4722 dixit
1669 4671 1711 4722 ei
1739 4669 1933 4722 Nat/itt-

349 4773 466 4824 nael
496 4786 513 4824 :
542 4768 585 4822 Α
615 4765 868 4821 Nazttreth
898 4774 1055 4836 potest
1080 4763 1270 4832 aliquid
1291 4763 1406 4827 boui
1431 4778 1552 4814 esse.
1581 4762 1711 4815 Dicit
1741 4764 1786 4814 ei
1807 4763 1933 4815 Plii-

352 4864 523 4932 lippus
553 4877 571 4915 :
612 4859 760 4923 Veni,
789 4868 833 4910 et
856 4857 982 4910 vide.
1028 4854 1091 4906 Et
1126 4854 1243 4906 vidit
1277 4853 1427 4905 Iesus
1452 4851 1822 4906 Nat/lanaelem
1848 4871 1932 4906 ve-

350 4955 571 5006 nientem
595 4952 662 5005 ad
690 4968 775 5016 se,
818 4960 861 5003 et
903 4949 1019 5000 dicit
1051 4946 1110 4998 de
1133 4962 1189 4997 eo
1217 4963 1235 4998 :
1275 4945 1406 4998 Ecce
1443 4959 1553 4996 vere
1586 4941 1819 4997 Israelita
1839 4987 1853 5011 ,
1881 4945 1934 4998 in

349 5062 450 5116 quo
480 5044 628 5095 dolus
656 5047 864 5105 nonest.
891 5037 1129 5104 Magnum
1163 5034 1549 5102 testimonium!
1582 5031 1682 5086 hoc
1704 5049 1802 5088 nec
1824 5036 1933 5086 An-

351 5137 495 5190 dreze
516 5133 744 5193 dictum,
789 5145 884 5195 nec
917 5129 1070 5182 Petro
1100 5127 1326 5190 dictum,
1357 5139 1453 5179 nec
1483 5125 1749 5192 Philippo,
1792 5126 1931 5194 quod

356 5227 552 5281 dictum
580 5233 661 5278 εει
690 5222 757 5276 de
781 5218 1104 5274 Nathanaele
1136 5235 1149 5270 :
1181 5216 1315 5270 Ecce
1339 5231 1449 5269 vere
1470 5213 1726 5281 Israelita,
1758 5216 1810 5270 in
1835 5232 1932 5288 quo

349 5319 502 5371 dolus
525 5333 625 5369 non
651 5327 741 5368 est.

425 5411 517 5464 Π.
558 5407 693 5476 Quid
733 5421 858 5474 ergo
897 5403 1147 5467 facimus,
1180 5399 1400 5454 fratres?
1446 5399 1665 5454 Deberet
1694 5399 1792 5455 iste
1818 5400 1930 5471 pri-

350 5517 474 5555 mus
498 5515 615 5555 esse
636 5499 686 5551 in
710 5496 1011 5566 Apostolis?
1034 5492 1148 5548 Non
1175 5493 1344 5546 solum
1376 5493 1574 5564 primus
1601 5507 1704 5544 non
1731 5491 1935 5556 inveni-

353 5606 438 5647 tur
484 5592 539 5647 in
583 5589 852 5661 Apostolis
871 5629 884 5652 ,
918 5586 1010 5641 sed
1039 5600 1135 5639 nec
1165 5583 1400 5648 medius,
1428 5597 1528 5636 nec
1557 5583 1770 5636 ultimus
1798 5584 1936 5638 inter

350 5681 633 5738 duodecim
663 5678 951 5733 Nathanael
981 5684 1084 5741 est,
1106 5675 1188 5729 cui
1210 5682 1412 5728 tantum
1435 5673 1792 5727 testimonium
1815 5688 1936 5742 per-

354 5772 527 5831 hibuit
557 5771 720 5826 Filius
751 5769 870 5836 Dei,
898 5767 1112 5834 dicens,
1159 5765 1289 5820 Ecce
1314 5779 1425 5818 vere
1460 5761 1723 5830 Israelita,
1752 5764 1805 5818 in
1834 5779 1932 5835 quo

1537 358 1946 430 TRACTATUS
1982 358 2098 428 VU...
2131 357 2358 432 CAPUT
2392 359 2434 424 1-.

3473 378 3607 434 MM

2037 470 2181 534 dolus
2209 488 2308 534 non
2334 480 2425 526 est.
2453 470 2716 544 Quaaritur
2741 477 2936 538 causa!
2962 489 3218 548 quernum
3241 483 3493 540 Dominus
3518 490 3603 542 in-

2038 561 2185 628 timat
2203 604 2217 628 ,
2248 563 2583 632 probabiliter
2605 564 2918 632 invenimus.
2950 568 3246 640 lnteih'gere
3267 575 3406 641 enini
3435 577 3602 638 dobe-

2035 669 2152 716 mus
2196 653 2366 724 ipsum
2410 656 2786 718 Nathanaelem
2829 660 3090 722 eruditum
3115 674 3168 719 ot
3193 667 3415 733 penitum
3446 669 3600 741 Legis

2037 745 2192 808 luisse
2221 763 2234 800 :
2265 756 2535 815 propterea
2567 749 2735 810 noluit
2759 750 2904 813 illum
2931 751 3182 814 Dominus
3204 756 3341 812 inter
3365 759 3598 815 diminu-

2034 836 2113 889 los
2140 851 2352 904 ponere;
2385 839 2504 908 quia
2522 840 2708 894 idiotas
2727 842 2900 911 elegit,
2923 843 3058 907 unde
3087 818 3601 910 confunderetmpn.

2034 925 2177 984 dum.
2205 927 2342 992 Audi
2371 929 2676 995 Apostoluni
2704 930 2962 994 dicentem
2985 933 3086 990 ista
3117 952 3131 988 :
3166 954 3186 989 α
3224 937 3418 996 Videte.
3437 944 3596 1009 enim,

2035 1015 2220 1084 inquit,
2256 1017 2579 1084 vocationem
2623 1030 2880 1086 vestram,
2923 1021 3146 1092 fratres,
3174 1028 3294 1096 quia
3319 1045 3429 1090 non
3449 1034 3600 1089 multi

2036 1113 2304 1174 potentes,
2328 1122 2432 1166 non
2456 1107 2603 1170 multi
2625 1109 2825 1170 nobiles
2853 1129 2866 1194 ξ
2891 1112 2991 1168 sed.
3013 1113 3220 1179 inﬁrma
3242 1120 3430 1176 mundi
3444 1123 3601 1194 elegit

2036 1198 2191 1263 Deus,
2223 1208 2278 1260 ut,
2297 1198 2583 1266 confundat
2608 1201 2756 1265 fortia
2783 1219 2796 1268 ;
2828 1190 2880 1267 et
2907 1205 3152 1274 ignobilia
3175 1213 3364 1276 mundi.
3388 1224 3445 1269 et
3469 1190 3600 1271 con-

2035 1289 2343 1358 lemplibilia
2370 1291 2525 1362 elegit
2551 1291 2721 1358 Deus,
2749 1303 2802 1358 et
2831 1311 2890 1352 ea
2919 1292 3033 1364 (inte
3052 1313 3164 1362 non
3185 1311 3327 1369 sunt,
3354 1315 3600 1374 tanquam

2032 1397 2146 1448 quae
2174 1392 2326 1450 sunt,
2355 1393 2410 1442 ut
2430 1399 2487 1446 ea
2517 1401 2632 1452 qua;
2672 1395 2794 1450 sunt
2818 1400 3138 1450 et'acuetitur
3159 1413 3178 1445 ι
3211 1393 3259 1466 (οΙι
3280 1396 3397 1451 Coc.
3419 1415 3466 1465 ις,
3500 1401 3597 1455 9(5-

2030 1469 2143 1539 28).
2200 1471 2252 1534 Si
2275 1473 2461 1540 doctus
2507 1475 3075 1544 υιὶίςριξοιιιςιΐίπωβεε
3139 1483 3268 1540 ideo.
3299 1502 3362 1542 se
3399 1489 3601 1546 diceret

2031 1563 2289 1627 electum,
2334 1566 2452 1632 quia
2495 1565 2734 1634 doctrina
2781 1569 2894 1636 ejus
2921 1573 3117 1633 meruit
3158 1576 3296 1644 eligi.
3347 1580 3600 1642 Dominus

2034 1663 2212 1714 noster
2249 1655 2402 1712 Jcsus
2446 1657 2690 1724 Cln'iﬁltts.
2742 1661 2924 1718 volens
2974 1666 3324 1732 superborum.
3363 1678 3598 1742 loaagere

2031 1746 2300 1809 cervices.
2333 1762 2438 1810 non
2469 1750 2708 1819 quasivil
2731 1767 2822 1819 pia"
2846 1762 3107 1816 oratorem
3137 1758 3478 1825 piwali‘tt'eur;
3507 1769 3598 1819 sed

2031 1835 2105 1928 de
2125 1838 2378 1904 piscatore
2422 1840 2654 1904 lucratus
2693 1853 2773 1909 est
2817 1847 3088 1914 imperauit
3104 1864 3210 1904 em.
3255 1853 3469 1923 Magnus
3492 1857 3635 1928 Gy-‘

2034 1927 2245 1994 prianus
2283 1939 2478 1994 orator,
2511 1931 2601 1988 sed
2636 1933 2776 1999 prior
2818 1934 3011 1998 Petrus.
3049 1939 3297 2006 piscator,
3330 1959 3421 2011 pen
3445 1927 3599 2013 quem

2039 2025 2215 2082 postea
2243 2019 2480 2084 crederet
2507 2038 2607 2074 non
2641 2032 2837 2080 tantum
2871 2035 3074 2092 orator,
3098 2031 3188 2090 sed
3213 2041 3269 2088 et.
3290 2031 3593 2100 imperator.

2030 2107 2218 2163 Nullus
2245 2111 2432 2172 nobilis
2463 2114 2632 2180 primo
2659 2115 2857 2172 electus
2879 2127 2991 2182 est,
3021 2120 3197 2175 nullus
3222 2123 3444 2191 doetus;
3475 2130 3596 2196 quia

2034 2198 2236 2262 inﬁrma
2267 2201 2444 2266 mundi
2467 2204 2621 2271 elegit
2646 2205 2804 2269 Deus,
2832 2215 2886 2268 ut
2909 2208 3250 2274 confunderet
3276 2212 3449 2272 fortia.
3475 2218 3599 2272 Erat
3644 2275 3652 2282 ,

2032 2307 2157 2364 ergo
2184 2293 2283 2348 iste
2310 2309 2527 2364 magnus
2554 2305 2606 2350 et
2643 2299 2756 2362 sine
2780 2299 2902 2364 dolo
2933 2317 2946 2353 :
2976 2301 3073 2356 hoc
3103 2305 3214 2364 solo
3245 2308 3594 2376 nonagenis,

2032 2398 2098 2448 ne
2126 2384 2365 2454 cuiquam
2393 2385 2658 2450 videretur
2686 2389 2934 2456 Dominus
2960 2392 3144 2454 doctos
3169 2395 3415 2464 elegisse.
3443 2399 3507 2454 Et
3532 2417 3597 2466 ex

2034 2473 2143 2540 ipsa
2173 2475 2406 2542 doctrina
2436 2475 2592 2545 Legis
2620 2478 2895 2546 veniebat,
2938 2482 3076 2550 quod
3121 2500 3248 2546 cum.
3289 2487 3523 2548 audisset
3567 2507 3598 2543 α

2035 2565 2294 2629 Nazaretlt
2329 2578 2632 2636 :scrutatus
2659 2572 2806 2633 enim.
2828 2581 2940 2626 crat
2975 2574 3295 2646 Scripturas,
3319 2591 3371 2634 et
3399 2580 3598 2638 sciebat

2033 2658 2151 2725 quia
2197 2658 2316 2718 inde
2359 2668 2476 2724 civit
2512 2661 2869 2728 expectandus
2898 2664 3155 2730 Salvator,
3201 2669 3347 2736 quod.
3380 2685 3485 2731 non
3518 2670 3596 2732 fa-

2033 2748 2131 2801 cile
2152 2749 2235 2801 alii
2259 2749 2454 2814 Scribae
2475 2761 2526 2804 et
2546 2752 2790 2816 l’liaristei
2812 2766 3061 2818 noverant
3091 2775 3106 2811 :
3131 2757 3231 2822 iste
3256 2777 3388 2830 ergo.
3404 2762 3598 2821 doctis-

2034 2838 2198 2890 simus
2252 2841 2442 2916 Legis,
2493 2857 2610 2894 cum
2667 2844 2904 2912 audisset.
2949 2846 3254 2918 Philippum.
3292 2851 3592 2920 dicentem,

2036 2929 2322 2994 Intveuimus
2362 2931 2556 2998 .lcsum,
2601 2950 2747 3005 quem
2791 2937 2987 3004 scripsit
3027 2937 3227 3008 Moyses
3274 2941 3336 3006 in,
3364 2941 3512 3014 Lege,
3551 2955 3597 2998 et

2034 3020 2322 3093 Prop/ictw,
2353 3043 2382 3084 ιι
2414 3024 2672 3090 ΝιμωτιΙι
2690 3069 2702 3089 ,
2735 3028 2895 3094 [ilium
2923 3027 3145 3099 Ioseph;
3171 3033 3258 3094 illo
3286 3036 3373 3104 qui
3403 3039 3598 3106 optime

2034 3115 2329 3183 Scriptnras
2368 3126 2604 3181 noverat,
2633 3119 2820 3181 audito
2839 3121 3050 3185 nomine
3081 3122 3599 3192 Nummi/heremus

2033 3217 2112 3272 est
2137 3207 2393 3288 intepeip.
2415 3219 2470 3272 et.
2503 3208 2654 3276 dixit,
2695 3211 2738 3274 Α
2779 3210 3034 3276 Ναβαπαὺ
3069 3223 3227 3283 potest.
3259 3216 3451 3288 aliquid
3484 3219 3598 3280 boui

2033 3314 2154 3362 esse.

2106 3389 2189 3443 18.
2221 3389 2336 3454 Jan)
2367 3398 2555 3454 caetera
2584 3390 2649 3446 de
2677 3391 2789 3460 ipso
2816 3393 3114 3460 videamus,
3137 3396 3268 3460 Ecce
3295 3416 3406 3462 uete
3431 3401 3599 3460 Isma-

2033 3483 2141 3545 lita,
2161 3483 2221 3535 in.
2241 3499 2336 3556 quo
2357 3483 2502 3546 dolus
2527 3501 2624 3539 non
2653 3494 2746 3540 est.
2765 3485 3009 3556 Quidcst,
3029 3488 3081 3552 in
3100 3505 3194 3557 quo
3211 3491 3466 3552 delusum;
3493 3497 3602 3550 est?

2039 3575 2192 3628 Forte
2222 3590 2326 3628 non
2359 3575 2589 3642 habebat,
2616 3577 2927 3644 peccatum?
2970 3577 3104 3634 forte
3141 3596 3244 3635 non
3287 3596 3397 3640 erat
3425 3589 3600 3656 (eger?

2035 3662 2168 3718 forte
2200 3664 2268 3716 illi
2298 3664 2534 3729 medicus
2561 3682 2666 3732 non
2695 3675 2810 3732 erat
2837 3671 3209 3734 necessarius?
3234 3675 3415 3738 Absit.
3435 3677 3602 3734 Nemo

2036 3756 2118 3809 hic
2138 3757 2215 3810 sic
2244 3765 2395 3810 natus
2419 3766 2519 3819 est,
2553 3767 2604 3822 ut
2635 3759 2723 3822 illo
2748 3761 2953 3818 medico
2982 3777 3086 3822 non
3111 3773 3307 3832 egeret.
3339 3767 3474 3832 Quid
3502 3771 3601 3826 sibi

2035 3863 2158 3934 ergo
2187 3848 2317 3914 vult,
2352 3849 2402 3901 in
2432 3865 2529 3915 quo
2559 3849 2705 3912 dolus
2744 3867 2842 3910 non
2880 3852 2992 3906 est?
3027 3853 3324 3921 Aliquanto.
3349 3857 3602 3922 intentius

2035 3955 2360 4010 quieramus;
2393 3941 2668 4010 apparebit
2716 3942 2872 4008 modo
2909 3943 2963 4000 in
2999 3946 3210 4012 nomine
3239 3948 3465 4016 nomini,
3503 3954 3604 4012 Do-

2037 4033 2141 4086 lum
2172 4033 2296 4086 dicit
2328 4033 2620 4102 Dominus;
2654 4043 2705 4086 et
2745 4035 2916 4102 omnis
2951 4038 3040 4106 qui
3075 4039 3236 4104 verba
3263 4040 3428 4108 ιηιιμει
3449 4045 3605 4107 tum-

2035 4124 2167 4194 ligit,
2215 4125 2312 4179 scit
2340 4125 2460 4193 quia
2490 4125 2767 4190 dolusest,
2809 4142 2926 4186 cum
2971 4128 3118 4194 aliud.
3151 4131 3334 4200 agitur
3365 4142 3418 4190 et
3464 4137 3604 4198 aliud
3697 4173 3701 4177 -

2037 4214 2266 4284 ﬁngitur.
2302 4213 2538 4278 Intendat
2583 4214 2823 4268 Charitas
2863 4226 3057 4284 vestra.
3098 4218 3220 4290 Rion,
3255 4222 3412 4290 doing
3454 4226 3606 4286 dolor

2035 4315 2112 4360 est
2149 4323 2162 4360 :
2192 4314 2466 4374 propterea
2503 4305 2638 4368 dico,
2673 4306 2790 4382 quia
2831 4307 2976 4370 multi
3023 4308 3212 4373 fratres
3256 4313 3606 4382 imperitiores

2037 4397 2307 4450 latinitatis
2360 4397 2646 4466 loquuntur
2685 4397 2781 4461 sic,
2815 4407 2869 4460 ut
2895 4398 3093 4461 dicant,
3127 4402 3288 4462 Dolus
3322 4405 3475 4464 illum,
3499 4417 3606 4470 ιρι».

2037 4497 2177 4558 quer,
2210 4502 2302 4567 pro
2331 4500 2396 4539 eo
2424 4485 2563 4554 quod
2590 4496 2670 4540 est
2693 4485 2861 4552 dolor.
2907 4488 3064 4554 Dolus
3089 4489 3236 4548 fraus.
3259 4503 3360 4560 est,
3389 4496 3604 4560 simula.—

2039 4581 2109 4631 tio
2138 4585 2237 4631 est.
2261 4575 2480 4652 Quando
2506 4575 2692 4644 aliquis
2732 4575 2924 4645 aliquid
2955 4579 3002 4644 ip
3031 4581 3190 4644 corde
3218 4584 3364 4654 tegit,
3393 4594 3448 4647 et
3469 4588 3606 4652 aliud

2038 4671 2286 4740 loquitur,
2334 4669 2484 4721 dolus
2522 4677 2622 4734 est,
2657 4680 2708 4722 et
2750 4677 2996 4739 tanquam
3042 4672 3145 4738 duo
3198 4676 3360 4730 corda
3404 4677 3603 4742 habet:

2039 4778 2196 4816 unum
2223 4762 2369 4830 quasi
2399 4762 2568 4813 sinum
2593 4761 2769 4814 cordis
2798 4761 2976 4829 habet,
3007 4763 3092 4818 ubi
3127 4766 3266 4824 videt
3296 4771 3564 4824 veritatem
3589 4788 3604 4838 ;

2037 4865 2089 4909 et
2118 4855 2338 4916 alterum
2370 4853 2562 4916 sinum,
2599 4851 2684 4916 ubi
2709 4854 2938 4923 concipit
2963 4857 3311 4922 mendacium.
3347 4861 3606 4921 Etutno-

2036 4946 2219 4999 veritis
2241 4944 2378 4996 hunc
2402 4958 2520 4996 esse
2548 4943 2750 5010 dolum,
2771 4943 2966 4997 dictum
2995 4955 3072 4999 est
3105 4947 3155 4999 in
3185 4948 3423 5014 Psalmis,
3451 4951 3609 5014 Labia

2038 5036 2228 5087 dolosa.
2257 5033 2389 5100 Quid
2415 5042 2515 5096 est,
2550 5030 2708 5084 Lubia
2733 5034 2946 5100 dolosa?
2971 5036 3238 5108 Sequitur,
3278 5038 3346 5096 In
3389 5043 3536 5106 corde
3563 5053 3608 5097 et

2037 5125 2184 5178 corde
2209 5124 2356 5178 locuti
2386 5132 2501 5176 sunt
2533 5121 2666 5175 mala
2697 5121 2864 5194 (Psal.
2897 5141 2972 5191 x1,
2993 5127 3069 5196 5).
3093 5128 3224 5195 Quid
3245 5139 3358 5196 est,
3377 5130 3445 5189 In
3462 5135 3608 5190 corde

2038 5226 2083 5268 et
2107 5214 2294 5279 corde;
2325 5213 2422 5266 nisi
2446 5212 2638 5281 duplici
2659 5212 2856 5266 corde?
2877 5214 2928 5269 Si
2960 5232 3085 5292 ergo
3111 5217 3263 5272 dolus
3290 5220 3339 5273 in
3372 5221 3472 5275 isto
3501 5239 3607 5286 non

2037 5313 2150 5370 erat
2173 5347 2187 5371 ,
2229 5303 2517 5359 sanabilem
2549 5302 2693 5356 illum
2723 5303 2957 5357 medicus
2977 5304 3252 5376 judicavit,
3277 5327 3380 5375 non
3399 5328 3604 5378 sanum,

2037 5396 2193 5460 Aliud
2230 5403 2312 5450 est
2333 5394 2473 5460 enim
2500 5392 2859 5470 sanus,laliud
2889 5395 3171 5462 sanabilis,
3210 5400 3351 5466 aliud
3397 5404 3608 5467 insana,

2036 5488 2158 5542 bilis
2189 5504 2204 5548 ;
2233 5485 2322 5556 qui
2350 5491 2569 5555 aegrotat
2616 5499 2737 5539 cum
2787 5499 2902 5556 spe,
2952 5487 3210 5554 sanabilis
3247 5491 3478 5560 dicitur;
3519 5496 3610 5565 qui

2036 5586 2258 5653 aegrotat
2283 5592 2404 5646 eum
2448 5575 2852 5648 deeperatione,
2896 5576 3240 5647 insanabilis;
3291 5585 3380 5654 qui
3432 5597 3607 5656 autem

2031 5671 2141 5742 jam
2168 5685 2328 5726 sanus
2355 5677 2472 5738 est,
2512 5683 2618 5724 non
2658 5673 2778 5748 eget
2817 5665 3044 5734 medico.
3085 5669 3328 5736 Medicus.
3359 5695 3494 5752 ergo.
3522 5685 3611 5753 qui

2037 5771 2255 5822 venerat
2280 5775 2492 5830 sanare,
2514 5759 2645 5815 vidit
2669 5760 2826 5816 istum
2864 5761 3176 5837 sanabilem,
3206 5767 3327 5841 quia
3354 5769 3507 5830 dolus
3549 5775 3602 5834 in
