4074 6464
504 383 640 440 1147

503 498 596 553 illo
623 511 728 550 non
753 502 884 550 erat.
913 492 1190 564 Quomodo
1235 492 1387 548 dolus
1438 493 1492 548 in
1539 493 1630 546 illo
1677 507 1782 546 non
1823 493 1968 547 erat?
2011 491 2070 548 Si

505 598 748 660 peccator
771 596 872 650 est,
903 585 1094 641 fatetur
1120 601 1177 640 se
1199 595 1550 655 peccatorem.
1581 585 1636 639 Si
1660 585 1802 640 enim
1825 595 2074 655 peccator

501 688 604 744 est,
635 688 688 732 et
711 677 912 747 justum
942 692 1002 732 se
1028 677 1187 742 dicit;
1218 677 1370 730 dolus
1396 687 1478 731 est
1518 677 1569 730 in
1600 692 1692 732 ore
1721 677 1905 747 ipsius.
1937 677 2078 748 Ergo

503 771 558 826 in
587 770 908 826 Nathanaele
933 769 1317 826 confessionem
1347 770 1548 839 peccati
1575 769 1830 838 laudavit,
1859 785 1962 826 non
1986 770 2076 840 ju-

500 863 697 920 dicavit
725 879 829 918 non
851 878 970 918 esse
997 869 1348 932 peccator-em.

573 953 662 1009 19.
703 953 988 1024 Propterea
1025 967 1145 1006 cum
1187 951 1441 1006 Pharisaei
1488 953 1576 1023 qui
1614 952 1716 1006 sibi
1761 951 2081 1008 videbantur

500 1043 664 1115 justi,
719 1042 1176 1114 reprehenderent
1228 1044 1507 1098 Dominum
1573 1045 1695 1114 quia
1755 1043 2080 1098 miscebatur

503 1137 715 1207 aegrotis
745 1135 1014 1200 medicus,
1037 1145 1090 1190 et
1117 1133 1383 1202 dicerent,
1417 1133 1549 1188 Ecce
1573 1151 1686 1188 cum
1715 1124 1894 1202 quibus
1931 1150 2081 1186 man-

503 1229 654 1282 darat
677 1270 693 1294 ,
721 1243 834 1280 cum
861 1226 1141 1296 publicanis
1169 1235 1216 1278 et
1253 1225 1635 1295 peccatoribus;
1661 1225 1935 1296 respondit
1963 1240 2080 1279 mc-

503 1318 651 1372 dicus
693 1317 1048 1386 phreneticis,
1087 1315 1208 1370 Non
1254 1326 1326 1371 est
1368 1333 1494 1388 apus
1539 1317 1676 1372 sanis
1713 1317 1964 1383 medicus,
1993 1316 2080 1370 sed

503 1410 635 1462 male
675 1408 964 1462 habentibus
989 1424 1125 1462 :non
1149 1409 1261 1464 veni
1299 1425 1476 1462 uocare
1507 1410 1696 1482 justas,
1729 1409 1816 1463 sed
1846 1417 2078 1478 peccato-

501 1516 580 1554 res
609 1497 818 1570 (Matth.
849 1515 920 1564 ιιι,
947 1500 1162 1570 11-15).
1192 1499 1304 1556 Hoc
1322 1507 1404 1555 est
1424 1500 1622 1568 dicere,
1639 1499 1770 1566 Quia
1792 1515 1888 1554 vos
1908 1500 2081 1568 justus

503 1590 713 1658 dicitis,
740 1605 862 1644 cum
903 1590 1020 1644 sitis
1059 1599 1398 1658 peccatores,
1435 1605 1594 1644 sanos
1631 1605 1725 1644 vos
1768 1589 2015 1658 judicatis
2039 1589 2074 1654 ι,

503 1699 626 1740 cum
646 1683 936 1754 Iangueatis
956 1723 972 1748 ,
999 1683 1314 1738 medicinam
1343 1683 1630 1753 repellitis,
1663 1699 1768 1738 non
1799 1682 2080 1737 sanitatem

505 1774 716 1830 tenetis.
752 1773 900 1828 Unde
927 1773 1016 1827 ille
1053 1773 1348 1843 pharisaeus
1374 1774 1461 1842 qui
1491 1782 1774 1828 vocaverat
1801 1773 2078 1826 Dominum

503 1867 574 1922 ad
619 1865 930 1937 prandium,
963 1879 1123 1919 sanus
1167 1865 1263 1919 sibi
1315 1864 1628 1919 videbatur:
1658 1871 1851 1934 wgrota
1902 1871 2080 1916 autem

503 1959 590 2014 illa
637 1959 826 2013 mulier
878 1957 1065 2026 irrupit
1109 1957 1162 2011 in
1204 1957 1454 2022 domum,
1483 1972 1587 2027 quo
1633 1973 1738 2012 non
1778 1966 1893 2011 erat
1943 1955 2076 2010 invi-

503 2057 610 2104 tata
629 2090 644 2113 ,
675 2057 730 2104 et
772 2046 1036 2104 desiderio
1079 2047 1266 2101 salutis
1313 2046 1452 2101 facta
1481 2047 1760 2116 impudens
1779 2089 1793 2112 ,
1823 2046 2080 2112 accessit,

502 2153 609 2194 non
629 2137 697 2193 ad
731 2149 884 2208 caput
927 2137 1134 2191 Domini
1154 2179 1168 2204 ,
1199 2152 1304 2192 non
1334 2137 1402 2192 ad
1425 2153 1642 2202 manus,
1669 2137 1762 2191 sed
1792 2136 1860 2190 ad
1887 2135 2077 2206 pedes;

503 2231 631 2288 lavit
653 2246 745 2286 eos
783 2231 1026 2302 Iacrymis
1051 2273 1066 2294 ,
1097 2234 1246 2286 tersit
1283 2231 1524 2300 capillis,
1557 2231 1790 2285 osculata
1835 2239 1915 2284 est
1953 2245 2079 2294 eos,

503 2325 652 2380 unxit
698 2333 994 2394 unguento,
1038 2339 1218 2392 pacem
1264 2321 1391 2378 fecit
1438 2338 1556 2378 cum
1599 2322 1835 2392 vestigiis
1873 2320 2082 2375 Domini

505 2416 792 2487 peccatrix.
823 2414 1186 2484 Reprehendit
1213 2414 1303 2469 ille
1331 2422 1578 2484 tanquam
1603 2428 1761 2468 sanus
1795 2414 2081 2478 medicum,

503 2507 592 2562 ille
623 2506 914 2577 pharisaeus
939 2507 1026 2576 qui
1063 2507 1171 2560 illic
1193 2505 1586 2570 discumbebat;
1624 2515 1678 2561 et
1707 2505 1780 2560 ait
1818 2506 1955 2576 apud
1985 2519 2041 2559 se
2067 2521 2080 2558 :

511 2597 608 2650 Hic
639 2599 682 2652 si
721 2605 844 2652 esset
873 2599 1114 2668 prapheta
1137 2639 1152 2664 ,
1184 2598 1330 2650 sciret
1357 2613 1470 2666 qua:
1493 2597 1675 2650 mulier
1699 2597 1776 2650 illi
1807 2597 1954 2649 aedes
1975 2596 2086 2649 teti-

502 2691 671 2760 gisset.
703 2689 825 2744 Ideo
843 2698 1020 2744 autem
1051 2689 1346 2758 suspicatus
1367 2699 1481 2744 erat
1500 2705 1620 2743 eum
1649 2689 1938 2758 ignoraSse,
1963 2689 2083 2758 quia

437 2853 444 2858 η
503 2797 612 2838 non
643 2783 784 2836 illam
815 2783 1044 2853 repulit,
1073 2783 1224 2852 quasi
1267 2798 1336 2836 ne
1363 2783 1648 2836 immundis
1681 2783 1921 2836 manibus
1963 2789 2083 2834 tan-

503 2881 998 2944 geretur:noverat
1036 2883 1212 2928 autem
1263 2873 1385 2938 ille,
1431 2873 1670 2942 permisit
1713 2887 1770 2927 se
1817 2873 1995 2941 tangi,
2027 2880 2085 2926 ut

503 2972 674 3019 tactus
715 2965 828 3034 ipse
866 2972 1096 3019 sanaret.
1143 2964 1398 3018 Dominus
1441 2963 1628 3018 videns
1667 2979 1761 3018 cor
1791 2963 2078 3028 Pharisaei,

503 3055 778 3126 proposuit
805 3055 1237 3108 similitudinem:
1271 3073 1290 3106 ι
1337 3055 1450 3108 Duo
1477 3055 1743 3110 debitores
1780 3063 1931 3108 erant
1966 3055 2080 3110 cui-

503 3145 628 3202 dam
667 3144 984 3209 l'eneratori;
1015 3161 1150 3200 unus
1177 3145 1226 3200 ei
1254 3145 1481 3200 debebat
1512 3147 1886 3216 quinquaginta
1916 3147 2084 3200 dena-

507 3241 642 3304 rios,
663 3237 800 3292 alter
823 3237 1175 3307 quingentos:
1201 3251 1322 3292 cum
1347 3253 1452 3290 non
1500 3236 1755 3293 haberent
1793 3238 1930 3292 unde
1957 3238 2082 3293 red-

503 3333 720 3394 iterent,
746 3327 963 3382 donavit
1005 3327 1292 3392 ambobus;
1323 3327 1440 3400 quis
1467 3343 1588 3382 eum
1629 3329 1748 3398 plus
1774 3329 1992 3384 dilexit?
2023 3330 2085 3384 Et

503 3419 597 3476 ille
623 3420 865 3486 :Credo,
899 3421 1149 3484 Domine,
1185 3421 1270 3476 cui
1297 3423 1412 3488 plus
1439 3422 1672 3476 donavit.
1703 3423 1768 3478 Et
1793 3438 2083 3479 conversus

501 3511 572 3566 ad
596 3511 904 3575 mulierem,
937 3509 1068 3565 dixit
1111 3511 1314 3566 Simoni
1340 3529 1353 3564 :
1379 3512 1538 3568 Vides
1577 3513 1732 3568 istam
1763 3515 2085 3570 mulierem?

506 3604 698 3660 Intravi
729 3605 782 3658 in
813 3603 1028 3660 domum
1057 3614 1229 3668 tuam,
1256 3621 1448 3676 aquam
1487 3605 1616 3660 mihi
1657 3607 1723 3661 ad
1772 3607 1931 3678 pedes
1975 3625 2080 3663 non

511 3695 722 3765 ardisti;
753 3697 838 3754 illa
869 3708 1044 3753 autem
1073 3697 1322 3769 Iacrymis
1345 3697 1472 3750 lavit
1509 3698 1672 3768 pedes
1703 3714 1886 3766 meos,
1919 3709 1972 3754 et
1995 3715 2085 3754 ca-

503 3791 648 3860 pitis
674 3791 784 3844 suis
813 3791 962 3844 tersit
988 3806 1002 3843 :
1026 3791 1262 3844 osculum
1305 3787 1434 3844 mihi
1463 3805 1565 3844 non
1600 3789 1818 3854 dedisti;
1848 3791 1936 3846 illa
1977 3808 2080 3846 non

501 3883 702 3939 destitit
719 3883 883 3954 pedes
909 3899 1058 3938 meos
1084 3883 1310 3938 osculari
1332 3901 1344 3936 :
1365 3883 1538 3937 olrum
1569 3885 1694 3936 mihi
1723 3899 1826 3938 non
1856 3883 2080 3952 dedisti;

499 3978 589 4032 illa
617 3977 780 4046 pedes
799 3991 950 4032 meos
977 3977 1128 4030 unxit
1151 3985 1436 4046 unguento.
1479 3977 1767 4046 Propterea
1799 3978 1918 4033 dico
1946 3979 2078 4045 tibi;

499 4067 838 4122 dimittuntur
861 4069 910 4122 ei
935 4077 1153 4138 peccata
1197 4069 1392 4136 multa,
1423 4071 1670 4138 quoniam
1713 4069 1898 4124 dilexit
1945 4071 2082 4124 mul-

499 4167 610 4213 tum
639 4175 653 4212 :
683 4157 766 4212 cui
809 4167 982 4212 autem
1013 4159 1278 4213 modicum
1305 4159 1605 4224 dimittitur,
1655 4161 1919 4215 modicum
1963 4161 2084 4216 dili-

499 4251 576 4322 git
598 4268 617 4302 ι
653 4249 798 4320 (Luc.
829 4249 1148 4322 νικῶ-47).
1185 4251 1292 4304 Iloc
1321 4261 1402 4306 est
1425 4251 1603 4306 dicere
1626 4293 1640 4318 ,
1674 4251 1797 4306 Plus
1818 4261 2078 4322 :rgrotas,

501 4343 594 4398 sed
620 4357 806 4396 sanum
831 4351 883 4396 te
909 4351 1063 4411 putas
1087 4359 1099 4393 :
1127 4341 1389 4396 modicum
1415 4353 1566 4412 putas
1597 4343 1688 4396 tibi
1710 4343 1920 4408 dimitti,
1955 4359 2076 4398 cum

505 4434 624 4504 plus
659 4433 867 4488 debitor
909 4433 1002 4486 sis.
1049 4433 1190 4486 Bene
1233 4433 1363 4494 ista,
1397 4433 1519 4502 quia
1551 4433 1702 4488 dolus
1747 4434 1798 4487 in
1854 4435 1942 4488 illa
1973 4451 2080 4489 non

500 4535 647 4590 erat,
681 4526 873 4580 meruit
901 4525 1233 4578 medicinam.
1269 4525 1403 4592 Quid
1440 4533 1558 4590 est,
1588 4525 1740 4580 dolus
1771 4527 1822 4579 in
1855 4525 1942 4579 illa
1972 4541 2078 4580 non

499 4616 644 4671 erat?
673 4615 1033 4672 Contitehatur
1079 4625 1313 4685 peccata.
1347 4616 1458 4671 Hoc
1497 4625 1551 4670 et
1580 4617 1757 4670 laudat
1797 4618 1848 4670 in
1881 4617 2077 4672 Natha-

503 4709 688 4772 naele,
712 4707 852 4778 quod
884 4708 1038 4762 dolus
1069 4707 1118 4760 in
1164 4707 1254 4760 illo
1282 4723 1384 4760 non
1417 4717 1566 4762 erat:
1599 4709 1718 4774 quia
1763 4709 1912 4762 multi
1948 4711 2080 4778 pha-

499 4799 638 4853 tismi
682 4797 772 4868 qui
818 4797 1156 4852 abundabant
1199 4799 1459 4866 peccatis,
1487 4797 1658 4866 justos
1709 4813 1765 4852 se
1795 4799 2072 4866 dicebant,

495 4895 555 4944 et
598 4887 778 4942 dolum
830 4887 1151 4952 all'crebant,
1183 4901 1278 4957 per
1331 4902 1488 4956 quem
1540 4887 1718 4942 sanari
1766 4903 1871 4942 non
1923 4899 2075 4958 pote-

497 4991 639 5036 rant.

567 5073 657 5128 20.
703 5071 844 5127 Vidit
867 5087 996 5142 ergo
1017 5071 1124 5143 jam
1148 5073 1305 5126 istum
1330 5073 1380 5126 in
1410 5087 1515 5142 quo
1541 5071 1694 5127 dolus
1719 5089 1824 5128 non
1857 5083 1998 5142 erat,
2025 5086 2078 5130 et

499 5165 570 5218 ait
597 5182 611 5219 :
637 5163 768 5219 Ecce
787 5181 897 5218 uere
937 5165 1192 5228 Israelita,
1222 5167 1276 5220 in
1303 5183 1401 5238 quo
1443 5167 1588 5221 dolus
1617 5185 1715 5220 non
1751 5177 1840 5221 est.
1873 5167 2010 5222 Dicit
2033 5171 2079 5223 ei

500 5255 552 5309 Ν
558 5257 791 5311 athanael
813 5273 831 5310 :
856 5255 1001 5312 Unae
1026 5275 1102 5310 me
1130 5260 1299 5312 nosti?
1333 5259 1608 5328 Respondit
1635 5259 1806 5323 Iesus,
1837 5269 1880 5314 et
1909 5260 2078 5316 dixit:

499 5346 804 5416 Priusquam
835 5359 880 5402 te
912 5348 1181 5420 Philippus
1207 5360 1400 5403 voraret
1423 5393 1436 5415 ,
1463 5368 1576 5404 cum
1624 5369 1755 5406 esses
1803 5353 1896 5406 sub
1940 5354 2041 5422 ﬁcu
2060 5397 2076 5422 ,

499 5439 600 5493 uidi
626 5450 703 5506 te;
730 5440 779 5495 id
807 5448 928 5506 est,
962 5443 1060 5496 sub
1102 5445 1292 5497 arbore
1333 5443 1436 5496 fici.
1481 5441 1762 5513 Respondit
1792 5446 1836 5499 ei
1875 5444 2080 5501 Nutha-

501 5532 613 5585 nael
629 5574 643 5597 ,
669 5541 716 5585 et
742 5533 812 5585 ait
839 5547 857 5586 :
881 5533 1040 5587 Rabbi
1062 5573 1079 5600 ,
1108 5543 1162 5587 tu
1189 5549 1238 5588 es
1267 5531 1432 5587 Filius
1461 5533 1551 5588 Dei
1573 5574 1588 5597 ,
1622 5544 1674 5588 tu
1696 5553 1746 5590 es
1779 5553 1867 5590 rex
1891 5535 2078 5594 Israel.

499 5621 707 5692 Aliquid
740 5639 984 5694 magnum
1015 5626 1182 5694 potuit
1209 5623 1500 5680 Nathanael
1531 5629 1632 5682 iste
1657 5628 1958 5699 intelligere
1980 5673 1994 5698 ,
2025 5631 2078 5686 in

500 5727 566 5770 eo
593 5713 732 5786 quod
763 5714 960 5769 dictum
989 5723 1071 5770 est
1089 5759 1105 5783 ,
1135 5713 1262 5772 Cum
1283 5718 1523 5774 csmsub
1550 5719 1632 5790 ﬁci
1657 5719 1854 5788 arbore,
1885 5721 1988 5778 vidi
2011 5731 2078 5792 te,

561 5827 584 5862 ι
607 5832 735 5888 Μ..
755 5825 1048 5882 medicatis.

1467 381 1534 436 ιιι
1569 377 1847 437 JOANNIS
1881 377 2343 442 EVANGELIUM,
2385 377 2444 434 s.
2479 345 2850 435 'Aucusrtm

3631 383 3767 441 1448

2183 493 2475 562 priusquam
2526 501 2572 545 te
2625 490 2894 562 Philippus
2939 501 3153 547 uocaret.
3197 491 3330 547 Nam
3379 492 3535 549 talem
3581 511 3766 552 vocem

2183 583 2438 654 protulit,
2469 581 2550 635 Tu
2584 599 2636 636 es
2665 581 2832 636 Filius
2875 581 3001 645 Dei,
3031 593 3084 636 tu
3125 599 3179 638 es
3219 600 3310 638 res:
3335 581 3530 650 Israel;
3555 587 3766 656 qualem

2190 680 2336 728 tanto
2381 682 2502 742 post
2529 673 2716 728 Petrus
2732 715 2747 740 ,
2771 674 2984 743 quando
3009 675 3057 728 ei
3089 675 3342 730 Dominus
3367 675 3472 742 ait,
3505 675 3690 732 Beatus
3715 697 3766 734 es

2183 764 2365 819 Simon
2387 765 2492 818 Bar
2517 763 2679 832 Jona,
2701 766 2819 836 quia
2841 783 2942 820 non
2963 765 3050 818 tibi
3069 767 3302 821 reuelauit
3329 785 3448 822 caro
3468 779 3512 822 et
3529 774 3759 841 sanguis,

2181 854 2270 908 sed
2303 853 2457 908 Pater
2483 872 2620 910 meus
2637 857 2723 925 qui
2752 867 2822 910 est
2853 856 2905 909 in
2927 857 3050 910 caalo
3071 855 3284 926 (Matth.
3315 873 3426 924 ινι,
3466 860 3577 924 17).
3611 862 3680 916 Et
3699 862 3770 916 ibi

2183 947 2476 1002 nominavit
2501 959 2725 1018 petram,
2759 957 2811 1002 et
2839 949 3066 1004 laudavit
3095 950 3487 1006 firmamentum
3521 953 3770 1009 Ecclesia:

2183 1035 2238 1090 in
2267 1039 2362 1092 ista
2394 1039 2518 1094 fide.
2549 1039 2645 1094 Hic
2668 1039 2776 1108 jam
2811 1039 2966 1105 dicit,
2997 1039 3074 1094 Tu
3100 1058 3150 1094 es
3173 1039 3340 1096 Filius
3369 1041 3488 1107 Dei,
3518 1053 3570 1097 tu
3599 1061 3650 1099 es
3676 1061 3765 1099 rex

2185 1127 2370 1183 Israel.
2405 1128 2596 1185 Unde?
2625 1131 2758 1198 Quia
2797 1131 2994 1186 dictum
3032 1141 3114 1186 est
3141 1133 3190 1188 ei
3210 1175 3226 1200 ,
3259 1133 3538 1204 Antequam
3562 1143 3608 1189 te
3639 1133 3767 1189 Phi-

2195 1219 2370 1290 lippus
2395 1231 2588 1274 vocaret
2604 1262 2619 1286 ,
2652 1237 2764 1274 cum
2789 1239 2919 1276 esses
2941 1223 3032 1277 sub
3051 1223 3226 1276 arbore
3247 1223 3367 1292 ﬁci,
3391 1225 3497 1277 uidi
3523 1237 3588 1278 te.

2253 1311 2343 1368 2i.
2383 1311 2736 1379 Qumrendum
2763 1323 2865 1380 est,
2884 1330 2951 1368 an
2973 1315 3169 1384 aliquid
3195 1314 3456 1384 signiticet
3487 1317 3584 1372 ista
3610 1317 3770 1374 arbor

2183 1401 2292 1461 ﬁci.
2339 1403 2530 1458 Audite
2559 1403 2731 1468 enim,
2766 1403 2960 1460 fratres
2991 1407 3094 1460 mei
3133 1425 3144 1458 :
3181 1405 3480 1462 Invenimus
3519 1409 3766 1464 arborem

2183 1495 2283 1558 fici,
2311 1495 2642 1551 maledictam
2665 1539 2678 1562 ,
2709 1499 2831 1566 quia
2868 1499 2977 1551 sola
3022 1497 3140 1552 folia
3187 1497 3406 1562 habuit,
3436 1509 3490 1554 et
3533 1499 3762 1554 fructum

2183 1601 2290 1640 non
2337 1587 2520 1642 habuit
2583 1585 2714 1658 (id.
2747 1604 2868 1650 xxi,
2899 1587 3010 1659 19).
3060 1589 3116 1642 In
3161 1590 3368 1660 origine
3411 1590 3626 1645 humani
3667 1607 3766 1662 ge-

2187 1679 2329 1732 neris
2361 1679 2530 1732 Adam
2579 1689 2632 1734 et
2660 1679 2772 1734 Eva
2800 1695 2920 1732 cum
2969 1691 3311 1748 peccassent,
3341 1682 3408 1735 de
3451 1681 3590 1736 foliis
3621 1682 3771 1736 ﬁcul-

2187 1769 2302 1824 neis
2327 1771 2676 1824 succinctoria
2703 1771 2802 1826 sibi
2823 1771 3062 1825 fecerunt
3091 1773 3242 1842 (Gen.
3275 1790 3349 1840 ut,
3375 1775 3428 1843 7)
3456 1793 3468 1828 :
3493 1773 3615 1829 folia
3639 1790 3767 1844 ergo

2185 1859 2410 1915 ﬁculnea
2441 1863 2806 1934 intelliguntur
2835 1874 3072 1932 peccata.
3105 1863 3234 1918 Erat
3272 1877 3446 1920 autem
3477 1865 3768 1922 Natbanael

2187 1953 2284 2008 sub
2310 1955 2502 2009 arbore
2551 1955 2670 2018 fici,
2700 1963 2948 2024 tanquam
2989 1955 3089 2010 sub
3138 1957 3324 2010 umbra
3371 1959 3577 2012 mortis.
3628 1958 3770 2014 Vidit

2186 2061 2306 2101 eum
2353 2047 2636 2115 Dominus,
2667 2048 2732 2102 de
2778 2064 2884 2118 quo
2913 2049 3108 2102 dictum
3139 2060 3254 2116 est,
3287 2049 3387 2115 Qui
3405 2050 3638 2106 sedebant
3675 2051 3766 2106 sub

2186 2139 2361 2192 umbra
2387 2141 2560 2194 mortis
2581 2183 2595 2206 ,
2626 2141 2794 2194 lumen
2819 2152 2984 2194 ortum
3023 2151 3096 2194 est
3135 2143 3204 2195 eis
3229 2141 3377 2214 (lsai.
3415 2160 3494 2212 ιι,
3525 2142 3603 2216 2).
3631 2144 3768 2212 Quid

2186 2245 2313 2300 ergo
2341 2231 2540 2286 dictum
2561 2242 2641 2286 est
2667 2231 3012 2287 Nathanaeli?
3037 2235 3177 2288 Dicis
3207 2235 3332 2288 mihi
3349 2277 3364 2302 ,
3391 2250 3425 2290 ο
3451 2235 3766 2302 Nathanael,

2192 2322 2341 2378 Unde
2369 2342 2448 2378 me
2478 2325 2644 2379 nosti?
2673 2325 2830 2380 Modo
2853 2326 2960 2395 jam
3005 2327 3240 2396 loqueris
3265 2345 3471 2384 mecum
3489 2371 3502 2392 ,
3529 2331 3650 2398 quia
3677 2347 3771 2384 vo-
3849 2397 3854 2402 _

2187 2417 2324 2471 cavit
2353 2426 2403 2472 te
2431 2417 2720 2486 Philippus.
2754 2417 2868 2472 Jam
2896 2433 3053 2488 quem
3076 2421 3284 2473 vocavit
3315 2436 3407 2488 per
3435 2422 3764 2488 apostolum,

2187 2509 2254 2562 ad
2296 2509 2587 2562 Ecclesiam
2615 2524 2767 2563 suam
2798 2508 2926 2562 vidit
2961 2511 3245 2579 pertinere.
3275 2509 3319 2567 Ο
3345 2522 3398 2566 ιιι
3433 2512 3706 2580 Ecclesia,
3735 2527 3769 2568 ο

2191 2609 2243 2654 ιιι
2275 2600 2430 2654 Israel
2449 2642 2462 2665 ,
2493 2601 2670 2669 inquo
2695 2599 2848 2654 dolus
2875 2616 2978 2655 non
3005 2611 3122 2668 est;
3153 2602 3198 2656 si
3221 2617 3282 2658 es
3339 2603 3563 2672 populus
3607 2602 3770 2658 Israel

2189 2691 2240 2746 in
2271 2707 2377 2762 quo
2406 2692 2558 2746 dolus
2585 2708 2689 2746 non
2717 2700 2830 2756 est,
2867 2694 3022 2748 modo
3041 2693 3150 2762 jam
3177 2695 3469 2764 cognovisti
3499 2694 3768 2750 Christum

2189 2799 2282 2854 per
2303 2783 2604 2853 Apostolos,
2630 2783 2897 2854 quomodo
2915 2784 3210 2840 Nathanael
3235 2779 3481 2856 cognovit
3501 2785 3769 2840 Christum

2187 2889 2282 2944 per
2311 2875 2632 2945 Philippum.
2663 2875 2770 2930 Sed
2819 2873 3183 2931 misericordia
3227 2893 3317 2930 sua
3362 2885 3486 2931 ante
3529 2886 3580 2932 te
3609 2876 3768 2944 vidit,

2187 2982 2342 3038 quam
2373 2975 2428 3022 tu
2457 2981 2578 3022 eum
2601 2981 2950 3037 cognosceres
2969 2969 3008 3032 ί,
3027 2982 3146 3022 cum
3175 2967 3272 3022 sub
3298 2978 3515 3036 peccato
3537 2967 3768 3038 iaceres.

2189 3057 2455 3128 Numquid
2499 3059 2640 3113 enim
2689 3074 2786 3112 nos
2819 3059 2962 3128 prius
3003 3059 3343 3129 quaesivimus
3385 3059 3688 3124 Christum,
3717 3068 3774 3114 et

2191 3165 2298 3206 non
2327 3151 2416 3204 ille
2461 3165 2560 3204 nos
2593 3151 2874 3221 qttzesivit?
2899 3151 3164 3221 Numquid
3194 3166 3290 3206 nos
3319 3152 3558 3206 venimus
3587 3151 3770 3222 πει-οιί

2187 3243 2254 3298 ad
2283 3242 2548 3298 medicum
2566 3283 2580 3308 ,
2602 3251 2658 3298 et
2678 3257 2784 3297 non
2812 3243 3046 3298 medicus
3074 3243 3140 3296 ad
3167 3243 3427 3314 aegrotos?
3447 3243 3632 3298 Nonne
3657 3243 3772 3298 ovis

2188 3335 2274 3389 illa
2301 3336 2562 3406 perierat,
2597 3343 2650 3389 et
2677 3335 2874 3389 relictis
2902 3335 3185 3406 nonaginta
3215 3351 3404 3390 novem
3427 3343 3608 3406 pastor
3627 3351 3772 3406 qua:-

2188 3421 2311 3476 sivit
2331 3421 2470 3476 illam
2501 3429 2556 3476 et
2579 3421 2810 3486 invenit,
2846 3437 3002 3490 quam
3033 3421 3190 3476 lietus
3227 3421 3280 3475 in
3309 3420 3546 3476 humeris
3587 3437 3772 3492 repor-

2190 3515 2356 3570 tavit?
2381 3514 2566 3569 Nonne
2588 3514 2817 3584 perierat
2839 3513 3090 3569 drachma
3109 3514 3217 3580 illa,
3241 3523 3297 3570 et
3311 3513 3554 3570 accendit
3579 3515 3773 3570 mulier

2187 3607 2480 3672 lucernam,
2499 3615 2554 3661 et
2567 3607 2812 3677 quaesivit
2833 3607 2886 3660 in
2909 3615 3014 3660 tota
3037 3607 3196 3661 domo
3217 3621 3312 3660 sua
3338 3605 3508 3662 donec
3533 3605 3771 3662 invenit?

2189 3699 2254 3754 Et
2277 3715 2396 3754 cum
2425 3699 2736 3762 invenisset,
2777 3697 3115 3752 Colltetamini
3141 3699 3286 3764 mihi,
3330 3699 3402 3754 ait
3427 3699 3614 3759 vicinis
3635 3697 3768 3767 suis,

2186 3791 2304 3860 quia
2332 3791 2498 3844 inveni
2535 3789 2829 3843 drachmam
2856 3807 3008 3859 quam
3055 3791 3372 3859 perdideram
3413 3789 3560 3861 (Luc.
3591 3807 3680 3856 xv,
3707 3791 3772 3846 4ο

2189 3881 2297 3956 10).
2325 3883 2412 3938 Sic
2441 3891 2495 3937 ct
2533 3897 2631 3937 nos
2657 3881 2792 3936 sicut
2819 3882 2931 3936 ovis
2959 3882 3304 3952 perieramus,
3339 3891 3394 3938 et
3413 3883 3550 3937 sicut
3575 3883 3772 3938 drach-

2187 3991 2270 4029 ma
2315 3977 2638 4044 perieramus
2667 3991 2681 4026 :
2709 3983 2763 4028 et
2819 3983 3000 4044 pastor
3047 3983 3230 4028 noster
3259 3973 3460 4028 invenit
3483 3989 3657 4038 ovem,
3677 3974 3772 4030 sed

2185 4067 2429 4136 quaesivit
2453 4079 2606 4118 ovem
2632 4081 2646 4128 ;
2673 4063 2863 4117 mulier
2905 4064 3105 4117 invenit
3138 4063 3472 4128 drachmam,
3506 4063 3600 4119 sed
3627 4081 3775 4134 quat:-

2185 4157 2309 4212 sivit
2325 4156 2654 4210 drachmam.
2673 4155 2802 4222 Quae
2817 4164 2897 4209 est
2923 4153 3146 4209 mulier?
3161 4153 3297 4208 Caro
3313 4155 3528 4209 Christi.
3547 4157 3676 4222 Quae
3691 4163 3774 4210 est

2187 4249 2400 4302 lucerna
2415 4247 2438 4300 ?
2456 4245 2643 4300 Paratn'
2657 4245 2914 4300 lucernam
2930 4245 3130 4299 Christo
3145 4262 3252 4299 meo
3269 4243 3439 4316 (Psal.
3457 4260 3521 4301 cx
3531 4263 3556 4298 x
3566 4261 3613 4299 ιι
3623 4287 3634 4308 ,
3657 4247 3768 4316 17).

2185 4338 2541 4410 Ergoqutesiti
2555 4353 2758 4405 sumus,
2774 4345 2831 4392 ut
2849 4339 3228 4403 inveniremur;
3253 4337 3451 4393 inventi
3483 4337 3772 4408 loquimur.

2185 4431 2298 4484 Non
2324 4431 2712 4500 superbiatnus,
2737 4429 2856 4500 quia
2886 4439 3164 4498 antequam
3189 4430 3564 4494 invenirentur,
3597 4431 3773 4499 perie-

2185 4537 2382 4588 ramus,
2400 4521 2444 4574 si
2467 4536 2570 4574 non
2591 4536 2968 4590 quarreremur.
2985 4519 3098 4573 Non
3117 4535 3245 4590 ergo
3271 4520 3422 4574 nobis
3438 4519 3618 4573 dicant
3637 4536 3772 4590 quos

2185 4629 2444 4680 amamus,
2469 4621 2522 4669 et
2545 4615 2786 4668 volumus
2813 4613 3003 4667 lucrari
3033 4613 3144 4682 paci
3177 4613 3430 4667 Ecclesiae
3453 4615 3728 4668 Catholicae
3751 4633 3767 4668 :

2184 4705 2318 4772 Quid
2337 4721 2434 4760 nos
2448 4705 2630 4760 vultis?
2643 4705 2768 4774 quid
2783 4719 2878 4758 nos
2889 4705 3143 4774 quaeritis,
3164 4705 3207 4758 si
3231 4715 3536 4773 peccatores
3549 4707 3774 4761 sumus?

2185 4797 2308 4853 ldco
2323 4813 2420 4852 vos
2440 4799 2750 4867 quaerimus;
2773 4813 2839 4850 nc
2862 4798 3090 4866 pereatis
3117 4815 3131 4850 :
3155 4797 3462 4866 quaerimus,
3484 4798 3604 4866 quia
3627 4813 3774 4866 quaa-

2183 4892 2269 4946 siti
2296 4907 2505 4954 sumus;
2529 4891 2764 4944 invenire
2781 4903 2875 4942 vos
2899 4888 3163 4950 volumus,
3182 4889 3304 4956 quia
3333 4888 3532 4942 inventi
3563 4904 3770 4944 sumus.

2254 4981 2346 5036 22.
2379 4981 2560 5050 Itaque
2583 4979 2874 5034 Nathanael
2903 4994 3022 5032 cum
3055 4979 3298 5043 dixisset,
3330 4977 3477 5032 Unde
3497 4995 3578 5032 me
3599 4980 3772 5034 nosti?

2183 5073 2257 5128 ait
2283 5074 2355 5126 illi
2389 5074 2673 5138 Dominus,
2697 5071 3009 5140 Priusquam
3032 5082 3078 5123 te
3107 5079 3302 5123 vocaret
3331 5068 3625 5141 Philippus,
3655 5087 3772 5126 cum

2185 5182 2316 5220 esses
2344 5166 2433 5218 sub
2457 5165 2635 5218 arbore
2687 5164 2792 5232 ﬁci,
2837 5164 2941 5217 vidi
2975 5173 3038 5216 te.
3091 5161 3135 5218 Ο
3177 5173 3232 5218 tu
3277 5163 3440 5218 Israel
3481 5164 3597 5218 sine
3625 5164 3772 5230 dolo,

2185 5259 2427 5330 quisquis
2455 5274 2536 5325 es,
2561 5273 2594 5312 o
2623 5258 2814 5327 popule
2841 5258 3027 5311 vivens
3053 5272 3118 5311 ex
3149 5255 3272 5321 fide,
3301 5239 3585 5328 atitequam
3613 5267 3662 5310 te
3679 5273 3777 5326 per

2185 5351 2471 5420 Apostolos
2493 5364 2640 5404 meos
2661 5365 2932 5416 vocarem,
2961 5364 3081 5403 cum
3111 5363 3261 5402 esses
3285 5349 3384 5402 sub
3408 5349 3594 5404 umbra
3625 5365 3775 5403 mor-

2187 5441 2278 5506 tis,
2303 5451 2357 5497 et
2377 5451 2432 5495 tu
2451 5457 2536 5496 me
2563 5455 2667 5495 non
2687 5441 2917 5505 videres,
2945 5454 3044 5509 ego
3071 5447 3122 5494 te
3144 5438 3269 5493 vidi.
3299 5437 3556 5494 Dominus
3579 5439 3776 5497 deinde

2187 5538 2316 5594 dicit
2349 5539 2437 5593 ei:
2477 5557 2496 5590 ‹
2521 5539 2652 5607 Quia
2682 5539 2790 5592 dixi
2833 5539 2946 5606 tibi,
2994 5539 3114 5594 Vidi
3169 5547 3220 5594 te
3263 5539 3363 5594 sub
3403 5539 3594 5594 arbore
3650 5535 3772 5600 fici,

2187 5629 2362 5686 credis
2382 5648 2395 5683 :
2415 5631 2585 5700 majus
2614 5631 2694 5684 his
2717 5629 2940 5686 videbis.
2969 5649 2989 5682 ι
3021 5629 3154 5698 Quid
3181 5633 3264 5685 eet
3293 5630 3414 5696 hoc,
3443 5647 3462 5682 σ
3493 5627 3662 5696 majus
3691 5625 3776 5681 his

2187 5723 2430 5780 videbis?
2459 5725 2526 5778 Et
2545 5725 2674 5778 dicit
2701 5723 2752 5779 ei
2777 5741 2789 5776 :
2815 5725 3008 5790 Amen,
3047 5739 3206 5780 amen
3231 5722 3352 5778 dico
3375 5721 3544 5787 vobis,
3575 5719 3776 5774 videbia

2253 5837 2273 5868 ⁸
2295 5841 2402 5888 Uss.
2427 5835 2579 5888 nostri
2599 5847 2772 5902 omnes
2791 5838 3048 5906 omittunt,
3068 5848 3216 5904 quam
3237 5841 3289 5890 tu
3309 5844 3420 5891 wn
3447 5845 3776 5908 cognosceres.
