4074 6464
272 358 295 412 ι
307 356 418 412 H9

261 470 342 523 tis
363 467 559 524 celum
590 476 849 538 apertum,
878 476 932 522 et
982 468 1211 539 Angelos
1262 469 1611 525 ascendentes
1664 483 1717 526 et
1765 472 1861 527 de-

260 560 590 614 scendentes
602 575 760 629 super
774 559 963 613 Filium
985 560 1263 613 hominis.»
1286 561 1519 629 Fratres,
1538 565 1718 617 nescio
1730 564 1854 634 quid

263 653 445 720 majus
466 651 591 715 dixi,
615 666 770 720 quam
797 659 897 713 est,
927 652 1016 704 sub
1038 652 1215 705 arbore
1234 653 1316 721 ﬁci
1343 654 1444 706 vidi
1469 661 1532 707 te.
1562 654 1688 709 Plus
1708 656 1851 711 enim

270 754 353 797 est
406 743 547 813 quod
598 758 699 797 nos
751 744 1003 797 Dominus
1040 755 1258 799 vocatos
1310 744 1636 814 justilicavit,
1692 764 1850 818 quam

272 835 408 903 jnod
438 834 568 887 vidit
587 833 828 902 jacentcs
852 835 949 888 sub
976 835 1159 889 umbra
1191 837 1398 891 mortis.
1429 837 1564 905 Quid
1590 840 1729 892 enim
1754 856 1851 893 no-

257 925 350 977 bis
397 924 653 995 proderat
694 925 737 978 si
783 925 852 979 ibi
899 927 1362 993 remansissemus,
1412 929 1501 982 ubi
1534 944 1633 983 nos
1687 931 1855 985 vidit?

256 1017 532 1088 Numquid
556 1032 657 1072 non
675 1017 1011 1087 jaceremus?
1031 1018 1163 1084 Quid
1188 1028 1268 1074 est
1291 1019 1391 1075 hoc
1408 1020 1611 1091 majus?
1632 1023 1853 1090 Quando

254 1110 492 1165 vidimus
537 1112 765 1181 Angelos
817 1111 1163 1167 ascendentes
1202 1119 1257 1168 et
1285 1113 1667 1171 descendentes
1690 1132 1853 1187 super

259 1202 460 1255 Filium
492 1201 765 1255 hominis?

332 1292 425 1347 23.
465 1291 582 1345 Jant
605 1290 888 1361 aliquando
913 1290 980 1346 de
1009 1290 1091 1348 his
1115 1292 1519 1349 ascendentibus
1545 1302 1600 1350 et
1622 1295 1845 1352 descen-

256 1381 515 1436 dentibus
544 1381 762 1451 Angelis
790 1380 1059 1446 dixeram;
1091 1382 1184 1436 sed
1207 1398 1274 1436 ne
1302 1383 1446 1437 obliti
1467 1382 1694 1451 fueritis,
1724 1386 1847 1441 bre-

253 1473 398 1525 viter
426 1470 550 1525 dico
575 1480 820 1540 tanquam
847 1485 1271 1526 commemorans
1294 1490 1307 1525 :
1334 1473 1566 1542 pluribus
1593 1476 1735 1529 enim
1766 1476 1847 1529 di-

253 1579 441 1619 cerem
470 1564 513 1617 si
545 1578 648 1617 non
675 1578 1172 1630 commemorarem,
1195 1564 1287 1618 sed
1310 1564 1468 1619 modo
1496 1566 1839 1622 insinuarem.

255 1653 447 1709 Scalas
488 1653 616 1707 \idit
643 1652 808 1708 Jacob
855 1668 950 1722 per
997 1655 1288 1717 somnium,
1337 1664 1388 1709 et
1433 1656 1483 1709 in
1523 1656 1654 1725 ipsis
1682 1659 1843 1713 scalis

256 1748 393 1801 vidit
434 1746 664 1816 Angelos
695 1745 1045 1800 ascendentes
1073 1756 1126 1799 et
1167 1745 1583 1813 descendentes;
1616 1756 1669 1803 et
1708 1749 1841 1819 lapi-

255 1841 379 1894 dem
405 1855 563 1909 quem
585 1838 686 1893 sibi
714 1847 963 1908 posuerat
990 1838 1056 1893 ad
1084 1850 1261 1907 caput,
1283 1840 1432 1894 unxit
1468 1839 1616 1909 (Gen.
1651 1858 1836 1905 xxvtu,

257 1934 469 2005 12-18).
500 1932 737 1990 Audistis
778 1931 902 2001 quia
928 1929 1149 1986 Messias
1177 1930 1420 1987 Christus
1464 1942 1565 1997 εει,
1618 1934 1840 1989 audistis

255 2029 380 2098 quia
408 2036 599 2081 unctus
633 2023 875 2078 Christus
922 2031 1026 2078 est.
1057 2022 1174 2077 Non
1204 2023 1344 2077 enim
1393 2024 1470 2078 sic
1498 2024 1671 2093 posuit
1700 2025 1836 2093 lapi-

254 2118 378 2173 dem
407 2124 646 2181 unctum,
675 2124 732 2168 ut
754 2113 955 2168 veniret
1000 2122 1054 2167 et
1094 2112 1338 2169 adoraret
1364 2131 1377 2168 :
1408 2115 1637 2185 alioquin
1668 2116 1839 2170 idolo-

254 2210 407 2263 latria
448 2215 618 2271 esset,
653 2220 759 2260 non
799 2204 1114 2275 signiﬁcatio
1158 2203 1374 2259 Christi.
1404 2204 1558 2260 Facta
1591 2216 1673 2261 est
1711 2224 1838 2279 ergo

252 2300 602 2370 signiﬁcatio,
628 2312 734 2367 quo
764 2311 932 2366 usque
959 2296 1192 2365 oportuit
1221 2296 1333 2351 ﬁeri
1360 2298 1796 2367 signiﬁcationem
1819 2342 1834 2369 ,

254 2402 308 2448 et
335 2390 662 2462 signiﬁcatus
690 2398 772 2444 est
794 2386 1055 2444 Christus.
1081 2387 1239 2457 Lapis
1269 2397 1455 2443 unctus
1476 2431 1491 2456 ,
1521 2390 1613 2445 sed
1648 2407 1751 2446 non
1783 2392 1836 2446 in

254 2485 478 2538 idolum.
505 2482 662 2552 Lapis
688 2488 877 2536 unctus
901 2498 915 2536 :
940 2481 1076 2551 lapis
1102 2481 1301 2550 quare?
1326 2481 1454 2535 Ecce
1480 2500 1610 2550 pono
1636 2483 1687 2537 in
1710 2484 1836 2540 Sion

254 2576 475 2645 lapidem
498 2572 708 2627 electum
730 2613 745 2639 ,
775 2572 1078 2643 pretiosum,
1108 2580 1153 2625 et
1183 2571 1268 2640 qui
1300 2571 1564 2626 crediderit
1594 2573 1646 2627 in
1666 2574 1833 2641 illum,

253 2685 355 2721 non
380 2665 716 2738 confundetur
747 2662 897 2737 (lsai.
921 2679 1081 2718 xxvtu
1098 2706 1112 2728 ,
1142 2663 1239 2729 16;
1264 2662 1287 2718 Ι
1312 2662 1455 2717 Petr.
1476 2682 1541 2731 ιι,
1564 2666 1641 2737 6).
1660 2667 1835 2734 Quare

254 2758 483 2813 unctus?
512 2757 643 2822 Quia
668 2754 910 2810 Christus
949 2770 978 2808 a
1003 2754 1309 2809 chrismate.
1339 2755 1473 2824 Quid
1506 2768 1683 2812 autem
1706 2758 1835 2814 vidit

257 2861 383 2906 tunc
405 2851 457 2904 in
483 2849 675 2904 scalis?
702 2846 1062 2903 Ascendentes
1088 2854 1141 2901 et
1169 2846 1551 2903 descendentes
1576 2850 1830 2919 Angelos.

252 2945 341 3000 Sic
369 2954 455 2999 est
483 2954 537 2998 et
567 2943 798 2998 Ecclesia
819 2984 834 3008 ,
866 2941 1055 2996 fratres
1083 2958 1095 2995 :
1123 2941 1312 3012 Angeli
1340 2944 1452 3007 Dci,
1484 2944 1606 2997 boni
1635 2944 1828 3013 praedi-

253 3048 486 3101 catores,
516 3035 862 3105 prmdicantes
882 3033 1179 3098 Christum;
1207 3032 1307 3087 hoc
1331 3042 1433 3101 est,
1462 3047 1618 3103 super
1638 3033 1833 3089 Filium

253 3128 483 3183 hominis
531 3126 820 3181 ascendunt
846 3134 899 3179 et
939 3124 1286 3179 descendunt.
1332 3124 1607 3191 Quomodo
1648 3142 1834 3182 ascen-

249 3223 419 3288 dunt,
472 3230 531 3275 et
579 3217 844 3289 quomodo
886 3216 1249 3271 descendunt?
1291 3217 1368 3271 Ex
1421 3234 1527 3273 uno
1575 3219 1832 3275 habemus

250 3313 553 3382 exemplum
586 3330 597 3365 :
627 3310 747 3365 audi
794 3310 1091 3378 apostolum
1137 3308 1391 3374 Paulum;
1425 3310 1563 3380 quod
1614 3311 1666 3365 in
1716 3312 1832 3380 ipso

250 3404 613 3459 invenerimus
632 3445 646 3467 ,
676 3401 775 3455 hoc
804 3400 870 3455 de
904 3400 1112 3454 czeteris
1134 3400 1368 3454 veritatis
1398 3400 1832 3469 prmdicatoribus

250 3496 555 3550 credamus.
590 3494 721 3549 Vide
758 3493 975 3547 Paulum
1003 3492 1413 3547 ascendentem:
1444 3512 1462 3545 ι
1496 3496 1617 3549 Scio
1660 3495 1832 3549 homi-

253 3603 376 3641 nem
433 3586 483 3639 in
530 3584 740 3638 Christo
785 3590 907 3637 ante
956 3598 1123 3637 annos
1173 3583 1569 3652 quatuordecim
1619 3596 1829 3655 raptum

252 3681 414 3732 fuisse
443 3692 611 3745 usque
636 3676 687 3728 in
720 3675 928 3729 tertium
948 3675 1143 3729 caelum
1166 3715 1180 3740 ,
1211 3674 1323 3728 sive
1352 3675 1403 3727 in
1429 3689 1653 3744 corpore
1671 3715 1687 3740 ,
1719 3677 1829 3731 sive

251 3782 403 3826 extra
432 3784 626 3839 corpus
652 3769 865 3832 nescio,
899 3768 1038 3822 Deus
1064 3767 1163 3821 scit
1187 3783 1199 3819 :
1226 3776 1281 3821 et
1305 3767 1516 3822 audisse
1548 3768 1828 3823 ineﬁ‘obilia

253 3864 412 3917 verba
440 3878 558 3931 qua:
604 3877 709 3915 non
739 3860 861 3914 licet
891 3858 1090 3913 homini
1122 3858 1262 3927 loqui
1302 3877 1321 3909 ι
1354 3857 1417 3930 (ll
1444 3857 1559 3911 Cor.
1578 3874 1667 3922 xu,
1687 3858 1826 3930 2-4).

255 3955 649 4010 Ascendentem
665 3952 905 4017 audistis,
920 3949 1328 4006 descendentem
1346 3950 1541 4004 audite.
1556 3969 1573 4001 ι
1598 3951 1709 4004 Νοιι
1730 3967 1827 4021 ρο-

253 4051 323 4103 tui
336 4048 484 4117 loqui
501 4045 650 4099 vobis
666 4044 814 4113 quasi
832 4042 1209 4112 spiritualibus,
1225 4040 1318 4097 sed
1338 4042 1486 4111 quasi
1498 4043 1823 4097 carnalibus:

250 4139 399 4209 quasi
422 4134 655 4208 parvulis
702 4134 755 4187 in
783 4132 991 4187 Christo
1019 4132 1099 4185 lac
1136 4132 1284 4186 vobis
1314 4140 1492 4200 potum
1535 4133 1677 4197 dedi,
1722 4148 1825 4189 non

250 4247 426 4287 escam
466 4248 485 4281 ι
516 4227 554 4300 (1
583 4225 701 4280 Cor.
733 4241 808 4289 nt,
843 4225 892 4287 l,
924 4223 1005 4295 2).
1052 4223 1186 4277 Ecce
1227 4223 1499 4277 descendit
1527 4223 1613 4292 qui
1641 4239 1829 4277 ascen-

250 4325 417 4379 derat.
446 4321 637 4388 Quaere
662 4333 766 4388 quo
787 4316 1117 4371 ascenderat.
1149 4314 1317 4384 Usque
1335 4314 1388 4369 in
1411 4318 1605 4369 tertium
1626 4316 1823 4369 cretum.

248 4418 436 4483 Qua-re
474 4429 579 4482 quo
606 4409 959 4465 descenderit.
1004 4405 1170 4476 Usque
1197 4406 1264 4460 ad
1309 4406 1387 4461 lac
1428 4407 1650 4477 parvulis
1696 4406 1824 4461 dan-

250 4512 389 4563 dum.
448 4506 585 4561 Audi
631 4504 751 4573 quia
801 4499 1123 4556 descendit:
1158 4498 1348 4552 Factus
1397 4515 1506 4551 sum
1562 4498 1822 4567 parvulus,

249 4600 448 4670 inquit,
483 4598 531 4650 iu
555 4595 716 4647 medio
744 4604 979 4655 vestrum,
1013 4601 1248 4660 tanquam
1275 4591 1318 4642 si
1362 4590 1535 4643 nutrix
1566 4593 1728 4690 foveat
1757 4590 1822 4656 ﬁ-

248 4692 336 4743 iios
363 4704 483 4741 suos
506 4686 549 4753 (ι
576 4684 747 4737 Thess.
774 4698 830 4747 ιι,
863 4682 939 4753 7).
973 4680 1224 4735 Videmus
1254 4680 1393 4734 enim
1424 4690 1478 4734 et
1521 4680 1751 4734 nutrices
1773 4688 1826 4733 et

251 4790 444 4833 matres
471 4774 796 4830 descendere
839 4773 903 4826 ad
947 4770 1200 4841 parvulos
1228 4788 1240 4823 :
1270 4781 1323 4823 et
1369 4771 1410 4824 si
1442 4780 1638 4824 norunt
1663 4770 1823 4825 latina

253 4874 407 4928 verba
423 4872 624 4931 dicere,
652 4867 929 4921 decurtant
956 4865 1067 4929 illa,
1092 4870 1145 4917 et
1164 4872 1415 4933 quassant
1433 4862 1824 4931 quodammodo

249 4964 478 5033 linguam
508 4974 683 5022 suam,
713 4968 767 5011 ut
793 4956 994 5026 possint
1020 4954 1084 5008 de
1112 4954 1286 5023 lingua
1314 4953 1507 5007 diserta
1540 4952 1650 5006 ﬁeri
1677 4952 1826 5006 blan-

244 5058 476 5110 dimenta
494 5051 719 5124 puerilia
739 5066 753 5114 ;
777 5048 898 5118 quia
930 5047 972 5101 si
1001 5047 1078 5100 sic
1107 5044 1301 5111 dicant,
1327 5058 1432 5146 non
1460 5044 1606 5145 audit
1629 5042 1821 5146 infans,

244 5146 333 5201 sed
366 5160 465 5198 nec
498 5140 706 5212 prolicit
753 5137 946 5192 infans.
997 5135 1066 5190 Et
1113 5134 1342 5190 disertus
1366 5133 1557 5203 aliquis
1585 5143 1752 5203 pater,
1779 5135 1823 5189 si

241 5241 304 5292 sit
336 5244 521 5290 tantus
548 5221 729 5287 orator
756 5239 812 5285 ut
846 5230 1019 5297 lingua
1060 5226 1200 5280 illius
1245 5225 1359 5279 fora
1405 5234 1748 5295 concrepent,
1772 5235 1826 5279 et

244 5325 528 5382 tribunalia
570 5321 970 5382 concutiuntur;
1018 5317 1062 5370 si
1102 5315 1291 5370 habeat
1328 5316 1599 5384 parvulum
1634 5314 1820 5379 ﬁlium,

240 5434 360 5473 cum
402 5416 474 5470 ad
503 5414 720 5468 domum
752 5408 988 5471 redierit,
1025 5407 1235 5476 seponit
1266 5404 1530 5460 forensem
1572 5406 1825 5474 eloquen-

243 5512 365 5564 tiam
400 5524 511 5577 quo
555 5502 900 5568 ascenderat,
933 5509 986 5555 et
1020 5500 1197 5569 lingua
1237 5498 1423 5568 puerili
1454 5497 1729 5552 descendit
1757 5497 1823 5552 ad

243 5602 545 5671 parvulum.
576 5595 710 5649 Audi
752 5608 856 5646 uno
897 5592 1015 5646 loco
1058 5592 1232 5661 ipsum
1270 5589 1585 5689 Apostolum
1636 5604 1825 5691 ascen~

241 5694 459 5747 dentem
490 5698 545 5741 et
584 5682 995 5740 descendentem
1019 5724 1033 5747 ,
1082 5682 1134 5734 in
1167 5698 1268 5733 una
1301 5680 1561 5735 sententia
1594 5694 1609 5733 :
1648 5698 1667 5731 ι
1702 5678 1825 5734 Sive

244 5786 405 5847 enim,
424 5776 623 5846 inquit,
655 5782 831 5827 tuente
859 5772 1207 5836 excessimus,
1233 5772 1338 5826 Deo
1362 5769 1503 5825 :sive
1523 5778 1821 5839 temperau-

523 5871 751 5933 Sascr.
792 5869 1057 5927 Aecusr
1093 5865 1200 5925 Ill.

1501 358 1909 416 TRACTATUS
1948 361 2081 419 Vill.
2129 367 2350 426 CAPUT
2401 373 2462 427 ll.

3411 397 3548 456 “50

1974 484 2057 531 tes
2081 493 2282 546 sumus,
2312 485 2459 540 vobis
2489 506 2505 538 ι
2536 488 2604 557 (ll
2629 488 2743 546 Cor.
2774 510 2823 559 v,
2869 496 2973 568 l3).
3021 499 3156 567 Quid
3184 512 3284 573 est,
3316 526 3333 558 ι
3364 520 3545 568 mente

1969 572 2315 638 excessimus,
2338 577 2507 631 Deo?)
2538 580 2604 635 Ut
2626 582 2711 636 illa
2727 584 2999 643 videamus
3027 610 3173 662 «qua:
3191 612 3293 651 non
3313 598 3432 655 licet
3450 601 3545 655 h0-

1968 656 2095 711 mini
2131 660 2292 732 loqui.
2323 683 2343 717 ι
2374 667 2509 735 Quid
2551 681 2650 736 est,
2683 692 2701 725 ‹
2738 684 3094 748 temperantes
3125 698 3325 753 sumus,
3362 691 3547 748 vobis?

1964 749 2225 823 Numquid
2248 757 2479 827 judicavi
2504 781 2588 819 me
2611 768 2807 838 aliquid
2839 773 2974 829 scire
3002 775 3140 831 inter
3168 794 3282 844 vos,
3324 784 3424 837 nisi
3460 784 3543 841 Je-

1962 857 2079 897 sum
2118 845 2409 918 Christum,
2457 863 2509 908 et
2543 855 2681 913 hunc
2723 863 3033 920 cruciﬁxum
3063 886 3082 919 ι
3113 867 3169 940 (Ι
3202 870 3317 926 Cor.
3348 890 3405 941 ιι,
3448 875 3543 948 2)?

1963 932 2019 988 Si
2049 935 2160 1006 ipse
2208 939 2461 997 Dominus
2497 949 2735 1005 ascendit
2764 959 2819 1006 et
2860 953 3175 1027 descendit;
3200 964 3538 1022 manifestum

1959 1036 2040 1082 est
2066 1029 2184 1099 quia
2215 1041 2268 1086 et
2299 1036 2673 1103 praedicatores
2702 1043 2868 1113 ipsius
2890 1050 3186 1107 ascendunt
3210 1054 3537 1125 imitatione,

1959 1117 2289 1177 descendunt
2314 1126 2689 1193 praedicatione
2703 1172 2718 1185 .

2027 1210 2114 1264 24.
2156 1213 2223 1267 Et
2255 1214 2300 1268 si
2337 1216 2603 1288 aliquanto
2645 1237 2741 1277 vos
2780 1224 2976 1283 diutius
3005 1234 3294 1303 tenuimus,
3322 1240 3540 1296 consilii

1954 1300 2053 1356 fuit
2094 1313 2153 1359 ut
2201 1306 2513 1378 importunae
2544 1313 2689 1369 horae
2720 1320 3004 1377 transirent
3042 1342 3056 1379 :
3085 1328 3407 1385 arbitramur
3426 1333 3537 1402 jam

1956 1389 2074 1445 illos
2102 1394 2116 1424 ¹
2147 1398 2412 1466 peregisse
2441 1403 2723 1460 vanitatem
2750 1424 2919 1464 suam.
2950 1412 3055 1467 Nos
3082 1426 3256 1473 autem
3276 1460 3293 1487 ,
3325 1421 3535 1490 fratres,

1953 1485 2166 1553 quando
2210 1490 2345 1556 pasti
2389 1505 2572 1547 sumus
2600 1497 2769 1564 epulis
2794 1501 3144 1573 salutaribus,
3176 1485 3293 1578 quae
3338 1523 3538 1570 restant

1951 1588 2188 1644 agamus,
2219 1586 2275 1632 ut
2300 1579 2439 1635 diem
2468 1583 2787 1641 dominicum
2818 1591 3127 1649 solemniter
3151 1597 3461 1669 impleamus
3481 1606 3536 1659 in

1949 1669 2152 1737 gaudiis
2178 1672 2534 1741 Spiritualibus
2553 1720 2567 1744 ,
2598 1686 2651 1734 et
2678 1694 3047 1751 comparemus
3071 1689 3257 1758 gaudia
3290 1695 3526 1751 veritatis

1950 1773 2068 1812 cum
2101 1762 2305 1831 gaudiis
2334 1768 2577 1822 vanitatis
2610 1786 2622 1822 :
2654 1780 2708 1826 et
2744 1772 2786 1826 si
2818 1774 3093 1831 horremus
3113 1821 3127 1844 ,
3153 1779 3456 1850 doleamus;
3486 1788 3532 1842 si

1948 1848 2188 1906 dolemus
2209 1896 2222 1918 ,
2245 1869 2490 1924 oremus;
2515 1860 2557 1913 si
2580 1876 2814 1931 oramus,
2848 1866 3221 1938 exaudiamur;
3248 1872 3291 1927 si
3315 1875 3533 1929 exaudi-

1948 1955 2086 2010 mur,
2118 1952 2171 1997 et
2198 1944 2316 2000 illos
2346 1947 2631 2005 lucramur.

2438 2061 2846 2124 TRACTATUS
2900 2070 3030 2126 Vill.

1945 2164 2019 2218 Ab
2044 2184 2100 2221 eo
2127 2167 2387 2241 Evangelii
2413 2174 2520 2229 loco
2542 2218 2555 2241 ,
2586 2178 2653 2233 Et
2690 2180 2775 2234 die
2808 2184 2957 2236 tertia
2997 2187 3195 2254 nuptiae
3226 2188 3374 2244 factre
3401 2203 3527 2247 sunt

2016 2257 2069 2310 in
2100 2256 2242 2313 Cana
2264 2260 2518 2330 Galilazaa;
2549 2284 2703 2337 usque
2719 2273 2786 2323 ad
2807 2272 2878 2337 id,
2906 2273 3041 2339 Quid
3070 2277 3196 2331 mihi
3219 2289 3272 2333 et
3303 2281 3395 2335 tibi
3421 2292 3525 2349 est,

2017 2350 2243 2406 mulier?
2267 2354 2499 2411 nondum
2529 2360 2672 2413 venit
2700 2360 2827 2417 hora
2853 2380 2989 2419 mea.
3029 2366 3154 2438 Cap.
3184 2385 3241 2437 ιι,
3285 2372 3320 2441 ᾗ
3344 2412 3358 2424 .
3404 2375 3523 2429 1-4.

2021 2482 2068 2535 ι.
2098 2482 2398 2540 Miraculum
2429 2491 2638 2559 quidem
2676 2494 2882 2550 Domini
2923 2500 3092 2555 nostri
3136 2502 3261 2557 Jesu
3288 2505 3521 2575 Christi,

1944 2587 2049 2641 quo
2078 2574 2143 2629 de
2184 2592 2314 2646 aqua
2342 2581 2520 2635 vinum
2553 2584 2673 2639 fecit
2693 2628 2706 2651 ,
2743 2603 2845 2643 non
2874 2600 2955 2645 εει
2988 2593 3176 2649 mirum
3206 2600 3281 2652 eis
3310 2600 3396 2669 qui
3426 2616 3525 2655 no~

1945 2674 2131 2719 verunt
2158 2668 2277 2736 quia
2311 2670 2447 2725 Deus
2477 2671 2615 2729 fecit.
2648 2674 2766 2746 Ipse
2793 2681 2932 2735 enim
2969 2681 3091 2738 fecit
3123 2687 3298 2741 vinum
3325 2668 3416 2744 illo
3438 2691 3524 2745 die

1943 2753 1995 2807 in
2024 2758 2218 2827 nuptiis
2243 2759 2294 2813 in
2321 2775 2411 2816 sex
2442 2763 2545 2818 illis
2574 2766 2808 2837 hydriis,
2841 2787 2972 2840 quas
2998 2774 3203 2844 impleri
3231 2794 3364 2849 aqua
3388 2798 3523 2850 pra:-

1941 2846 2082 2914 cepit
2108 2847 2282 2917 (Joan.
2312 2867 2382 2918 ιι,
2414 2853 2568 2925 6-11)
2591 2897 2605 2921 ,
2631 2857 2721 2927 qui
2748 2862 2891 2915 omni
2920 2878 3059 2917 anno
3086 2867 3210 2921 facit
3234 2846 3333 2924 hoc
3360 2846 3413 2926 in
3442 2875 3520 2927 vi-

1944 2937 2102 2992 tibus.
2129 2940 2274 2996 Sient
2300 2944 2439 2998 enim
2470 2948 2609 3015 quod
2645 2952 2900 3007 miserunt
2927 2956 3150 3012 ministri
3181 2960 3235 3014 in
3271 2962 3518 3034 hydrias,

1942 3029 1992 3081 in
2025 3030 2202 3084 vinum
2240 3048 2553 3091 conversum
2592 3048 2674 3093 est
2699 3055 2859 3110 Opere
2903 3045 3143 3112 Domini;
3180 3050 3256 3105 sic
3284 3061 3339 3107 et
3377 3055 3519 3122 quod

1941 3121 2106 3174 nubes
2135 3119 2387 3191 fundunt,
2420 3125 2469 3179 in
2510 3128 2688 3182 vinum
2733 3135 3058 3189 convertitur
3095 3138 3330 3207 ejusdem
3358 3158 3520 3213 opere

1940 3209 2168 3264 Domini.
2200 3212 2329 3269 Illud
2354 3228 2530 3273 autem
2562 3236 2666 3274 non
2710 3223 2983 3293 miramur,
3028 3230 3146 3299 quia
3192 3235 3334 3287 onmi
3379 3251 3520 3291 anno

1941 3290 1999 3356 ﬁt
2023 3320 2034 3355 :
2062 3304 2367 3362 assiduitate
2388 3312 2564 3365 amisit
2593 3312 3018 3372 admirationem.
3046 3319 3178 3375 Nam
3201 3334 3254 3378 et
3272 3327 3518 3383 conside-

1939 3394 2198 3449 rationem
2228 3398 2480 3467 majorem
2514 3402 2746 3470 invenit,
2780 3421 2936 3475 quam
2967 3407 3019 3463 id
3048 3411 3188 3480 quod
3217 3411 3412 3471 factum
3438 3429 3519 3472 est

1939 3483 1989 3536 in
2022 3484 2223 3555 hydriis
2271 3504 2441 3558 aqua).
2471 3490 2599 3556 Quis
2622 3504 2703 3547 est
2729 3497 2868 3551 enim
2899 3499 2986 3567 qui
3020 3502 3321 3559 considerat
3357 3513 3517 3576 operd

1943 3573 2066 3641 Dei,
2094 3577 2283 3645 quibus
2327 3580 2525 3649 regitur
2558 3592 2610 3636 et
2649 3583 3046 3643 administratur
3076 3601 3211 3648 totus
3243 3593 3328 3649 hic
3365 3573 3513 3652 mun-

1936 3662 2068 3732 dus,
2109 3676 2163 3720 ct
2206 3682 2309 3721 non
2360 3668 2684 3743 obstupescil
2725 3676 3066 3748 obruiturque
3108 3684 3413 3741 miraculis?
3459 3688 3515 3742 Si

1936 3755 2237 3810 consideret
2274 3759 2375 3811 vim
2405 3762 2559 3813 unius
2585 3764 2730 3831 grani
2752 3806 2766 3830 ,
2813 3767 3091 3835 cujuslibet
3117 3775 3334 3829 seminis
3354 3819 3366 3841 ,
3400 3794 3514 3832 ma-

1934 3864 2036 3917 gna
2079 3850 2319 3918 quaedam
2360 3867 2445 3907 res
2486 3865 2602 3919 est,
2648 3855 2838 3913 horror
2871 3867 2954 3914 est
2990 3864 3363 3921 consideranti.
3408 3870 3513 3925 Sed

1935 3940 2054 4008 quia
2087 3939 2328 3995 homines
2367 3942 2418 3996 in
2454 3943 2596 3999 aliud
2624 3946 2809 4002 intenti
2841 3951 3183 4018 perdiderunt
3209 3958 3514 4015 considera-

1938 4032 2130 4086 tionem
2161 4049 2380 4102 operum
2416 4036 2540 4104 Dei,
2587 4038 2636 4091 iu
2678 4055 2777 4109 qua
2822 4042 3008 4098 darent
3038 4044 3245 4101 laudem
3279 4052 3513 4119 quotidie

1932 4115 2166 4178 Creatori
2186 4141 2200 4190 ;
2230 4135 2475 4196 tanquam
2492 4132 2830 4185 servavitsibi
2852 4133 2990 4189 Deus
3011 4135 3254 4192 inusitata
3270 4143 3511 4211 qumdam

1933 4222 2050 4287 quae
2072 4217 2267 4272 faceret
2286 4260 2299 4282 ,
2341 4232 2397 4272 ιιι
2437 4230 2682 4290 tanquam
2711 4222 3034 4279 dormientes
3060 4226 3331 4298 homines,
3362 4233 3428 4287 ad
3455 4251 3514 4289 se

1932 4309 2211 4365 colendum
2254 4311 2545 4366 mirabilius
2597 4316 2874 4370 excitaret.
2915 4317 3149 4374 Mortuus
3187 4326 3511 4394 resurrexit,

1934 4402 2104 4455 mirati
2135 4410 2257 4455 sunt
2288 4403 2564 4458 homines:
2591 4414 2665 4459 tot
2685 4408 2919 4476 quotidie
2940 4424 3245 4479 nascuntur,
3277 4425 3329 4471 et
3353 4433 3513 4474 nemo

1934 4490 2173 4544 miratur.
2214 4491 2270 4547 Si
2298 4493 2699 4550 consideremus
2727 4499 3037 4567 prudentius
3058 4545 3071 4567 ,
3104 4506 3319 4575 majoris
3345 4510 3509 4564 mira-

1931 4582 2035 4635 culi
2056 4591 2274 4637 estesse
2300 4583 2387 4652 qui
2414 4599 2518 4639 non
2553 4596 2664 4640 erat
2683 4629 2698 4653 ,
2734 4604 2889 4659 quam
2919 4593 3231 4652 reviviscere
3258 4600 3348 4668 qui
3372 4613 3506 4656 erat.

1930 4669 2074 4726 Idem
2112 4680 2287 4727 tamen
2332 4674 2468 4728 Deus
2516 4676 2670 4729 Pater
2700 4678 2904 4733 Domini
2953 4686 3117 4738 nostri
3160 4686 3284 4742 Jesu
3313 4690 3508 4746 Christi

1931 4777 2025 4832 per
2054 4763 2277 4817 Verbum
2307 4778 2458 4818 suum
2491 4764 2613 4820 facit
2632 4770 2806 4821 omnia
2836 4770 2948 4824 hare
2967 4811 2981 4836 ,
3012 4782 3065 4827 et
3088 4777 3219 4845 regit
3245 4780 3332 4848 qui
3354 4796 3507 4835 crea-

1932 4854 2021 4908 vit.
2068 4855 2247 4909 Priora
2295 4856 2544 4910 miracula
2591 4857 2714 4912 fecit
2753 4875 2845 4939 per
2882 4861 3111 4918 Verbum
3150 4883 3301 4922 suum
3344 4872 3508 4925 Deum

1930 4946 2069 5016 apud
2096 4961 2155 5001 se
2185 4965 2197 5001 :
2228 4948 2516 5015 posteriora
2544 4951 2795 5005 miracula
2820 4953 2940 5008 fecit
2970 4970 3063 5024 per
3083 4959 3252 5027 ipsum
3282 4961 3508 5021 Verbum

1931 5040 2447 5107 suum,incarnatum
2470 5083 2483 5107 ,
2516 5050 2569 5096 et
2606 5053 2821 5111 promer
2850 5062 2945 5100 nos
2982 5049 3247 5105 hominem
3288 5050 3506 5110 factum.

1931 5129 2078 5184 Sicut
2131 5131 2385 5186 mirantur
2443 5148 2561 5202 qua:
2608 5131 2744 5187 facta
2791 5146 2915 5190 ειιιιι
2962 5153 3057 5208 per
3100 5139 3366 5195 hominem
3422 5144 3502 5199 ,ἰε-

1930 5222 2340 5284 sum,mircmur
2376 5238 2492 5292 qua:
2529 5223 2663 5277 facta
2702 5236 2823 5279 sunt
2860 5242 2955 5297 per
2992 5230 3155 5284 Deum
3181 5230 3380 5312 .lesum.
3409 5234 3504 5291 Per

1932 5312 2094 5366 Deum
2124 5313 2300 5368 Jesum
2348 5315 2481 5369 facta
2531 5326 2653 5370 sunt
2696 5318 2889 5372 cmlum
2934 5329 2989 5374 et
3035 5330 3207 5385 terra,
3245 5339 3422 5391 mare,
3456 5341 3511 5384 et

1894 5424 1895 5427 η
1930 5405 2103 5459 omnis
2128 5418 2344 5459 ornatus
2372 5407 2523 5475 coeli,
2558 5409 2821 5477 epulentia
2853 5421 3006 5465 terra:
3030 5454 3044 5479 ,
3078 5412 3369 5471 fecunditas
3399 5435 3512 5473 ma-

1932 5498 2005 5552 ris
2028 5513 2042 5561 ;
2070 5499 2241 5552 omnia
2266 5498 2378 5554 haec
2403 5517 2520 5569 qua:
2542 5502 2707 5556 oculis
2728 5503 2997 5572 adjacent,
3024 5521 3118 5575 per
3138 5507 3317 5563 Jesum
3344 5511 3510 5566 Deum

1934 5587 2069 5643 facta
2096 5600 2237 5643 sunt.
2271 5590 2337 5644 Et
2365 5591 2603 5645 videmus
2634 5593 2745 5647 haec
2768 5636 2781 5658 ,
2812 5606 2861 5648 et
2892 5596 2934 5647 si
2962 5606 3042 5649 est
3070 5597 3121 5650 in
3163 5599 3313 5653 nobis
3339 5600 3509 5671 Spirio

1996 5723 2012 5753 ι
2042 5730 2145 5771 uss.
2170 5722 2385 5774 melioris
2406 5733 2561 5797 noue,
2590 5724 2695 5795 illas
2725 5737 2741 5773 :
2767 5725 2889 5797 forte
2920 5728 3510 5797 (lUOtUnUllt‘ll‘cSDOliSSi‘

1933 5796 2062 5833 mum
2085 5794 2327 5845 spectaret
2348 5788 2434 5835 ista
2457 5786 2730 5836 celebritas.
2760 5789 2870 5836 V'itle
2894 5786 3156 5851 sttprafuu.
3182 5792 3211 5839 ἓ
3233 5786 3341 5843 e16.

2674 5870 3225 5948 (Qttarante-six.)
