4012 6468
549 327 678 382 1451

543 451 628 495 tus
661 439 856 510 ipsius,
887 437 964 492 sic
991 434 1145 490 nobis
1173 434 1379 505 placent
1407 441 1464 486 ut
1487 431 1674 486 artifex
1711 429 1988 484 laudetur:
2017 443 2124 482 non

547 541 602 586 ιιι
631 531 696 586 ad
721 545 882 600 Opera
912 527 1154 583 conversi
1181 525 1248 581 ab
1273 525 1475 580 artiﬁce
1500 531 1821 586 avertamur,
1849 529 1904 576 et
1937 520 2124 576 faciem

543 621 932 692 quodammodo
961 627 1218 690 ponentes
1244 615 1309 670 ad
1349 630 1410 670 ea
1449 629 1568 685 qua:
1592 613 1749 682 fecit,
1777 613 1993 668 dorsum
2031 627 2126 686 po-

543 729 732 768 namus
758 711 824 766 ad
851 725 972 766 eum
1000 709 1088 780 qui
1116 707 1255 764 fecit.

613 803 668 856 9..
697 801 764 856 Et
794 801 910 857 hare
945 798 1161 870 quidem
1197 795 1470 862 videmus,
1523 803 1578 850 et
1616 793 1860 864 adjacent
1900 793 2072 849 oculis
2107 809 2120 847 :

542 894 666 966 quid
712 893 796 947 illa
843 907 961 963 quae
991 905 1096 946 non
1140 887 1415 954 videmus,
1445 885 1582 940 sicut
1610 893 1732 940 sunt
1760 881 1979 954 Angeli,
2009 882 2128 938 Vir-

543 997 681 1040 tutes
701 1025 715 1050 ,
747 983 1042 1038 Potestates
1059 1021 1073 1046 ,
1101 979 1496 1034 Dominationes
1513 1017 1530 1044 ,
1561 978 1838 1047 omnisque
1865 975 2128 1030 habitator

541 1076 752 1131 fabricae
779 1073 937 1144 hujus
960 1069 1383 1142 supercmlestis,
1427 1085 1530 1123 non
1567 1067 1816 1136 adjacens
1841 1067 2007 1122 oculis
2033 1081 2127 1120 no-

541 1167 702 1223 stris?
734 1165 1043 1234 Quanquam
1089 1177 1232 1232 saepe
1269 1168 1322 1216 et
1361 1159 1580 1230 Ange'li,
1612 1156 1823 1228 quando
1860 1157 2124 1226 oportuit,

542 1259 1039 1314 demonstraverunt
1079 1267 1138 1308 se
1181 1252 1500 1308 hominibus.
1541 1249 1730 1307 Nonne
1769 1250 1908 1304 Deus
1937 1257 1992 1304 et
2035 1261 2130 1316 per

545 1347 770 1402 Verbum
800 1360 950 1400 suum
971 1385 986 1412 ,
1015 1344 1068 1398 id
1109 1352 1224 1409 est,
1277 1343 1492 1398 unicum
1519 1341 1708 1396 Filium
1751 1355 1904 1394 suum
1949 1337 2130 1393 Domi-

539 1456 666 1494 num
697 1447 934 1493 nostrum
958 1435 1141 1492 Jesum
1163 1435 1430 1490 Christum
1455 1433 1576 1488 fecit
1605 1432 1718 1504 haec
1746 1429 1968 1484 omnia?
1991 1427 2129 1497 Quid

540 1530 652 1600 ipsa
682 1528 856 1583 anima
887 1527 1112 1580 humana
1138 1567 1153 1594 ,
1185 1539 1302 1594 quae
1343 1539 1449 1577 non
1493 1521 1718 1586 videtur,
1752 1529 1805 1576 et
1833 1533 1929 1590 per
1969 1533 2128 1590 opera

539 1637 657 1691 qua:
687 1619 906 1686 exhibet
933 1619 982 1672 in
1005 1633 1164 1673 carne
1183 1659 1196 1682 ,
1226 1631 1466 1688 magnam
1497 1615 1694 1685 prtebet
1715 1613 2126 1668 admirationem

543 1713 679 1768 bene
705 1709 1160 1768 considerantibus
1183 1750 1197 1776 ,
1227 1724 1254 1762 a
1281 1723 1386 1778 quo
1411 1707 1546 1762 facta
1573 1715 1686 1774 est,
1717 1706 1816 1760 nisi
1841 1720 1872 1760 a
1902 1703 2047 1760 Deo?
2077 1713 2130 1760 et

543 1819 635 1872 per
676 1818 834 1874 quem
883 1801 1018 1858 facta
1065 1808 1176 1868 est,
1225 1801 1324 1854 nisi
1356 1815 1450 1868 per
1479 1800 1666 1854 Filium
1711 1798 1842 1852 Dei?
1885 1797 2127 1852 Nondum

543 1897 664 1952 dico
694 1895 762 1950 de
789 1895 963 1949 anima
993 1893 1244 1950 hominis.
1272 1891 1515 1962 Cujusvis
1545 1893 1753 1962 pecoris
1789 1891 1963 1946 anima
1993 1905 2127 1960 quo-

543 1985 702 2041 modo
729 1987 863 2056 regit
889 1985 1080 2039 molem
1107 1985 1287 2038 suam!
1321 1999 1511 2040 sensus
1536 1999 1722 2038 oumes
1744 1983 1960 2048 exserit,
2004 1998 2132 2038 ocu-

543 2077 626 2132 los
655 2075 719 2130 ad
749 2075 1054 2141 videndum,
1078 2090 1232 2129 aures
1253 2074 1317 2128 ad
1345 2075 1664 2129 audiendum
1686 2117 1700 2140 ,
1733 2089 1888 2128 nares
1917 2073 1981 2128 ad
2011 2088 2130 2142 per-

541 2166 844 2236 cipiendum
881 2166 1098 2222 odorem
1123 2207 1134 2231 ,
1157 2165 1268 2220 oris
1293 2165 1546 2234 judicium
1579 2165 1644 2219 ad
1683 2179 1900 2234 sapores
1923 2163 2128 2220 discer-

542 2257 776 2324 nendos,
807 2257 1046 2312 membra
1084 2256 1312 2325 denique
1357 2257 1468 2326 ipsa
1515 2255 1582 2310 ad
1628 2254 1926 2325 peragenda
1955 2253 2128 2310 ofﬁcia

543 2363 658 2403 sua.
689 2347 958 2425 Numquid
983 2346 1100 2402 htec
1127 2361 1340 2416 corpus,
1367 2355 1422 2402 et
1449 2362 1553 2401 non
1577 2347 1772 2412 anima,
1801 2345 1852 2400 id
1881 2353 1998 2412 est,
2029 2345 2128 2399 ha-

541 2439 757 2494 bitatrix
781 2439 1020 2510 corporis
1062 2439 1204 2510 agit?
1229 2439 1336 2494 Nec
1381 2449 1556 2494 tamen
1597 2438 1805 2494 videtur
1847 2439 2046 2506 oculis,
2077 2447 2130 2493 et

548 2549 612 2588 ex
652 2533 735 2588 his
778 2549 897 2603 qum
917 2533 1063 2604 agit,
1092 2531 1496 2599 admirationem
1530 2539 1726 2587 movet.
1757 2531 1987 2586 Accedat
2022 2531 2130 2600 jam

543 2623 902 2678 consideratio
930 2629 1016 2677 tua
1037 2623 1196 2678 etiam
1221 2622 1287 2676 ad
1314 2625 1544 2676 animam
1573 2622 1855 2676 humanam
1875 2664 1888 2688 ,
1921 2622 2004 2675 cui
2040 2621 2132 2676 tri-

540 2713 654 2768 buit
681 2713 822 2768 Deus
853 2712 1176 2768 intellectum
1217 2712 1570 2783 cognoscendi
1611 2709 1914 2766 Creatorem
1945 2727 2128 2778 suum,

540 2803 884 2875 dignoscendi
921 2813 974 2860 et
998 2803 1358 2874 distinguendi
1401 2806 1541 2860 inter
1567 2806 1762 2860 bonum
1807 2813 1860 2860 et
1899 2805 2127 2872 malum,

539 2893 642 2949 hoc
662 2903 744 2948 est
767 2894 1120 2964 interjustum
1144 2906 1197 2948 et
1221 2895 1473 2962 injustum
1503 2913 1516 2949 :
1547 2903 1740 2965 quanta
1767 2897 1873 2966 agit
1897 2910 1990 2965 per
2009 2911 2130 2950 cor-

543 2987 678 3056 pus!
707 2985 981 3040 Attendite
1008 2986 1310 3040 universum
1333 2987 1517 3042 orbem
1552 2997 1809 3042 terrarum
1831 2988 2130 3042 ordinatum

541 3077 594 3130 in
627 3076 736 3146 ipsa
764 3077 992 3132 humana
1018 3078 1288 3148 republica
1314 3096 1328 3133 :
1351 3079 1539 3148 quibus
1562 3078 2128 3146 administrationibus,

540 3167 728 3238 quibus
751 3167 1026 3223 ordinibus
1056 3176 1395 3237 potestatum,
1419 3169 1809 3224 conditionibus
1833 3170 2128 3238 civitatum,

539 3258 777 3328 legibus,
811 3257 1079 3322 moribus,
1121 3258 1356 3314 artibus!
1406 3258 1516 3314 Hoc
1561 3267 1726 3314 totum
1775 3275 1872 3330 per
1899 3261 2130 3316 animam

539 3349 758 3418 geritur,
789 3358 843 3405 et
887 3348 1002 3404 hinc
1039 3350 1120 3406 vis
1141 3349 1332 3404 anima:
1368 3341 1470 3406 non
1501 3351 1729 3406 videtur.
1759 3353 1888 3410 Cum
1919 3355 2131 3410 subtra-

541 3441 684 3498 hitur
703 3441 912 3512 corpori
937 3483 952 3508 ,
979 3441 1206 3498 cadaver
1243 3443 1421 3514 jacet:
1451 3459 1571 3499 cum
1613 3453 1788 3500 autem
1823 3445 1977 3502 adest
2007 3463 2130 3502 cor-

543 3535 694 3602 pori,
739 3533 912 3604 primo
955 3534 1137 3598 condit
1163 3535 1555 3606 quodammodo
1585 3547 1822 3608 putores.
1851 3539 2129 3610 Corrupti-

537 3626 659 3680 bilis
687 3635 770 3681 est
790 3626 931 3682 enim
973 3627 1148 3684 omnis
1167 3643 1292 3684 caro
1313 3670 1328 3695 ,
1359 3631 1410 3683 in
1447 3631 1752 3700 putredines
1780 3629 1964 3686 defluit
1985 3675 1998 3698 ,
2027 3633 2128 3686 nisi

537 3717 766 3788 quodam
810 3719 1150 3774 condimento
1193 3721 1386 3775 anima:
1421 3729 1681 3777 teneatur.
1710 3723 1815 3778 Sed
1845 3723 1948 3778 hoc
1977 3739 2126 3778 com-

537 3827 698 3868 mune
723 3813 794 3867 illi
825 3823 906 3867 est
933 3827 1051 3866 cum
1085 3813 1290 3882 pecoris
1320 3814 1491 3867 anima
1525 3831 1536 3866 :
1568 3814 1652 3868 illa
1698 3817 1862 3886 magis
1887 3816 2126 3871 miranda

538 3917 655 3971 qua:
693 3903 803 3957 dixi
827 3945 840 3968 ,
871 3919 988 3972 qua:
1030 3903 1096 3958 ad
1127 3913 1356 3959 mentem
1383 3913 1438 3959 et
1475 3905 1798 3962 intellectum
1825 3909 2124 3976 pertinent;

537 3993 626 4048 ubi
652 3995 809 4048 etiam
851 3994 916 4048 ad
957 3995 1239 4065 imaginem
1285 3995 1550 4051 Creatoris
1576 3999 1657 4050 sui
1699 4009 2006 4062 renovatur,
2054 4002 2120 4055 ad

535 4085 688 4155 cujus
734 4087 1014 4156 imaginem
1057 4087 1224 4140 factus
1269 4097 1351 4144 cst
1395 4089 1553 4142 homo
1597 4087 1814 4160 (Coloss.
1865 4104 1957 4156 m,
2009 4090 2122 4164 10).

543 4177 679 4244 Quid
707 4177 808 4232 erit
833 4178 946 4232 lucc
969 4179 1050 4232 vis
1074 4179 1264 4232 animm
1283 4219 1298 4244 ,
1323 4193 1444 4232 cum
1464 4187 1518 4234 et
1545 4193 1740 4248 corpus
1769 4179 1870 4236 hoc
1895 4181 2128 4238 induerit

535 4271 983 4338 incorruptionem
1001 4312 1014 4334 ,
1039 4277 1095 4324 et
1117 4269 1338 4326 mortale
1369 4270 1469 4324 hoc
1492 4270 1720 4326 induerit
1750 4271 2124 4328 immortalita-

535 4372 641 4416 tem
673 4361 722 4434 (ι
761 4360 880 4417 Cor.
911 4377 997 4426 xv,
1029 4361 1129 4427 55,
1157 4361 1283 4430 54)?
1307 4359 1364 4417 Si
1389 4371 1530 4416 tanta
1569 4372 1742 4432 potest
1781 4379 1877 4434 per
1905 4381 2122 4424 carnem

536 4453 930 4526 corruptibilem
953 4495 968 4522 ,
998 4453 1122 4524 quid
1151 4455 1344 4524 poterit
1371 4469 1466 4524 per
1489 4469 1684 4525 corpus
1708 4457 1978 4526 spirituale
2007 4471 2123 4529 post

533 4549 974 4605 resurrectionem
1007 4547 1374 4604 mortuorum?
1419 4547 1543 4604 "me
1583 4557 1760 4604 tamen
1805 4551 2014 4618 anima,
2065 4563 2124 4608 ut

531 4640 682 4707 dixi,
703 4640 1026 4696 admirabilis
1055 4651 1254 4696 natura:
1281 4651 1441 4712 atque
1469 4641 1808 4706 substantim,
1843 4643 2120 4699 invisibilis

531 4746 617 4788 res
639 4739 798 4788 estet
821 4729 1160 4800 iutelligihilis
1184 4748 1196 4782 :
1223 4741 1278 4786 et
1299 4732 1412 4788 haec
1433 4741 1607 4788 tamen
1635 4749 1729 4804 per
1745 4732 1926 4788 Iesum
1953 4735 2116 4789 Deum

527 4823 666 4880 facta
685 4828 804 4890 est,
829 4821 952 4893 quia
983 4820 1098 4891 ipse
1122 4830 1206 4876 est
1232 4820 1463 4878 Verbum
1483 4823 1596 4880 Dei.
1625 4823 1811 4879 Omnia
1833 4839 1924 4892 per
1945 4825 2114 4894 ipsum

527 4913 662 4970 facta
685 4921 840 4981 sunt,
865 4920 921 4968 et
956 4911 1070 4968 sine
1097 4912 1212 4982 ipso
1237 4909 1432 4968 factum
1459 4923 1540 4970 est
1573 4913 1702 4968 nihil
1733 4913 1912 4984 (Joan.
1945 4915 1967 4969 l
1997 4957 2008 4978 ,
2035 4913 2112 4986 3).

594 5005 647 5060 5.
692 5001 829 5062 Cum
867 5017 993 5074 ergo
1019 5011 1163 5058 tanta
1195 5002 1468 5060 videamus
1515 5005 1646 5058 facta
1692 5019 1790 5073 per
1834 5005 1998 5060 Deum
2029 5005 2115 5060 Je-

526 5112 677 5164 sum,
710 5096 836 5168 quid
881 5095 1136 5150 miramur
1159 5110 1348 5165 aquam
1381 5095 1430 5148 in
1463 5095 1638 5148 vinum
1677 5109 1988 5150 conversam
2021 5111 2114 5165 per

529 5188 798 5245 hominem
827 5188 1048 5248 Jcsum?
1071 5186 1254 5257 Neque
1274 5189 1416 5242 enim
1443 5187 1522 5242 sic
1550 5185 1720 5242 factus
1739 5195 1821 5242 est
1840 5188 2001 5243 homo
2019 5229 2034 5254 ,
2057 5199 2114 5244 ut

527 5277 773 5345 perderet
819 5279 957 5348 quod
1002 5279 1144 5334 Deus
1171 5287 1328 5332 erat:
1373 5279 1598 5334 accessit
1639 5279 1714 5332 illi
1765 5280 1962 5346 homo,
2009 5295 2114 5336 non

525 5369 753 5424 amissus
781 5381 862 5426 est
893 5371 1049 5426 Deus.
1083 5369 1200 5438 Ipse
1223 5383 1350 5439 ergo
1376 5367 1620 5426 fecithoc
1641 5411 1655 5435 ,
1683 5370 1770 5440 qui
1799 5371 1884 5424 illa
1911 5371 2110 5427 omnia.

528 5457 641 5512 Non
672 5458 851 5527 itaque
891 5461 1146 5516 miremur
1181 5460 1304 5530 quia
1348 5459 1491 5516 Deus
1539 5459 1691 5528 facit;
1739 5461 1833 5516 sed
1873 5475 2114 5518 amemus

525 5550 646 5621 quia
677 5550 816 5616 inter
839 5567 934 5606 nos
965 5550 1086 5608 fecit
1105 5595 1120 5621 ,
1148 5562 1202 5608 et
1227 5562 1441 5623 propter
1465 5561 1698 5608 nostram
1723 5553 2110 5626 reparationem

527 5645 669 5700 fecit.
717 5642 928 5712 Aliquid
969 5645 1112 5702 enim
1159 5655 1215 5704 et
1257 5645 1308 5701 in
1353 5645 1480 5716 ipsis
1527 5644 1678 5701 factis
1721 5645 1892 5701 innuit
1937 5647 2109 5702 nobis.

529 5739 664 5794 Puto
695 5737 815 5808 quia
846 5751 950 5792 non
977 5731 1096 5794 ﬁne
1123 5755 1278 5794 causa
1315 5739 1458 5795 venit
1500 5739 1564 5796 ad
1610 5741 1841 5812 nuptias.
1871 5739 2110 5811 Excepto

525 5830 814 5898 miraculo,
841 5829 1038 5902 aliquid
1069 5831 1118 5885 in
1151 5831 1264 5900 ipso
1291 5831 1428 5888 facto
1449 5833 1684 5903 mystcrii
1707 5843 1758 5890 et
1789 5843 2106 5890 sacramcnu

1517 319 1582 374 ῐΝ
1617 317 1890 374 JO.\NNlS
1927 314 2390 378 EVANGELIUM,
2439 315 2496 372 S.
2537 317 2900 376 AUGUSTINI

3681 330 3814 386 M32

2234 429 2378 483 latet.
2417 429 2694 486 Pulsemus
2723 439 2780 498 ut
2805 435 3040 502 aperiat,
3072 443 3124 490 et
3161 434 3227 492 de
3263 435 3386 492 vino
3431 437 3684 496 invisibili
3727 441 3812 496 in-

2231 518 2402 574 ebriet
2441 534 2540 574 nos
2565 536 2582 576 :
2611 521 2732 592 quia
2758 529 2814 578 et
2831 535 2932 580 nos
2957 537 3094 594 aqua
3117 539 3358 592 eramus,
3403 537 3457 582 et
3493 527 3676 582 vinum
3713 545 3810 586 nos

2231 609 2358 667 fecit
2373 651 2389 678 ,
2423 612 2689 682 sapientes
2713 627 2812 670 nos
2841 613 2997 682 fecit;
3025 617 3258 686 sapimus
3277 618 3418 674 enim
3441 618 3600 674 ﬁdem
3621 619 3810 690 ipsius,

2232 701 2324 771 qui
2351 701 2499 772 prius
2527 701 2837 772 insipientes
2865 719 3097 760 eramus.
3125 705 3192 761 Et
3230 705 3368 764 forte
3396 707 3462 764 ad
3505 707 3676 780 ipsam
3717 725 3807 766 sa-

2231 791 2482 862 pientiam
2515 793 2776 864 pertinet,
2815 808 2934 852 cum
2978 795 3180 852 honore
3223 797 3346 864 Dei,
3392 805 3449 855 ct
3485 815 3606 856 cum
3653 801 3812 858 laude

2231 881 2522 950 majestatis
2561 881 2709 953 ejus,
2740 893 2794 940 et
2821 899 2944 942 cum
2983 884 3240 942 charitate
3285 888 3665 958 potentissima:
3707 892 3810 946 mi-

2231 973 2536 1029 sericordia:
2563 974 2698 1044 ejus,
2716 974 3010 1048 intelligere
3027 975 3150 1048 quid
3171 975 3238 1032 sit
3261 985 3465 1048 gestum
3499 978 3552 1034 in
3569 977 3671 1034 hoc
3701 980 3774 1034 mi
3801 1009 3810 1018 ι

2231 1065 2434 1120 raculo.

2303 1200 2357 1254 4.
2389 1199 2642 1257 Dominus
2663 1201 2910 1256 invitatus
2935 1201 3000 1257 ad
3029 1203 3240 1273 nuptias
3267 1203 3430 1258 venit.
3461 1202 3594 1270 Quid
3618 1206 3814 1260 mirum

2232 1289 2276 1344 si
2321 1290 2373 1344 in
2421 1291 2562 1345 illam
2609 1290 2827 1347 domum
2869 1292 2937 1347 ad
2989 1294 3198 1363 nuptias
3237 1294 3416 1362 venit,
3460 1294 3551 1366 qui
3591 1294 3643 1348 in
3670 1293 3818 1349 hunc

2233 1381 2488 1436 mundum
2525 1383 2590 1438 ad
2619 1383 2833 1453 nuptias
2860 1385 3042 1440 venit?
3067 1383 3125 1441 Si
3150 1386 3294 1441 enim
3319 1401 3426 1441 non
3451 1387 3596 1442 venit
3619 1386 3688 1442 ad
3717 1403 3822 1442 nu-

2233 1473 2402 1541 ptias,
2439 1489 2543 1528 non
2573 1474 2661 1530 hic
2689 1473 2850 1531 habet
2877 1489 3148 1545 Sponsam.
3191 1478 3257 1531 Et
3293 1477 3420 1547 quid
3449 1487 3534 1534 est
3569 1478 3711 1549 quod
3737 1479 3820 1534 ait

2233 1565 2547 1634 Apostolus,
2576 1567 2758 1639 Aptari
2783 1583 2870 1622 vos
2896 1569 2984 1621 uni
3019 1567 3126 1622 viro
3143 1610 3159 1635 ,
3195 1568 3436 1639 uirginem
3455 1579 3644 1624 castam
3669 1569 3818 1626 echi-

2233 1654 2344 1710 bere
2367 1656 2604 1712 Christo?
2623 1657 2760 1725 Quid
2780 1665 2862 1713 est
2879 1658 3020 1727 quod
3045 1657 3192 1714 timet
3211 1675 3278 1714 ne
3305 1657 3580 1730 virginitas
3605 1673 3824 1729 sponsa:

2232 1745 2428 1802 Christi
2457 1763 2552 1818 per
2573 1748 2818 1803 astutiam
2840 1748 3035 1802 diaboli
3065 1750 3472 1820 corrumpatur?
3495 1749 3670 1805 Timeo
3685 1793 3701 1818 ,
3730 1751 3788 1805 in
3803 1781 3824 1793 -

2233 1839 2344 1907 quit
2369 1879 2384 1904 ,
2417 1855 2480 1892 ne
2506 1840 2634 1892 sicut
2667 1855 2872 1911 serpens
2893 1839 3052 1894 Evam
3078 1839 3279 1894 sedauit
3301 1841 3488 1896 astutia
3515 1857 3608 1896 sua
3627 1881 3645 1910 ,
3671 1842 3746 1896 sic
3773 1851 3826 1897 et

2233 1937 2408 1983 vestra:
2451 1938 2637 1982 utentes
2679 1939 3071 2000 corrumpantur
3107 1945 3140 1982 a
3175 1929 3562 2000 simplicitatem
3591 1931 3828 1987 castitate

2231 2035 2344 2090 quae
2369 2028 2442 2074 est
2471 2020 2524 2072 in
2553 2019 2750 2074 Christo
2784 2019 2850 2092 (ll
2879 2018 2999 2076 Cor.
3043 2035 3096 2074 χι
3121 2062 3136 2087 ,
3167 2019 3202 2073 2
3223 2061 3238 2086 ,
3275 2019 3354 2092 ὅ).
3387 2021 3554 2075 liabet
3581 2037 3708 2092 ergo
3733 2022 3828 2078 hic

2233 2127 2482 2183 sponsam
2513 2127 2672 2183 quam
2699 2113 2927 2169 redemit
2951 2114 3206 2182 sanguine
3243 2126 3375 2178 suo,
3421 2123 3472 2168 et
3509 2113 3596 2169 cui
3629 2116 3830 2184 pignus

2232 2205 2380 2260 dedit
2421 2205 2674 2276 Spiritum
2723 2215 2964 2261 sanctum
3011 2205 3124 2278 (Id.
3171 2221 3222 2272 ι,
3267 2204 3384 2276 22).
3413 2205 3570 2260 Eruit
3599 2223 3714 2260 eam
3753 2207 3830 2262 de

2233 2299 2534 2370 mancipata
2563 2299 2758 2354 diaboli
2791 2317 2806 2354 :
2838 2307 3078 2353 mortuus
3101 2306 3184 2354 est
3213 2305 3428 2369 propter
3455 2298 3646 2354 delicta
3671 2299 3828 2368 ejus,

2235 2392 2524 2447 resurrexit
2550 2399 2768 2462 prepter
2791 2391 3224 2462 justiﬁeationem
3249 2391 3366 2461 ejus
3387 2391 3564 2459 (Rom.
3593 2406 3671 2458 Iv,
3701 2392 3828 2462 ‘25).

2233 2483 2362 2551 Quis
2405 2483 2590 2538 oﬁ‘eret
2641 2491 2784 2537 tanta
2838 2497 3049 2552 sponsa:
3093 2483 3247 2538 suas?
3295 2481 3532 2538 Oﬁ‘erant
3575 2483 3832 2539 homines

2234 2573 2482 2644 quaelibet
2508 2581 2818 2628 ornamenta
2847 2583 3138 2640 terrarum;
3159 2589 3367 2640 aurum,
3397 2583 3672 2644 argentum
3695 2615 3708 2638 ,
3737 2574 3831 2630 la-

2235 2664 2384 2734 pides
2411 2665 2676 2736 pretiosos
2697 2708 2710 2732 ,
2740 2681 2906 2736 equos
2925 2707 2940 2732 ,
2985 2666 3242 2736 mancipia
3261 2707 3276 2732 ,
3315 2663 3508 2720 inrides
3528 2707 3544 2731 ,
3573 2665 3778 2734 praedia
3813 2683 3828 2718 :

2235 2757 2493 2827 numquid
2541 2758 2730 2828 aliquis
2771 2757 2957 2813 offeret
2997 2759 3303 2828 sanguinem
3349 2757 3540 2812 suum?
3576 2755 3632 2812 Si
3675 2757 3830 2812 enim

2235 2851 2544 2920 sanguinem
2575 2865 2730 2906 suum
2774 2865 2982 2919 sponsa:
3010 2849 3250 2914 dederit,
3277 2864 3382 2903 non
3421 2850 3522 2904 erit
3546 2850 3636 2919 qui
3661 2849 3832 2904 ducat

2235 2957 2476 2998 uxorem.
2511 2943 2764 2996 Dominus
2789 2949 2964 2994 autem
2989 2953 3210 2994 securus
3234 2939 3494 3002 moriens,
3517 2938 3666 2994 dedit
3693 2953 3828 2992 sau-

2233 3035 2448 3104 guinem
2475 3049 2628 3088 suum
2659 3047 2757 3102 pro
2783 3047 2846 3087 ea
2871 3047 3028 3102 quam
3057 3046 3339 3102 resurgens
3365 3031 3618 3100 haberet,
3658 3047 3828 3102 quam

2236 3126 2335 3180 sibi
2356 3126 2464 3197 jam
2491 3127 2839 3195 conjunxerat
2865 3125 2920 3177 in
2949 3131 3100 3178 utero
3139 3123 3387 3193 Virginis.
3417 3122 3646 3178 Verbum
3673 3124 3828 3178 enim

2235 3231 2462 3286 Sponsus
2481 3260 2494 3283 ,
2527 3225 2582 3271 et
2610 3229 2804 3286 sponsa
2831 3229 2954 3271 caro
2983 3215 3245 3280 humana;
3274 3223 3328 3270 et
3355 3223 3637 3286 utrumque
3683 3231 3832 3271 unus

2235 3310 2399 3366 Filius
2427 3310 2552 3376 Dei,
2585 3319 2639 3365 et
2659 3309 2798 3364 idem
2825 3307 2966 3364 ﬁlius
2993 3308 3224 3363 hominis
3251 3326 3266 3363 :
3297 3309 3386 3362 ubi
3425 3307 3595 3362 factus
3623 3317 3710 3363 est
3733 3324 3832 3364 ca-

2235 3411 2328 3474 put
2371 3401 2662 3468 Ecclesiae,
2703 3401 2794 3457 ille
2833 3410 3018 3456 uterus
3061 3399 3280 3471 virginis
3323 3400 3501 3454 Maria:
3555 3399 3832 3456 thalamus

2233 3496 2382 3564 ejus,
2425 3494 2548 3548 inde
2597 3493 2856 3563 processit
2901 3502 3151 3564 tanquam
3199 3507 3427 3563 sponsus
3469 3493 3536 3548 de
3585 3493 3830 3548 thalamo

2233 3599 2330 3638 suo
2349 3627 2363 3652 ,
2393 3585 2532 3638 sicut
2567 3583 2837 3654 Scriptura
2869 3584 3142 3654 prtedixit,
3173 3581 3240 3637 Et
3263 3583 3372 3653 ipse
3394 3593 3632 3651 tanquam
3660 3601 3828 3654 spon-

2233 3693 2318 3730 sus
2344 3677 2614 3746 procedens
2653 3675 2714 3730 de
2760 3675 2984 3730 thalamo
3021 3691 3134 3740 suo,
3182 3674 3447 3728 exsultavit
3483 3682 3536 3728 ut
3577 3673 3726 3746 gigas
3755 3674 3830 3728 ad

2233 3771 2529 3825 currendum
2561 3777 2692 3824 riam
2717 3769 2886 3841 (Psal.
2915 3785 3044 3825 XVIII
3069 3811 3086 3836 ,
3130 3769 3216 3842 6);
3243 3769 3310 3825 dc
3337 3769 3570 3824 thalamo
3599 3783 3832 3838 proces-

2232 3864 2302 3918 sit
2331 3864 2472 3917 velut
2499 3877 2725 3932 sponsus
2746 3904 2758 3928 ,
2791 3871 2842 3916 et
2873 3861 3122 3916 invitatus
3145 3862 3291 3917 venit
3317 3859 3384 3915 ad
3411 3860 3642 3930 nuptias.

2304 3999 2356 4054 5.
2385 3997 2536 4054 Certi
2565 3997 2886 4052 sacramenti
2907 3998 3096 4068 gratia,
3125 3995 3332 4050 videtur
3359 4004 3584 4050 matrem
3615 3995 3686 4051 de
3715 4013 3832 4067 qua

2231 4106 2458 4160 sponsus
2481 4089 2760 4160 processit,
2795 4103 2898 4142 non
2927 4101 3236 4158 agnoscere,
3263 4097 3318 4144 et
3345 4087 3524 4144 dicere
3551 4089 3647 4156 illi,
3681 4087 3832 4154 Quid

2231 4182 2354 4234 mihi
2383 4191 2431 4236 et
2452 4179 2538 4234 tibi
2565 4190 2636 4234 est
2659 4220 2672 4244 ,
2705 4179 2930 4232 mulier?
2957 4178 3182 4233 nondum
3203 4181 3334 4234 venit
3361 4179 3490 4234 hora
3513 4196 3643 4234 mea.
3679 4179 3830 4248 Quid

2229 4281 2310 4326 est
2339 4271 2472 4328 hoc?
2517 4270 2707 4326 ideone
2731 4271 2874 4324 venit
2901 4269 2967 4324 ad
2995 4273 3206 4340 nuptias
3225 4313 3238 4336 ,
3269 4279 3324 4324 ut
3363 4271 3580 4324 doceret
3615 4278 3834 4326 matres

2229 4363 2540 4418 contemni?
2571 4362 2761 4432 Utique
2791 4361 2856 4416 ad
2881 4363 3032 4432 cujus
3059 4361 3269 4432 nuptias
3301 4369 3535 4428 venerat,
3567 4359 3688 4416 idco
3717 4361 3834 4418 du-

2228 4453 2382 4508 cebat
2423 4469 2642 4508 uxorem
2671 4495 2686 4519 ,
2735 4461 2793 4506 ut
2835 4451 2972 4506 ﬁlios
3015 4460 3354 4521 procrearet;
3395 4451 3540 4506 etab
3569 4452 3650 4507 cis
3679 4467 3836 4524 quos

2229 4556 2284 4600 ut
2309 4554 2616 4616 procrearet
2641 4544 2878 4614 optabat,
2910 4543 3094 4614 utique
3114 4541 3366 4598 honorari
3393 4543 3640 4614 cupiebat
3671 4561 3686 4598 :
3722 4545 3834 4603 ille

2225 4651 2354 4706 ergo
2401 4644 2626 4691 venerat
2665 4635 2732 4690 ad
2785 4635 2992 4706 nuptias
3019 4677 3033 4702 ,
3083 4643 3139 4688 ut
3173 4635 3526 4690 exhonoraret
3563 4645 3832 4706 matrem,

2225 4743 2346 4786 Cum
2375 4737 2590 4800 propter
2617 4729 2751 4782 ﬁlios
2773 4727 3064 4792 habendos,
3089 4727 3278 4798 quibus
3301 4727 3526 4782 reddere
3550 4727 3834 4786 honorem

2225 4821 2536 4890 parentibus
2567 4821 2788 4890 imperat
2821 4821 2960 4874 Deus
2982 4862 2996 4886 ,
3050 4821 3180 4891 ipsa:
3221 4821 3420 4890 nuptiae
3447 4821 3834 4892 celebrentur,

2223 4925 2278 4970 et
2305 4915 2566 4970 ducantur
2603 4912 2832 4968 uxores?
2871 4913 3060 4968 Procul
3091 4913 3283 4978 dubio,
3315 4909 3506 4970 fratres
3529 4957 3542 4978 ,
3583 4913 3712 4970 latet
3749 4917 3838 4972 ibi

2223 5005 2444 5076 aliquid.
2477 5005 2608 5060 Nam
2639 5014 2778 5058 tanta
2801 5019 2888 5058 res
2913 5013 3018 5078 est,
3045 5003 3354 5074 utquidam,
3385 5019 3517 5076 quos
3541 5007 3839 5064 cavendos

2223 5097 2542 5168 prmmonuit
2559 5095 2866 5164 Apostolus,
2895 5095 3036 5150 sicut
3063 5111 3220 5166 supra
3247 5095 3836 5166 commemoravimus,

2220 5187 2404 5244 dicens
2427 5228 2441 5252 ,
2485 5185 2656 5240 Timeo
2698 5201 2760 5240 ne
2797 5186 2924 5240 sicut
2953 5202 3154 5256 serpens
3183 5183 3346 5238 Evam
3385 5187 3584 5240 seduxit
3621 5190 3836 5242 astutia

2221 5295 2314 5334 sua
2341 5319 2358 5346 ,
2389 5279 2464 5334 sic
2503 5287 2550 5333 et
2585 5287 2761 5333 vestra:
2792 5287 2979 5332 mentes
3007 5288 3394 5348 corrumpantur
3420 5295 3452 5330 a
3489 5276 3840 5346 simplicitate

2221 5383 2268 5428 et
2297 5371 2520 5428 castitate
2549 5387 2662 5442 qua:
2695 5370 2846 5424 estin
2873 5366 3072 5426 Christo
3097 5409 3114 5436 ,
3147 5368 3462 5438 derogantes
3489 5367 3835 5438 Evangelia,

2220 5473 2276 5520 et
2297 5464 2540 5520 dicentes
2567 5461 2706 5532 quod
2719 5459 2876 5516 Jesus
2897 5475 3001 5515 non
3031 5459 3102 5514 sit
3123 5467 3278 5514 natus
3303 5459 3370 5516 de
3385 5459 3544 5514 Maria
3565 5458 3834 5530 Virgine,

2221 5555 2348 5610 hinc
2375 5564 2746 5626 argumentqu
2787 5565 3000 5608 sumere
3023 5561 3351 5608 conarentur
3375 5550 3573 5605 erroris
3600 5551 3686 5606 sui
3707 5595 3719 5614 .
3761 5567 3840 5610 ut

2220 5649 2482 5716 dicerent,
2515 5645 2792 5716 Quomodo
2821 5655 2936 5702 erat
2961 5653 3132 5702 mater
3155 5643 3272 5716 ejus
3292 5689 3306 5712 ,
3345 5645 3428 5702 cui
3457 5643 3620 5713 dixit,
3671 5647 3840 5714 Quid

2221 5741 2345 5794 mihi
2373 5749 2418 5795 et
2449 5739 2537 5794 tibi
2564 5749 2666 5806 est,
2702 5739 2923 5794 mulier?
2967 5737 3412 5810 Respondendum
3443 5753 3568 5808 ergo
3589 5749 3672 5792 est
3703 5755 3834 5808 eis,

2219 5842 2268 5888 et
2297 5830 2662 5889 disserendum
2691 5847 2856 5898 quare
2895 5831 2994 5890 hoc
3036 5829 3226 5893 dixerit
3267 5829 3555 5894 Dominus;
3599 5848 3668 5886 ne
3696 5833 3830 5891 sibi
