4074 6464
360 341 380 392 l
394 339 499 394 £53

353 452 556 523 aliquid
582 451 839 507 adversus
875 463 1057 505 sanam
1103 448 1259 503 ﬁdem
1308 445 1633 501 insanientes
1676 442 1941 497 invenisse

360 542 646 597 videantur
666 581 683 607 ,
707 540 867 595 -uude
910 553 1118 608 sponsa:
1144 537 1362 606 virginis
1385 534 1601 590 castitas
1628 548 1938 603 corrumpa-

357 641 465 696 tur,
497 632 546 685 id
568 642 669 694 est,
690 631 828 685 unde
847 629 977 683 ﬁdes
998 628 1253 682 Ecclesia:
1278 626 1523 679 violetur.
1556 624 1757 677 Revera
1774 623 1937 686 enim,

356 722 569 788 fratres,
599 721 955 790 corrumpitur
980 718 1111 773 ﬁdes
1135 732 1318 771 eorum
1344 716 1431 785 qui
1461 723 1772 783 prmponuut
1792 728 1941 768 men-

355 796 565 866 dacium
596 811 826 866 veritati.
868 810 999 864 Nam
1030 809 1116 862 isti
1151 807 1239 877 qui
1268 806 1514 860 videntur
1553 805 1629 858 sic
1674 803 1938 857 honorare

358 904 674 969 Christum,
719 912 776 956 ut
818 909 1012 971 negent
1056 915 1177 954 eum
1222 912 1434 953 carnem
1481 896 1765 960 habuisse,
1808 894 1937 948 nihil

354 993 503 1046 aliud
556 1007 678 1046 eum
723 1006 880 1061 quam
930 989 1240 1043 mendacem
1291 986 1597 1057 praedicant.
1654 985 1754 1051 Qui
1804 998 1936 1053 ergo

360 1081 701 1136 mendacium
728 1081 991 1135 aediﬁcant
1016 1080 1066 1133 in
1111 1078 1409 1132 hominibus
1428 1116 1444 1142 ,
1490 1075 1614 1145 quid
1641 1076 1707 1129 ab
1732 1076 1810 1129 eis
1832 1090 1933 1128 ex-

354 1172 596 1241 pellunt,
626 1171 726 1224 nisi
764 1169 1075 1225 veritatem?
1114 1168 1405 1222 lmmittunt
1440 1166 1726 1226 diabolum.
1756 1164 1935 1219 exclu-

356 1261 492 1315 dunt
508 1261 805 1326 Christum;
830 1260 1117 1313 immittunt
1137 1258 1456 1322 adulterum,
1478 1256 1761 1310 excludunt
1776 1269 1935 1323 spon-

354 1368 515 1407 sum:
552 1351 895 1423 parauymphi
939 1350 1174 1412 scilicet,
1221 1348 1306 1401 vel
1355 1347 1527 1416 potius
1565 1346 1783 1400 lenones
1812 1360 1927 1398 ser-

356 1443 553 1510 pentis.
588 1441 668 1495 Ad
699 1443 799 1495 hoc
821 1441 960 1495 enim
993 1440 1278 1508 loquuntur
1307 1447 1363 1491 ut
1397 1451 1613 1505 serpens
1642 1435 1925 1505 possideat,

353 1535 598 1589 Christus
649 1534 979 1591 excludatur.
1056 1530 1335 1598 Quomodo
1388 1528 1623 1600 possidet
1674 1527 1929 1596 serpens?

352 1628 576 1693 Quando
616 1628 849 1697 possidet
891 1625 1243 1681 mendacium.
1292 1622 1513 1690 Quando
1554 1620 1787 1690 possidet
1830 1618 1928 1673 fal—

352 1720 518 1781 sitas.
574 1733 798 1787 serpens
849 1716 1131 1785 possidet:
1164 1713 1379 1785 quando
1424 1711 1661 1781 possidet
1710 1710 1921 1773 veritas,

353 1809 603 1865 Christus
640 1808 899 1880 possidet.
951 1806 1066 1876 Ipse
1104 1806 1243 1861 enim
1273 1804 1430 1869 dixit,
1474 1800 1586 1873 Ego
1613 1817 1723 1855 sum
1752 1800 1927 1853 veritas

348 1899 533 1969 (Joan.
562 1916 677 1966 ιιν,
708 1899 761 1969 6)
796 1917 808 1952 :
833 1898 900 1953 de
930 1898 1019 1953 illo
1046 1906 1220 1952 autem
1246 1895 1396 1960 dixit,
1424 1892 1491 1946 Et
1516 1894 1568 1946 in
1597 1893 1800 1946 veritate
1820 1907 1921 1943 non

346 1992 517 2055 stetit,
547 1991 665 2054 quia
688 1989 867 2043 veritas
894 2006 992 2042 non
1026 1996 1097 2042 est
1130 1988 1185 2039 in
1217 2002 1274 2039 eo
1309 1984 1415 2056 (Id.
1446 1998 1561 2049 vtu,
1591 1983 1701 2051 44).
1733 1981 1820 2036 Sic
1845 1988 1927 2035 est

346 2091 527 2134 autem
573 2082 771 2135 veritas
802 2079 1080 2144 Christus,
1126 2088 1181 2132 ut
1210 2086 1374 2131 totum
1402 2090 1583 2130 verum
1622 2074 1848 2143 accipias
1874 2074 1925 2126 in

344 2172 583 2226 Christo.
628 2172 823 2227 Verum
858 2171 1126 2237 Verbum,
1166 2169 1307 2223 Deus
1343 2166 1561 2236 aequalis
1586 2164 1764 2228 Patri,
1803 2178 1925 2219 vera

343 2268 548 2330 anima,
579 2281 701 2319 vera
731 2280 873 2329 caro,
905 2277 1064 2318 verus
1094 2261 1275 2326 homo,
1303 2274 1461 2313 verus
1491 2258 1653 2323 Deus,
1682 2271 1803 2311 vera
1832 2270 1925 2309 na-

345 2357 555 2421 tivitas,
596 2372 717 2410 vera
765 2356 977 2424 passio,
1029 2367 1155 2407 vera
1195 2366 1369 2415 mors,
1416 2364 1539 2403 vera
1581 2349 1919 2403 resurrectio.

343 2448 402 2502 Si
442 2447 641 2517 aliquid
678 2448 864 2500 horum
905 2445 1104 2500 dixeris
1128 2444 1353 2509 falsum,
1390 2441 1550 2496 intrat
1575 2439 1826 2508 putredo,
1855 2439 1922 2493 de

343 2555 557 2594 veneno
576 2538 837 2607 serpentis
864 2546 1151 2591 nascuntur
1174 2549 1382 2590 vermes
1409 2532 1800 2587 mendaciorum
1820 2572 1835 2597 ,
1868 2540 1921 2586 et

342 2630 482 2683 nihil
506 2630 766 2698 integrum
793 2627 1101 2682 remanebit.

418 2721 471 2774 6.
502 2720 639 2786 Quid
666 2728 748 2774 est
771 2733 899 2788 ergo
921 2758 937 2785 ,
970 2717 1171 2786 inquit,
1200 2714 1338 2785 quod
1368 2714 1440 2768 ait
1477 2712 1753 2779 Dominus,
1785 2711 1919 2778 Quid

340 2813 472 2864 mihi
511 2820 557 2865 et
598 2812 685 2864 tibi
728 2819 830 2876 est,
865 2809 1086 2863 mulier?
1139 2808 1295 2861 Forte
1320 2807 1373 2860 in
1406 2821 1470 2861 eo
1510 2805 1649 2875 quod
1686 2805 1920 2875 sequitur

340 2902 579 2957 ostendit
603 2902 754 2956 nobis
781 2902 1031 2955 Dominus
1063 2915 1225 2970 quare
1254 2900 1352 2953 hoc
1386 2897 1577 2953 dixerit
1608 2914 1621 2949 :
1654 2895 1915 2961 Nondum,

341 2995 538 3062 inquit,
567 2993 695 3047 venit
717 2993 840 3045 hora
870 3008 997 3044 mea.
1022 2991 1110 3045 Sic
1135 2990 1275 3045 enim
1302 2989 1407 3051 ait,
1452 2987 1586 3053 Quid
1615 2986 1737 3039 mihi
1760 2994 1806 3039 et
1832 2984 1919 3040 tibi

338 3094 449 3149 est,
482 3086 701 3138 mulier?
738 3084 957 3137 nondum
990 3084 1122 3136 venit
1163 3083 1287 3136 hora
1326 3098 1454 3134 mea.
1488 3082 1553 3134 Et
1593 3080 1693 3133 hoc
1719 3095 1813 3133 cur
1838 3079 1918 3133 di-

340 3186 491 3230 ctum
514 3176 599 3241 sit,
632 3174 1004 3244 requirendum
1027 3182 1124 3227 cst.
1150 3173 1300 3226 Prius
1319 3186 1444 3241 ergo
1464 3170 1585 3224 hinc
1608 3170 1918 3223 resistamus

344 3266 639 3321 haereticis.
666 3265 805 3331 Quid
835 3265 959 3318 dicit
984 3278 1201 3333 serpens
1228 3272 1563 3326 veternosus,
1595 3273 1914 3315 venenorum

344 3360 647 3413 insibilator
691 3367 745 3413 et
792 3357 1075 3427 inspirator
1116 3353 1397 3425 antiquus?
1438 3353 1563 3423 quid
1598 3352 1758 3405 dicit?
1801 3351 1914 3405 Non

345 3452 537 3507 habuit
574 3461 795 3506 matrem
839 3450 1089 3505 feminam
1126 3449 1297 3504 Jesus.
1343 3448 1495 3504 Unde
1521 3446 1749 3516 probas?
1785 3446 1915 3511 Quia

345 3542 502 3605 dixit,
531 3542 727 3612 inquit,
766 3540 900 3606 Quid
943 3540 1065 3593 mihi
1093 3548 1135 3593 et
1164 3539 1250 3591 tibi
1276 3546 1346 3592 est
1369 3578 1383 3601 ,
1415 3538 1593 3589 mulier
1612 3536 1637 3588 ?
1664 3536 1790 3602 Quis
1817 3534 1917 3589 hoc

346 3632 615 3693 narravit,
644 3642 700 3684 ut
714 3630 993 3685 credamus
1012 3629 1133 3700 quia
1158 3629 1257 3682 hoc
1281 3626 1441 3681 dixit?
1467 3627 1582 3696 quis
1613 3626 1709 3679 hoc
1738 3641 1918 3679 narra-

343 3722 460 3774 vit?
510 3720 708 3790 Nempe
748 3720 985 3774 Joannes
1025 3718 1362 3788 evangelista.
1422 3718 1489 3770 At
1536 3716 1647 3783 ipse
1688 3715 1917 3769 Joannes

342 3814 669 3882 evangelista
688 3813 836 3875 dixit,
868 3810 935 3863 Et
962 3820 1065 3866 erat
1088 3809 1155 3863 ibi
1186 3819 1340 3862 mater
1365 3807 1511 3862 Jesu.
1538 3807 1669 3861 Nam
1696 3806 1765 3860 ita
1790 3822 1914 3863 nar-

342 3904 483 3955 ravit
519 3920 530 3954 :
564 3904 732 3956 Altera
762 3903 842 3955 die
870 3902 1056 3971 nuptia:
1090 3904 1237 3972 factw
1262 3908 1375 3953 sunt
1412 3901 1467 3975 in
1504 3898 1643 3952 Cana
1669 3896 1913 3963 Galiltvw,

338 4004 391 4046 et
418 4003 525 4047 erat
549 3994 616 4047 ibi
641 4004 797 4046 mater
819 3991 854 4044 Ι
859 4010 963 4045 esu.
1004 3992 1213 4045 Venerat
1242 4001 1405 4043 autent
1434 3990 1553 4043 illuc
1592 3992 1825 4044 invitatus
1848 3990 1916 4046 ad

341 4084 548 4153 nuptias
574 4099 686 4135 cum
709 4083 968 4152 discipulis
1002 4082 1126 4135 suis.
1182 4081 1445 4135 Tenemus
1473 4080 1605 4134 duas
1627 4081 1916 4135 sententias

339 4174 411 4227 ab
450 4173 785 4242 Evangelista
827 4173 1077 4241 prolatas.
1127 4170 1250 4224 Erat
1278 4172 1343 4223 ibi
1372 4180 1527 4224 mater
1550 4170 1699 4233 Jesu,
1742 4170 1915 4223 Evan-

339 4265 528 4333 gelista
553 4265 685 4318 dixit
712 4283 723 4318 :
748 4265 870 4334 quid
895 4264 1087 4319 dixerit
1113 4263 1266 4316 matri
1289 4277 1397 4315 sua:
1420 4262 1593 4327 Jesus,
1617 4263 1727 4331 ipse
1743 4262 1915 4316 Evan-

341 4355 534 4423 gelista
578 4355 729 4407 dixit.
787 4356 850 4408 Et
892 4353 1157 4423 quomodo
1199 4353 1331 4407 dixit
1380 4353 1714 4421 respondisse
1760 4355 1913 4408 matri

345 4460 459 4498 sua:
484 4444 662 4499 Jesum
689 4487 703 4511 ,
736 4454 793 4498 ut
813 4445 982 4513 primo
1007 4444 1227 4507 diceret,
1274 4443 1355 4495 Ait
1380 4443 1457 4495 illi
1476 4451 1634 4495 mater
1660 4443 1769 4512 ejus
1792 4483 1805 4506 ,
1833 4444 1912 4496 vi-

342 4536 471 4591 dete
496 4578 510 4601 ,
543 4536 762 4602 fratres,
801 4547 858 4590 ut
898 4536 1154 4591 adversus
1191 4536 1420 4605 linguam
1450 4534 1711 4604 serpentis
1738 4535 1912 4587 muni-

343 4636 454 4678 tam
493 4626 840 4695 virginitatem
871 4625 1045 4679 cordis
1077 4624 1331 4677 habeatis.
1378 4624 1485 4677 lllic
1510 4623 1559 4676 iu
1598 4622 1712 4692 ipso
1745 4623 1917 4676 Evan-

341 4717 491 4785 gelio
517 4732 582 4771 eo
624 4717 738 4785 ipso
784 4715 1103 4785 evangelista
1147 4723 1393 4768 narrante
1434 4702 1657 4780 dicitur,
1696 4711 1820 4766 Erat
1850 4714 1914 4767 ibi

345 4818 508 4860 mater
525 4805 650 4860 Jesu
675 4824 693 4869 ;
717 4816 803 4873 et,
837 4807 977 4860 Dixit
1004 4807 1078 4859 illi
1109 4816 1267 4861 mater
1292 4808 1416 4876 ejus.
1452 4806 1582 4872 Quis
1608 4807 1707 4861 hoc
1732 4823 1914 4861 narra—

341 4900 463 4952 vit?
508 4898 739 4954 Joannes
792 4899 1131 4969 evangelista.
1188 4900 1250 4952 Et
1293 4898 1415 4967 quid
1456 4898 1726 4968 respondit
1763 4900 1913 4953 matri

342 4990 544 5044 Jesus?
579 4990 711 5055 Quid
737 4992 860 5043 mihi
885 5000 929 5044 et
958 4990 1045 5043 tibi
1064 5001 1159 5056 est,
1190 4990 1368 5043 mulier
1387 4991 1412 5043 ?
1434 4990 1561 5056 Quis
1586 4989 1686 5045 hoc
1707 4992 1915 5045 narrat?

346 5081 495 5134 Idem
528 5082 640 5149 ipse
668 5080 898 5135 Joannes
927 5080 1269 5149 evangelista.
1299 5079 1343 5134 Ο
1368 5080 1697 5149 Evangelista
1720 5080 1917 5135 ﬁdelis-

343 5172 481 5223 sime
515 5179 570 5224 et
607 5170 944 5224 veracissime
969 5211 983 5234 ,
1012 5178 1067 5223 tu
1093 5169 1222 5222 mihi
1262 5184 1446 5223 narras
1475 5169 1669 5224 dixisse
1696 5169 1874 5224 Jesum
1900 5212 1914 5235 ,

347 5259 487 5323 Quid
508 5259 631 5312 milii
654 5270 700 5313 et
725 5260 809 5312 tibi
836 5268 926 5324 est,
952 5260 1171 5312 mulier?
1196 5274 1289 5311 cur
1309 5258 1358 5312 ei
1383 5259 1667 5328 apposuisti
1698 5269 1917 5313 matrem

345 5367 507 5420 quam
542 5366 648 5403 non
696 5350 975 5419 agnoscit?
1004 5349 1133 5403 Nam
1164 5360 1214 5402 tu
1244 5349 1418 5404 dixisti
1445 5350 1563 5419 quia
1590 5351 1657 5403 ibi
1680 5361 1783 5403 erat
1808 5368 1917 5403 ma-

345 5449 420 5491 ter
460 5438 584 5493 Jesu
610 5482 626 5505 ,
680 5448 738 5494 et
769 5440 888 5509 quia
917 5440 1045 5493 dixit
1067 5441 1113 5493 ei
1139 5450 1296 5492 mater
1319 5441 1425 5509 ejus
1455 5456 1472 5493 :
1496 5456 1590 5493 cur
1614 5456 1716 5493 non
1749 5442 1919 5509 potius

344 5532 559 5597 dixisti,
594 5534 719 5588 Erat
745 5535 814 5587 ibi
844 5534 1038 5599 Maria;
1063 5542 1133 5597 et,
1164 5534 1301 5587 Dixit
1329 5534 1377 5587 ei
1409 5533 1602 5586 Maria?
1632 5532 1919 5604 Utrumque

346 5635 399 5677 tu
431 5640 646 5689 narras,
678 5635 751 5690 et,
788 5624 923 5677 Dixit
951 5629 994 5678 ei
1016 5634 1171 5677 mater
1193 5626 1332 5694 ejus;
1363 5633 1434 5690 et,
1460 5624 1731 5693 Respondit
1758 5625 1801 5677 ei
1827 5623 1918 5678 Je-

348 5731 455 5777 stu,
490 5715 625 5780 Quid
654 5715 777 5767 mihi
797 5726 841 5768 et
870 5715 955 5767 tibi
978 5724 1066 5782 est,
1092 5716 1268 5767 mulier
1287 5717 1308 5766 ?
1327 5714 1498 5781 Quare
1530 5712 1646 5780 hoc,
1677 5713 1773 5767 uisi
1801 5715 1919 5783 quia

1521 325 1923 380 TRACTATUS
1962 327 2094 383 Vill.
2134 333 2357 389 CAPUT
2397 332 2457 387 11.

3491 346 3625 400 “iii

2050 453 2330 515 utrumque
2359 462 2540 501 verum
2572 449 2688 501 est?
2717 449 2797 502 Illi
2821 458 2994 506 autem
3025 453 3074 505 in
3103 468 3168 506 eo
3195 454 3379 509 volunt
3400 458 3621 512 credere

2053 536 2403 605 Evangelistm
2426 580 2442 605 ,
2470 539 2610 607 quod
2641 550 2817 595 narrat
2842 541 3021 595 Jesum
3045 544 3240 599 dixisse
3278 549 3452 611 matri,
3483 548 3616 613 Quid

2048 627 2179 679 mihi
2202 637 2247 680 et
2274 630 2361 681 tibi
2382 638 2481 696 est,
2511 631 2736 686 mulier?
2760 642 2813 685 et
2842 633 2892 685 in
2914 648 2978 688 eo
3008 635 3191 688 nolunt
3217 636 3432 693 credere
3457 640 3620 693 Evan-

2046 716 2247 785 gelistte
2272 718 2412 786 quod
2432 721 2523 785 ait,
2548 719 2677 774 Erat
2700 722 2767 775 ibi
2784 732 2938 776 mater
2955 723 2987 777 .I
2995 741 3078 777 esu
3092 740 3111 790 ;
3142 734 3215 791 et,
3232 726 3377 781 Dixit
3401 730 3447 782 ei
3460 741 3619 785 mater

2047 809 2175 876 ejus.
2203 809 2331 877 Quis
2356 820 2436 865 est
2461 820 2638 866 autem
2661 814 2750 882 qui
2784 815 2981 868 resistit
3010 818 3239 885 serpenti
3269 826 3321 873 et
3358 828 3502 875 tenet
3527 836 3618 875 ve-

2044 898 2292 960 ritatem,
2346 898 2496 965 cujus
2551 900 2827 970 virginitas
2873 903 3048 957 cordis
3099 920 3201 959 non
3258 910 3614 977 corrumpitur

2043 986 2234 1040 astutia
2262 987 2455 1041 diaboli
2479 990 2501 1041 ?
2528 989 2625 1055 Qui
2654 998 2934 1062 utrumque
2969 1009 3151 1049 verum
3176 996 3381 1061 credit;
3413 1008 3465 1053 et
3490 1001 3609 1069 quia

2042 1085 2155 1130 erat
2196 1076 2269 1130 ibi
2311 1086 2481 1132 mater
2522 1078 2645 1135 Jesu
2672 1121 2687 1147 ,
2716 1083 2924 1151 et-quia
2972 1084 3100 1138 illud
3138 1088 3413 1155 respondit
3453 1091 3608 1144 matri

2040 1167 2212 1223 Jesus.
2241 1168 2348 1224 Sed
2374 1170 2419 1224 si
2446 1171 2680 1225 nondum
2727 1173 2964 1244 intelligit
2988 1176 3432 1245 quemadmodum
3455 1181 3595 1235 dixe-

2044 1258 2116 1313 rit
2144 1259 2298 1314 Jesus
2322 1300 2336 1323 ,
2372 1260 2507 1325 Quid
2533 1263 2729 1317 milti'et
2754 1265 2839 1318 tibi
2865 1275 2935 1320 est
2954 1308 2969 1330 ,
3000 1269 3179 1322 mulier
3198 1271 3224 1324 ?
3247 1270 3457 1326 interim
3486 1288 3606 1327 cre-

2038 1350 2128 1403 dat
2156 1351 2296 1419 quod
2323 1352 2547 1419 dixerit,
2592 1362 2645 1407 et
2690 1355 2829 1424 quod
2873 1358 3029 1412 matri
3064 1359 3272 1415 dixerit.
3327 1363 3407 1419 Sit
3436 1366 3607 1433 primo

2038 1439 2206 1509 pietas
2233 1442 2285 1494 in
2313 1442 2598 1508 credente,
2627 1451 2681 1498 et
2710 1445 2809 1498 erit
2847 1444 3046 1501 fruetus
3071 1449 3121 1503 in
3151 1451 3495 1523 intelligente.

2107 1532 2160 1584 7.
2193 1530 2465 1602 Interrogo
2489 1548 2602 1599 vos,
2638 1549 2671 1589 o
2695 1535 2875 1590 ﬁdeles
2904 1535 3204 1607 Christiani,
3238 1542 3365 1598 Erat
3391 1546 3459 1601 ibi
3487 1562 3603 1601 ma-

2036 1629 2116 1676 ter
2143 1621 2302 1677 Jesu?
2330 1624 2665 1693 respondete,
2700 1626 2845 1680 Erat.
2878 1627 3028 1683 Unde
3053 1632 3240 1685 scitis?
3266 1637 3597 1705 respondete,

2036 1710 2148 1767 Hoc
2183 1713 2417 1782 loquitur
2446 1715 2807 1785 Evangelium.
2857 1718 2991 1783 Quid
3018 1721 3290 1789 respondit
3330 1726 3483 1779 matri
3507 1726 3601 1781 Je-

2032 1803 2167 1857 sus?
2197 1805 2511 1874 respondete
2532 1847 2549 1872 ,
2594 1808 2729 1873 Quid
2757 1810 2879 1863 mihi
2902 1820 2947 1863 et
2984 1813 3072 1865 tibi
3096 1822 3198 1880 est,
3228 1816 3445 1872 mulier?
3468 1835 3597 1873 non-

2032 1898 2151 1952 dum
2180 1900 2307 1952 venit
2336 1900 2461 1954 liora
2490 1918 2616 1955 mea.
2655 1902 2722 1956 Et
2749 1904 2848 1957 hoc
2873 1904 3011 1959 unde
3039 1906 3220 1961 scitis?
3257 1910 3592 1979 respondete,

2031 1987 2141 2042 Hoc
2183 1989 2412 2058 loquitur
2458 1990 2824 2061 Evangelium.
2883 1993 3068 2048 Nullus
3107 1997 3254 2051 vobis
3296 2010 3599 2070 corrumpat
3694 1986 3703 1993 ’

2030 2078 2165 2134 hanc
2193 2079 2347 2133 ﬁdem
2373 2121 2389 2146 ,
2418 2081 2461 2134 si
2488 2082 2646 2137 vultis
2688 2099 2886 2151 sponso
2911 2101 3125 2143 servare
3149 2101 3345 2145 castam
3375 2096 3593 2164 virgini-

2031 2178 2211 2226 tatem.
2255 2171 2310 2226 Si
2338 2180 2514 2228 autem
2554 2176 2806 2243 quaeritur
2830 2191 2859 2229 a
2891 2178 3060 2244 vobis,
3085 2194 3179 2234 cur
3207 2181 3307 2237 hoc
3327 2188 3481 2239 matri
3507 2203 3596 2242 re-

2031 2260 2346 2329 sponderit;
2393 2262 2534 2316 dicat
2571 2265 2661 2333 qui
2695 2265 2975 2336 intelligit:
3018 2269 3107 2339 qui
3143 2279 3316 2326 autem
3361 2276 3593 2331 nondum

2030 2350 2314 2421 intelligit,
2343 2352 2646 2407 ﬁrmissime
2674 2362 2847 2409 tamen
2876 2357 3073 2425 credat,
3104 2359 3203 2415 hoc
3232 2364 3591 2431 respondisse,

2026 2448 2081 2495 et
2108 2446 2279 2495 tamen
2310 2443 2464 2496 matri
2491 2445 2824 2513 respondisse
2842 2446 3042 2501 Jesum.
3070 2450 3178 2504 Hae
3204 2453 3397 2521 pietate
3426 2471 3596 2512 mere-

2025 2531 2169 2587 bitur
2207 2532 2367 2588 etiam
2396 2533 2691 2603 intelligere
2718 2551 2812 2590 cur
2842 2537 2911 2590 ita
2937 2540 3295 2608 responderit,
3326 2545 3370 2597 si
3396 2545 3595 2601 orando

2027 2624 2240 2693 pulset,
2296 2633 2350 2679 et
2387 2640 2492 2678 non
2529 2626 2751 2680 rixando
2778 2628 2993 2683 accedat
3026 2631 3089 2684 ad
3117 2634 3308 2687 ostium
3338 2636 3591 2691 veritatis.

2028 2715 2251 2769 Tantum
2282 2725 2500 2782 caveat,
2533 2732 2601 2771 ne
2630 2717 2752 2771 dum
2780 2734 2836 2773 se
2859 2728 3005 2789 putat
3029 2722 3198 2788 scire,
3220 2734 3309 2779 aut
3333 2726 3596 2784 erubrscit

2027 2808 2236 2862 nescire
2285 2823 2380 2862 cur
2429 2809 2499 2862 ita
2550 2810 2922 2878 responderit,
2975 2824 3194 2883 cogatur
3241 2818 3459 2874 credere
3504 2830 3595 2875 aut

2026 2898 2413 2967 Evangelistam
2441 2898 2604 2953 fuisse
2630 2902 2906 2955 mentitum
2934 2905 3021 2972 qui
3050 2906 3143 2971 ait,
3177 2904 3302 2961 Erat
3330 2908 3400 2962 ibi
3429 2921 3589 2965 mater

2024 2988 2149 3043 Jesu
2178 3003 2197 3043 :
2224 2998 2316 3043 aut
2344 2990 2513 3059 ipsum
2538 2989 2803 3044 Christum
2843 2992 2970 3046 falsa
3016 3003 3184 3049 morte
3223 3012 3433 3067 passum
3464 3016 3590 3070 pro-

2024 3090 2142 3150 pter
2169 3080 2359 3135 delicta
2383 3091 2650 3148 nostra,et
2674 3082 2831 3137 falsas
2852 3084 3125 3139 cicatrices
3140 3088 3436 3145 ostendisse
3466 3108 3591 3161 pro-

2026 3181 2142 3242 pter
2162 3172 2594 3240 justiﬁcationem
2625 3182 2898 3241 nostram;
2926 3174 3225 3246 falsumque
3262 3180 3489 3249 dixisse,
3531 3185 3592 3239 Si

2023 3263 2305 3318 manseritis
2347 3264 2399 3316 in
2439 3261 2582 3317 verbo
2624 3280 2766 3328 meo,
2815 3281 2926 3319 vere
2970 3266 3204 3337 discipuli
3231 3271 3325 3323 mei
3350 3274 3500 3339 estis;
3544 3286 3590 3329 et

2021 3354 2323 3425 cognoscetis
2343 3356 2613 3419 veritatem,
2641 3365 2686 3407 et
2710 3356 2887 3410 veritas
2909 3358 3131 3411 liberabit
3157 3377 3239 3413 vos
3265 3361 3439 3433 (Joan.
3467 3381 3554 3420 vtu
3574 3408 3588 3429 ,

2024 3445 2114 3510 51,
2147 3444 2260 3513 52).
2288 3444 2340 3499 Si
2369 3445 2510 3499 enim
2539 3444 2667 3499 falsa
2696 3455 2892 3510 mater,
2922 3448 3047 3502 falsa
3076 3464 3225 3514 caro,
3264 3452 3391 3506 falsa
3420 3470 3584 3520 mors,

2022 3534 2151 3588 falsa
2173 3536 2388 3589 vulnera
2407 3537 2684 3604 passionis,
2703 3536 2847 3591 falsa:
2861 3538 3128 3595 cicatrices
3150 3547 3549 3602 resurrectionis
3572 3566 3585 3612 ;

2021 3642 2125 3681 non
2141 3627 2333 3680 veritas
2353 3626 2628 3681 credentes
2650 3628 2699 3680 in
2722 3643 2864 3694 eum,
2883 3629 2974 3682 scd
2998 3632 3169 3697 potius
3189 3632 3387 3687 falsitas
3406 3636 3591 3692 libera-

2020 3718 2117 3771 bit.
2150 3717 2258 3769 lmo
2284 3732 2413 3771 vero
2432 3716 2633 3771 falsitas
2658 3717 2811 3771 cedat
2837 3720 3041 3773 veritati
3066 3760 3080 3784 ,
3119 3730 3175 3775 et
3202 3723 3589 3780 confundantur

2018 3821 2207 3861 omnes
2245 3807 2334 3876 qui
2371 3817 2645 3876 pr0pterea
2676 3822 2734 3862 se
2762 3808 2946 3862 volunt
2980 3810 3144 3864 videri
3172 3827 3421 3882 veraces,
3464 3817 3584 3885 quia

2023 3898 2290 3952 Christum
2332 3906 2589 3951 conantur
2617 3897 2981 3954 demonstrare
3010 3899 3276 3968 fallacem;
3321 3912 3372 3957 et
3401 3906 3588 3961 nolunt

2022 3989 2121 4045 sibi
2148 3989 2250 4043 diei
2271 4029 2287 4056 ,
2330 3988 2443 4042 Non
2473 3987 2625 4043 vobis
2647 3989 2910 4044 credimus
2938 3991 3058 4060 quia
3087 3994 3378 4048 meutimini
3402 4010 3417 4060 ;
3463 4012 3582 4050 cum

2020 4081 2187 4151 ipsam
2210 4081 2482 4133 veritatem
2504 4079 2681 4134 dicant
2707 4096 2825 4135 esse
2851 4082 3142 4136 mentitam.
3185 4084 3382 4151 Quibus
3413 4096 3585 4142 tamen

2021 4173 2065 4227 si
2095 4172 2358 4235 dicamus,
2395 4170 2544 4225 Unde
2564 4171 2733 4226 nostis
2762 4171 2957 4227 dixisse
2981 4173 3269 4240 Christum,
3301 4176 3435 4242 Quid
3463 4179 3585 4232 mihi

2019 4276 2066 4321 et
2093 4265 2177 4319 tibi
2199 4273 2289 4329 est,
2311 4263 2529 4317 mulier?
2557 4263 2835 4333 Evangelio
2856 4277 2913 4319 se
2933 4265 3220 4321 credidisse
3242 4269 3585 4337 respondent.

2021 4354 2128 4410 Cur
2171 4370 2276 4410 non
2319 4354 2545 4409 credunt
2571 4353 2857 4423 Evangelia
2894 4353 3087 4409 dicenti
3113 4396 3127 4419 ,
3173 4355 3297 4409 Erat
3338 4358 3406 4411 ibi
3430 4370 3587 4413 mater

2017 4444 2178 4511 Jesu;
2223 4454 2310 4511 et,
2353 4444 2496 4497 Dixit
2535 4443 2580 4497 ei
2614 4453 2773 4497 mater
2804 4444 2955 4515 ejus?
2990 4447 3095 4499 Aut
3121 4447 3165 4500 si
3207 4447 3307 4503 hoc
3336 4451 3589 4505 mentitur

2026 4535 2389 4603 Evangelium,
2418 4534 2683 4603 quomodo
2709 4534 2759 4589 ei
2787 4534 3019 4589 creditur
3042 4537 3179 4605 quod
3202 4538 3583 4606 dixerttJesus,

2025 4624 2159 4690 Quid
2185 4624 2306 4676 mihi
2330 4634 2375 4677 et
2402 4623 2488 4676 tibi
2514 4632 2585 4677 est
2603 4663 2617 4688 ,
2646 4624 2864 4677 mulier?
2907 4624 3013 4679 Cur
3038 4641 3141 4680 non
3177 4630 3349 4697 potius
3384 4632 3581 4696 miseri,

2021 4724 2076 4770 et
2100 4713 2239 4783 quod
2266 4714 2335 4767 ita
2364 4728 2469 4767 non
2490 4723 2775 4779 extraneaz,
2803 4714 2898 4769 sed
2918 4717 3071 4770 matri
3093 4717 3343 4774 Dominus
3369 4737 3588 4791 respon-

2020 4805 2195 4870 derit,
2242 4804 2466 4860 ﬁdeliter
2491 4804 2749 4871 credunt;
2792 4815 2847 4861 et
2871 4822 2966 4862 cur
3003 4807 3074 4861 ita
3119 4811 3468 4879 responderit,
3502 4813 3586 4881 pie

2025 4896 2311 4966 quierunt?
2356 4895 2574 4950 Multum
2602 4897 2741 4950 enim
2770 4896 2988 4952 interest
3021 4898 3159 4953 inter
3179 4913 3300 4954 eum
3324 4901 3411 4970 qui
3440 4900 3582 4965 dicit,

2029 4990 2323 5045 Voloscire
2347 5004 2512 5059 quare
2536 4989 2773 5044 Christus
2807 4988 2906 5045 hoc
2934 4991 3090 5045 matri
3124 4991 3493 5060 responderit;
3534 5004 3589 5048 et

2024 5096 2147 5136 eum
2179 5081 2265 5151 qui
2311 5080 2476 5147 dicit,
2525 5080 2646 5134 Scio
2688 5079 2827 5150 quod
2876 5080 2978 5135 hoc
3012 5081 3253 5136 Christus
3284 5097 3388 5136 non
3430 5085 3588 5139 matri

2026 5170 2377 5241 responderit.
2428 5169 2581 5223 Aliud
2610 5178 2693 5225 est
2715 5170 3007 5240 intelligere
3038 5170 3165 5223 velle
3186 5170 3325 5239 quod
3354 5171 3588 5228 clausum

2026 5271 2127 5327 est,
2160 5260 2300 5315 aliud
2331 5260 2470 5315 nolle
2495 5260 2713 5315 credere
2741 5260 2879 5329 quod
2909 5270 3145 5329 apertum
3174 5269 3273 5315 est.
3313 5261 3414 5328 Qui
3438 5262 3587 5328 dicit,

2025 5350 2173 5407 Scire
2200 5351 2321 5405 volo
2344 5364 2439 5404 cur
2469 5351 2539 5403 ita
2564 5350 2804 5404 Christus
2839 5351 2991 5404 matri
3017 5350 3368 5419 responderit,
3398 5354 3588 5423 aperiri

2025 5441 2125 5496 sibi
2149 5442 2258 5495 vult
2279 5440 2616 5509 Evangelium
2642 5441 2725 5495 cui
2748 5440 2912 5495 credit
2944 5458 2955 5492 :
2985 5440 3072 5509 qui
3093 5450 3265 5496 autem
3295 5443 3439 5509 dicit,
3471 5444 3592 5498 Scio

2028 5530 2170 5601 quod
2215 5530 2313 5584 hoc
2361 5529 2602 5583 Christus
2651 5546 2754 5584 non
2798 5528 2950 5583 matri
2999 5532 3361 5600 responderit,
3421 5534 3590 5603 ipsum

2028 5621 2370 5690 Evangelium
2398 5622 2569 5691 arguit
2610 5621 2675 5675 de
2718 5620 3031 5690 mendacio,
3074 5624 3161 5677 ubi
3204 5624 3424 5680 credidit
3451 5625 3590 5695 quod

2026 5714 2263 5771 Christus
2295 5715 2365 5767 ita
2390 5716 2737 5786 responderit.
