4012 6482
441 357 462 412 l
475 355 574 412 455

509 449 562 502 8.
595 444 712 503 1am
741 459 870 517 ergo
896 443 940 499 si
967 443 1174 512 placet,
1205 442 1427 508 fratres,
1459 443 1564 496 illis
1587 439 1842 510 repulsis,
1875 444 1931 491 et
1959 438 2014 490 in

435 553 530 594 sua
559 536 796 593 Caecitate
822 535 1125 590 errantibus
1147 548 1378 603 semper,
1403 532 1500 585 nisi
1525 529 1794 583 humiliter
1817 541 2014 582 sanen-

436 641 549 696 tur,
580 645 678 686 nos
707 643 1008 699 qumramus
1032 667 1046 692 ,
1091 640 1254 696 quare
1279 623 1534 678 Dominus
1557 631 1736 673 noster
1755 620 1831 673 sic
1857 615 2014 672 matri

435 719 790 792 responderit.
822 717 914 774 Ille
941 717 1278 788 singulariter
1305 723 1460 768 natus
1479 712 1546 766 de
1575 711 1731 766 Patre
1757 711 1872 765 sine
1901 724 2014 764 ma-

435 821 538 880 tre,
561 811 630 867 de
649 817 820 866 matre
843 809 958 864 sine
987 817 1132 878 patre
1158 825 1172 871 ;
1207 807 1322 860 sine
1347 813 1515 858 matre
1539 803 1700 868 Deus,
1727 802 1841 857 sine
1862 809 2013 870 patre

375 906 388 918 '
433 902 632 968 homo;
671 901 786 956 sine
820 909 989 954 matre
1033 906 1156 952 ante
1191 903 1429 964 tempora
1451 935 1468 960 ,
1513 893 1629 949 sine
1657 901 1804 962 patre
1829 892 1880 944 in
1907 889 2012 946 ﬁne

436 1003 758 1064 temporum.
800 991 950 1060 Quod
981 988 1286 1059 respondit,
1326 987 1480 1041 matri
1525 984 1838 1054 respondit:
1867 985 2009 1054 quia,

431 1085 558 1139 Erat
580 1083 649 1138 ibi
667 1093 828 1138 mater
847 1081 970 1136 Jesu
985 1094 1008 1144 ;
1033 1088 1104 1145 et,
1139 1079 1278 1133 Dixit
1297 1078 1341 1132 ei
1364 1086 1526 1131 mater
1546 1078 1674 1144 ejus.
1705 1075 1815 1130 Hoc
1847 1081 2012 1128 totum

434 1173 782 1246 Evangelium
807 1173 1060 1244 loquitur.
1105 1170 1215 1225 Illic
1245 1169 1492 1224 novimus
1523 1168 1643 1238 quia
1675 1177 1781 1220 erat
1809 1167 1878 1220 ibi
1903 1183 2014 1218 ma-

431 1281 506 1324 tcr
532 1267 681 1335 Jesu,
719 1266 810 1321 ubi
852 1265 1099 1320 novimus
1127 1261 1267 1333 quod
1303 1260 1496 1315 dixerit
1523 1260 1570 1313 ei
1595 1301 1610 1326 ,
1654 1257 1790 1324 Quid
1817 1258 1938 1311 mihi
1961 1267 2012 1312 et

433 1361 521 1414 tibi
541 1367 614 1414 est
636 1399 650 1422 ,
681 1355 904 1410 mulier?
933 1352 1158 1408 nondum
1187 1351 1320 1404 venit
1345 1351 1470 1404 hora
1499 1365 1628 1402 mea.
1671 1348 1860 1402 Totum
1888 1362 2012 1402 cre-

433 1451 655 1514 damus,
711 1456 766 1502 et
815 1445 957 1516 quod
995 1444 1228 1498 nondum
1273 1441 1616 1510 intelligimus
1659 1439 2010 1508 requiramus.

431 1543 502 1598 Et
537 1541 766 1612 primum
805 1538 908 1594 hoc
957 1537 1134 1592 videte
1159 1578 1172 1600 ,
1215 1550 1284 1590 ne
1329 1535 1462 1588 forte
1489 1531 1756 1603 quomodo
1795 1532 2014 1586 invene-

431 1645 560 1690 runt
595 1631 868 1688 Manichzei
910 1630 1244 1686 occasionem
1293 1627 1528 1698 perﬁdia:
1558 1641 1699 1692 sum,
1739 1625 1859 1695 quia
1885 1624 2032 1678 dixit

437 1727 699 1782 Dominus
717 1767 732 1791 ,
766 1723 901 1788 Quid
925 1721 1049 1776 mihi
1072 1729 1120 1775 et
1145 1721 1234 1774 tibi
1259 1729 1328 1774 est
1352 1757 1373 1788 ,
1396 1719 1575 1772 mulier
1593 1718 1619 1772 ?
1647 1718 1724 1772 sic
1747 1717 2017 1771 inveniant

439 1815 802 1872 mathematici
851 1813 1182 1869 occasionem
1237 1810 1458 1864 fallacia:
1503 1824 1649 1873 suae,
1697 1808 1818 1878 quia
1861 1807 2014 1874 dixit,

439 1909 686 1964 Nondum
713 1907 846 1962 venit
875 1906 1002 1959 hora
1035 1920 1164 1958 mea.
1197 1903 1262 1956 Et
1290 1903 1332 1956 si
1359 1900 1461 1956 hoc
1487 1901 1776 1956 secundum
1805 1901 2014 1954 mathe-

437 2001 664 2056 maticos
688 1999 857 2065 dixit,
895 1995 1226 2065 sacrilegium
1255 1993 1475 2048 fecimus
1505 1991 1839 2047 incendendo
1867 1991 2016 2045 codi-

437 2101 532 2146 ces
554 2106 761 2146 eorum.
779 2089 834 2144 Si
858 2097 1035 2142 autem
1059 2093 1202 2140 recte
1226 2083 1470 2148 fecimus,
1491 2085 1625 2138 sicut
1643 2083 2017 2152 Apostolorum

437 2182 768 2253 temporibus
795 2181 989 2234 factum
1017 2185 1099 2234 est
1123 2176 1255 2247 (Act.
1285 2191 1404 2241 xix,
1437 2174 1558 2248 l9);
1597 2189 1700 2229 nou
1729 2173 2016 2228 secundum

435 2292 531 2331 eos
558 2275 698 2330 dixit
725 2273 978 2328 Dominus
1002 2314 1016 2338 ,
1064 2270 1308 2324 Nondum
1333 2270 1464 2322 venit
1503 2269 1628 2322 liora
1652 2284 1780 2322 mea.
1830 2267 2021 2323 Dicunt

439 2370 580 2424 enim
604 2367 872 2436 vaniloqui
899 2375 954 2420 et
996 2364 1196 2420 seducti
1223 2364 1528 2418 scductores
1549 2405 1563 2429 ,
1593 2363 1754 2418 Vides
1775 2363 1896 2434 quia
1923 2361 2022 2417 sub

443 2462 549 2515 fato
581 2469 696 2515 erat
717 2458 978 2524 Christus,
1013 2457 1100 2527 qui
1129 2455 1275 2520 dicit,
1312 2455 1554 2510 Nondum
1583 2456 1712 2508 venit
1736 2456 1860 2508 hora
1887 2471 2017 2508 mea.

446 2553 652 2621 Quibus
676 2565 800 2621 ergo
823 2551 967 2620 prius
993 2547 1420 2618 respondendum
1443 2557 1552 2612 est;
1605 2546 1870 2601 haereticis
1893 2587 1906 2612 ,
1951 2561 2018 2600 an

441 2639 873 2696 mathematicis?
919 2637 1141 2705 Utrique
1167 2639 1306 2692 enim
1336 2653 1362 2690 a
1392 2646 1639 2706 serpente
1667 2638 1754 2692 illo
1781 2637 2019 2704 veniunt,

441 2733 688 2786 volentes
731 2745 1072 2800 corrumpere
1119 2729 1475 2798 virginitatem
1525 2728 1700 2782 cordis
1745 2729 2017 2794 Ecclesiae,

445 2841 602 2895 quam
636 2823 794 2878 habet
825 2824 876 2878 in
905 2822 1106 2892 integra
1129 2821 1250 2876 ﬁde.
1283 2821 1456 2875 Primo
1483 2822 1525 2875 si
1557 2821 1748 2890 placet,
1780 2823 1858 2877 eis
1888 2837 2022 2891 quos

442 2929 892 2986 proposueramus
915 2954 929 2978 ,
959 2913 1150 2982 quibus
1177 2911 1387 2982 quidem
1417 2912 1524 2980 jam
1553 2927 1616 2966 ex
1657 2927 1844 2982 magna
1873 2922 2024 2982 parte

444 3003 836 3076 respondimus.
897 3003 1007 3058 Sed
1051 3019 1118 3057 ne
1167 3003 1492 3057 arbitrentur
1533 3017 1632 3058 nos
1680 3020 1784 3057 non
1827 3003 2024 3058 habere

444 3097 568 3166 quid
611 3096 850 3151 dicamus
887 3095 952 3150 de
993 3095 1074 3149 his
1107 3095 1284 3150 verbis
1323 3111 1440 3164 qua:
1471 3094 1724 3148 Dominus
1751 3095 1904 3148 matri
1933 3109 2024 3148 re-

445 3187 692 3256 spondit,
739 3200 832 3240 vos
857 3185 1022 3254 magis
1059 3185 1317 3239 adversus
1357 3185 1476 3238 illos
1517 3184 1828 3237 instruimus
1861 3201 1872 3236 :
1902 3198 2026 3238 nam

445 3276 547 3332 illis
591 3274 933 3342 rel'ellendis,
979 3289 1108 3346 puto
1146 3274 1286 3344 quod
1332 3273 1594 3329 sufﬁciant
1635 3289 1752 3344 quae
1787 3273 1897 3345 jam
1940 3274 2026 3330 di-

447 3377 526 3420 cta
553 3375 694 3420 sunt.
1817 3423 1823 3429 .

519 3461 572 3514 9.
611 3457 719 3513 Cur
760 3474 886 3528 ergo
928 3459 1001 3512 ait
1025 3459 1180 3512 matri
1221 3458 1379 3523 ﬁlius,
1414 3457 1547 3522 Quid
1590 3459 1715 3512 mihi
1743 3469 1786 3512 et
1817 3458 1903 3512 tibi
1930 3467 2021 3524 est,

449 3552 662 3604 mulier?
685 3551 906 3604 nondum
927 3551 1054 3603 venit
1083 3550 1206 3603 hora
1233 3566 1362 3602 mea.
1405 3549 1654 3604 Dominus
1675 3559 1854 3604 noster
1873 3549 2028 3604 Jesus

448 3645 710 3709 Christus,
736 3653 788 3697 et
816 3643 952 3697 Deus
982 3652 1096 3697 erat
1115 3652 1168 3696 et
1193 3642 1380 3696 homo:
1405 3642 1694 3696 secundum
1721 3643 1862 3713 quod
1889 3644 2028 3698 Deus

449 3747 578 3798 erat,
599 3747 816 3789 matrem
835 3749 939 3788 non
961 3733 1217 3796 habebat;
1238 3733 1526 3788 secundum
1548 3733 1690 3803 quod
1712 3734 1870 3788 homo
1893 3742 2026 3802 erat,

450 3827 694 3881 habebat.
738 3825 903 3881 Mater
931 3841 1059 3896 ergo
1087 3833 1203 3879 erat
1233 3825 1424 3888 carnis,
1469 3833 1637 3879 mater
1667 3825 2028 3892 humanitatis,

453 3928 620 3972 mater
647 3917 966 3972 inﬁrmitatis
995 3932 1150 3986 quam
1177 3918 1406 3986 suscepit
1428 3926 1641 3986 propter
1667 3931 1781 3972 nos.
1807 3917 2033 3972 Miracu-

455 4012 560 4063 lum
588 4017 761 4062 autem
791 4007 932 4076 quod
963 4009 1192 4060 facturus
1217 4015 1349 4072 crat,
1382 4006 1671 4060 secundum
1701 4007 2030 4062 divinitatem

455 4103 685 4152 facturus
711 4105 843 4160 erat,
871 4111 976 4150 non
1007 4095 1295 4150 secundum
1325 4095 1715 4160 inﬁrmitatem;
1742 4099 2030 4154 secundum

454 4187 594 4258 quod
625 4189 767 4242 Deus
792 4195 926 4251 erat,
961 4203 1063 4240 non
1095 4185 1388 4240 secundum
1419 4185 1558 4254 quod
1597 4187 1835 4244 inﬁrmus
1877 4199 2032 4247 natus

455 4287 588 4332 erat.
619 4277 725 4333 Sed
755 4276 1020 4330 inﬁrmum
1051 4276 1140 4330 Dei
1173 4276 1355 4329 fortius
1385 4285 1465 4330 est
1495 4277 1794 4332 hominibus
1823 4277 1881 4352 (l
1911 4279 2028 4336 Cor,

459 4387 495 4434 ι,
524 4369 640 4440 25).
681 4367 986 4422 Miraculqu
1031 4381 1157 4436 ergo
1187 4366 1431 4436 exigebat
1473 4377 1673 4434 mater;
1717 4379 1769 4422 at
1797 4369 1885 4425 ille
1915 4379 2033 4426 tan-

456 4477 612 4530 quam
641 4475 744 4514 non
775 4460 1014 4530 agnoscit
1043 4459 1251 4518 viscera
1279 4457 1527 4524 humana,
1556 4471 1866 4528 operaturus
1897 4463 2034 4520 facta

456 4554 662 4618 divina;
688 4563 934 4622 tanquam
957 4551 1161 4616 dicens,
1185 4550 1336 4618 Quod
1361 4550 1426 4606 de
1447 4567 1533 4607 me
1559 4551 1682 4606 facit
1700 4555 2029 4624 miraculum,

457 4659 564 4698 non
589 4649 640 4697 tu
665 4641 914 4713 genuisti,
960 4642 1286 4696 divinitatem
1318 4657 1488 4696 meam
1517 4657 1622 4697 non
1665 4653 1718 4697 tu
1761 4647 2032 4715 genuisti:

457 4735 552 4791 sed
579 4737 700 4806 quia
744 4734 970 4805 genuisti
1001 4733 1356 4788 inﬁrmitatem
1384 4749 1576 4799 meam,
1607 4744 1732 4790 tunc
1761 4748 1810 4792 te
1837 4753 2037 4808 cogno-

461 4844 628 4896 scam,
653 4843 773 4884 cum
801 4827 912 4897 ipsa
942 4827 1220 4881 inﬁrmitas
1245 4826 1495 4896 pendebit
1525 4830 1576 4882 in
1606 4843 1797 4886 cruce:
1829 4831 1926 4886 hoc
1955 4839 2039 4887 est

459 4921 624 4988 enim,
656 4919 900 4974 Nondum
931 4921 1058 4972 venit
1084 4921 1207 4972 liora
1237 4936 1366 4972 mea.
1415 4919 1562 4974 Tunc
1596 4923 1735 4976 enim
1765 4926 2033 4994 cognovit,

459 5013 550 5083 qui
579 5013 760 5084 utique
783 5025 993 5080 semper
1015 5019 1250 5065 noverat.
1283 5009 1350 5064 Et
1373 5020 1654 5081 antequam
1685 5011 1750 5067 de
1776 5014 1861 5068 illa
1884 5024 2039 5072 natus

459 5114 624 5169 esset,
657 5103 708 5157 in
743 5101 1204 5172 praadcstinatione
1251 5111 1470 5155 noverat
1511 5110 1764 5169 matrem;
1808 5113 1862 5158 et
1887 5115 2039 5160 ante-

463 5209 620 5265 quam
648 5195 761 5263 ipse
785 5193 921 5250 Deus
941 5202 1166 5257 crearet,
1195 5193 1262 5247 de
1287 5209 1386 5264 qua
1416 5194 1528 5264 ipse
1559 5194 1718 5250 hmno
1745 5207 2036 5266 crearetur,

464 5295 685 5342 noverat
711 5295 931 5341 matrem
954 5304 966 5340 :
991 5285 1082 5340 sed
1107 5287 1172 5340 ad
1193 5287 1472 5356 quamdam
1499 5287 1684 5342 horam
1712 5290 1761 5342 in
1790 5292 2042 5361 mysterio

469 5397 576 5434 non
603 5381 868 5450 agnoscit;
898 5389 950 5434 et
970 5379 1033 5433 ad
1061 5379 1339 5450 quamdam
1363 5379 1544 5432 horam
1568 5395 1684 5448 quas
1703 5381 1932 5436 nondum
1957 5397 2044 5440 ve-

470 5479 641 5526 nerat.
673 5471 724 5522 in
753 5470 1004 5540 mysterio
1031 5484 1212 5524 rursus
1251 5471 1504 5538 agnoscit.
1537 5469 1683 5524 Tunc
1710 5473 1848 5525 enim
1881 5489 2044 5544 agno-

473 5563 565 5628 vit,
593 5563 802 5632 quando
833 5561 958 5614 illud
989 5561 1127 5630 quod
1157 5561 1357 5630 peperit
1387 5559 1728 5614 moriebatur.
1755 5563 1870 5616 Non
1901 5565 2044 5621 enim

475 5654 798 5708 moriebatur
825 5667 920 5723 per
939 5653 1077 5722 quod
1103 5654 1234 5707 facta
1263 5661 1374 5707 erat
1399 5651 1579 5718 Maria,
1604 5654 1694 5707 sed
1725 5657 2045 5715 moriebatur

471 5746 610 5816 quod
641 5747 830 5800 factum
854 5755 968 5801 erat
991 5763 1052 5799 ex
1083 5745 1274 5800 Maria:
1307 5760 1409 5800 non
1437 5745 1758 5802 moriebatur
1778 5751 2046 5828 :etcrnitas

1390 349 1457 406 IN
1493 346 1770 406 JOANNIS
1807 343 2276 408 EVANGELIUM,
2317 345 2374 400 S.
2417 343 2781 402 AUGUSTINI

2118 436 2430 502 divinitatis,
2454 437 2547 490 sed
2569 437 2892 492 moriebatur
2911 435 3188 491 inﬁrmitas
3206 433 3400 490 carnis.
3421 430 3554 489 Illud
3571 447 3703 505 ergo

2117 525 2413 595 respondit,
2453 525 2762 580 discernens
2793 525 2846 580 in
2887 525 2990 579 ﬁde
3018 524 3370 590 credentium,
3411 524 3550 594 quis,
3595 538 3703 594 qua

2119 619 2340 672 venerit.
2393 616 2550 672 Venit
2594 617 2737 673 enim
2784 632 2880 687 per
2917 627 3140 672 matrem
3170 617 3442 680 feminam,
3479 617 3617 672 Deus
3645 626 3702 674 et

2115 709 2372 764 Dominus
2417 709 2539 765 C(Bii
2585 717 2642 764 et
2687 717 2863 764 terrm.
2917 707 3216 764 Secundum
3255 709 3396 788 quod
3445 709 3702 768 Dominus

2115 801 2319 868 mundi,
2351 801 2492 872 quod
2525 802 2782 857 Dominus
2804 801 2926 858 cmli
2951 810 3006 856 et
3026 811 3203 868 terrm,
3235 801 3490 858 Dominus
3519 803 3702 874 utique

2115 903 2170 948 et
2187 893 2395 959 Maria);
2421 893 2712 948 secundum
2737 893 2876 964 quod
2901 901 3108 949 creator
3127 894 3247 949 cmli
3272 903 3325 948 et
3347 904 3522 962 terrae,
3543 910 3698 950 crea-

2117 994 2200 1042 tor
2225 997 2279 1042 et
2303 987 2512 1042 Mariae:
2541 988 2832 1042 secundum
2853 996 3028 1042 autem
3053 986 3195 1057 quod
3222 987 3422 1042 dictum
3462 997 3566 1052 est,
3590 987 3702 1042 Fa-

2115 1089 2250 1134 ctum
2278 1096 2342 1135 ea:
2365 1080 2589 1145 muliere,
2621 1083 2812 1151 factum
2832 1079 2924 1134 sub
2963 1078 3095 1151 Lege
3121 1079 3312 1144 (Galat.
3343 1094 3417 1144 tv,
3449 1081 3528 1150 4),
3557 1081 3700 1136 filius

2114 1171 2311 1228 Mariae.
2345 1173 2460 1241 Ipse
2503 1173 2756 1226 Dominus
2793 1171 2992 1238 Mariae,
3041 1171 3153 1239 ipse
3181 1170 3320 1224 ﬁlius
3345 1170 3554 1226 Maria}:
3586 1172 3702 1241 ipse

2117 1273 2324 1319 creator
2349 1263 2546 1328 Marias,
2575 1264 2688 1334 ipse
2713 1273 2922 1318 creatus
2937 1279 3005 1318 ex
3035 1263 3216 1318 Maria.
3240 1263 3356 1317 Noli
3377 1263 3552 1318 mirari
3575 1265 3700 1334 quia

2117 1364 2170 1411 et
2209 1356 2344 1410 ﬁlius
2373 1364 2424 1410 et
2451 1355 2738 1410 Dominus:
2763 1356 2899 1409 sicut
2943 1355 3083 1408 enim
3126 1353 3326 1420 Mariae,
3357 1355 3428 1408 ita
3453 1363 3504 1410 et
3533 1355 3700 1410 David

2116 1447 2288 1502 dictus
2316 1458 2398 1502 cst
2427 1447 2593 1512 ﬁlius;
2619 1455 2671 1501 et
2687 1446 2806 1500 ideo
2831 1446 2996 1500 David
3023 1447 3178 1508 ﬁlius.
3197 1449 3318 1516 quia
3339 1446 3514 1504 Mariae
3539 1446 3700 1504 ﬁlius.

2117 1539 2254 1593 Audi
2283 1539 2593 1608 Apostolum
2621 1547 2804 1608 aperte
2831 1538 3116 1600 dicentem,
3149 1538 3249 1603 Qui
3276 1540 3438 1610 factus
3465 1547 3536 1593 est
3563 1539 3608 1593 ei
3635 1555 3704 1594 ex

2117 1634 2302 1688 semine
2329 1633 2492 1686 David
2515 1631 2788 1687 secundum
2809 1649 3010 1686 carnem
3035 1630 3208 1702 (Rom.
3233 1647 3272 1699 ι,
3301 1633 3379 1704 5).
3407 1631 3542 1687 Audi
3576 1647 3700 1688 eum

2117 1734 2170 1780 et
2196 1727 2474 1780 Dominum
2497 1725 2689 1790 David;
2711 1723 2852 1778 dicat
2873 1723 2974 1778 hoc
3007 1725 3120 1794 ipse
3143 1723 3304 1778 David
3325 1741 3340 1778 :
3359 1723 3502 1778 Dixit
3527 1723 3704 1778 Domi-

2119 1836 2214 1872 nus
2229 1817 2446 1872 Domino
2465 1833 2592 1883 meo,
2613 1815 2746 1871 Sede
2762 1815 2830 1870 ad
2845 1816 3103 1870 dexteram
3121 1833 3280 1870 meam
3301 1815 3472 1887 (Psal.
3491 1831 3602 1882 (ιιι,
3621 1817 3710 1888 1).“

2121 1909 2188 1962 Εῑ
2213 1909 2322 1978 ipse
2350 1907 2504 1962 Jesus
2527 1907 2627 1962 hoc
2645 1907 2919 1977 preposuit
2937 1905 3153 1973 Judaeis,
3171 1915 3226 1962 et
3249 1921 3342 1962 eos
3371 1907 3493 1963 inde
3515 1908 3702 1962 convi-

2119 1999 2190 2054 cit
2223 1997 2432 2070 (Matth.
2465 2014 2600 2062 xxii,
2647 1999 2760 2067 45).
2790 1997 3067 2065 Quomodo
3106 2011 3234 2067 ergo
3271 1996 3432 2052 David
3481 2007 3534 2052 et
3563 1999 3704 2053 ﬁlius

2119 2099 2172 2141 et
2197 2088 2475 2150 dominus;
2507 2089 2643 2142 filius
2668 2087 2834 2141 David
2865 2088 3158 2143 secundum
3189 2103 3424 2155 carnem,
3456 2088 3706 2147 dominus

2123 2178 2286 2232 David
2329 2179 2618 2234 secundum
2649 2178 3014 2232 divinitatem:
3037 2179 3114 2232 sic
3139 2178 3316 2233 Maria:
3345 2179 3482 2234 ﬁlius
3507 2195 3704 2236 secun-

2121 2269 2242 2324 dum
2265 2285 2502 2336 carnem,
2523 2279 2575 2324 et
2592 2269 2766 2323 Mariae
2781 2269 3026 2325 dominus
3041 2269 3330 2325 secundum
3349 2272 3704 2342 majestatem.

2121 2361 2260 2427 Quid
2282 2377 2407 2431 ergo
2437 2377 2540 2414 non
2565 2369 2676 2414 erat
2705 2360 2794 2414 illa
2821 2369 2990 2415 mater
3015 2360 3328 2428 divinitatis,
3359 2371 3413 2416 et
3439 2377 3535 2431 per
3560 2362 3704 2418 divi-

2123 2454 2340 2506 nitatem
2385 2451 2614 2504 futurum
2656 2459 2768 2506 crat
2796 2452 3106 2508 miraculum
3149 2452 3290 2522 quod
3331 2455 3573 2524 petebat;
3613 2471 3708 2512 re-

2121 2543 2335 2614 spondit
2364 2544 2434 2608 ci,
2469 2544 2606 2608 Quid
2643 2543 2766 2596 mihi
2791 2552 2836 2596 et
2861 2543 2948 2597 tibi
2969 2553 3060 2611 est,
3089 2544 3302 2599 mulier?
3341 2545 3434 2600 sed
3461 2561 3528 2600 ne
3553 2555 3710 2615 putes

2123 2635 2265 2706 quod
2297 2644 2346 2690 te
2371 2651 2558 2705 negem
2603 2643 2845 2700 matrem,
2878 2634 3122 2689 Nondum
3148 2634 3277 2689 venit
3306 2637 3429 2690 hora
3459 2653 3605 2691 mea:
3634 2637 3710 2693 ibi

2124 2727 2265 2779 enim
2295 2735 2346 2780 te
2375 2740 2678 2796 agnoscam,
2709 2739 2830 2780 cum
2859 2725 3090 2795 pendere
3116 2728 3170 2781 in
3199 2742 3356 2783 cruce
3383 2729 3604 2798 coeperit
3626 2730 3712 2784 in-

2127 2816 2344 2870 ﬁrmitas
2355 2817 2506 2886 cujus
2524 2825 2692 2870 mater
2707 2831 2786 2872 es.
2805 2817 3098 2872 Probemus
3113 2819 3158 2874 si
3175 2835 3357 2876 verum
3371 2831 3469 2876 est.
3485 2821 3714 2890 Quando

2129 2922 2312 2976 passus
2332 2917 2414 2962 est
2434 2907 2704 2970 Dominus,
2745 2909 2880 2962 sicut
2915 2908 3056 2963 idem
3087 2912 3410 2983 evangelista
3440 2913 3586 2979 dicit,
3615 2915 3710 2984 qui

2127 3009 2346 3052 noverat
2369 3009 2590 3053 matrem
2621 2999 2849 3064 Domini,
2883 3008 2936 3053 et
2955 3001 3042 3070 qui
3071 3002 3222 3058 nobis
3245 3002 3714 3060 insinuavitetiam

2127 3089 2180 3142 in
2207 3087 2290 3142 his
2319 3088 2514 3158 nuptiis
2543 3099 2766 3143 matrem
2809 3090 3037 3156 Domini,
3066 3092 3177 3161 ipse
3209 3103 3418 3148 narrat:
3449 3093 3596 3162 Erat,
3624 3095 3714 3150 in-

2127 3183 2259 3253 quit,
2291 3182 2396 3236 illic
2424 3183 2558 3236 circa
2578 3199 2772 3237 crucem
2803 3193 2960 3238 mater
3000 3185 3145 3252 Jesu,
3182 3197 3229 3240 et
3265 3187 3334 3240 ait
3369 3185 3520 3242 Jesus
3561 3189 3717 3243 matri

2127 3289 2252 3342 sate,
2285 3273 2490 3340 Mulier,
2524 3291 2632 3329 ecce
2665 3274 2805 3344 ﬁlius
2841 3284 3061 3330 tuus:et
3109 3277 3176 3330 ad
3215 3277 3539 3348 discipulum,
3582 3280 3720 3334 Ecce

2129 3379 2288 3424 mater
2313 3381 2398 3424 tua
2425 3369 2604 3440 (Joan.
2629 3385 2748 3435 nx,
2769 3369 2986 3442 25-27).
3019 3370 3366 3427 Commendat
3389 3382 3612 3428 matrem
3633 3373 3721 3430 di-

2130 3461 2364 3531 scipulo:
2387 3461 2721 3516 commendat
2735 3471 2956 3516 matrem
2979 3463 3125 3532 prior
3143 3472 3312 3518 matre
3333 3465 3637 3534 moriturus,
3663 3477 3723 3522 et

2131 3564 2252 3608 ante
2279 3555 2460 3608 matris
2491 3563 2714 3608 mortem
2735 3565 3158 3619 POSUWCCIUPUS;
3183 3559 3520 3613 commendat
3551 3559 3723 3615 1101110

2133 3645 2331 3700 homini
2356 3644 2644 3699 hominem.
2671 3645 2780 3699 lloc
2813 3656 3092 3714 pepererat
3124 3647 3304 3702 Maria.
3343 3647 3434 3702 llla
3455 3649 3723 3720 horajam

2134 3746 2373 3803 venerat,
2404 3737 2470 3790 de
2494 3751 2594 3806 qua
2627 3745 2748 3791 tunc
2770 3736 2994 3803 dixerat,
3029 3736 3271 3792 Nondum
3289 3739 3420 3793 venit
3443 3738 3570 3793 hora
3585 3757 3720 3795 mea.

2207 3811 2292 3882 16.
2335 3828 2602 3895 Quantum
2626 3829 2873 3896 arbitror,
2903 3829 3109 3898 fratres,
3141 3845 3455 3900 reSponsum
3484 3841 3568 3888 est
3603 3833 3724 3888 hrc-

2135 3923 2344 3977 reticis:
2371 3921 2755 3976 mathematicis
2783 3923 3218 3992 respondeamus.
3247 3924 3312 3977 Et
3333 3924 3430 3994 ipsi
3461 3924 3599 3980 unde
3623 3941 3728 3980 co-

2136 4021 2330 4068 nantur
2348 4013 2660 4068 convincere
2683 4013 2803 4082 quia
2825 4013 2924 4066 sub
2949 4011 3058 4068 fato
3081 4022 3196 4067 erat
3231 4013 3418 4068 Jesus?
3445 4014 3576 4082 Quia
3604 4015 3728 4086 ipse

2135 4105 2230 4172 ait,
2253 4105 2518 4174 inquiunt,
2553 4102 2800 4156 Nondum
2825 4104 2955 4157 venit
2987 4104 3110 4157 hora
3144 4121 3273 4158 mea.
3307 4105 3448 4175 Ergo
3485 4106 3558 4161 illi
3595 4121 3728 4161 cre-

2135 4197 2337 4262 dimus;
2371 4205 2424 4252 et
2451 4197 2494 4251 si
2525 4197 2766 4260 dixisset,
2795 4195 2990 4250 iloram
3033 4211 3136 4251 non
3181 4197 3371 4264 habeo,
3405 4197 3730 4253 exclusisset

2137 4288 2574 4343 mathematicos:
2601 4286 2692 4342 sed
2734 4303 2876 4352 ecce,
2915 4287 3176 4358 inquiunt,
3224 4289 3338 4358 ipse
3383 4289 3534 4354 dixit,
3567 4289 3732 4344 Non-

2138 4381 2258 4434 dum
2288 4381 2415 4435 venit
2444 4381 2570 4434 hora
2595 4397 2725 4434 mea.
2761 4379 2818 4437 Si
2844 4395 2971 4450 ergo
3001 4381 3240 4446 dixisset,
3267 4381 3459 4435 lloram
3489 4397 3592 4436 non
3620 4383 3732 4440 ha-

2139 4473 2260 4538 beo,
2285 4474 2599 4528 exclusisset
2637 4474 3057 4538 mathematicos,
3105 4489 3212 4528 non
3259 4483 3398 4528 esset
3444 4475 3582 4530 unde
3625 4491 3731 4532 ca-

2140 4566 2555 4621 lumniarentur:
2582 4581 2721 4621 nunc
2757 4582 2886 4622 vero
2934 4565 3056 4636 quia
3099 4565 3249 4632 dixit,
3301 4566 3544 4622 Nondum
3591 4573 3736 4625 venit

2139 4659 2265 4711 liora
2290 4675 2418 4724 mea,
2450 4670 2634 4712 contra
2665 4657 2829 4728 ipsius
2857 4658 3014 4713 verba
3039 4658 3166 4728 quid
3195 4675 3474 4728 possumus
3503 4661 3688 4716 dicere
3708 4665 3736 4717 ?

2141 4748 2326 4802 Mirum
2357 4758 2438 4803 est
2476 4749 2616 4818 quod
2661 4749 3018 4805 mathematici
3052 4751 3319 4805 credendo
3363 4754 3537 4808 verbis
3565 4751 3737 4809 Chri-

2141 4841 2229 4902 sti,
2258 4849 2518 4894 conantur
2556 4840 2870 4894 convincere
2917 4839 3246 4896 Christianos
3286 4843 3424 4912 quod
3465 4846 3562 4899 sub
3593 4845 3742 4902 hora

2145 4929 2286 4982 fatali
2309 4930 2499 4983 vixerit
2532 4929 2795 4983 Christus.
2825 4929 3057 4985 Credant
3095 4947 3222 5000 ergo
3249 4931 3460 4988 Christo
3500 4933 3739 5003 diccn'i,

2145 5021 2448 5074 Potestatem
2477 5020 2632 5073 habeo
2653 5022 2870 5090 ponendi
2890 5023 3112 5074 animam
3139 5039 3317 5090 meam,
3352 5033 3398 5077 et
3421 5025 3604 5078 iterum
3632 5043 3742 5082 su-

2145 5113 2310 5166 mendi
2341 5127 2450 5164 eam
2471 5127 2488 5163 :
2509 5128 2652 5164 nemo
2695 5113 2824 5166 tollit
2848 5129 2958 5167 eam
2985 5131 3016 5167 a
3043 5133 3140 5182 me,
3173 5115 3260 5170 sed
3285 5133 3374 5188 ego
3400 5133 3531 5189 pono
3559 5135 3676 5171 eam
3707 5137 3748 5175 α

2147 5202 2356 5271 meipso,
2385 5210 2432 5255 et
2460 5202 2638 5255 iterum
2663 5220 2804 5258 sunto
2831 5223 2940 5259 eam
2984 5205 3091 5280 (Id.
3121 5223 3175 5272 Χ,
3223 5207 3332 5279 18).
3381 5210 3586 5280 Ergone
3629 5209 3746 5267 ista

2149 5305 2380 5364 potestas
2398 5295 2495 5350 sub
2518 5297 2623 5350 fato
2643 5297 2757 5352 est?
2778 5297 3068 5354 Ostendam
3095 5299 3362 5355 hominem
3385 5303 3470 5372 qui
3497 5311 3748 5370 potesta-

2151 5395 2254 5441 tem
2283 5386 2474 5442 habeat
2498 5389 2708 5458 quando
2734 5391 3010 5457 moriatur,
3035 5390 3282 5458 quamdiu
3313 5395 3482 5446 vivat:
3511 5395 3747 5450 omnino
3789 5425 3792 5428 «

2151 5494 2254 5533 non
2278 5480 2576 5535 ostendent.
2606 5479 2838 5535 Credaut
2865 5497 2992 5551 ergo
3030 5482 3138 5534 Deo
3167 5483 3384 5548 dicenti,
3429 5483 3748 5544 Potestatem

2152 5569 2308 5623 habeo
2330 5573 2548 5640 ponendi
2571 5573 2792 5636 animum
2817 5590 2998 5636 meam,
3026 5583 3070 5626 et
3093 5573 3272 5626 iterum
3306 5576 3529 5629 sumendi
3581 5595 3700 5632 eam
3727 5597 3750 5637 :

2152 5671 2208 5716 et
2235 5671 2470 5732 qtuerant
2491 5679 2653 5732 quare
2679 5665 2746 5718 sit
2765 5664 2982 5731 dictum,
3015 5663 3256 5718 Nondum
3285 5667 3416 5719 venit
3441 5667 3566 5720 liora
3593 5687 3742 5738 utea;

2155 5767 2252 5809 nec
2281 5752 2402 5810 ideo
2429 5753 2535 5822 jam
2568 5755 2665 5809 sub
2691 5754 2800 5809 fato
2828 5763 3026 5825 ponant
3055 5755 3384 5813 conditorem
3410 5759 3550 5826 coeli,
3581 5774 3752 5816 crea-
