4012 6474
468 403 486 452 l
510 395 604 452 $.39

471 523 528 572 tt
578 520 664 586 qui
699 518 835 572 bene
863 514 1056 571 eruditi
1085 522 1206 567 sunt
1235 511 1284 565 in
1314 509 1415 564 ﬁde
1462 504 1741 566 catholica,
1793 504 2054 553 noverunt

468 611 608 679 quod
636 612 774 664 Deus
817 607 1002 663 fecerit
1045 605 1273 674 nuptias,
1301 610 1353 656 et
1391 600 1527 653 sicut
1547 591 1897 664 conjunction
1919 588 2048 654 Deo,

471 703 543 756 ita
575 700 861 756 divortium
903 712 936 752 a
971 697 1183 752 diabolo
1219 695 1306 751 sit.
1355 690 1460 747 Sed
1491 696 1770 760 propterea
1802 685 1854 738 in
1893 697 2052 736 causa

473 790 835 847 fornicationis
864 788 988 845 licet
1013 800 1234 842 uxorem
1261 783 1558 846 dimittere,
1609 778 1731 848 quia
1780 777 1892 844 ipsa
1933 787 2053 827 esse

475 901 607 940 uxor
632 884 774 954 prior
798 881 985 946 noluit,
1008 895 1124 951 quae
1167 878 1324 933 ﬁdem
1363 874 1692 945 conjugalem
1732 870 1922 924 marito
1947 881 2052 921 non

473 978 722 1032 servavit.
745 975 854 1030 Nec
870 973 973 1028 illa:
1000 987 1119 1043 qua:
1143 969 1496 1040 virginitatem
1520 967 1630 1021 Deo
1655 971 1866 1027 vovent,
1895 975 2054 1032 quan-

473 1085 628 1140 quam
657 1068 970 1140 ampliorem
995 1064 1214 1136 gradum
1244 1062 1460 1117 honoris
1475 1070 1528 1116 et
1549 1056 1842 1114 sanctitatis
1875 1055 1926 1109 in
1956 1055 2055 1109 Ec-

473 1162 632 1217 clesia
664 1167 895 1223 teneant,
909 1158 1026 1213 sine
1047 1155 1242 1226 nuptiis
1268 1165 1389 1209 sunt
1405 1170 1416 1204 :
1434 1167 1553 1206 nam
1567 1160 1619 1206 et
1635 1149 1764 1219 ipsa:
1790 1146 2055 1216 pertinent

474 1252 540 1305 ad
561 1250 771 1321 nuptias
793 1264 912 1304 cum
942 1257 1048 1304 tota
1074 1247 1330 1312 Ecclesia,
1361 1245 1412 1300 in
1443 1243 1634 1314 quibus
1661 1239 1856 1310 nuptiis
1891 1252 2055 1309 spon-

474 1357 564 1397 sus
589 1353 670 1397 est
690 1341 951 1396 Christus.
999 1341 1078 1394 Ac
1108 1353 1202 1408 per
1230 1336 1330 1392 hoc
1359 1350 1485 1406 ergo
1523 1333 1777 1388 Dominus
1806 1330 2056 1384 invitatus

477 1435 618 1489 venit
651 1435 715 1489 ad
761 1434 989 1504 nuptias,
1016 1440 1074 1486 ut
1101 1429 1390 1500 conjugalis
1420 1428 1634 1482 castitas
1663 1425 1980 1486 ﬁrmaretur,
2004 1428 2059 1475 et

475 1523 844 1580 ostenderetur
893 1529 1282 1581 sacramentum
1334 1519 1668 1589 nuptiarum:
1700 1517 1820 1586 quia
1859 1524 1912 1569 et
1942 1513 2058 1567 illa-

474 1633 596 1672 rum
622 1618 921 1687 nuptiarum
947 1629 1178 1685 sponsus
1203 1626 1482 1683 personam
1525 1609 1733 1664 Domini
1779 1605 2055 1676 ﬁgurabat,

475 1709 560 1764 cui
583 1709 788 1763 dictum
809 1716 910 1772 est,
939 1705 1166 1762 Servasti
1192 1705 1361 1759 uinum
1387 1704 1570 1757 bonum
1589 1716 1742 1770 usque
1755 1697 1940 1752 adhuc.
1967 1697 2060 1751 Bo-

477 1817 601 1854 num
629 1800 770 1855 enim
798 1800 976 1854 vinum
998 1796 1240 1853 Christus
1281 1794 1511 1851 servavit
1563 1806 1728 1860 usque
1767 1790 1960 1852 adhuc,
2009 1787 2057 1841 id

476 1900 577 1954 est,
611 1888 952 1960 Evangelium
973 1903 1149 1943 suum.

548 1983 601 2036 5.
632 1982 745 2037 Jam
774 1980 912 2036 enim
940 1981 1250 2050 incipiamus
1275 1978 1385 2048 ipsa
1411 1983 1860 2029 sacramentorum
1878 1977 2061 2040 Operta

478 2075 747 2142 detegere,
794 2081 1048 2142 quantum
1093 2070 1180 2124 ille
1209 2067 1372 2123 donat
1400 2067 1450 2120 in
1478 2065 1628 2134 cujus
1657 2062 1870 2118 nomine
1912 2061 2062 2115 vobis

479 2165 836 2235 promisimus.
863 2163 994 2218 Erat
1026 2161 1297 2234 pr0phetia
1320 2159 1551 2228 antiquis
1581 2155 1924 2226 temporibus,
1955 2164 2006 2208 et
2031 2169 2062 2207 a

481 2254 772 2325 prophetia:
797 2255 1191 2325 dispensatione
1219 2252 1361 2306 nulla
1401 2258 1638 2318 tempora
1679 2255 2018 2302 cessaverunt
2045 2261 2060 2298 :

478 2348 570 2401 sed
596 2348 680 2400 illa
701 2345 996 2416 prophetia,
1026 2345 1235 2414 quando
1261 2345 1312 2398 in
1341 2344 1427 2398 illa
1456 2341 1696 2396 Christus
1735 2355 1838 2394 non
1867 2338 2061 2392 intelli-

477 2439 718 2506 gebatur,
762 2454 897 2507 aqua
927 2438 1128 2493 erat.In
1159 2452 1292 2506 aqua
1316 2436 1456 2492 enim
1486 2436 1663 2488 vinum
1711 2432 2064 2503 quodammo-

478 2528 549 2582 do
589 2528 731 2582 latet.
789 2529 922 2583 Dicit
979 2529 1262 2598 Apostolus
1314 2526 1438 2596 quid
1484 2525 1838 2595 intelligamus
1873 2523 1925 2577 in
1966 2524 2064 2577 ista

477 2635 612 2689 aqua
639 2635 652 2672 :
693 2638 712 2672 ι
749 2619 926 2689 Usque
949 2619 1013 2674 ad
1047 2619 1380 2684 hodiernum,
1408 2617 1597 2688 inquit,
1621 2616 1784 2680 diem,
1815 2615 2064 2686 quamdiu

478 2711 670 2780 legitur
717 2712 946 2784 Moyses,
991 2712 1214 2782 idipsum
1267 2711 1506 2766 velamen
1549 2725 1709 2779 super
1749 2724 1843 2765 cor
1880 2723 2063 2764 eorum

477 2801 708 2873 positum
745 2812 853 2867 est;
903 2803 1045 2873 quod
1091 2818 1196 2856 non
1245 2803 1509 2857 revelatur
1539 2801 1578 2869 ί,
1608 2801 1729 2871 quia
1775 2802 1825 2855 in
1855 2799 2065 2856 Christo

479 2902 778 2948 evacuatur.
811 2895 1019 2950 Etcum
1049 2894 1322 2950 transieris
1347 2895 1392 2961 ’,
1423 2894 1621 2964 inquit,
1653 2893 1719 2948 ad
1761 2893 2061 2961 Dominum,

479 2985 748 3041 auferetur
775 2988 1014 3042 velamen
1044 3006 1061 3039 ι
1097 2986 1166 3058 (ll
1182 2989 1297 3043 Cor.
1324 3004 1400 3052 Ill,
1429 2986 1634 3060 14-16).
1659 2987 1912 3043 Velamen
1937 2988 2067 3042 dicit

482 3077 878 3147 adopertionem
910 3080 1217 3149 prophetiae,
1246 3090 1305 3135 ut
1326 3096 1429 3135 non
1461 3081 1864 3150 intelligeretur.
1898 3081 2065 3134 Tolli-

485 3175 569 3222 tur
592 3169 850 3234 velamen,
879 3185 998 3224 cum
1032 3171 1303 3226 transieris
1339 3171 1405 3226 ad
1441 3172 1721 3227 Dominum
1755 3191 1768 3226 :
1803 3173 1881 3228 sic
1925 3172 2064 3226 tolli-

485 3269 571 3314 tur
597 3259 918 3330 insipientia,
959 3276 1081 3316 cum
1118 3263 1389 3317 transieris
1419 3263 1484 3317 ad
1513 3263 1814 3329 Dominum,
1845 3273 1899 3319 et
1927 3262 2066 3333 quod

483 3365 617 3421 aqua
645 3359 778 3418 erat,
811 3352 986 3407 vinum
1018 3353 1110 3408 tibi
1153 3353 1229 3408 lit.
1262 3354 1401 3425 Lege
1425 3355 1588 3410 libros
1618 3371 1804 3412 omnes
1834 3356 2065 3425 pr0phe-

486 3441 638 3507 ticos,
679 3458 784 3497 non
817 3443 1086 3500 intellecto
1129 3445 1358 3510 Christo,
1395 3444 1523 3515 quid
1558 3429 1661 3499 tam
1694 3447 1974 3516 insipidum
2015 3455 2070 3500 et

485 3533 684 3587 fatuum
729 3535 1006 3591 invenies?
1052 3536 1291 3608 Intelligo
1330 3537 1399 3592 ibi
1427 3536 1717 3605 Christum,
1749 3553 1854 3592 non
1895 3537 2068 3591 solum

488 3627 775 3697 sapitquod
793 3628 946 3699 legis,
977 3630 1071 3684 sed
1110 3630 1269 3685 etiam
1309 3628 1565 3696 inebriat;
1597 3638 1806 3685 mutans
1837 3640 2069 3685 mentem

485 3732 513 3770 a
533 3733 776 3787 corpore,
794 3729 850 3774 ut
876 3721 1140 3790 praeterita
1161 3721 1500 3789 obliviscens,
1522 3722 1572 3776 in
1595 3738 1656 3778 ea
1673 3737 1789 3792 qua:
1809 3732 1931 3778 ante
1947 3730 2071 3777 sunt

485 3811 784 3866 (‘xtcntlat‘is
812 3810 1066 3883 (Philipp.
1099 3829 1173 3877 In,
1207 3811 1316 3885 1'5).

555 3899 607 3951 4.
642 3900 780 3968 Ergo
807 3902 1080 3971 prophetia
1120 3902 1188 3956 ab
1225 3905 1454 3973 antiquis
1493 3905 1837 3973 temporibus,
1871 3921 1934 3960 ex
1965 3920 2070 3975 quo

487 4005 703 4056 prorsus
723 3991 888 4044 currit
914 3992 1044 4045 ordo
1073 3994 1396 4047 nascentium
1421 3995 1472 4048 in
1503 4009 1697 4062 genere
1724 3995 1975 4061 humano,
2004 3995 2071 4049 de

486 4079 698 4134 Christo
722 4097 826 4136 non
851 4085 1010 4138 tacuit
1034 4100 1047 4136 :
1078 4085 1170 4138 sed
1192 4075 1454 4138 occultum
1473 4085 1544 4139 ibi
1561 4094 1705 4150 erat;
1726 4085 1899 4140 adhuc
1928 4086 2068 4140 enim

486 4177 602 4224 erat
629 4185 784 4240 aqua.
827 4172 978 4228 Unde
1001 4173 1289 4243 probamus
1311 4174 1455 4244 quod
1473 4175 1717 4230 omnibus
1749 4177 2074 4246 temporibus

488 4264 849 4332 superioribus
897 4280 1063 4336 usque
1109 4265 1174 4320 ad
1221 4275 1428 4320 aetatem
1475 4279 1576 4336 qua
1609 4268 1860 4323 Dominus
1901 4271 2076 4336 venit,

487 4353 766 4424 pr0phetia
778 4354 843 4410 de
857 4354 947 4410 illo
964 4371 1067 4410 non
1091 4355 1292 4411 defuit?
1309 4356 1428 4427 Ipso
1448 4358 1671 4413 Domino
1685 4359 1914 4415 dicente.
1937 4361 2071 4416 Cum

490 4445 634 4500 enim
661 4449 1042 4502 resurrexisset
1067 4462 1094 4500 a
1119 4447 1360 4514 mortuis,
1385 4448 1587 4504 invenit
1610 4450 1896 4520 discipulos
1922 4451 2074 4507 dubi-

489 4545 662 4590 tantes
687 4535 754 4591 de
773 4536 890 4607 ipso
917 4553 1073 4607 quem
1103 4538 1269 4592 secuti
1291 4546 1460 4594 erant.
1490 4539 1749 4597 Viderunt
1789 4543 1928 4596 enim
1950 4559 2070 4598 eum

488 4629 780 4693 ιιιοιδῐιιιιιιι,
807 4634 861 4682 et
888 4642 992 4681 non
1018 4639 1361 4697 speraverunt
1399 4639 1838 4699 resurrecturum,
1882 4641 1936 4688 et
1964 4641 2071 4686 ιοιει

488 4735 614 4789 spes
639 4737 822 4776 eorum
863 4720 1112 4776 concidit.
1157 4720 1308 4777 Unde
1345 4723 1434 4777 ille
1474 4723 1608 4777 latro
1648 4724 1908 4790 laudatus,
1958 4726 2072 4794 ipso

489 4811 577 4865 die
607 4811 800 4867 meruit
823 4826 940 4866 esse
962 4812 1012 4865 in
1040 4812 1322 4882 paradiso?
1356 4812 1489 4880 Quia
1513 4814 1564 4867 in
1591 4829 1749 4870 cruce
1781 4814 1916 4869 ﬁxus
1948 4824 2075 4871 tunc

491 4901 768 4958 confessus
785 4901 1143 4958 estChristum
1175 4904 1323 4974 (Luc.
1352 4921 1501 4972 χχιιι,
1531 4905 1740 4977 40-45),
1773 4909 1984 4977 quando
2005 4909 2071 4965 de

494 4993 583 5049 illo
597 4994 839 5066 discipuli
867 4995 1255 5052 dubitaverunt.
1273 4997 1413 5067 Ergo
1427 4998 1625 5052 invenit
1637 5013 1729 5053 eos
1744 5010 2007 5066 nutantes,
2023 5011 2074 5056 et

493 5084 884 5153 quodammodo
897 5098 1179 5158 arguentes
1203 5089 1405 5157 seipsos
1425 5090 1563 5159 quod
1587 5090 1636 5142 in
1656 5089 1746 5144 illo
1764 5091 2075 5161 redemptio-

496 5185 614 5229 nem
636 5186 994 5245 speraverant.
1028 5177 1284 5231 Dolebant
1309 5188 1481 5232 tamen
1510 5194 1628 5233 eum
1662 5179 1777 5233 sine
1803 5180 1955 5249 culpa
1979 5197 2073 5236 oc-

493 5264 684 5332 cisum,
705 5268 828 5335 quia
855 5274 1116 5322 noverant
1144 5267 1498 5322 innocentem.
1526 5269 1590 5323 Et
1611 5269 1711 5324 hoc
1733 5271 1834 5340 ipsi
1851 5281 1967 5341 post
1993 5289 2074 5327 re-

559 5441 574 5471 ²
600 5445 739 5506 ιον..
763 5452 888 5490 nunc
921 5441 1176 5492 revelatur.
1201 5449 1257 5492 At
1288 5443 1405 5506 editi
1425 5443 1502 5506 alii
1537 5452 1589 5495 et
1617 5452 1726 5495 Mss.
1751 5447 1954 5506 habent,
1983 5463 2076 5501 non

490 5497 777 5610 {45281331};
780 5515 878 5611 (pr:
900 5518 997 5566 quo
1019 5506 1143 5566 apud
1169 5505 1443 5568 Apostolum
1464 5504 1644 5569 legitur
1668 5509 1716 5556 in
1743 5509 1895 5572 V’ulg.,
1919 5497 2076 5562 manet

509 5575 520 5608 ξ
701 5575 727 5610 ι’
813 5577 828 5609 ι
884 5599 894 5610 .
919 5573 926 5580 ‘

509 5573 582 5610 san
620 5573 894 5610 revetatnm.
919 5573 926 5580 “

479 5647 482 5650 ~
555 5625 574 5695 ξ
604 5622 818 5695 vulgata,
844 5637 1094 5695 contyrsus
1118 5628 1277 5689 fuerit.
1305 5635 1360 5679 At
1381 5633 1670 5695 Augustinus
1691 5631 1882 5695 non_hic
1901 5632 2074 5694 solum,

491 5683 578 5755 sed
599 5683 744 5754 etiarn
766 5683 889 5755 libro
913 5685 972 5734 12
999 5683 1162 5738 contra
1194 5683 1571 5755 Faustumfcap.
1595 5691 1626 5740 4
1642 5727 1656 5752 ,
1683 5700 1735 5755 et
1755 5693 1868 5742 alibi
1890 5683 2075 5753 scribit,

494 5746 740 5818 tt'mtsier'is
766 5758 793 5818 ,ς
823 5746 946 5796 forte
982 5763 1193 5818 grzecum
1233 5746 1494 5814 epistreosé
1525 5746 1736 5817 sumpsit
1771 5755 2014 5818 interpres
2046 5746 2074 5807 ἁ

496 5807 643 5856 verbo
666 5808 845 5870 medio,
867 5807 1076 5859 secunda
1100 5807 1322 5875 persona.

1413 388 1476 442 IN
1515 379 1791 441 JOANNIS
1829 372 2292 439 EVANGELIUM,
2332 372 2390 428 S.
2430 370 2793 427 AUGUSTINI

3605 368 3742 426 i460

2159 489 2542 544 surrectionem
2569 489 2833 550 dixerunt,
2877 501 2998 539 cum
3033 485 3288 554 quosdam
3341 499 3526 540 eorum
3564 485 3743 540 tristes

2161 582 2448 635 invenisset
2476 581 2529 634 in
2567 580 2649 634 via
2679 593 2692 632 :
2727 598 2745 632 ι
2779 579 2859 632 Τιι
2883 578 3029 633 solus
3057 578 3410 648 peregrinaris
3440 579 3491 631 in
3519 577 3738 633 Jerusa-

2161 673 2284 740 lem,
2324 681 2378 727 et
2407 687 2512 727 non
2538 672 2829 742 cognovisti
2849 687 2967 740 quae
2993 671 3128 724 facta
3154 681 3275 724 sunt
3306 671 3358 724 in
3389 671 3475 726 illa
3493 671 3609 727 istis
3630 673 3748 728 die-

2158 764 2408 820 bus?er
2435 772 2607 819 autem
2635 763 2765 818 dixit
2789 763 2866 817 eis
2896 779 2908 815 :
2939 761 3100 828 Quae?
3125 761 3200 815 Illi
3232 771 3407 816 autem
3446 762 3697 817 dixerunt
3730 781 3742 816 :

2162 857 2234 910 De
2253 855 2379 911 Jesu
2405 855 2698 921 Nazareno,
2728 855 2814 924 qui
2841 852 2936 907 fuit
2956 853 3036 906 vir
3067 851 3341 921 propheta,
3369 863 3558 922 potens
3587 853 3640 906 in
3664 851 3746 906 fa-

2162 945 2258 1001 ctis
2283 955 2336 1000 et
2372 945 2528 1001 dictis
2553 945 2607 998 iu
2627 952 2912 1013 conspectu
2941 942 3034 996 Dei
3059 950 3113 996 et
3142 943 3369 996 universi
3393 943 3592 1012 populi,
3615 957 3748 1012 quo-

2161 1039 2318 1094 modo
2348 1039 2488 1093 hunc
2514 1038 2845 1093 tradiderunt
2884 1036 3188 1092 sacerdotes
3213 1045 3265 1091 et
3292 1037 3556 1108 principes
3578 1038 3748 1092 nostri

2161 1132 2214 1185 in
2239 1131 2632 1186 damnationem
2675 1130 2878 1194 mortis,
2911 1137 2962 1183 et
2998 1128 3141 1183 cruci
3183 1143 3304 1182 eum
3346 1128 3593 1182 ﬁxerunt.
3639 1128 3748 1183 Nos

2161 1233 2337 1280 autem
2384 1224 2750 1294 sperabamus,
2792 1223 2914 1292 quia
2944 1223 3058 1292 ipse
3097 1229 3212 1276 erat
3244 1221 3333 1290 qui
3375 1221 3750 1290 redempturus

2162 1323 2304 1370 esset
2351 1314 2542 1379 Israel;
2575 1324 2628 1369 et
2672 1329 2812 1368 nunc
2849 1313 3039 1368 tertius
3073 1312 3187 1368 dies
3225 1313 3396 1382 agitur
3428 1311 3653 1378 hodie‘,
3682 1328 3750 1366 ex

2162 1422 2266 1476 quo
2293 1406 2406 1460 ha'c
2432 1406 2564 1460 facta
2586 1413 2729 1459 sunt.
2745 1424 2762 1456 ι
2791 1404 2916 1458 11ωο
2933 1412 3090 1474 atque
3109 1404 3209 1456 alia
3227 1418 3346 1458 cum
3359 1403 3583 1458 dixisset
3613 1419 3754 1458 unus

2163 1513 2230 1552 ex
2256 1496 2462 1553 duobus
2486 1512 2622 1567 quos
2653 1495 2857 1550 invenit
2884 1495 2936 1548 in
2961 1495 3044 1548 via
3067 1505 3257 1550 euntes
3287 1494 3353 1547 ad
3395 1493 3752 1563 propinquum

2163 1589 2475 1654 castellum;
2499 1587 2770 1658 respondit
2800 1587 2913 1656 ipse
2935 1596 2989 1641 et
3013 1587 3087 1640 ait
3119 1602 3132 1639 :
3170 1604 3188 1636 ι
3226 1585 3539 1641 Oinsensati
3563 1595 3614 1640 et
3641 1594 3753 1640 tar-

2164 1677 2216 1731 di
2246 1677 2408 1732 corde
2434 1677 2499 1731 ad
2523 1676 2845 1732 credendum
2875 1690 3036 1745 super
3077 1675 3252 1728 omnia
3280 1690 3398 1744 quae
3440 1675 3600 1729 locuti
3628 1685 3756 1729 sunt

2164 1769 2444 1839 Pr0phctaa
2465 1769 2477 1822 Ξ
2514 1784 2690 1823 nonne
2707 1768 2821 1822 haec
2835 1767 3010 1821 omnia
3028 1766 3303 1835 oportebat
3329 1766 3436 1835 pati
3462 1765 3756 1830 Christum,

2165 1870 2220 1916 et
2267 1860 2488 1914 introire
2523 1859 2585 1927 ,in
2627 1859 2920 1914 claritatem
2957 1857 3144 1912 suam?
3187 1857 3252 1912 Et
3299 1857 3394 1910 fuit
3440 1857 3695 1926 incipiens
3723 1873 3757 1911 a

2167 1949 2350 2020 Moyse
2370 1959 2424 2004 et
2444 1949 2690 2006 omnibus
2719 1948 3022 2018 Prophetis,
3053 1949 3405 2018 interpretans
3431 1949 3536 2002 illis
3560 1949 3613 2003 in
3639 1963 3759 2003 om-

2167 2042 2321 2098 nibus
2344 2041 2654 2112 Scripturis,
2673 2057 2792 2112 qua:
2816 2040 2884 2096 de
2910 2041 3024 2110 ipso
3051 2050 3222 2096 erant.
3249 2059 3267 2092 ι
3303 2040 3434 2094 Item
3475 2039 3578 2094 alio
3613 2039 3761 2106 loco,

2169 2148 2292 2188 cum
2318 2134 2479 2188 etiam
2509 2133 2713 2204 palpari
2735 2147 2794 2188 se
2822 2133 3067 2187 manibus
3090 2131 3467 2201 discipulorum
3494 2131 3678 2198 voluit,
3699 2140 3765 2187 ut

2166 2225 2450 2282 crederent
2476 2227 2612 2297 ,quia
2650 2227 2703 2281 in
2745 2240 2970 2295 corpore
3012 2234 3374 2279 resurrexerat
3405 2241 3417 2276 ε
3456 2243 3474 2276 ‹
3506 2223 3569 2278 Hi
3610 2236 3766 2291 sunt,

2175 2318 2360 2389 inquit,
2388 2333 2686 2385 sermones,
2703 2334 2834 2389 quos
2848 2319 3053 2373 locutus
3067 2331 3184 2372 sum
3213 2316 3279 2371 ad
3303 2331 3419 2384 vos,
3446 2332 3565 2372 eum
3587 2317 3774 2373 adhuc

2167 2424 2342 2465 essem
2370 2409 2649 2465 vobiscum
2674 2452 2690 2477 ,
2739 2409 2859 2480 quia
2899 2417 3168 2479 oporteret
3210 2408 3418 2478 impleri
3438 2408 3611 2463 omnia
3641 2424 3772 2478 qua:

2167 2502 2361 2572 scripta
2395 2513 2517 2557 sunt
2551 2503 2604 2558 in
2644 2503 2786 2574 Lege
2812 2502 3001 2573 Moysi,
3029 2511 3083 2558 et
3112 2500 3412 2571 Prophetis,
3453 2513 3508 2557 et
3537 2502 3779 2558 Psalmis.

2167 2594 2358 2650 deme.
2410 2595 2560 2652 Tunc
2601 2595 2880 2666 adaperuit
2908 2595 3013 2650 illis
3049 2609 3288 2662 sensum,
3327 2603 3384 2649 ut
3409 2594 3774 2665 intelligerent

2167 2686 2487 2758 Scripturas,
2513 2698 2569 2745 et
2617 2688 2749 2743 dixit
2767 2687 2874 2744 illis
2911 2686 3080 2754 :Quia
3118 2687 3194 2742 sic
3219 2687 3474 2757 scriptum
3499 2695 3582 2742 est
3607 2729 3622 2753 ,
3656 2688 3779 2756 pati

2167 2780 2434 2836 Christum
2455 2784 2494 2848 ³,
2515 2791 2568 2838 et
2588 2797 2866 2853 resurgere
2887 2797 2918 2836 a
2933 2781 3156 2836 mortuis
3183 2781 3334 2836 tertia
3358 2780 3465 2844 die,
3489 2790 3543 2836 et
3566 2780 3776 2852 ιιι-ειεόί-

2167 2867 2276 2921 cari
2297 2868 2353 2921 in
2390 2866 2606 2922 nomine
2633 2867 2748 2937 ejus
2773 2866 3140 2936 paenitentiam
3168 2875 3222 2921 et
3251 2864 3618 2920 remissionem
3643 2879 3779 2934 pec-

2168 2967 2405 3014 catorum
2435 2960 2490 3014 in
2513 2973 2699 3014 omnes
2727 2967 2934 3029 gentes,
2958 2957 3214 3027 incipiens
3231 2957 3299 3011 ab
3321 2955 3627 3011 Jerusalem.
3668 2975 3689 3007 ι

2239 3051 2294 3104 5.
2321 3050 2414 3105 llis
2434 3064 2497 3105 ex
2522 3049 2827 3120 Evangelio,
2849 3064 2966 3118 quae
2986 3057 3132 3104 certe
3149 3046 3426 3103 manifesta
3438 3056 3580 3114 sunt,
3610 3048 3781 3103 intel-

2170 3140 2342 3207 lectis,
2366 3140 2715 3210 patebuntilla
2736 3139 2914 3196 omnia
2940 3140 3193 3211 mysteria
3211 3155 3328 3210 quae
3347 3140 3397 3194 in
3414 3139 3516 3194 isto
3541 3138 3783 3194 miracu-

2171 3230 2222 3284 lo
2244 3230 2453 3284 Domini
2473 3230 2657 3284 latent.
2675 3229 2863 3285 Videte
2880 3229 3004 3300 quid
3021 3229 3113 3295 ait,
3134 3229 3255 3299 quia
3279 3229 3557 3299 oportebat
3577 3229 3782 3298 imple-

2171 3321 2216 3374 ri
2245 3322 2296 3374 in
2327 3320 2542 3376 Christo
2558 3335 2677 3391 quae
2692 3320 2760 3376 de
2782 3320 2874 3375 illo
2895 3319 3090 3390 scripta
3117 3329 3258 3374 sunt.
3283 3319 3382 3375 Ubi
3407 3319 3598 3389 scripta
3611 3321 3784 3376 sunt!

2171 3411 2239 3467 1η
2258 3411 2410 3484 Lege,
2438 3412 2628 3484 inquit,
2655 3421 2700 3467 et
2730 3411 3014 3482 Prophetis,
3040 3422 3086 3466 et
3106 3410 3344 3466 Psalmis.
3363 3410 3503 3465 Nihil
3532 3411 3784 3480 Scriptu-

2171 3519 2348 3558 rarum
2371 3512 2606 3558 veterum
2633 3503 2991 3573 praetermisit.
3012 3502 3104 3557 Illa
3135 3511 3250 3558 erat
3274 3517 3439 3572 aqua;
3467 3510 3521 3557 et
3546 3502 3666 3558 ideo
3682 3503 3782 3558 di-

2172 3596 2243 3652 cti
2273 3604 2397 3651 sunt
2424 3595 2497 3650 illi
2525 3611 2555 3650 a
2587 3595 2812 3650 Domino
2842 3594 3118 3661 insensati,
3167 3595 3290 3665 quia
3318 3594 3399 3649 eis
3432 3593 3605 3649 adhuc
3633 3609 3784 3664 aqua

2171 3689 2442 3760 sapiebat,
2489 3704 2594 3744 non
2624 3689 2824 3742 vinum.
2866 3687 3143 3754 Quomodo
3171 3694 3349 3742 autem
3386 3685 3510 3741 fecit
3537 3686 3603 3742 de
3629 3702 3785 3757 aqua

2171 3782 2388 3838 vinum?
2412 3781 2545 3837 Cum
2575 3781 2782 3850 aperuit
2815 3780 2894 3836 eis
2920 3795 3158 3846 sensum,
3180 3788 3234 3835 et
3253 3780 3496 3849 exposuit
3516 3781 3594 3833 eis
3619 3778 3788 3835 Scri-

2173 3881 2375 3942 pturas,
2395 3873 2651 3941 incipiens
2675 3886 2705 3926 a
2734 3871 2913 3942 Moyse
2934 3886 3029 3941 per
3062 3886 3247 3926 omnes
3274 3869 3584 3940 Prophetas.
3617 3871 3789 3928 Unde

2167 3966 2279 4036 jam
2307 3965 2549 4020 inebriati
2572 3963 2839 4028 dicebant,
2875 3962 3060 4017 Nonne
3084 3979 3172 4017 cor
3196 3971 3420 4017 nostrum
3445 3971 3551 4017 erat
3577 3963 3778 4018 ardens

2173 4056 2228 4110 in
2251 4058 2350 4122 via,
2366 4073 2479 4110 cum
2508 4056 2724 4125 aperiret
2740 4055 2879 4109 nobis
2893 4055 3187 4124 Scriptura;
3211 4053 3364 4125 (Luc.
3383 4069 3534 4119 xXIv,
3557 4055 3785 4125 I547)?

2174 4147 2230 4202 In
2239 4147 2560 4202 tellexerunt
2572 4146 2712 4201 enim
2729 4145 2999 4200 Christum
3021 4145 3074 4199 in
3093 4145 3173 4199 his
3192 4144 3363 4200 Libris
3375 4144 3427 4198 in
3441 4145 3634 4214 quibus
3651 4161 3786 4199 eum

2174 4252 2281 4292 non
2309 4245 2582 4292 noverant.
2613 4236 2830 4292 Mutavit
2851 4250 2982 4306 ergo
3002 4251 3193 4306 aquam
3225 4235 3277 4289 in
3309 4235 3489 4290 vinum
3519 4235 3788 4291 Dominus

2175 4339 2356 4384 noster
2370 4328 2523 4384 Iesus
2549 4327 2813 4394 Christus,
2832 4337 2886 4382 et
2912 4327 3052 4397 sapit
3081 4327 3222 4396 quod
3251 4341 3358 4381 non
3401 4326 3666 4396 sapiebat,
3693 4328 3787 4382 in-

2175 4420 2344 4475 ebriat
2355 4419 2495 4491 quod
2509 4435 2614 4474 non
2627 4418 2939 4474 inebriabat.
2957 4417 3012 4474 Si
3030 4419 3427 4488 enimjussisset
3442 4418 3564 4474 inde
3581 4434 3789 4490 aquam

2175 4511 2394 4578 effundi,
2419 4520 2472 4567 et
2492 4511 2696 4580 sicipse
2721 4511 2953 4566 mitteret
2973 4509 3154 4564 vinum
3183 4525 3246 4564 ex
3265 4509 3488 4564 occultis
3511 4519 3788 4567 creatura:

2176 4603 2398 4667 sinibus,
2415 4603 2552 4658 unde
2565 4603 2689 4658 fecit
2707 4611 2762 4657 et
2780 4617 2969 4673 panem
2981 4601 3194 4672 quando
3213 4603 3468 4657 saturavit
3485 4603 3751 4659 totmillia
3769 4623 3788 4659 :

2177 4709 2281 4748 non
2327 4695 2468 4750 enim
2520 4695 2751 4764 quinque
2783 4708 2948 4764 panes
2966 4693 3234 4750 habebant
3269 4695 3502 4765 quinque
3547 4697 3788 4754 millium

2178 4784 2452 4840 hominum
2494 4785 2850 4849 saturitatem,
2882 4794 2973 4839 aut
3000 4787 3186 4840 saltem
3210 4785 3492 4841 duodecim
3513 4788 3792 4857 cophinos

2178 4875 2363 4946 plenos
2391 4874 2603 4948 (Matth.
2631 4891 2742 4943 xiv,
2771 4875 2984 4945 17-21),
3014 4875 3107 4930 sed
3149 4876 3530 4946 omnipotentia
3562 4879 3792 4935 Domini

2179 4967 2331 5035 quasi
2377 4966 2495 5020 fons
2532 4967 2682 5036 panis
2703 4975 2853 5032 erat;
2882 4967 2958 5021 sic
2973 4976 3153 5037 posset
3173 4976 3226 5022 et
3246 4967 3410 5022 ellusa
3437 4984 3571 5038 aqua
3591 4970 3792 5027 vinum

2178 5055 2454 5111 infundere
2483 5073 2494 5108 :
2528 5055 2666 5126 quod
2694 5056 2738 5111 si
2776 5055 3014 5123 fecisset,
3046 5056 3314 5113 videretur
3337 5057 3638 5127 Scripturas
3679 5077 3792 5116 ve-

2179 5156 2320 5202 teres
2349 5148 2699 5217 improbasse.
2729 5147 2862 5204 Cum
2888 5156 3066 5203 autem
3094 5149 3265 5218 ipsam
3293 5165 3480 5218 aquam
3507 5153 3795 5208 convertit

2179 5238 2232 5292 in
2262 5238 2460 5304 vinum,
2496 5238 2726 5293 ostendit
2769 5238 2924 5293 nobis
2956 5239 3096 5308 quod
3119 5247 3172 5294 et
3211 5238 3481 5311 Scriptura
3511 5249 3663 5296 vetus
3713 5245 3798 5299 ab

2180 5329 2296 5400 ipso
2325 5335 2407 5383 est
2439 5346 2451 5384 :
2485 5344 2606 5383 nam
2629 5329 2779 5400 jussu
2807 5329 2972 5399 ipsius
3023 5329 3256 5399 impleta:
3299 5339 3423 5385 sunt
3473 5330 3702 5402 hydrice.
3742 5337 3792 5387 A

2183 5421 2407 5476 Domino
2435 5421 2646 5492 quidem
2676 5431 2730 5476 et
2761 5422 2846 5476 illa
2884 5422 3183 5492 Scriptura;
3213 5424 3306 5479 sed
3356 5423 3483 5478 nihil
3522 5425 3683 5495 sapit,
3739 5429 3796 5483 si

2244 5577 2389 5650 *‘h‘tss.
2412 5575 2594 5636 plures,
2623 5575 2812 5650 tertiam
2840 5575 2966 5626 diem
2988 5577 3086 5640 agit
3102 5576 3242 5628 Itodte
3266 5579 3428 5640 :juxta
3442 5591 3573 5641 graec
3596 5613 3611 5638 ,
3629 5577 3802 5632 trilén

2181 5643 2341 5686 tamen
2363 5643 2555 5686 émeran
2581 5643 2688 5700 aget
2709 5643 2944 5700 sem-erait.

2243 5701 2262 5728 ι
2287 5699 2530 5763 [πιμεόπ
2559 5707 2674 5747 Ven.
2689 5707 2817 5763 Lov.:
2844 5699 2962 5759 Quia
2982 5713 3052 5750 sic
3075 5706 3305 5763 scriptum
3326 5708 3410 5760 est,
3433 5707 3479 5763 et
3499 5699 3569 5752 sic
3590 5709 3800 5763 oporte-

2181 5761 2256 5828 bat
2281 5757 2380 5828 pati.
2403 5757 2661 5809 ('ftristum.
2695 5762 2840 5813 Abest
2859 5757 2901 5810 ia
2939 5770 3042 5811 Mss.
3064 5797 3078 5821 ,
3103 5771 3148 5813 et
3169 5757 3239 5814 sic
3262 5757 3502 5827 oportebat
3521 5797 3536 5823 ,
3573 5757 3628 5812 ω’
3657 5772 3795 5816 ων.

2180 5819 2581 5873 atmnadvertunt.
2647 5828 2704 5872 tt.
