4074 6468
316 360 440 417 HS!

314 493 417 529 tum
448 473 517 527 ibi
538 470 782 527 Christus
804 468 1144 539 intelligatur.

382 568 437 621 6.
471 565 735 621 lntendite
759 572 935 619 autem
962 562 1105 633 quod
1153 561 1267 630 ipse
1293 560 1385 626 ait,
1421 558 1546 623 Qua:
1570 559 1757 626 scripta
1792 565 1905 610 sunt

309 676 359 710 m
411 656 559 726 Lege.
607 666 654 710 et
695 653 989 725 Prophetis,
1038 663 1083 707 et
1139 650 1360 705 Psalmis
1402 648 1465 705 de
1510 667 1607 704 me.
1652 650 1905 703 Novilnus

308 759 488 803 autem
520 748 716 818 Legem
744 763 811 803 ex
839 747 1031 816 quibus
1056 745 1382 817 temporibus
1413 752 1609 807 narret,
1634 743 1683 797 id
1713 753 1813 808 est,
1837 743 1905 797 ab

307 838 532 893 exordio
554 837 736 892 mundi
765 855 778 893 :
810 834 876 892 In
900 838 1147 907 principio
1168 836 1285 908 fecit
1304 836 1442 890 Deus
1461 834 1640 889 cazlum
1657 844 1702 889 et
1722 845 1904 888 terram

306 931 459 1003 (Gen.
491 947 531 996 ι,
558 929 635 1001 1).
678 929 804 985 Inde
842 945 1008 1000 usque
1032 928 1097 983 ad
1126 928 1228 985 hoc
1249 937 1454 999 tempus
1475 928 1613 998 quod
1634 943 1771 983 nunc
1796 928 1905 998 agi-

306 1039 447 1087 mus,
497 1033 648 1078 sexta
675 1031 803 1077 mtas
825 1031 929 1087 est,
957 1030 1014 1077 ut
1042 1036 1184 1092 saepe
1213 1020 1433 1075 audistis
1464 1030 1514 1075 et
1539 1021 1725 1076 nostis.
1772 1019 1903 1074 Nam

305 1118 477 1187 prima
524 1126 654 1170 tetas
692 1123 1029 1185 computatur
1055 1115 1121 1168 ab
1149 1114 1315 1168 Adam
1347 1130 1513 1185 usque
1542 1114 1607 1168 ad
1633 1114 1745 1169 Noe
1770 1132 1782 1167 :
1817 1130 1901 1168 sc-

305 1206 481 1261 cunda
510 1222 537 1259 a
564 1206 677 1261 Noe
715 1221 881 1276 usque
926 1206 993 1261 ad
1024 1204 1291 1261 Abraham
1323 1223 1336 1261 :
1364 1214 1416 1259 et
1455 1206 1589 1260 sicut
1629 1205 1904 1260 Matthaeus

308 1300 649 1369 Evangelista
690 1314 784 1369 per
807 1299 1049 1353 ordinem
1079 1298 1318 1367 sequitur
1343 1305 1395 1351 et
1420 1296 1715 1367 distinguit,
1749 1298 1902 1351 tertia

303 1390 369 1444 ab
410 1389 677 1444 Abraham
719 1405 887 1459 usque
922 1388 987 1442 ad
1018 1387 1179 1443 David
1209 1405 1221 1440 :
1254 1394 1439 1457 quarta
1478 1403 1507 1442 a
1530 1387 1692 1442 David
1737 1403 1903 1457 usque

303 1479 370 1533 ad
407 1481 926 1549 transmigrationcm
967 1479 1019 1533 in
1051 1478 1391 1550 Babyloniam
1422 1496 1435 1531 :
1467 1481 1645 1549 quinta
1676 1495 1702 1531 a
1734 1487 1905 1533 trans-

304 1571 623 1641 migratione
654 1572 706 1625 in
744 1571 1090 1643 Babyloniam
1137 1586 1303 1641 usque
1331 1571 1396 1625 ad
1431 1569 1687 1627 Joannem
1719 1571 1899 1641 Bapti-

301 1673 438 1716 stam
470 1660 684 1733 (Matth.
710 1679 743 1729 I,
774 1660 864 1735 l7)
907 1682 919 1716 :
950 1673 1104 1719 sexta
1149 1662 1271 1717 inde
1299 1677 1461 1732 usque
1495 1663 1560 1717 ad
1610 1663 1767 1718 tinem
1798 1680 1901 1718 sa:-

300 1751 428 1806 culi.
462 1752 755 1821 Propterea
786 1762 838 1807 et
868 1762 1013 1807 sexta
1056 1754 1143 1807 die
1188 1753 1308 1807 fecit
1342 1754 1481 1807 Deus
1522 1754 1788 1807 [nominem
1833 1754 1899 1809 ad

302 1844 589 1915 imaginem
620 1861 768 1899 suam
802 1844 971 1919 (Gen.
1004 1863 1041 1908 ι,
1071 1845 1184 1917 27)
1217 1863 1229 1898 :
1260 1848 1379 1915 quia
1421 1856 1571 1902 sexta
1606 1847 1705 1901 ista
1745 1846 1900 1902 mtatc

300 1936 675 1994 manifestatur
709 1954 803 2008 per
840 1939 1181 2009 Evangelinm
1226 1938 1532 1993 reformatio
1578 1939 1772 1994 mentis
1800 1956 1898 1993 no-

298 2038 445 2091 stne,
474 2029 765 2083 secundum
790 2030 1069 2099 imaginem
1089 2029 1204 2100 ejus
1226 2030 1314 2101 qui
1342 2031 1541 2086 creavit
1561 2047 1657 2087 nos
1680 2030 1894 2102 (Coloss.

297 2134 374 2183 ut,
411 2119 530 2187 l0);
563 2128 618 2174 et
640 2122 968 2175 convertitur
992 2137 1128 2191 aqua
1156 2121 1208 2176 in
1238 2122 1448 2187 vinum,
1492 2132 1547 2178 ut
1590 2124 1699 2193 jam
1732 2124 1897 2178 mani-

298 2211 548 2267 fcstatum
604 2212 877 2269 Christum
920 2215 970 2268 in
1022 2215 1161 2286 Lege
1195 2225 1248 2271 ct
1278 2215 1558 2286 Prophetis
1606 2217 1892 2286 sapiamus.

297 2305 422 2360 Ideo
449 2318 595 2360 erant
633 2308 701 2361 ibi
738 2324 828 2362 sea:
853 2308 1077 2378 hydriaz,
1132 2324 1265 2378 quas
1306 2309 1462 2377 jussit
1503 2310 1708 2381 impleri
1737 2326 1891 2380 aqua.

294 2398 400 2453 Sex
431 2414 561 2468 ergo
593 2399 694 2453 illce
722 2399 946 2471 hydri-ae,
989 2414 1081 2454 sex
1125 2408 1311 2454 :etatcs
1346 2400 1663 2471 signiﬁcant,
1705 2402 1895 2470 quibus

295 2504 401 2541 non
423 2488 591 2543 defuit
622 2489 919 2558 prophetia.
953 2490 1043 2543 llla
1070 2504 1197 2559 ergo
1226 2498 1462 2560 tempora
1492 2506 1606 2557 sex,
1630 2491 1775 2559 quasi
1804 2506 1891 2545 ar-

293 2582 470 2637 ticulis
491 2582 771 2637 distributa
793 2591 952 2653 atque
970 2582 1237 2649 distincta,
1265 2583 1413 2652 quasi
1436 2598 1556 2636 vasa
1581 2592 1759 2638 essent
1781 2584 1892 2637 ina—

298 2673 408 2735 nia,
453 2672 555 2726 nisi
586 2688 615 2726 a
644 2672 857 2728 Christo
884 2673 1249 2742 implerentur.
1283 2674 1418 2739 Quid
1461 2674 1604 2737 dixi,
1654 2683 1890 2743 tempora

288 2778 412 2831 quze
435 2764 665 2818 inaniter
682 2772 977 2831 currerent,
1003 2764 1102 2818 nisi
1128 2764 1178 2817 in
1206 2764 1282 2818 eis
1308 2764 1557 2819 Dominus
1582 2764 1736 2820 Jesus
1751 2780 1889 2834 prre-

290 2856 596 2910 dicaretnr?
623 2854 859 2926 lmpleta:
899 2865 1023 2911 sunt
1057 2856 1364 2926 pr0phetia3,
1410 2857 1582 2927 plena:
1624 2865 1747 2910 sunt
1789 2855 1887 2926 hy-

286 2946 424 3001 drize
457 2966 471 3000 :
500 2946 595 3001 sed
623 2956 679 3002 ut
716 2963 850 3017 aqua
880 2948 931 3002 in
960 2948 1139 3002 vinum
1180 2958 1538 3015 convertatur,
1577 2949 1627 3002 in
1658 2949 1744 3003 illa
1783 2957 1887 3004 tota

294 3039 575 3107 prophetia
597 3039 838 3094 Christus
870 3039 1211 3110 intelligatur.
1582 3102 1585 3105 .

365 3133 420 3187 7.
448 3132 587 3200 Quid
617 3143 694 3186 est
721 3148 870 3203 ergo,
912 3131 1187 3204 Capiebant
1214 3140 1447 3187 metretas
1498 3133 1639 3188 binas
1679 3133 1755 3187 vel
1788 3141 1889 3187 ter-

288 3241 383 3277 nas
398 3227 423 3255 ’⁸
443 3223 747 3294 Mysterium
763 3223 919 3278 nobis
942 3224 1171 3280 maxime
1189 3224 1287 3280 ista
1317 3222 1509 3280 locutio
1525 3225 1883 3282 commendat.

290 3315 543 3370 Iletretas
582 3315 721 3369 enim
748 3315 875 3369 dicit
906 3331 1186 3371 mensuras
1219 3316 1496 3385 quasdam,
1545 3325 1792 3387 tanquam
1840 3318 1887 3372 si

288 3404 495 3460 diceret
522 3420 704 3473 urnas,
734 3405 1041 3475 amphoras,
1069 3407 1154 3461 vel
1182 3408 1226 3461 si
1250 3408 1376 3478 quid
1404 3407 1728 3476 hujusmodi.
1776 3407 1885 3463 No-

287 3513 415 3553 tnen
440 3513 702 3553 mensura:
719 3507 802 3553 85f.
822 3508 1063 3561 metreta,
1080 3506 1134 3554 et
1157 3514 1186 3553 a
1209 3514 1456 3553 mensura
1477 3502 1885 3569 accepitnomen

292 3590 391 3642 ista
422 3605 693 3644 mensura.
722 3598 917 3661 Μέτρςν
942 3592 1084 3645 enim
1115 3606 1419 3645 mensuram
1450 3592 1633 3647 dicunt
1666 3593 1837 3647 δι’ωεὶ
1869 3610 1882 3647 :

291 3680 415 3736 inde
445 3680 724 3751 appellata?
748 3689 1008 3735 metrettc.
1030 3680 1302 3751 Capiebant
1324 3699 1443 3752 ergo
1488 3692 1716 3736 metretas
1744 3682 1886 3738 binas

287 3772 364 3826 vel
389 3782 581 3826 ternas.
609 3772 745 3840 Quid
770 3772 1019 3839 dicimus,
1050 3773 1273 3843 fratres?
1295 3773 1349 3828 Si
1378 3782 1556 3828 ternas
1582 3782 1782 3828 tantum
1812 3774 1887 3828 di-

287 3873 455 3929 ceret,
487 3881 598 3920 non
624 3876 863 3920 curreret
891 3865 1099 3920 animus
1134 3873 1316 3919 noster
1338 3864 1437 3918 nisi
1464 3864 1530 3919 ad
1576 3866 1883 3936 mysterium

290 3957 586 4011 Trinitatis.
646 3957 749 4013 Sed
787 3958 921 4012 forte
964 3971 1063 4011 nec
1092 3957 1170 4011 sic
1194 3956 1449 4012 debemus
1476 3955 1597 4009 inde
1624 3957 1728 4010 cito
1774 3956 1881 4027 jam

287 4063 507 4103 sensum
536 4058 799 4113 avertere,
827 4050 950 4118 quia
975 4047 1106 4102 dixit
1134 4047 1275 4100 binas
1302 4046 1378 4101 vel
1406 4056 1571 4100 ternas
1596 4064 1614 4101 :
1639 4049 1761 4116 quia
1790 4062 1884 4102 no-

290 4141 495 4194 minato
518 4140 676 4194 Patre
702 4149 757 4194 et
788 4139 944 4205 Filio,
989 4146 1383 4207 consequenter
1404 4146 1457 4192 et
1486 4138 1712 4206 Spiritus
1757 4153 1882 4192 san-

287 4238 407 4284 ctus
436 4230 814 4301 intelligendus
852 4239 954 4286 est.
986 4230 1213 4299 Spiritus
1243 4230 1385 4283 enim
1426 4237 1640 4283 sanctus
1671 4244 1774 4283 non
1802 4238 1885 4285 est

292 4320 467 4376 Patris
506 4321 897 4387 tantummodo,
924 4330 1013 4375 aut
1044 4320 1161 4374 Filii
1210 4319 1577 4374 tantummodo
1617 4319 1879 4390 Spiritus;

289 4412 381 4468 sed
410 4412 584 4467 Patris
599 4422 652 4467 et
680 4412 799 4466 Filii
828 4411 1074 4481 Spiritus.
1099 4410 1365 4480 Scriptum
1392 4418 1473 4465 est
1497 4410 1661 4474 enim,
1686 4409 1747 4465 Si
1775 4410 1884 4479 quis

289 4503 523 4557 dilexerit
542 4502 808 4569 mundum,
826 4519 927 4556 non
944 4510 1015 4556 est
1034 4502 1256 4571 Spiritus
1270 4502 1285 4531 ¹
1301 4500 1475 4555 Patris
1492 4501 1543 4554 in
1560 4500 1649 4554 illo
1670 4499 1880 4571 (lloan.

291 4611 350 4660 ιι,
382 4594 473 4667 15)
504 4613 517 4649 :
554 4596 680 4650 item
711 4596 964 4665 scriptum
994 4604 1097 4660 est,
1146 4593 1385 4664 Quisquis
1433 4604 1602 4647 autem
1633 4593 1880 4665 Spiritum

287 4686 476 4741 Christi
504 4704 607 4740 non
627 4687 792 4752 habet,
815 4687 897 4741 hic
923 4703 1023 4740 non
1058 4695 1128 4740 est
1154 4686 1261 4757 ejus
1291 4684 1463 4755 (Rom.
1494 4701 1601 4749 vni,
1633 4685 1711 4755 9).
1742 4684 1881 4741 Idem

290 4786 465 4832 autem
498 4778 729 4847 Spiritus
755 4777 927 4832 Patris
955 4786 1009 4832 et
1038 4776 1180 4831 Filii.
1210 4775 1493 4831 Nominato
1520 4777 1698 4846 itaque
1727 4777 1882 4832 Patre

293 4879 347 4924 et
372 4868 533 4936 Filio,
558 4868 869 4940 intelligitur
896 4878 948 4924 et
973 4868 1201 4938 Spiritus
1228 4876 1474 4934 sanctus;
1506 4871 1626 4938 quia
1656 4870 1883 4939 Spiritus

289 4971 373 5016 est
402 4962 576 5015 Patris
601 4972 654 5017 et
680 4962 819 5017 Filii.
846 4960 979 5018 Cum
1009 4970 1186 5018 autem
1210 4961 1516 5016 nominatur
1545 4963 1702 5018 Pater
1729 4972 1783 5018 et
1808 4964 1884 5018 Fi-

289 5055 413 5121 lius,
465 5064 716 5125 tanquam
742 5056 860 5111 dua:
882 5064 1123 5112 metretas
1154 5054 1493 5110 nominantur
1517 5098 1531 5112 .
1559 5072 1679 5110 cum
1707 5066 1882 5111 autem

293 5146 364 5201 ibi
388 5144 699 5215 intelligitur
715 5145 943 5216 Spiritus
963 5156 1197 5215 sanctus,
1223 5156 1329 5202 tres
1349 5156 1604 5202 metretm.
1637 5148 1760 5202 Ideo
1778 5164 1884 5203 non

293 5237 496 5293 dictum
516 5248 619 5307 est,
646 5241 917 5309 capientes
936 5249 1188 5295 metretas
1208 5240 1324 5294 alia:
1340 5239 1513 5305 binas,
1533 5241 1649 5295 alia:
1667 5249 1843 5295 ternas
1868 5258 1882 5294 :

297 5330 393 5385 sed
415 5331 544 5401 ipsa:
566 5346 657 5387 sex
686 5330 888 5403 hydria:
912 5331 1173 5403 capiebant
1197 5340 1431 5386 metretas
1447 5332 1587 5386 binas
1602 5333 1678 5387 vel
1693 5340 1880 5386 ternas.

292 5420 571 5492 Tanquam
600 5422 821 5487 diceret,
855 5423 921 5476 Et
943 5422 1154 5493 quando
1177 5422 1297 5477 dico
1326 5422 1500 5488 binas,
1532 5422 1689 5476 etiam
1713 5422 1883 5491 Spiri—

293 5523 406 5567 tum
432 5514 610 5569 Patris
628 5523 683 5569 et
709 5513 829 5569 Filii
874 5529 996 5569 cum
1040 5513 1125 5568 his
1154 5514 1374 5583 intelligi
1397 5513 1515 5568 volo
1548 5530 1561 5567 :
1594 5522 1648 5568 et
1676 5514 1884 5583 quando

289 5607 414 5661 dico
440 5614 642 5675 ternas,
665 5606 832 5677 ipsam
861 5604 1172 5662 Trinitatem
1195 5604 1529 5662 manifestius
1547 5610 1783 5662 enuntio.

290 5740 472 5851 mm
493 5753 666 5795 omnes
686 5740 897 5794 codices.
929 5748 983 5796 At
1016 5738 1238 5808 Vulgata,
1268 5740 1478 5794 Charitas
1509 5754 1525 5793 :
1549 5743 1884 5795 consentiente

1551 342 1959 402 TRACTATUS
2000 342 2087 398 IX.
2128 342 2353 401 CAPUT
2394 345 2455 399 ll.

3461 358 3605 415 1162

2086 459 2139 514 8.
2163 459 2410 530 Quisquis
2433 461 2611 532 itaque
2632 463 2865 519 nominat
2887 465 3096 522 Patrem
3120 477 3170 523 et
3196 467 3408 537 Filium,
3436 488 3593 542 Opor-

2015 556 2090 602 tet
2130 548 2196 603 ibi
2228 550 2481 621 intelligat
2524 562 2771 623 tanquam
2810 554 3122 612 charitatem
3159 559 3386 615 invicem
3419 562 3589 617 Patris

2013 652 2065 695 et
2097 640 2234 706 Filii,
2263 644 2403 712 quod
2428 653 2509 700 est
2529 645 2755 716 Spiritus
2779 658 3010 704 sanctus.
3034 648 3296 707 Fortassis
3320 656 3460 707 enim
3484 654 3594 709 dis-

2012 747 2182 787 cussa:
2212 733 2501 804 Scriptura:
2534 754 2549 792 :
2576 739 2716 809 quod
2747 754 2851 794 non
2879 742 2955 796 sic
2985 741 3122 809 dico,
3147 752 3203 798 ut
3224 744 3379 799 hodie
3406 746 3597 803 docere

2013 825 2210 895 possim
2237 866 2251 891 ,
2282 836 2371 881 aut
2395 830 2541 897 quasi
2570 830 2711 885 aliud
2755 832 2979 888 inveniri
3009 849 3114 888 non
3145 837 3316 905 possit
3347 855 3359 891 :
3395 838 3488 893 sed
3521 848 3594 893 ta-

2016 931 2137 971 men
2170 917 2394 974 fortasse
2416 930 2662 976 scrutata:
2689 922 2976 994 Scriptura:
3001 926 3235 982 indicant
3264 929 3401 1001 quod
3430 931 3591 1001 Spiri-

2018 1015 2103 1063 tus
2141 1017 2358 1064 sanctus
2402 1010 2635 1067 Charitas
2678 1023 2775 1068 est.
2822 1014 2887 1069 Et
2931 1030 2999 1073 ne
3037 1018 3231 1087 putetis
3276 1020 3434 1076 vilem
3480 1037 3591 1078 esse

2011 1097 2344 1155 charitatem.
2375 1100 2652 1168 Quomodo
2678 1114 2852 1161 autem
2879 1107 2997 1163 vilis
3028 1118 3145 1174 est,
3177 1112 3388 1181 quando
3419 1114 3591 1168 omnia

2012 1206 2130 1259 qua:
2164 1190 2413 1247 dicuntur
2440 1208 2542 1247 non
2574 1194 2714 1258 vilia,
2747 1197 2905 1253 chara
2927 1200 3212 1257 dicuntur?
3238 1203 3295 1260 Si
3326 1220 3452 1276 ergo
3479 1222 3591 1276 qute

2013 1298 2117 1338 non
2148 1293 2271 1338 sunt
2294 1286 2438 1352 vilia,
2461 1285 2622 1340 chara
2649 1297 2806 1353 sunt;
2839 1290 2963 1360 quid
2986 1304 3069 1348 est
3089 1294 3300 1351 charius
3327 1299 3437 1366 ipsa
3467 1296 3586 1351 cha-

2011 1377 2209 1431 ritate?
2235 1376 2325 1433 Sic
2351 1388 2525 1433 autem
2549 1382 2951 1438 commendatur
2976 1386 3205 1441 charitas
3227 1390 3293 1443 ab
3317 1391 3585 1459 Apostolo,

2012 1478 2067 1522 ut
2108 1469 2249 1523 dicat
2284 1489 2294 1523 :
2331 1489 2349 1521 ι
2385 1472 2959 1541 Supereminentiorem
3004 1477 3139 1532 viam
3181 1481 3329 1535 vobis
3372 1481 3595 1535 demon-

2009 1572 2140 1617 stro.
2175 1562 2230 1617 Si
2263 1563 2455 1634 linguis
2484 1565 2756 1621 hominum
2783 1568 2969 1639 loquar
2995 1580 3046 1625 et
3079 1571 3426 1643 Angelorum,
3463 1576 3592 1630 cha-

2009 1653 2219 1708 ritatem
2255 1664 2433 1710 autem
2466 1672 2569 1710 non
2616 1657 2834 1714 habea'n
2857 1701 2872 1726 ,
2906 1660 3071 1717 laetus
3100 1677 3217 1717 sum
3247 1677 3591 1722 mrameutum

2009 1757 2203 1797 sonans
2226 1787 2239 1811 ,
2284 1755 2372 1799 aut
2410 1748 2711 1818 cymbalum
2751 1751 2981 1807 tinnicns
3014 1771 3026 1808 :
3056 1762 3109 1807 et
3137 1754 3179 1807 si
3207 1756 3376 1811 sciero
3413 1759 3591 1815 omnia

2008 1847 2337 1913 sacramenta
2370 1848 2423 1893 et
2452 1854 2664 1896 onmem
2687 1843 2983 1911 scientiam,
3016 1855 3068 1900 et
3099 1846 3332 1903 habuero
3357 1851 3590 1921 prophe-

2009 1927 2132 1982 tiam
2160 1938 2213 1984 et
2238 1946 2450 1986 omnem
2481 1932 2660 1997 iidem,
2686 1935 2755 1989 ita
2788 1944 2845 1990 ut
2874 1948 3080 1993 montes
3112 1941 3443 2009 transferam,
3467 1944 3591 1998 elia-

2008 2018 2217 2073 ritatcm
2247 2030 2422 2075 autem
2455 2038 2560 2077 non
2593 2024 2853 2091 habeam,
2902 2027 3032 2083 nihil
3066 2044 3182 2084 sum
3218 2051 3228 2085 :
3258 2041 3309 2087 et
3336 2033 3379 2087 si
3409 2034 3592 2090 distri-

2008 2110 2173 2167 buero
2214 2115 2391 2169 omnia
2439 2132 2554 2172 mea
2603 2121 2953 2189 pauperibus,
2996 2133 3048 2177 ct
3096 2124 3359 2181 tradidero
3398 2143 3592 2199 corpus

2006 2218 2182 2257 meum
2214 2215 2270 2259 ut
2299 2206 2536 2271 ardeam,
2565 2209 2873 2265 charitatem
2896 2222 3070 2269 autem
3100 2231 3203 2270 non
3236 2217 3477 2286 habeam,
3513 2220 3592 2274 ni-

2005 2292 2079 2347 hil
2103 2295 2228 2349 mihi
2258 2298 2473 2366 prodest
2503 2319 2521 2352 ι
2558 2300 2603 2369 (1
2631 2300 2745 2356 Cor.
2772 2320 2879 2369 xu,
2907 2306 2969 2359 51
2992 2347 3006 2370 ,
3039 2322 3133 2361 χιιι
3160 2349 3173 2372 ,
3203 2309 3346 2380 1-5).
3383 2310 3587 2379 Quanta

2002 2397 2083 2439 est
2113 2403 2240 2458 ergo
2266 2389 2520 2459 Charitas,
2548 2409 2666 2462 qua:
2691 2395 2735 2450 si
2770 2396 2943 2464 desit,
2977 2397 3168 2453 frustra
3202 2401 3464 2457 habentur
3488 2420 3592 2460 cm-

2005 2486 2150 2541 tera;
2175 2479 2217 2532 si
2236 2479 2393 2545 adsit,
2416 2492 2562 2537 recte
2586 2485 2599 2515 ¹
2625 2483 2888 2541 habentur
2908 2489 3126 2543 omnia?
3152 2490 3350 2548 Tamen
3372 2493 3592 2549 charita-

2002 2575 2105 2623 tem
2127 2570 2344 2625 laudans
2366 2576 2637 2642 apostolus
2658 2576 2855 2633 Paulus
2876 2582 3239 2649 copiosissime
3259 2593 3418 2655 atque
3442 2587 3590 2642 uber.

2000 2661 2153 2724 rime,
2182 2663 2357 2719 niinus
2380 2668 2448 2722 de
2470 2666 2556 2721 illa
2584 2667 2720 2723 dixit
2750 2686 2905 2741 quam
2935 2674 3075 2742 quod
3101 2675 3175 2728 ait
3199 2677 3429 2732 breviter
3454 2694 3589 2748 apo-

1997 2752 2167 2806 stolus
2186 2753 2441 2823 Joannes,
2465 2757 2615 2827 cujus
2637 2768 2718 2813 est
2741 2759 2839 2815 hoc
2864 2762 3223 2833 Evangelium.
3243 2766 3425 2837 Neque
3446 2770 3587 2823 enim

1997 2844 2253 2901 dubitavit
2282 2848 2495 2915 dicere,
2538 2849 2676 2905 Deus
2717 2852 2942 2907 charitas
2969 2865 3040 2909 est
3089 2854 3131 2927 (l
3163 2856 3319 2911 Joan.
3360 2875 3439 2924 Iv,
3474 2861 3582 2931 16).

1996 2936 2260 3009 Scriptum
2284 2952 2364 2996 cst
2384 2944 2564 3009 etiam,
2593 2944 2723 3010 Quia
2745 2946 2969 3001 Charitas
2986 2946 3081 3001 Dei
3101 2947 3289 3017 cli/fusa
3314 2962 3383 3006 est
3405 2953 3454 3006 in
3482 2970 3585 3007 cor-

1996 3030 2145 3113 dibus
2174 3033 2360 3087 nostris
2386 3052 2474 3103 per
2508 3034 2759 3107 Spiritum
2785 3049 3017 3092 sanctum
3042 3041 3126 3112 qui
3165 3041 3312 3096 datus
3340 3054 3411 3096 est
3446 3044 3585 3098 nobis

1996 3121 2170 3191 (Rom.
2210 3140 2265 3191 v,
2296 3122 2373 3198 5).
2403 3126 2530 3192 Quis
2561 3143 2689 3198 ergo
2719 3130 2958 3185 nominet
2986 3132 3193 3186 Patrem
3215 3142 3267 3188 et
3290 3134 3503 3203 Filium,
3531 3147 3586 3191 et

1996 3232 2101 3271 non
2125 3218 2192 3272 ibi
2217 3218 2469 3290 intelligat
2495 3220 2806 3278 charitatem
2827 3223 2996 3280 Patris
3017 3234 3069 3278 et
3087 3224 3203 3281 Filii
3224 3226 3247 3279 ?
3267 3226 3435 3294 Quam
3462 3244 3581 3285 cum

1995 3308 2193 3365 habere
2224 3313 2448 3381 ceperit
2468 3355 2481 3379 ,
2510 3312 2763 3384 Spiritum
2794 3328 3034 3372 sanctum
3067 3319 3281 3376 habebit
3315 3341 3328 3375 :
3357 3337 3513 3393 quam
3540 3326 3583 3377 si

1994 3415 2097 3455 non
2139 3401 2424 3471 habuerit,
2468 3407 2583 3461 sine
2610 3404 2811 3477 Spiritu
2839 3418 3024 3465 sancto
3054 3412 3173 3466 erit.
3208 3413 3274 3467 Et
3319 3415 3584 3481 quomodo

1992 3508 2184 3562 corpus
2207 3503 2355 3549 tuum
2379 3496 2492 3551 sine
2506 3498 2712 3566 spiritu,
2736 3500 2875 3569 quod
2897 3511 2979 3555 est
2998 3502 3172 3557 anima
3198 3512 3306 3568 tua,
3332 3505 3376 3557 si
3398 3504 3579 3567 fuerit.

1993 3594 2257 3638 mortumn
2278 3596 2386 3652 est;
2410 3589 2486 3642 sic
2512 3589 2685 3643 anima
2711 3600 2796 3644 tua
2819 3592 2933 3646 sine
2956 3592 3153 3661 Spiritu
3178 3603 3384 3663 sancto,
3410 3596 3460 3650 id
3477 3606 3579 3660 est,

1992 3677 2107 3729 sine
2134 3675 2393 3732 charitate
2421 3681 2464 3734 si
2491 3678 2673 3746 fuerit,
2704 3692 2910 3737 mortua
2932 3684 3287 3753 deputabitur.
3316 3687 3455 3757 Ergo
3479 3705 3581 3742 me—

1991 3774 2142 3820 tretas
2167 3766 2309 3821 binas
2338 3770 2603 3840 capiebant
2635 3773 2849 3843 hydriw,
2879 3774 3000 3843 quia
3026 3775 3077 3829 in
3104 3776 3341 3830 omnium
3373 3784 3579 3846 tempo-

1992 3873 2105 3911 rum
2136 3859 2410 3929 prophetia
2443 3862 2600 3918 Pater
2621 3872 2675 3918 et
2704 3864 2869 3919 Filius
2896 3866 3211 3936 praedicatur
3241 3885 3254 3921 :
3288 3869 3381 3924 sed
3410 3869 3478 3924 ibi
3499 3881 3583 3924 est

1990 3958 2041 3999 et
2063 3948 2291 4017 Spiritus
2318 3962 2531 4006 sanctus
2552 3969 2567 4017 ;
2592 3953 2815 4024 ideoque
2837 3956 3142 4025 adjunctum
3168 3968 3269 4023 cst,
3295 3961 3368 4015 vel
3390 3970 3578 4015 ternas.

1991 4037 2101 4108 Ego
2130 4050 2174 4091 et
2203 4038 2378 4106 Pater,
2412 4042 2598 4111 inquit,
2624 4060 2779 4097 unum
2811 4063 2984 4100 sumus
3014 4046 3193 4114 (Joan.
3228 4064 3285 4115 x,
3319 4050 3409 4121 50)
3442 4068 3453 4103 :
3486 4050 3578 4105 sed

1989 4131 2125 4184 absit
2154 4141 2209 4185 ut
2233 4132 2371 4187 desit
2398 4135 2626 4204 Spiritus
2667 4147 2883 4193 sanctus
2907 4180 2922 4204 ,
2955 4139 3044 4195 ubi
3086 4142 3329 4197 audimus
3350 4183 3365 4209 ,
3397 4142 3506 4215 Ego
3534 4155 3580 4199 et

1994 4220 2149 4275 Pater
2196 4240 2351 4277 unum
2392 4242 2586 4280 smnus.
2630 4226 2830 4283 Tamen
2875 4230 2997 4299 quia
3044 4231 3255 4287 Patrem
3296 4240 3351 4287 et
3387 4233 3578 4288 Filium

1991 4316 2281 4370 nominavit
2305 4358 2319 4383 ,
2358 4318 2571 4388 capiant
2607 4320 2802 4389 hydria:
2830 4320 2974 4376 binas
3004 4331 3272 4390 metretas;
3300 4324 3393 4379 sed
3419 4325 3539 4380 audi
3565 4369 3578 4392 ,

1991 4408 2066 4460 uel
2092 4418 2258 4461 ternas
2290 4423 2309 4463 :
2340 4407 2421 4464 Ile
2441 4452 2455 4476 ,
2502 4409 2749 4481 buptizate
2780 4423 2948 4483 gentes
2984 4414 3037 4467 in
3078 4415 3281 4470 nomine
3322 4412 3497 4471 Patris
3536 4426 3582 4472 et

1990 4497 2115 4552 Filii
2144 4510 2190 4553 et
2223 4500 2447 4569 Spiritus
2486 4503 2647 4555 sancti
2687 4502 2898 4575 (Matth.
2936 4521 3132 4573 xxvm,
3170 4505 3282 4579 19).
3314 4507 3497 4579 Itaque
3527 4510 3579 4564 in

1989 4606 2054 4644 eo
2080 4591 2221 4660 quod
2242 4591 2490 4645 dicuntur
2512 4593 2671 4659 bime,
2704 4609 2812 4649 non
2836 4596 3172 4666 exprimitur,
3204 4598 3295 4653 sed
3329 4598 3579 4669 intelligi-

1991 4688 2076 4734 tur
2100 4698 2113 4747 ;
2144 4682 2194 4735 in
2223 4698 2286 4736 eo
2312 4699 2440 4738 vero
2461 4685 2601 4754 quod
2625 4685 2872 4741 dicuntur
2898 4688 2980 4743 vel
3004 4696 3188 4757 ternas,
3211 4691 3372 4745 etiam
3396 4690 3576 4761 exprio

1991 4776 2151 4830 mitur
2177 4777 2428 4831 Trinitas.

2060 4868 2108 4924 9.
2144 4869 2246 4923 Sed
2274 4878 2353 4925 est
2380 4879 2432 4923 et
2460 4872 2593 4925 alius
2619 4872 2924 4927 intellectus
2946 4889 3049 4928 non
3074 4874 3575 4944 prtetermittendus,

1990 4968 2045 5013 et
2094 4960 2265 5029 ipsum
2325 4961 2495 5016 dicam
2532 4981 2546 5016 :
2579 4962 2737 5033 eligat
2781 4964 3003 5035 quisque
3049 4965 3189 5035 quod
3234 4966 3431 5035 placet;
3484 4981 3581 5019 nos

1989 5051 2130 5119 quod
2159 5053 2456 5122 suggeritur
2495 5070 2600 5107 non
2637 5055 3020 5111 subtrahimas.
3067 5058 3244 5112 Mensa
3288 5056 3430 5113 enim
3478 5057 3582 5113 Do-

1991 5141 2116 5194 mini
2141 5150 2239 5206 est,
2255 5152 2308 5197 et
2331 5159 2435 5198 non
2464 5154 2672 5214 oportet
2698 5148 2997 5203 ministrum
3021 5149 3263 5204 fraudare
3288 5150 3570 5220 convivas,

1994 5235 2283 5301 praesertim
2303 5236 2380 5289 sic
2402 5237 2718 5305 esurientes,
2736 5247 2791 5293 ut
2813 5246 3067 5310 appareat
3084 5240 3307 5295 aviditas
3328 5251 3504 5297 vestra
3528 5244 3568 5299 ⁸.

1992 5323 2279 5393 Prophetia
2324 5343 2441 5397 quae
2467 5329 2537 5382 ab
2570 5330 2802 5401 antiquis
2838 5332 3166 5401 temporibus
3193 5333 3534 5405 dispensatur
3557 5379 3571 5405 ,

2001 5418 2063 5471 ad
2092 5420 2315 5474 salutem
2346 5422 2583 5477 omnium
2609 5426 2844 5494 gentium
2873 5426 3118 5495 pertinet.
3153 5426 3233 5482 Ad
3262 5430 3432 5485 solum
3463 5431 3580 5501 qui-

1991 5509 2112 5565 dem
2140 5513 2387 5581 populum
2420 5513 2583 5570 lsrael
2610 5516 2805 5572 missus
2833 5527 2914 5571 est
2940 5517 3167 5588 Moyses,
3193 5528 3247 5575 et
3274 5521 3323 5575 ei
3348 5522 3447 5576 soli
3486 5536 3579 5591 po-

1993 5603 2117 5675 pulo
2143 5619 2237 5673 per
2276 5620 2395 5660 eum
2436 5608 2545 5662 Lex
2575 5608 2693 5662 data
2728 5616 2829 5673 est,
2859 5618 2913 5663 et
2941 5609 3041 5680 ipsi
3076 5610 3354 5682 Propheta:
3380 5629 3444 5669 ex
3490 5614 3581 5669 ilio

2056 5744 2071 5773 ⁸
2101 5748 2147 5790 In
2172 5750 2277 5791 Mss.
2302 5746 2553 5804 (nnittitur,
2577 5750 2722 5793 recte.

2058 5807 2075 5835 ³
2098 5804 2227 5866 Apud
2254 5812 2325 5853 t‘r.
2352 5806 2495 5868 Lugd.
2525 5814 2637 5855 \‘cu.
2659 5811 2787 5870 t.ov.,
2815 5813 2862 5859 ut
2883 5816 3081 5873 apparet
3104 5808 3306 5862 aviditas
3321 5816 3490 5860 vestra.
3516 5815 3570 5859 tt.
