4074 6464
530 315 546 363 1
569 311 665 368 165

529 424 726 494 popqu
750 422 962 478 fuerunt
981 463 994 488 ,
1023 430 1077 476 et
1113 421 1221 490 ipsa
1251 418 1554 472 distributio
1585 425 1879 483 temporum
1907 426 2094 465 secun-

525 515 650 569 dum
673 513 916 570 eumdem
947 513 1198 583 populum
1227 511 1472 565 diSIincta
1501 517 1618 572 est;
1651 506 1790 560 unde
1814 514 1868 560 et
1896 503 2096 573 hydria:

525 604 777 658 dicuntur
800 603 1072 658 secundum
1098 600 1496 670 puriﬁcationem
1523 596 1819 650 Judteorum
1851 610 1870 648 :
1895 593 1990 650 sed
2019 603 2096 647 ta-

527 709 650 749 men
665 693 805 765 quod
821 693 910 748 illa
932 692 1204 763 prophetia
1227 690 1385 746 etiam
1407 688 1612 742 caneris
1631 686 1871 756 gentibus
1891 700 2094 738 annun-

528 783 780 851 tiabatur,
810 781 1144 838 manifestum
1180 789 1291 845 est;
1319 777 1742 848 quandoquidem
1769 777 2012 832 Christus
2042 776 2094 829 in

527 891 594 930 eo
623 875 860 930 occultus
885 882 1019 939 erat,
1038 873 1090 926 in
1125 886 1230 942 quo
1254 870 1638 926 benedicuntur
1661 882 1847 923 omnes
1870 877 2053 936 gentes
2076 907 2091 931 ,

524 965 662 1020 sicut
690 964 1004 1035 promissum
1043 969 1126 1016 est
1149 960 1380 1014 Abraha:
1411 959 1618 1013 dicente
1643 958 1894 1020 Domino,
1926 955 1992 1009 In
2015 971 2094 1009 se-

526 1056 660 1110 mine
699 1065 784 1110 tua
813 1054 1162 1111 benedicentur
1200 1068 1370 1106 omnes
1415 1059 1582 1122 gentes
1625 1049 1776 1124 (Gen.
1818 1065 1951 1119 sail,
1980 1050 2093 1120 18).

523 1143 768 1200 Nondum
823 1153 1001 1199 autem
1050 1142 1470 1213 intelligebatur,
1517 1140 1638 1210 quia
1686 1139 1916 1193 nondum
1961 1154 2091 1209 aqua

523 1250 778 1291 conversa
816 1242 931 1290 erat
959 1235 1009 1288 in
1040 1234 1240 1288 vinum.
1269 1233 1407 1303 Ergo
1451 1231 1693 1286 omnibus
1719 1231 1962 1301 gentibus
1980 1231 2092 1286 dis-

525 1326 848 1394 pensabatur
895 1327 1190 1396 prophetia.
1242 1325 1392 1391 Quod
1422 1333 1478 1380 ut
1520 1322 1749 1378 emineat
1771 1322 2091 1392 jucundius,

521 1417 589 1470 de
613 1415 830 1488 singulis
858 1417 1115 1481 a:tatibus,
1143 1425 1388 1486 tanquam
1415 1415 1482 1470 de
1510 1415 1732 1486 singulis
1755 1414 1972 1486 hydriis,
1999 1429 2092 1484 pro

522 1516 758 1574 tempore
787 1507 1028 1576 quietiam
1049 1521 1544 1562 commemoremus.

595 1599 681 1654 10.
707 1598 761 1653 In
788 1600 904 1668 ipso
929 1600 1149 1654 exordio
1177 1600 1344 1655 Adam
1370 1611 1420 1655 et
1444 1599 1558 1654 Eva
1587 1607 1831 1668 parentes
1855 1599 2090 1654 omnium

517 1689 754 1760 gentium
779 1698 951 1756 erant,
975 1705 1078 1746 non
1103 1689 1467 1745 tantummodo
1489 1689 1789 1746 Judmorum
1815 1706 1829 1756 ;
1858 1701 1912 1745 et
1940 1689 2095 1760 quid-

517 1781 642 1848 quid
667 1781 983 1850 ﬁgurabatur
1006 1781 1057 1836 in
1083 1783 1250 1836 Adam
1273 1781 1340 1837 de
1360 1781 1590 1848 Christo,
1615 1782 1680 1836 ad
1704 1796 1889 1837 omnes
1908 1783 2092 1852 utique

518 1883 706 1943 gentes
733 1875 1064 1944 pertinebat,
1096 1875 1288 1944 quibus
1315 1873 1460 1929 salus
1499 1881 1581 1928 est
1616 1873 1669 1927 in
1693 1873 1923 1928 Christo.
1953 1873 2091 1942 Quid

517 1980 646 2035 ergo
673 1966 1003 2033 potissimum
1028 1965 1199 2020 dicam
1239 1965 1306 2021 de
1338 1980 1470 2034 aqua
1511 1965 1693 2034 primae
1720 1964 1952 2034 hydrire,
1991 1966 2089 2020 nisi

517 2053 659 2123 quod
687 2055 973 2124 Apostolus
995 2057 1069 2110 ait
1097 2055 1163 2110 de
1195 2055 1361 2109 Adam
1389 2065 1438 2110 et
1470 2055 1622 2110 Eva?
1647 2055 1812 2110 Nemo
1839 2057 1977 2110 enim
2005 2073 2091 2112 me

515 2143 658 2199 dicet
717 2161 879 2215 prave
927 2145 1285 2209 intellexisse,
1341 2146 1553 2216 quando
1599 2147 1923 2202 intellectum
1982 2164 2087 2204 non

516 2249 716 2301 meum,
744 2235 839 2290 sed
877 2236 1116 2305 Apostoli
1146 2234 1380 2306 profero.
1415 2235 1545 2290 illud
1571 2251 1698 2307 ergo
1731 2253 1890 2291 unum
1917 2252 2087 2307 quan-

514 2335 624 2379 tum
655 2327 961 2398 mysterium
983 2326 1049 2382 de
1071 2325 1287 2382 Christo
1312 2328 1564 2394 continet,
1598 2327 1735 2398 quod
1765 2343 2090 2382 commemo-

516 2425 598 2469 rat
624 2417 928 2486 Apostolus,
956 2418 1158 2484 dicens,
1182 2418 1248 2472 Et
1274 2428 1415 2474 erunt
1441 2419 1542 2474 duo
1566 2420 1618 2472 in
1647 2437 1794 2474 carne
1823 2438 1922 2473 una
1954 2437 1973 2473 :
1999 2438 2086 2474 sa-

510 2517 821 2560 cramentum
849 2507 944 2562 hoc
979 2525 1216 2579 magnum
1256 2519 1325 2564 est
1356 2508 1568 2580 (Epltes.
1591 2507 1655 2564 im
1677 2551 1692 2575 ,
1725 2511 1784 2566 51
1803 2519 1848 2565 et
1867 2509 1955 2581 52)
1977 2510 2000 2565 ?
2026 2513 2090 2566 Et

512 2611 583 2651 ne
625 2600 744 2667 quis
779 2599 1191 2668 magnitudinem
1236 2601 1388 2655 istam
1419 2603 1736 2656 sacramenti
1776 2604 1828 2656 in
1868 2603 2088 2672 singulis

511 2687 809 2758 quibusque
847 2689 1145 2744 hominibus
1173 2706 1364 2745 uxores
1392 2691 1702 2749 habentibus
1732 2694 2084 2764 intelligeret,

509 2773 625 2846 Ego
655 2787 841 2844 autem,
874 2778 1058 2850 inquit,
1091 2780 1203 2833 dico
1222 2780 1272 2834 in
1295 2779 1491 2836 Christo
1510 2793 1556 2836 et
1581 2783 1634 2837 in
1660 2781 1906 2842 Ecclesia.
1934 2784 2085 2852 Quod

508 2875 590 2919 est
629 2866 728 2921 hoc
767 2879 1152 2925 sacramentum
1195 2887 1476 2942 magnum,
1521 2873 1685 2929 Erunt
1719 2875 1820 2930 duo
1845 2879 1897 2931 in
1936 2895 2088 2935 carne

510 2966 614 3002 una
635 2950 664 3002 ?
685 2950 815 3004 Cum
846 2951 912 3007 de
939 2953 1106 3007 Adam
1147 2962 1200 3009 et
1231 2955 1341 3010 Eva
1383 2957 1652 3026 Scriptura
1696 2959 1965 3017 Genescos
2010 2964 2085 3018 lo-

511 3049 782 3107 queretur,
815 3042 952 3098 unde
991 3053 1204 3099 ventum
1233 3056 1314 3101 est
1338 3047 1403 3102 ad
1445 3047 1559 3103 hcce
1584 3051 1740 3104 verba
1761 3092 1776 3116 ,
1810 3051 2086 3122 Propterea

513 3129 757 3199 relinquet
796 3131 941 3186 homo
971 3145 1164 3205 patrem
1189 3145 1236 3190 et
1274 3148 1516 3205 matrem,
1557 3151 1604 3193 et
1632 3141 1902 3196 adhaerebit
1941 3148 2086 3199 uxori

513 3235 621 3270 sua!
639 3236 659 3284 ;
688 3229 733 3272 et
760 3231 904 3274 erunt
941 3223 1042 3277 duo
1068 3225 1117 3278 in
1152 3241 1302 3281 carne
1329 3243 1432 3281 una
1465 3227 1614 3300 (Gen.
1637 3247 1696 3297 ιι,
1727 3231 1838 3296 24).
1871 3233 1923 3288 Si
1959 3250 2086 3305 ergo

510 3307 752 3365 Christus
794 3312 1017 3368 adhaesit
1056 3315 1307 3371 Ecclesia:
1331 3358 1345 3384 ,
1393 3327 1450 3373 ut
1477 3332 1656 3375 essent
1693 3323 1798 3377 duo
1832 3324 1883 3378 in
1927 3339 2085 3382 carne

511 3419 614 3456 una
635 3445 650 3468 ,
685 3406 951 3474 quomodo
981 3409 1190 3479 reliquit
1221 3411 1430 3468 Patrem
1456 3415 1482 3468 ?
1513 3419 1778 3486 quomodo
1817 3425 2085 3479 matrem?

511 3491 743 3563 Reliquit
772 3495 1000 3564 Patrem,
1047 3500 1168 3568 quia
1209 3515 1328 3556 cum
1355 3503 1407 3557 in
1435 3503 1599 3558 forma
1640 3509 1732 3562 Dei
1770 3520 1945 3579 esset,
1977 3528 2084 3568 non

511 3584 748 3654 rapinam
774 3587 1057 3644 arbitratus
1090 3598 1172 3645 est
1196 3607 1314 3648 esse
1336 3595 1553 3664 mqualis
1588 3599 1694 3653 Deo
1717 3642 1732 3667 ,
1769 3603 1861 3656 sed
1883 3613 2084 3660 semct-

511 3676 684 3741 ipsum
743 3677 1062 3745 exinanivit,
1095 3679 1318 3738 formam
1352 3686 1494 3740 servi
1535 3689 1796 3758 accipiens
1822 3691 2079 3766 (Philipp.

509 3777 566 3822 ιι.
599 3764 652 3827 6,
685 3765 758 3836 7).
786 3764 894 3821 Hoc
918 3777 998 3824 est
1031 3772 1193 3837 enim,
1216 3774 1429 3845 reliquit
1454 3776 1686 3846 Patrem,
1714 3797 1815 3836 non
1838 3784 1959 3852 quia
1986 3764 2082 3840 de-

509 3857 677 3911 seruit
704 3868 758 3913 et
789 3863 1004 3916 recessit
1040 3878 1069 3917 a
1099 3863 1287 3932 Patre;
1325 3867 1417 3922 sed
1443 3870 1564 3940 quia
1597 3887 1698 3926 non
1728 3889 1789 3929 ea
1821 3875 1871 3928 in
1910 3873 2083 3934 forma

509 3951 751 4017 apparuit
775 3951 1074 4009 hominibus
1101 3956 1150 4009 in
1169 3972 1270 4027 qua
1290 3961 1510 4030 aequalis
1530 3973 1611 4018 est
1631 3964 1792 4019 Patri.
1807 3967 2082 4034 Quomodo

510 4041 720 4110 reliquit
737 4053 957 4098 matrem
979 4045 1002 4099 ἳ
1027 4046 1392 4119 Relinquenda
1414 4068 1732 4125 synagogam
1754 4057 2078 4128 Judazorum,

510 4128 578 4182 de
617 4145 718 4199 qua
764 4134 1054 4190 secundum
1093 4152 1306 4194 carnem
1347 4151 1499 4198 natus
1536 4156 1645 4210 est;
1693 4156 1747 4202 et
1775 4148 2082 4206 inhrerendo

513 4217 802 4287 Ecclesim,
847 4240 1005 4293 quam
1052 4242 1116 4281 ex
1165 4230 1409 4285 omnibus
1436 4235 1679 4302 gentibus
1722 4242 2076 4309 congregavit.

509 4311 650 4381 Ergo
671 4321 723 4366 et
749 4313 912 4383 prima
937 4315 1121 4388 hydria
1144 4318 1372 4376 habebat
1394 4325 1719 4393 prephetiam
1742 4328 1808 4382 de
1828 4328 2038 4384 Christo
2062 4349 2076 4385 :

508 4403 603 4457 sed
625 4405 832 4472 quando
859 4407 957 4462 ista
983 4425 1101 4479 qua:
1129 4411 1314 4482 loquor
1339 4429 1442 4468 non
1470 4418 1886 4484 prmdicabantur
1907 4422 1958 4476 in
1982 4438 2079 4490 po-

508 4492 675 4562 pulis,
720 4495 892 4550 adhuc
919 4513 1052 4568 aqua
1095 4511 1246 4569 erat,
1293 4503 1344 4556 in
1385 4505 1566 4559 vinum
1608 4518 1802 4562 mutata
1845 4513 2078 4568 nondum

507 4592 642 4637 erat.
677 4586 740 4639 Et
775 4588 896 4656 quia
936 4589 1246 4646 illuminavit
1283 4609 1380 4648 nos
1421 4612 1514 4664 per
1555 4599 1862 4668 Apostolum
1899 4602 2078 4657 Domi-

505 4689 627 4739 nus,
659 4683 717 4729 ut
745 4678 1048 4734 Ostenderet
1073 4682 1223 4737 nobis
1251 4683 1372 4754 quid
1400 4685 1466 4740 ibi
1497 4704 1856 4756 qumrercmus
1880 4692 1931 4746 in
1964 4693 2075 4762 ipsa

502 4780 606 4819 una
636 4770 896 4822 sententia
919 4811 934 4836 ,
969 4769 1132 4825 Erunt
1158 4773 1257 4827 duo
1281 4776 1333 4828 in
1370 4791 1520 4831 carne
1546 4793 1646 4831 una
1662 4796 1683 4844 ;
1712 4793 2076 4838 sacramentum

500 4870 739 4925 magnum
755 4858 807 4911 in
823 4858 1019 4914 Christo
1033 4863 1143 4915 etin
1159 4859 1386 4918 Ecclesia
1402 4881 1423 4930 ,'
1439 4867 1546 4934 jam
1568 4868 1690 4923 licet
1708 4871 1857 4927 nobis
1884 4874 2074 4944 ubique

499 4943 769 5000 Christum
796 4963 1055 5018 quierere,
1087 4959 1140 5006 et
1172 4953 1239 5008 de
1262 4957 1507 5011 omnibus
1538 4957 1738 5030 hydriis
1777 4963 1953 5017 viuum
1981 4943 2075 5034 po-

502 5044 638 5090 tare.
684 5038 885 5094 Dormit
911 5042 1078 5097 Adam
1107 5053 1164 5098 ut
1189 5045 1278 5100 ﬁat
1310 5048 1414 5101 Eva
1449 5066 1464 5103 :
1495 5052 1716 5107 moritur
1744 5053 1987 5111 Christus
2013 5067 2073 5113 ut

496 5123 590 5178 ﬁat
615 5125 873 5182 Ecclesia.
907 5131 1198 5187 Dormienti
1240 5135 1369 5192 Adze
1409 5139 1466 5192 ﬁt
1497 5139 1603 5194 Eva
1629 5142 1696 5197 de
1721 5143 1884 5200 latere
1919 5147 2066 5216 (Cen.

495 5229 553 5278 ιι,
584 5216 678 5286 2i)
705 5236 717 5271 :
741 5228 950 5274 mortuo
974 5222 1188 5279 Christo
1213 5226 1389 5282 lancea
1420 5232 1709 5298 percutitur
1729 5234 1862 5289 latus
1885 5238 2066 5308 (Joan.

493 5320 581 5359 xui
604 5349 619 5373 ,
650 5309 741 5378 54)
773 5352 788 5378 ,
819 5321 876 5365 ιιι
906 5312 1166 5381 proﬁuant
1187 5329 1512 5372 sacramenta
1533 5361 1548 5385 ,
1580 5323 1771 5390 quibus
1811 5325 2067 5384 formetur

496 5397 754 5452 Ecclesia.
783 5402 877 5455 Cui
904 5420 1008 5459 non
1037 5415 1286 5476 appareat
1313 5409 1432 5477 quia
1459 5409 1511 5463 in
1539 5411 1640 5464 illis
1671 5422 1794 5468 tunc
1813 5415 1966 5472 factis
1987 5419 2070 5472 fn-

494 5497 610 5541 tura
666 5489 884 5558 ﬁgurata
937 5504 1093 5562 sunt,
1134 5496 1555 5566 quandoquidem
1603 5500 1728 5556 dicit
1775 5505 2066 5573 Apostolus

491 5579 663 5647 ipsum
708 5583 875 5638 Adam
918 5583 1140 5640 formam
1182 5587 1341 5642 futuri
1379 5589 1540 5644 esse?
1571 5589 1672 5656 Qui
1706 5601 1812 5658 est,
1854 5595 2058 5666 inquit,

487 5675 653 5738 [arma
692 5675 850 5741 futuri
900 5676 1071 5744 (Rom.
1102 5694 1168 5745 v,
1205 5678 1311 5748 14).
1361 5680 1838 5752 Prarligurahantur
1884 5693 2058 5748 omnia

1436 303 1501 359 IN
1551 299 1826 358 JOANNIS
1875 293 2338 364 EV’ANGELIUM,
2376 295 2432 351 S.
2477 297 2838 355 AUCUSTINI

3639 318 3778 377 1464

2202 410 2444 480 mystice.
2485 411 2662 482 Neque
2689 416 2826 469 enim
2854 431 2977 473 vere
3002 434 3108 476 non
3130 433 3335 491 poterat
3367 427 3509 486 Deus
3535 433 3773 504 vigilanti

2204 510 2406 552 costam
2443 500 2690 568 educere,
2739 503 3092 579 feminamque
3134 513 3383 572 formare.
3415 522 3496 574 Αιι
3527 500 3661 581 forte
3704 544 3775 584 ne

2199 587 2403 643 doleret
2431 591 2566 645 latus
2593 594 2802 661 quando
2842 607 2986 652 costa
3016 600 3248 657 detracta
3278 617 3356 660 est
3375 648 3389 674 ,
3421 621 3636 680 prepter
3668 613 3773 672 hoc

2199 681 2476 747 oportebat
2501 693 2560 738 ut
2592 683 2680 738 ille
2704 683 3001 743 dormiret?
3027 689 3154 756 Quis
3181 704 3261 748 est
3285 698 3377 765 qui
3402 702 3477 762 sic
3505 700 3772 774 dormiat,

2199 778 2258 825 ut
2291 772 2339 826 ei
2377 787 2496 828 ossa
2535 790 2641 830 non
2685 778 2951 848 evigilanti
2993 783 3336 842 evellautur?
3363 791 3440 844 An
3468 793 3588 862 quia
3632 772 3772 852 Deus

2199 860 2501 930 evellebat,
2549 874 2830 934 propterea
2871 867 3031 926 homo
3072 887 3176 927 non
3220 860 3520 936 sentiebat?
3559 883 3772 941 Poterat

2197 967 2324 1024 ergo
2352 963 2408 1009 et
2432 955 2666 1026 vigilanti
2695 959 2807 1014 sine
2833 960 3016 1017 dolore
3043 964 3271 1022 evellere
3290 1009 3304 1032 ,
3335 971 3421 1041 qui
3451 974 3619 1043 potuit
3647 976 3770 1031 dor—

2197 1043 2402 1098 mienti.
2446 1044 2551 1102 Sed
2582 1050 2762 1118 procul
2786 1051 2948 1106 dubio
2975 1052 3163 1124 hydria
3189 1057 3354 1126 prima
3402 1061 3720 1132 implebatur
3749 1087 3765 1124 :

2197 1133 2474 1202 prophetia
2515 1137 2657 1193 illius
2685 1143 2936 1222 temporis
2978 1143 3046 1198 de
3072 1143 3247 1201 futuro
3267 1147 3368 1204 isto
3395 1159 3633 1223 tempore
3657 1157 3778 1214 dis-

2199 1228 2539 1295 pensabatnr.
2827 1219 2830 1222 ’

2269 1316 2353 1371 11.
2388 1317 2632 1373 Christus
2675 1324 2830 1375 etiam
2874 1322 3125 1394 ﬁguratus
3153 1337 3234 1383 est
3260 1329 3311 1384 in
3335 1331 3463 1398 Noe,
3496 1344 3547 1390 et
3594 1335 3646 1392 in
3679 1338 3769 1395 illa

2195 1420 2318 1462 area
2347 1409 2491 1464 orbis
2521 1421 2798 1467 terrarum.
2823 1415 2998 1481 Quare
3017 1419 3156 1473 enim
3186 1421 3240 1475 in
3269 1437 3389 1479 arca
3422 1426 3620 1483 inclusa
3647 1442 3770 1488 sunt

2196 1501 2370 1554 omnia
2395 1503 2640 1558 animalia
2669 1504 2821 1574 (Gen.
2845 1524 2940 1573 vn,
2971 1510 3093 1584 7-9)
3115 1554 3130 1580 ,
3176 1514 3278 1568 nisi
3321 1524 3379 1571 ut
3405 1518 3768 1589 signiﬁcaren-

2196 1598 2282 1644 tur
2300 1606 2485 1647 omnes
2505 1597 2726 1663 gentes?
2745 1596 2858 1652 Non
2885 1600 3023 1653 enim
3043 1601 3226 1658 deerat
3247 1605 3356 1660 Deo
3380 1623 3562 1664 rursus
3587 1627 3770 1670 creare

2194 1695 2354 1736 omne
2394 1685 2560 1752 gemis
2605 1687 2930 1742 animalium.
2985 1690 3206 1758 Quando
3245 1697 3385 1750 enim
3437 1701 3613 1754 omnia
3661 1719 3768 1759 non

2194 1782 2375 1838 erant,
2409 1790 2585 1831 nonne
2607 1776 2772 1845 dixit,
2805 1778 3063 1836 Producat
3092 1793 3243 1852 terra,
3279 1797 3332 1842 et
3355 1791 3601 1859 produxit
3627 1804 3768 1851 terra

2195 1860 2302 1932 (Id.
2328 1879 2362 1928 ι,
2381 1863 2472 1933 24)
2497 1865 2520 1918 ?
2546 1864 2695 1921 Unde
2715 1882 2840 1938 ergo
2862 1878 2984 1926 tunc
2999 1869 3141 1939 fecit,
3165 1874 3287 1931 inde
3304 1877 3543 1935 reticeret
3567 1899 3580 1946 ;
3604 1884 3769 1940 verbo

2195 1951 2339 2019 fecit,
2366 1955 2532 2009 verbo
2558 1956 2803 2012 reﬁceret
2832 1977 2846 2013 :
2877 1961 2972 2015 nisi
3000 1963 3119 2032 quia
3151 1967 3460 2037 mysterium
3491 1985 3767 2028 commen-

2192 2043 2372 2108 dabat,
2410 2054 2464 2100 et
2487 2048 2771 2103 secundam
2804 2050 3042 2121 hydriam
3069 2057 3390 2125 prophetica?
3416 2060 3768 2130 diSpensatio-

2193 2136 2274 2189 nis
2301 2136 2573 2206 implebat,
2604 2148 2661 2194 ut
2705 2156 2800 2210 per
2836 2142 3032 2212 lignum
3075 2146 3385 2203 liberaretur
3426 2151 3586 2219 ﬁgura
3625 2156 3769 2211 orbis

2194 2234 2451 2282 terrarum
2481 2247 2495 2296 ;
2523 2231 2645 2300 quia
2675 2231 2726 2286 in
2755 2232 2894 2303 ligno
2932 2233 3133 2304 ﬁgenda
3161 2247 3274 2293 erat
3297 2240 3400 2294 vita
3430 2243 3571 2297 orbis
3600 2252 3768 2301 terra-

2191 2317 2350 2371 rum?

2263 2407 2350 2462 i2.
2380 2407 2494 2464 Jam
2534 2410 2586 2464 in
2632 2413 2783 2477 tertia
2813 2413 3028 2486 hydria.
3058 2416 3156 2486 ipsi
3181 2418 3431 2488 Ahrahm,
3473 2425 3612 2494 quod
3652 2425 3766 2495 jam

2190 2501 2618 2564 commemoravi,
2649 2501 2848 2556 dictum
2871 2515 2971 2568 est,
3009 2505 3074 2559 In
3101 2510 3286 2564 semine
3303 2519 3390 2566 tuo
3419 2512 3770 2571 benedicentur

2192 2602 2363 2640 omnes
2387 2597 2578 2658 gentes.
2613 2590 2679 2644 Et
2703 2593 2823 2661 quis
2863 2611 2966 2648 non
3005 2597 3185 2652 videat
3205 2601 3353 2669 cujus
3379 2602 3602 2659 habebat
3631 2606 3764 2678 ﬁgu-

2191 2692 2305 2732 ram
2333 2678 2517 2732 unicus
2553 2679 2668 2749 ejus
2691 2722 2706 2747 ,
2738 2683 2824 2752 qui
2854 2684 2955 2738 sibi
2998 2686 3065 2740 ad
3114 2689 3426 2744 sacriﬁcium
3451 2735 3465 2759 ,
3512 2711 3616 2764 quo
3653 2697 3768 2766 ipse

2189 2767 2541 2824 immolandus
2569 2771 2878 2840 ducebatur,
2908 2774 3044 2845 ligna
3063 2779 3344 2846 portabat?
3370 2781 3604 2838 Portavit
3623 2788 3764 2842 enim

2189 2858 2443 2914 Dominus
2485 2874 2698 2915 crucem
2741 2877 2891 2917 suam
2917 2904 2932 2929 ,
2977 2867 3116 2920 sicut
3152 2869 3488 2940 Evangelium
3531 2873 3769 2944 loquitur

2190 2946 2366 3019 (Joan.
2393 2965 2512 3016 χιιι,
2545 2948 2657 3022 17).
2689 2951 2801 3007 Hoc
2824 2952 2893 3009 de
2927 2955 3079 3010 tertia
3105 2955 3291 3028 hydria
3320 2974 3766 3021 commemorasse

2187 3041 2495 3098 suﬁ‘ecerit.-
3286 3107 3290 3111 .

2262 3134 2349 3188 15.
2377 3133 2453 3189 De
2480 3133 2645 3189 David
2671 3143 2845 3190 autem
2871 3177 2887 3202 ,
2931 3137 3056 3207 quid
3089 3139 3262 3195 dicam
3292 3143 3432 3212 quod
3473 3143 3537 3198 ad
3577 3133 3763 3202 omnes

2187 3235 2372 3294 gentes
2395 3226 2693 3295 pertinebat
2717 3229 2992 3298 prophetia
3013 3231 3160 3300 ejus;
3188 3234 3396 3303 quando
3422 3235 3578 3290 modo
3606 3237 3762 3292 audi-

2186 3315 2360 3368 vimus
2393 3315 2660 3369 Psalmum
2686 3357 2702 3382 ,
2728 3326 2783 3372 et
2810 3316 3026 3374 difﬁcile
3067 3328 3149 3375 est
3191 3330 3249 3375 ut
3288 3323 3492 3378 dicatur
3529 3327 3762 3395 psalmus

2186 3406 2274 3460 ubi
2299 3407 2398 3461 hoc
2428 3422 2530 3461 non
2557 3407 2752 3461 sonet?
2778 3408 2880 3463 Sed
2907 3419 3071 3477 certe,
3097 3421 3152 3466 ut
3176 3411 3305 3477 dixi,
3347 3416 3504 3471 modo
3523 3420 3761 3473 cantavi-

2187 3510 2327 3563 mus,
2355 3496 2538 3568 Surge,
2573 3497 2724 3562 Deus,
2742 3499 2923 3568 judico
2953 3509 3173 3566 terram;
3201 3505 3436 3571 quoniam
3468 3517 3520 3560 tu
3545 3509 3760 3562 haeredi-

2187 3585 2316 3640 tabis
2343 3587 2397 3639 in
2422 3587 2650 3642 omnibus
2670 3588 2896 3658 gentibus
2917 3589 3086 3660 (Psal.
3111 3609 3287 3660 um,
3317 3593 3393 3668 8).
3421 3597 3490 3652 Et
3515 3599 3631 3653 ideo
3658 3602 3762 3655 Do-

2187 3677 2398 3732 natistaz
2423 3687 2680 3747 tanquam.
2710 3680 2930 3748 projecti
2957 3681 3024 3736 de
3049 3685 3243 3752 nuptiis
3271 3703 3284 3738 :
3315 3688 3451 3741 sicut
3475 3689 3562 3744 ille
3598 3691 3761 3748 homo

2187 3769 2276 3837 qui
2300 3783 2406 3822 non
2428 3767 2655 3822 habebat
2671 3779 2871 3824 vestem
2895 3772 3201 3840 nuptialem,
3226 3774 3473 3832 invitatus
3493 3789 3571 3834 est
3596 3789 3649 3836 et
3672 3797 3761 3838 ve-

2185 3858 2285 3921 nit,
2313 3857 2408 3912 sed
2431 3859 2699 3926 projectus
2721 3869 2805 3914 est
2828 3860 2893 3915 de
2913 3877 3134 3918 numero
3156 3874 3479 3933 vocatorum,
3509 3871 3629 3939 quia
3653 3888 3757 3927 non

2186 3946 2417 4003 habebat
2450 3957 2650 4002 vestem
2692 3950 2758 4004 ad
2794 3953 2974 4020 sponsi
3007 3954 3263 4023 gloriam;
3297 3959 3389 4027 qui
3427 3961 3568 4015 enim
3608 3979 3758 4018 suam

2185 4037 2409 4107 gloriam
2438 4039 2660 4108 quierit,
2690 4055 2794 4095 non
2821 4042 3050 4109 Christi,
3092 4061 3194 4098 non
3236 4046 3398 4102 habet
3436 4060 3634 4106 vestem
3664 4071 3756 4108 nu-

2187 4128 2398 4196 ptialem
2433 4145 2447 4183 :
2483 4145 2589 4184 non
2617 4133 2759 4184 enim
2787 4133 2971 4187 volunt
3005 4149 3301 4192 consonare
3339 4142 3451 4194 voci
3498 4142 3636 4197 illius
3670 4147 3756 4214 qui

2183 4218 2386 4272 amicus
2407 4228 2522 4273 erat
2550 4221 2751 4289 sponsi,
2780 4230 2834 4276 et
2861 4222 2968 4290 ait,
3001 4224 3100 4278 Hic
3123 4236 3194 4280 est
3218 4229 3304 4298 qui
3327 4228 3544 4301 baptizat
3577 4231 3754 4306 (Joan.

2184 4321 2230 4370 ι,
2261 4306 2372 4379 5⁸5).
2405 4307 2511 4362 Nec
2540 4309 2806 4365 immerito
2835 4313 2908 4366 illi
2935 4315 3023 4382 qui
3050 4331 3154 4369 non
3184 4317 3408 4374 habebat
3435 4332 3634 4378 vestem
3660 4342 3762 4380 nu-

2185 4397 2399 4464 ptialem
2423 4439 2438 4464 ,
2468 4398 2570 4453 hoc
2599 4415 2692 4469 per
2717 4402 3131 4471 increpationem
3163 4408 3425 4476 objectum
3469 4421 3550 4467 est
3572 4454 3587 4480 ,
3615 4415 3756 4485 quod

2181 4503 2287 4542 non
2315 4500 2428 4544 erat
2459 4508 2472 4544 :
2501 4491 2690 4561 Amice,
2715 4496 2837 4565 quid
2856 4495 2952 4549 huc
2974 4497 3186 4552 uenisti?
3212 4500 3279 4554 Et
3300 4503 3431 4556 sicut
3457 4504 3543 4560 ille
3568 4507 3759 4562 obmu-

2181 4580 2280 4633 tuit
2306 4579 2516 4652 (Matth.
2539 4599 2666 4650 nu,
2692 4585 2904 4656 11-15),
2933 4587 3002 4640 ita
3017 4597 3072 4642 et
3093 4590 3200 4643 isti.
3218 4591 3355 4657 Quid
3378 4596 3519 4649 enim
3539 4598 3758 4666 prodest

2178 4673 2431 4740 strepitus
2469 4674 2598 4741 oris,
2644 4684 2792 4729 muto
2833 4678 3334 4737 corde?Noveruut
3371 4687 3564 4756 quippe
3610 4689 3756 4746 intus

2177 4762 2316 4831 apud
2356 4765 2678 4834 semetipsos
2713 4781 2819 4820 non
2862 4782 2922 4822 se
2965 4768 3160 4825 habere
3202 4775 3340 4842 quod
3383 4775 3578 4831 dicant.
3606 4778 3755 4837 intus

2178 4852 2576 4920 obmutuerunt,
2604 4855 2732 4910 foris
2762 4866 3122 4928 perstrepunt.
3148 4864 3416 4932 Audiunt,
3449 4870 3614 4924 velint
3652 4887 3754 4927 no-

2177 4940 2296 5012 lint,
2322 4946 2479 5000 etiam
2507 4946 2645 5016 apud
2669 4962 2728 5002 se
2749 4950 2971 5017 cantari,
3002 4951 3200 5024 Surge,
3231 4953 3370 5010 Deus
3389 4998 3405 5024 ,
3438 4959 3619 5028 judico
3649 4973 3752 5016 ter-

2176 5048 2324 5100 ram;
2364 5030 2600 5104 quoniam
2645 5047 2700 5090 tu
2747 5038 3064 5096 Iiwreditabis
3105 5045 3159 5098 in
3204 5047 3434 5102 omnibus
3479 5053 3707 5118 gentibus
3732 5070 3754 5108 :

2176 5130 2232 5177 et
2255 5138 2360 5177 non
2388 5127 2824 5184 communicando
2849 5131 3099 5186 omnibus
3123 5135 3368 5203 gentibus
3393 5177 3409 5203 ,
3439 5140 3564 5208 quid
3604 5142 3750 5200 aliud

2174 5227 2331 5284 quam
2359 5229 2418 5268 se
2444 5215 2819 5274 exhzeredatos
2847 5237 2967 5276 esse
2994 5229 3363 5293 cognoscunt?

2245 5308 2331 5362 14.
2370 5309 2518 5374 Quod
2548 5326 2674 5380 ergo
2715 5312 2989 5381 dicebam,
3034 5314 3260 5383 fratres,
3289 5321 3408 5389 quia
3450 5323 3516 5379 ad
3557 5340 3746 5383 omnes

2171 5407 2357 5467 gentes
2384 5399 2612 5467 pertinet
2653 5402 2930 5471 pr0phetia
2963 5422 2976 5456 :
3009 5407 3131 5459 volo
3159 5409 3300 5461 enim
3331 5413 3492 5467 alium
3527 5429 3744 5473 sensum

2169 5490 2451 5544 ostendere
2494 5491 2545 5545 in
2574 5508 2639 5547 eo
2664 5495 2804 5563 quod
2831 5495 3030 5551 dictum
3060 5507 3176 5566 est,
3216 5500 3478 5572 Cupientes
3519 5517 3748 5565 metretas

2169 5579 2310 5633 binas
2338 5581 2414 5636 vel
2437 5589 2636 5636 ternas:
2660 5585 2724 5638 ad
2753 5601 2939 5642 orunes
2959 5628 2973 5653 ,
3006 5589 3250 5659 inquam,
3295 5607 3479 5663 gentes
3513 5602 3747 5667 pertinet

2174 5671 2486 5743 prophetia;
2511 5675 2669 5731 modo
2697 5684 3226 5741 commemoravimus
3245 5685 3659 5762 demonstratum
3689 5695 3743 5749 in
