4012 6472
257 372 374 431 Ηῧὸ

263 488 408 541 Adam
426 528 442 551 ,
470 486 558 557 qui
588 498 664 542 est
693 490 868 558 .forma
902 488 1077 560 futuri.
1105 487 1234 556 Quis
1261 497 1436 541 autent
1462 490 1659 541 nesciat
1688 488 1825 557 quod

262 579 317 633 de
338 579 429 632 illo
452 588 656 633 exorta:
684 589 812 633 sunt
837 595 1022 634 omnes
1041 589 1260 650 gentes;
1288 581 1412 634 etin
1436 581 1548 648 ejus
1575 579 1828 633 vocabulo

264 677 473 738 quatuor
501 668 699 723 litteris
720 711 735 735 ,
777 679 1000 739 quatuor
1029 670 1174 723 orbis
1205 678 1461 723 terrarum
1509 678 1684 737 partes
1732 683 1827 737 per

263 775 449 830 get-cas
486 760 875 829 appellationes
900 762 1368 815 demonstrantur?
1406 760 1460 814 Si
1490 762 1629 814 enim
1659 774 1830 830 grmce

266 852 529 914 dicantur,
561 851 757 906 Oriens
775 893 788 915 ,
822 852 1080 909 Occidens
1097 895 1109 917 ,
1144 854 1333 923 Aquilo
1353 893 1367 919 ,
1394 852 1639 907 Meridies
1660 895 1673 917 ,
1696 853 1831 906 sicut

263 957 341 996 eas
364 942 632 1011 plerisque
662 943 796 996 locis
825 951 1003 997 sancta
1037 942 1305 1012 Scriptura
1330 951 1744 1005 commemorat;
1775 942 1827 994 in

265 1033 517 1101 capitibus
562 1034 853 1087 verborum
904 1034 1107 1088 invenis
1156 1034 1321 1088 Adam
1356 1051 1369 1085 :
1401 1034 1645 1087 dicuntur
1687 1033 1826 1087 enim

259 1139 419 1192 grrce
448 1133 677 1193 quatuor
694 1133 1000 1178 memorata:
1021 1124 1202 1178 mundi
1225 1134 1407 1195 partes
1426 1130 1651 1187 ἀνατολὴ,
1682 1128 1825 1188 δύσις,

258 1220 435 1281 ἄρκτος,
456 1224 745 1284 μεσημϐρία.
779 1214 880 1268 Ista
901 1223 1125 1283 quatuor
1144 1216 1355 1268 nomina
1376 1215 1418 1267 si
1438 1223 1682 1283 tanquam
1710 1228 1829 1267 ver—

256 1318 339 1357 sus
366 1313 597 1373 quatuor
624 1304 725 1357 sub
755 1304 978 1358 invicem
1007 1305 1209 1358 scribas
1233 1344 1248 1369 ,
1276 1304 1327 1357 in
1361 1318 1543 1357 eorum
1571 1302 1829 1371 capitibus

256 1394 417 1448 Adam
460 1396 668 1465 legitur.
714 1395 828 1449 lloc
854 1396 908 1448 in
951 1394 1063 1449 Noe
1094 1404 1308 1464 propter
1334 1409 1509 1449 arcam
1553 1392 1825 1462 figuratum

254 1494 357 1550 est,
388 1483 440 1537 in
468 1500 570 1555 qua
597 1493 752 1540 erant
776 1486 953 1539 omnia
989 1485 1232 1538 animalia
1255 1526 1269 1550 ,
1306 1500 1423 1553 quae
1464 1482 1829 1551 signiﬁcabant

253 1590 431 1629 omnes
458 1584 679 1645 gentes:
716 1576 816 1628 hoc
838 1576 887 1628 in
917 1574 1179 1628 Abraham
1200 1615 1215 1641 ,
1252 1575 1335 1628 cui
1370 1574 1602 1643 apertius
1627 1572 1826 1625 dictum

254 1674 362 1727 est,
395 1662 461 1716 In
497 1664 687 1717 semine
728 1672 814 1717 tuo
837 1664 1180 1717 benedicentur
1208 1680 1376 1716 omnes
1409 1672 1615 1733 gentes:
1647 1663 1747 1716 hoc
1776 1662 1826 1714 in

254 1754 432 1820 David,
465 1754 532 1808 de
561 1755 714 1823 cujus
744 1754 990 1819 Psalmis,
1020 1762 1075 1808 ut
1100 1755 1199 1806 alia
1228 1754 1485 1815 omittam,
1520 1752 1677 1805 modo
1705 1766 1829 1805 cau-

255 1846 496 1909 tavimus,
526 1846 728 1917 Surge,
768 1845 924 1907 Deus,
938 1845 1116 1915 judico
1138 1854 1355 1908 terram;
1383 1844 1614 1911 quoniam
1645 1851 1697 1894 tu
1719 1842 1827 1894 lue-

252 1938 484 1991 reditabis
508 1939 559 1989 in
595 1937 823 1989 omnibus
861 1936 1100 2005 gentibus.
1124 1935 1221 1988 Cui
1260 1936 1399 1988 enim
1442 1934 1550 1987 Deo
1598 1933 1824 1996 dicitur,

255 2026 432 2096 Surge,
468 2027 570 2082 nisi
602 2027 650 2080 ei
681 2028 767 2096 qui
798 2025 1084 2079 dormivit?
1116 2023 1311 2091 Surge,
1342 2022 1507 2086 Deus,
1536 2022 1709 2087 iudica
1730 2032 1829 2073 ter-

252 2136 371 2171 ram.
395 2119 670 2187 Tanquam
700 2117 987 2177 diceretur,
1014 2115 1283 2177 Dormisli,
1309 2113 1573 2183 judicatus
1592 2128 1621 2163 a
1645 2122 1783 2165 terra
1808 2126 1823 2177 ;

252 2224 399 2277 surge
423 2250 438 2273 ,
473 2218 533 2262 ut
569 2207 777 2275 judiees
820 2216 1034 2260 terram.
1085 2206 1151 2259 Et
1176 2220 1283 2275 quo
1334 2206 1559 2275 pertinet
1585 2204 1669 2257 illa
1700 2220 1824 2272 pro~

252 2300 423 2369 phetia
447 2342 461 2364 ,
500 2300 751 2363 Quoniam
773 2309 826 2351 tu
857 2296 1170 2351 Itwrcditabis
1196 2298 1248 2349 in
1286 2297 1512 2349 omnibus
1531 2295 1793 2365 gentibus?

316 2392 400 2445 l5.
442 2390 560 2444 Jam
593 2404 718 2443 vero
761 2389 812 2441 in
840 2389 1017 2456 quinta
1049 2395 1237 2449 senate,
1279 2395 1525 2454 tanquam
1556 2386 1606 2438 in
1646 2385 1823 2452 quinta

255 2481 427 2551 hydria
452 2522 468 2544 ,
504 2480 684 2532 Daniel
713 2479 841 2532 vidit
865 2478 1089 2547 lapidem
1116 2477 1395 2545 przecisum
1423 2476 1487 2530 de
1509 2484 1686 2529 monte
1713 2475 1827 2529 sine

255 2571 497 2625 manibus
517 2611 530 2634 ,
561 2578 614 2623 et
641 2569 860 2638 fregisse
887 2569 1061 2621 omnia
1092 2582 1252 2636 regna
1292 2574 1586 2629 terrarum;
1617 2573 1669 2618 et
1705 2579 1825 2618 cre—

254 2661 548 2715 visseillum
568 2659 795 2730 lapidem
813 2700 826 2723 ,
851 2668 903 2711 et
927 2657 1119 2711 factum
1146 2672 1262 2711 esse
1285 2666 1513 2709 montem
1540 2670 1786 2724 magnum
1807 2696 1822 2720 ,

254 2752 317 2804 ita
341 2760 396 2805 ut
420 2750 668 2818 impleret
700 2750 1000 2803 universam
1030 2748 1213 2802 faciem
1243 2757 1395 2801 terrm
1423 2746 1577 2815 (Dan.
1612 2762 1681 2810 ιι,
1722 2746 1822 2808 54,

253 2842 357 2911 55).
384 2842 521 2910 Quid
544 2841 799 2910 apertius,
831 2839 1019 2894 fratres
1050 2839 1186 2893 mei?
1212 2840 1363 2906 Lapis
1390 2838 1455 2891 dc
1482 2846 1659 2890 monte
1692 2852 1828 2904 prte-

254 2935 435 2987 ciditur
479 2952 493 2987 :
537 2934 649 3002 ipse
687 2942 771 2986 est
818 2932 951 3000 lapis
1000 2948 1155 3001 quem
1200 2930 1613 2999 reprobaverunt
1657 2926 1825 2981 aedili-

253 3037 424 3081 cantes
444 3068 459 3091 ,
484 3036 535 3080 et
565 3025 731 3079 factus
759 3028 842 3078 est
870 3024 918 3077 in
947 3033 1101 3093 caput
1132 3023 1305 3092 anguli
1334 3020 1501 3093 (Psal.
1526 3035 1685 3083 cxvn,
1708 3017 1823 3089 22).

253 3119 320 3172 De
347 3134 452 3186 quo
482 3127 660 3169 monte
686 3116 1017 3185 praeciditur,
1049 3115 1145 3167 nisi
1193 3115 1257 3168 de
1287 3127 1450 3183 regno
1487 3112 1788 3167 Juda'orum
1809 3153 1823 3175 ,

252 3209 381 3262 unde
410 3208 665 3261 Dominus
698 3216 879 3261 noster
905 3205 1057 3260 Jesus
1082 3205 1325 3258 Christus
1371 3202 1662 3258 secundum
1705 3218 1824 3257 car-

253 3316 365 3353 nem
413 3310 568 3352 natus
619 3299 743 3352 est?
787 3298 853 3351 Et
884 3296 1187 3366 pra‘ciditur
1230 3296 1342 3348 sine
1385 3294 1662 3357 manibUs,
1713 3296 1827 3350 sine

253 3406 405 3458 opere
447 3390 716 3452 humano;
750 3387 872 3456 quia
916 3386 1032 3439 sine
1076 3384 1323 3454 amplexu
1365 3385 1587 3439 maritali
1628 3386 1693 3439 de
1722 3385 1826 3437 vir-

252 3481 366 3548 gine
405 3487 624 3532 exortus
655 3485 760 3530 est.
811 3476 959 3529 Mons
990 3475 1078 3528 ille
1119 3473 1257 3527 unde
1287 3475 1537 3541 prtecisus
1562 3484 1675 3539 est,
1719 3488 1823 3527 non

252 3571 557 3638 impleverat
588 3568 888 3621 universam
921 3564 1105 3618 faciem
1135 3572 1288 3617 terra:
1315 3580 1327 3615 :
1360 3578 1461 3616 non
1504 3562 1644 3618 enim
1672 3570 1825 3616 tenu-

250 3668 357 3712 erat
382 3674 606 3727 regnum
650 3657 952 3711 Judazorum
992 3668 1178 3707 omnes
1208 3661 1408 3721 gentes.
1466 3653 1535 3705 At
1574 3668 1699 3706 vero
1741 3667 1826 3706 re-

249 3764 401 3820 gnum
439 3749 679 3814 Christi,
720 3747 1028 3801 universum
1059 3744 1242 3799 orbem
1274 3750 1530 3797 terrarum
1558 3742 1824 3796 cernimus

249 3855 525 3907 occupare.

318 3931 399 3985 16.
440 3930 558 3984 Jam
588 3928 653 3983 ad
692 3936 895 3983 sextam
932 3935 1139 3981 :etatem
1180 3926 1408 3996 pertinet
1451 3925 1680 3981 Joannes
1733 3926 1825 3980 Ba-

253 4022 545 4092 ptista,quo
564 4034 723 4073 nemo
747 4020 1043 4073 exsurrexit
1074 4017 1242 4086 major
1268 4017 1317 4069 in
1348 4016 1482 4069 natis
1504 4017 1778 4069 mulierum
1806 4032 1819 4068 :

250 4112 310 4165 de
329 4128 431 4181 quo
451 4111 652 4166 dictum
675 4117 785 4173 est,
831 4107 1001 4177 Major
1024 4125 1172 4177 quam
1216 4108 1457 4177 propheta
1486 4106 1696 4177 (Matth.
1732 4123 1819 4173 ιι,

251 4205 303 4265 ll
324 4247 339 4268 ,
368 4204 445 4273 9).
470 4202 750 4270 Quomodo
776 4212 827 4256 et
854 4202 964 4268 ipse
995 4200 1259 4265 ostendit,
1284 4201 1404 4269 quia
1431 4200 1673 4253 omnibus
1693 4215 1819 4269 gen-

250 4294 380 4347 tibus
408 4296 606 4348 missus
631 4302 709 4346 est
734 4291 1252 4357 Christus?Quando
1278 4290 1454 4344 Judmi-
1473 4298 1729 4344 venerunt
1755 4289 1820 4344 ad

248 4399 360 4439 eum
389 4395 448 4439 ut
490 4386 919 4453 baptizarenlur,
951 4393 1004 4438 et
1044 4400 1110 4438 ne
1139 4383 1473 4451 superbirent
1513 4383 1578 4435 de
1608 4382 1821 4437 nomine

246 4475 508 4527 Abraham
530 4516 543 4536 ,
575 4474 872 4536 Generatio,
906 4474 1102 4542 inquit,
1136 4473 1436 4543 viperarum,
1469 4471 1579 4541 quis
1607 4472 1819 4525 ostendit

246 4566 377 4619 vobis
396 4570 573 4637 fugere
594 4565 654 4617 ab
676 4566 754 4618 ira
784 4566 1030 4619 ventura?
1052 4566 1201 4635 facite
1235 4580 1349 4633 ergo
1368 4567 1587 4633 fructum
1614 4561 1820 4631 dignum

244 4656 577 4721 pauitentice;
629 4654 680 4707 id
719 4664 829 4720 est,
883 4654 1108 4708 humiles
1151 4661 1361 4708 estote:
1394 4653 1635 4721 superbis
1676 4652 1817 4706 enim

245 4745 576 4814 loquebatur.
610 4744 762 4800 Unde
803 4755 978 4799 autem
1026 4752 1178 4799 erant
1207 4742 1456 4812 superbi?
1504 4744 1576 4796 De
1621 4757 1817 4811 genere

241 4838 449 4901 carnis,
504 4851 612 4889 non
639 4835 706 4889 de
751 4834 919 4889 fructu
966 4833 1270 4888 imitationis
1312 4831 1477 4903 patris
1527 4831 1814 4885 Abraham.

238 4926 369 4989 Quid
397 4927 476 4981 eis
504 4926 617 4979 ait?
647 4924 821 4978 Nolite
841 4925 1022 4988 dicere,
1062 4922 1265 4976 Patrem
1287 4921 1521 4975 habemus
1542 4920 1817 4975 Abraham:

238 5026 414 5081 potens
442 5026 519 5069 est
560 5015 693 5067 enim
730 5014 867 5067 Deus
904 5014 964 5066 de
992 5012 1243 5083 lapidibus
1279 5013 1387 5065 istis
1417 5011 1656 5065 suscitare
1682 5010 1817 5079 ﬁlios

236 5107 453 5159 Abralne
485 5104 597 5177 (Id.
628 5122 702 5170 Ill,
737 5104 882 5175 7-9).
924 5104 1147 5172 Lapides
1173 5103 1355 5158 dicens
1384 5117 1567 5156 omnes
1593 5110 1776 5171 gentes
1795 5139 1811 5166 ,

235 5210 337 5248 non
369 5203 589 5265 propter
625 5195 922 5247 firmitatem
948 5232 963 5259 ,
1009 5193 1147 5246 sicut
1188 5192 1318 5260 lapis
1342 5192 1513 5245 dictus
1551 5200 1632 5245 est
1655 5205 1811 5260 quem

234 5286 655 5354 reprobaverunt
699 5282 1060 5348 aedificantes;
1108 5281 1202 5336 sed
1230 5291 1443 5350 propter
1470 5281 1809 5335 stoliditatem

234 5385 283 5430 et
312 5379 561 5433 duritiam
585 5377 827 5432 stultitim
846 5417 860 5441 ,
892 5378 1011 5445 quia
1037 5376 1113 5429 eis
1139 5390 1268 5444 quos
1294 5374 1580 5428 adorabant
1606 5372 1805 5427 similes

234 5465 351 5520 facti
380 5478 529 5522 erant
556 5487 572 5524 :
605 5466 902 5520 adorabaut
921 5466 1062 5519 enim
1089 5464 1355 5520 insensata
1385 5462 1684 5526 simulacra,
1710 5475 1802 5530 pa-

236 5556 360 5610 riter
397 5560 671 5616 insensati.
720 5556 873 5611 Unde
902 5555 1193 5609 insensati?
1219 5554 1479 5619 Quoniam
1512 5552 1563 5605 in
1597 5552 1807 5605 Psalmo

238 5649 452 5725 dicitur,
480 5654 692 5711 Similes
717 5652 826 5706 illis
854 5652 977 5720 ﬁant
995 5652 1081 5720 qui
1110 5651 1300 5722 faciunt
1329 5667 1416 5716 ea,
1449 5658 1498 5703 et
1537 5666 1704 5703 omnes
1724 5650 1808 5713 qui

234 5746 488 5812 conﬁdunt
527 5747 578 5800 in
611 5744 687 5800 eis
728 5739 903 5812 (Psal.
929 5756 1088 5807 cxm,
1122 5739 1196 5812 8).
1233 5740 1355 5797 Ideo
1396 5756 1514 5796 cum
1548 5742 1805 5811 coeperint

1500 372 1901 431 TllACTATUS
1941 375 2004 430 Χ.
2045 375 2270 437 CAPUT
2309 380 2370 439 ΙΙ.

1936 491 2175 583 homines
2220 497 2383 553 Deum
2414 500 2663 569 adorare,
2702 503 2825 573 quid
2855 506 3105 562 audiunt?
3152 506 3217 563 Ut
3260 510 3365 566 sitis
3406 515 3502 583 ﬁlii

1936 580 2107 639 Patris
2136 590 2283 640 uestri
2309 591 2394 660 qui
2421 592 2472 642 in
2498 592 2629 645 ccelis
2656 604 2746 659 est,
2772 596 2857 665 qui
2880 597 3033 650 solem
3060 615 3204 651 suum
3230 602 3350 671 facit
3379 580 3501 657 oriri

1934 692 2082 743 super
2108 677 2259 731 bonos
2285 689 2331 731 et
2381 682 2567 745 malos,
2600 693 2644 735 et
2670 682 2799 755 pluit
2837 703 2988 757 super
3020 689 3190 757 justas
3217 701 3261 742 et
3291 691 3500 761 injustas

1935 765 2146 834 (Matth.
2173 783 2226 833 γ,
2255 770 2365 836 45).
2388 770 2718 841 Quapropter
2736 774 2777 827 si
2800 774 2847 829 ei
2876 777 2932 828 fit
2950 776 3109 831 homo
3128 779 3313 833 similis
3341 797 3497 849 quem

1933 855 2148 921 adorat;
2197 858 2319 927 quid
2359 870 2472 925 est,
2506 860 2690 916 Potens
2716 874 2788 917 est
2813 864 2949 919 Deus
2990 866 3053 919 de
3093 868 3342 937 lapidibus
3390 872 3501 925 istis

1933 947 2173 1001 suscitare
2201 950 2333 1016 ﬁlios
2358 951 2607 1006 Abrahae?
2632 954 2737 1008 Nos
2760 956 2902 1023 ipsos
2924 957 3328 1027 interrogemus,
3354 969 3407 1015 et
3433 962 3503 1015 vi-

1933 1033 2118 1090 demus
2144 1038 2263 1106 quia
2284 1038 2474 1092 factum
2494 1050 2592 1094 est.
2611 1041 2715 1096 Nos
2732 1046 2871 1097 enim
2889 1044 2954 1099 de
2974 1047 3217 1115 gentibus
3234 1049 3494 1116 venimus;

1932 1123 2000 1178 de
2028 1127 2271 1193 gentibus
2297 1137 2470 1183 autem
2500 1146 2601 1184 non
2631 1133 2957 1201 veniremus,
2990 1136 3087 1189 nisi
3121 1138 3258 1191 Deus
3280 1140 3344 1193 de
3370 1140 3501 1210 lapi-

1932 1214 2087 1269 dibus
2107 1220 2412 1274 suscitasset
2438 1220 2573 1276 filios
2594 1223 2836 1277 Abrahae.
2860 1224 3003 1279 Facti
3028 1241 3207 1281 sumus
3227 1227 3317 1282 filii
3333 1230 3501 1284 Abra-

1934 1304 2016 1359 hae
2046 1306 2297 1361 imitando
2325 1309 2477 1364 fidem
2499 1353 2513 1377 ,
2543 1326 2646 1365 non
2674 1313 2936 1368 nascendo
2960 1330 3055 1385 per
3079 1332 3312 1371 carnem.
3342 1318 3494 1375 Sicut

1933 1397 2071 1450 enim
2104 1398 2176 1451 illi
2203 1399 2572 1469 degenerando
2599 1403 2951 1469 cxhaeredati;
3003 1406 3079 1460 sic
3116 1422 3212 1461 nos
3242 1409 3497 1465 imitando

1933 1487 2191 1558 adoptati.
2223 1492 2387 1561 Ergo,
2421 1492 2637 1560 fratres,
2685 1494 2749 1547 ad
2781 1511 2963 1549 omnes
2992 1506 3175 1565 gentes
3205 1498 3500 1565 pertinebat

1932 1580 2088 1633 etiam
2121 1580 2217 1635 ista
2243 1591 2405 1636 sextae
2436 1583 2635 1655 hydria:
2667 1584 2973 1655 prophetia;
3004 1595 3056 1639 et
3082 1587 3199 1640 ideo
3227 1587 3293 1641 de
3329 1589 3500 1641 omni-

1933 1668 2028 1723 bus
2054 1671 2247 1724 dictum
2279 1682 2359 1726 est
2379 1715 2392 1739 ,
2425 1664 2687 1751 capientes
2716 1684 2943 1728 metretas
2973 1676 3111 1729 binas
3136 1677 3209 1729 vel
3236 1684 3422 1730 ternas.

2004 1762 2089 1812 l7.
2130 1761 2231 1814 Sed
2266 1764 2527 1831 quomodo
2548 1764 2874 1816 ostendimus
2904 1779 3091 1818 omnes
3118 1774 3299 1833 gentes
3336 1766 3498 1834 perti-

1932 1866 2059 1905 nere
2090 1852 2152 1903 ad
2180 1853 2327 1905 binas
2352 1854 2430 1907 vel
2465 1864 2640 1908 ternas
2680 1856 2966 1909 metretas?
2997 1855 3328 1910 Aistimantis
3355 1858 3497 1911 enim

1930 1940 2028 1995 fuit
2055 1944 2442 2012 quodammodo
2462 1988 2476 2011 ,
2510 1954 2563 1999 ut
2593 1949 2729 2016 ipsas
2757 1947 2957 2000 diceret
2986 1948 3137 2000 binas
3156 1990 3171 2012 ,
3199 1963 3329 2016 quas
3351 1948 3501 2002 dixe-

1929 2044 2010 2086 rat
2034 2042 2209 2087 ternas
2228 2077 2241 2098 ,
2278 2035 2344 2089 ad
2362 2037 2835 2089 commendandum
2858 2037 3058 2091 scilicet
3085 2045 3494 2090 sacramentum.

1931 2125 2207 2190 Quomodo
2235 2137 2355 2179 sunt
2382 2127 2517 2179 bime
2546 2128 2821 2181 metretm?
2841 2127 3184 2181 Circumeisio
3216 2137 3267 2183 et
3293 2144 3497 2197 purpu-

1932 2217 2080 2269 tium.
2115 2216 2221 2272 llos
2261 2216 2395 2272 duos
2426 2218 2645 2287 populos
2690 2218 2957 2287 Scriptura
2986 2228 3396 2286 commemorat,
3445 2231 3501 2276 et

1931 2308 2128 2359 nullum
2176 2308 2525 2375 pra-termittit
2567 2309 2833 2362 hominum
2865 2324 3029 2379 genus
3050 2352 3064 2375 ,
3093 2311 3303 2379 quando
3329 2312 3495 2378 dicit,

1930 2396 2251 2450 Circumcisio
2274 2407 2316 2450 et
2344 2400 2642 2468 prteputium
2688 2398 2902 2468 (Coloss.
2932 2416 3007 2466 ιιι,
3040 2402 3168 2470 il);
3198 2401 3249 2455 in
3294 2401 3499 2458 duobus

1930 2487 2044 2542 istis
2090 2489 2389 2544 nominibus
2416 2489 2580 2544 habes
2605 2506 2789 2545 omnes
2830 2501 3046 2561 gentes:
3080 2494 3217 2547 bina}
3263 2504 3501 2549 metretas

1930 2592 2071 2636 sunt.
2102 2583 2427 2638 llisduobus
2459 2584 2742 2654 parietibus
2758 2584 2824 2639 de
2844 2585 3054 2640 diverso
3076 2587 3406 2641 venientibus
3433 2587 3499 2641 ad

1930 2690 2111 2743 pacem
2141 2675 2190 2727 in
2220 2676 2398 2743 seipse
2424 2674 2717 2729 faciendam
2742 2717 2756 2740 ,
2785 2677 2918 2744 lapis
2940 2677 3202 2745 angularis
3229 2677 3394 2732 factus
3418 2686 3501 2733 est

1932 2764 2172 2819 Christus
2219 2764 2442 2837 (Ep/tes.
2478 2781 2533 2828 ιι,
2565 2764 2776 2837 ιιι-20).
2825 2766 3174 2821 Ostendamus
3222 2776 3273 2820 et
3324 2776 3498 2822 ternas

1929 2864 2181 2909 metretas
2203 2856 2252 2908 in
2279 2855 2477 2909 eisdem
2494 2856 2618 2924 ipsis
2638 2857 2879 2909 omnibus
2897 2857 3159 2926 gentibus.
3190 2857 3320 2911 Tres
3345 2866 3495 2911 erant

1931 2947 2019 3000 lilii
2051 2946 2161 3000 Noe
2207 2944 2357 3019 (Gen.
2378 2962 2432 3012 γ,
2463 2948 2573 3017 3f),
2604 2963 2698 3015 per
2728 2962 2860 3015 quos
2900 2957 3199 3016 reparatum
3231 2956 3309 3002 est
3333 2963 3500 3017 genus

1931 3037 2237 3091 humanum.
2271 3036 2421 3093 Unde
2452 3038 2702 3091 Dominus
2723 3038 2830 3091 ait:
2861 3036 3041 3092 Simile
3065 3048 3138 3091 est
3164 3055 3369 3109 regnum
3402 3054 3499 3092 cc-

1928 3127 2090 3181 lorum
2125 3131 2393 3198 fermento,
2432 3128 2564 3195 quod
2584 3129 2774 3198 accepit
2796 3128 2972 3181 mulier
2998 3138 3043 3182 et
3066 3128 3319 3182 abscondit
3335 3130 3385 3182 in
3416 3133 3498 3202 fa-

1926 3220 2055 3273 rina:
2088 3220 2334 3272 mensuris
2364 3218 2520 3272 tribus
2540 3260 2553 3284 ,
2585 3219 2904 3288 quoadusque
2944 3223 3323 3290 fermentaretur
3342 3228 3499 3271 totum

1930 3308 2076 3381 (Luc.
2106 3325 2217 3372 xm,
2247 3308 2364 3381 2|).
2395 3308 2521 3374 Qua:
2551 3317 2631 3363 est
2660 3310 2758 3362 ista
2802 3311 3024 3374 mulier,
3076 3310 3175 3363 nisi
3216 3324 3340 3364 caro
3389 3310 3495 3363 Do-

1927 3400 2055 3454 mini
2081 3400 2104 3452 ?
2128 3399 2277 3465 Quod
2320 3408 2403 3454 est
2433 3402 2776 3466 fermentum,
2819 3399 2917 3453 nisi
2948 3400 3328 3470 Evangelium?
3372 3400 3500 3465 Quae

1926 3500 2050 3545 sunt
2076 3500 2182 3545 tres
2210 3505 2503 3556 mensurae,
2534 3491 2634 3545 nisi
2661 3506 2848 3545 omnes
2872 3500 3085 3560 gentes,
3131 3501 3348 3561 prepter
3390 3500 3499 3545 tres

1928 3584 2066 3638 filios
2103 3583 2246 3638 Noe?
2277 3583 2419 3651 Ergo
2444 3599 2531 3635 sex
2567 3582 2762 3653 hydrite
2793 3583 3043 3652 capientes
3069 3583 3209 3636 binas
3228 3581 3305 3636 rel
3334 3593 3498 3636 ternas

1926 3684 2156 3728 metretas
2176 3715 2191 3739 ,
2218 3688 2311 3728 sex
2338 3680 2459 3726 sunt
2505 3681 2688 3727 artates
2710 3681 3004 3740 temporum
3027 3713 3042 3737 ,
3078 3673 3347 3741 capientes
3378 3687 3497 3740 pro-

1927 3768 2155 3837 phetiam
2189 3768 2539 3834 pertinentem
2566 3764 2631 3817 ad
2659 3780 2842 3818 omnes
2872 3772 3084 3831 gentes,
3133 3764 3244 3816 sive
3284 3764 3336 3815 in
3367 3762 3497 3815 duo-

1924 3861 2025 3914 bus
2053 3857 2334 3927 generibus
2365 3857 2633 3910 hominum
2654 3896 2668 3920 ,
2720 3856 2771 3909 id
2813 3863 2928 3918 est,
2956 3853 3155 3908 .Iuda‘is
3185 3861 3237 3907 et
3266 3852 3491 3920 Grrccis,

1923 3952 2061 4005 sicut
2081 3964 2221 4017 saape
2246 3947 2527 4018 Apostolus
2555 3954 2934 4001 commemorat
2964 3944 3136 4016 (Rom.
3162 3961 3218 4011 ιι,
3251 3946 3304 4010 9;
3331 3945 3346 3996 l
3375 3944 3490 3998 Cor.

1923 4058 1963 4108 ι,
1993 4042 2084 4107 24,
2116 4040 2269 4110 etc.);
2300 4041 2410 4094 sive
2448 4039 2500 4093 in
2530 4039 2726 4105 tribus,
2758 4046 2972 4107 propter
3014 4036 3125 4091 Noe
3169 4046 3274 4091 tres
3324 4036 3491 4101 filios,

1924 4134 2263 4203 signifieatas.
2313 4130 2557 4201 Figurata
2583 4138 2666 4185 est
2693 4130 2833 4185 enim
2874 4129 3145 4198 prophetia
3188 4127 3490 4197 pertingens

1923 4239 2089 4293 usque
2116 4222 2179 4276 ad
2220 4237 2405 4276 omnes
2445 4230 2651 4291 gentes.
2694 4221 2824 4277 Nam
2852 4224 2904 4275 in
2932 4236 2995 4275 eo
3030 4220 3168 4291 quod
3202 4220 3490 4289 pertingit,

1923 4316 2061 4371 dicta
2091 4322 2173 4369 est
2201 4320 2419 4367 metrela
2443 4354 2458 4379 ,
2507 4312 2642 4367 sicut
2678 4313 2806 4367 dicit
2841 4314 3157 4381 Apostolus,
3202 4313 3493 4380 Accepimus

1922 4420 2205 4459 mensuram
2217 4402 2528 4472 pertingendi
2552 4420 2704 4473 usque
2724 4404 2790 4457 ad
2812 4403 2974 4476 vos(ll
2997 4400 3114 4458 Cor.
3136 4418 3190 4466 χ,
3218 4403 3322 4472 15).
3354 4401 3489 4455 Gen-

1924 4501 2061 4555 tibus
2089 4497 2229 4551 enim
2255 4496 2624 4566 evangelizans
2646 4538 2660 4563 ,
2694 4496 2793 4551 hoc
2841 4495 2948 4562 ait,
2986 4511 3267 4548 mensuram
3297 4494 3487 4565 pertin—

1920 4592 2069 4663 gendi
2097 4608 2251 4662 usque
2277 4590 2344 4644 ad
2366 4606 2472 4645 vos.

2442 4721 2850 4778 TRACTATUS
2894 4720 2964 4777 Χ.

1920 4835 1996 4891 Ab
2023 4853 2079 4891 eo
2104 4835 2370 4908 Evangelii
2394 4834 2524 4901 loco,
2568 4835 2692 4888 Post
2718 4833 2832 4887 haec
2861 4831 3131 4887 descendit
3160 4831 3223 4885 ad
3250 4831 3484 4900 Caphar-

1990 4942 2147 4981 naum
2168 4927 2278 4996 ipse
2297 4934 2353 4980 et
2377 4934 2546 4979 mater
2571 4924 2707 4995 ejus,
2734 4932 2853 4988 etc.,
2876 4938 3031 4992 usque
3055 4921 3122 4974 ad
3166 4921 3239 4987 id,
3272 4921 3362 4975 ille
3388 4935 3484 4973 au-

1990 5025 2096 5071 tem
2109 5016 2388 5070 dicebatde
2410 5015 2602 5084 templo
2614 5014 2850 5084 corporis
2871 5014 2969 5067 sui.
2988 5012 3111 5083 Cap.
3127 5028 3182 5076 n,
3204 5013 3237 5081 γ
3262 5010 3480 5064 ,12-21.

1991 5109 2041 5161 l.
2085 5107 2141 5161 In
2189 5106 2400 5161 Psalmo
2446 5106 2667 5161 audistis
2717 5106 2969 5176 gemitum
3012 5104 3288 5174 pauperis,
3336 5103 3485 5172 cujus

1918 5198 2154 5253 membra
2211 5212 2305 5266 per
2345 5205 2508 5250 totam
2562 5207 2757 5251 terram
2807 5196 3166 5251 tribulationcs
3216 5194 3483 5264 patiuntur

1916 5303 2083 5359 usque
2104 5289 2153 5341 in
2178 5287 2334 5341 finem
2360 5288 2560 5343 saeculi.
2607 5287 2747 5343 Satis
2781 5286 2918 5358 agite
2937 5326 2950 5349 ,
2978 5286 3166 5341 fratres
3186 5284 3319 5353 mei,
3364 5300 3485 5341 esse

1920 5380 1975 5433 in
2019 5378 2100 5433 his
2144 5379 2398 5434 membris
2422 5388 2475 5434 et
2503 5379 2570 5435 de
2601 5378 2685 5435 his
2723 5377 2973 5433 membris
3003 5396 3018 5432 :
3047 5393 3165 5431 nam
3217 5379 3483 5433 tribulatio

1917 5479 2024 5525 tota
2053 5472 2334 5525 transitura
2360 5479 2459 5526 est.
2490 5471 2580 5525 Vm
2605 5471 2952 5542 gaudentibus
2975 5470 3122 5543 (Luc.
3140 5487 3213 5536 νι,
3234 5471 3349 5542 25)!
3382 5471 3486 5526 Ye-

1912 5564 2042 5618 ritas
2070 5564 2227 5617 dicit:
2265 5563 2405 5618 Beati
2429 5566 2670 5635 lugentes,
2698 5565 2933 5633 quoniam
2968 5565 3065 5634 ipsi
3091 5566 3479 5619 consolabuntur

1913 5653 2122 5723 (Matth.
2146 5670 2198 5717 v,
2227 5654 2303 5723 5).
2336 5654 2476 5708 Deus
2504 5654 2663 5707 homo
2683 5652 2850 5708 factus
2874 5663 2953 5709 est
2979 5674 2990 5709 :
3022 5656 3143 5724 quid
3170 5655 3374 5710 futurus
3396 5665 3477 5710 est

1913 5743 2076 5797 homo
2095 5784 2110 5811 ,
2137 5752 2351 5813 propter
2369 5757 2527 5813 quem
2551 5743 2686 5799 Deus
2710 5741 2879 5799 factus
2898 5753 2978 5799 est
3004 5743 3198 5800 homo?
3218 5745 3341 5800 lixae
3358 5759 3478 5815 spes
