4074 6464
492 326 621 379 Mli?

491 435 798 490 consoletur
817 448 912 487 nos
930 433 980 486 in
999 428 1142 484 omni
1165 428 1497 483 tribulatione
1513 437 1567 481 et
1593 423 1875 479 tentatione
1906 421 2063 489 hujus

495 529 635 582 vitae.
675 524 788 578 Non
816 523 955 578 enim
985 530 1160 578 cessat
1206 519 1448 573 inimicus
1498 515 1773 585 persequi;
1805 522 1859 568 et
1892 514 1935 566 si
1963 528 2066 565 non

494 628 675 689 aperte
688 617 856 679 SIBVlt,
873 614 1074 670 insidiis
1091 613 1212 682 agit.
1226 611 1358 677 Quid
1376 609 1513 663 enim
1527 609 1634 676 agit
1646 607 1688 659 '?
1703 606 1765 658 Et
1783 623 1930 675 super
1942 605 2070 657 iram

498 711 673 764 dolose
698 712 905 778 agebant
933 705 1100 778 (Psal.
1126 719 1307 768 xxxiv,
1337 700 1449 770 9.0).
1475 699 1599 753 lude
1626 699 1795 751 dictus
1819 706 1900 751 est
1915 697 1998 750 leo
2019 705 2072 749 et

497 801 678 854 draco.
708 797 812 852 Sed
833 797 958 867 quid
979 796 1170 849 dicitur
1188 791 1430 846 Christo?
1451 789 1515 843 Et
1544 786 1854 842 couculcabis
1880 786 2070 840 leonem

497 903 544 946 et
572 893 839 945 draconem
866 888 1032 960 (Psal.
1058 901 1140 948 xc,
1163 884 1270 954 15).
1293 883 1400 936 Leo
1423 891 1639 952 propter
1654 888 1890 948 apertam
1916 878 2069 940 iram,

497 983 657 1037 draco
687 990 900 1050 propter
925 976 1157 1030 occultas
1205 973 1438 1028 insidias.
1486 973 1654 1026 Draco
1697 971 1852 1038 ejecit
1905 967 2071 1021 Adam

503 1072 570 1126 de
597 1071 842 1140 paradiso
860 1109 876 1133 ,
909 1067 1043 1120 idem
1069 1065 1180 1132 ipse
1208 1064 1291 1117 leo
1319 1073 1624 1132 persecutus
1650 1069 1730 1115 est
1757 1058 2070 1122 Ecclesium,

502 1162 710 1216 dicente
741 1160 896 1212 Petro
920 1198 934 1220 ,
984 1156 1115 1220 Quia
1155 1154 1468 1206 adversarius
1507 1162 1660 1206 vester
1682 1151 1911 1203 diabolus
1950 1149 2075 1202 sicut

509 1252 586 1305 leo
611 1251 810 1320 rugiens
840 1247 1034 1312 circuit,
1053 1262 1281 1316 quaerens
1301 1261 1446 1315 quem
1469 1243 1665 1297 devoret
1683 1241 1726 1314 (l
1754 1242 1890 1295 Pelr.
1915 1256 1967 1304 v,
1994 1239 2071 1311 8).

505 1343 621 1398 Νοιι
655 1341 742 1396 tibi
771 1339 1026 1394 sawitiam
1049 1353 1198 1392 suam
1224 1336 1517 1406 perdidisse
1542 1335 1782 1388 diabolus
1802 1333 2071 1386 videatur:

508 1429 718 1501 quando
746 1427 1031 1490 blanditur,
1065 1436 1187 1480 tunc
1215 1426 1380 1493 magis
1407 1423 1668 1478 cavendus
1690 1431 1790 1476 est.
1816 1421 2077 1476 Sedinter

503 1521 600 1574 has
629 1535 815 1573 omnes
837 1517 1054 1572 insidias
1081 1525 1133 1570 et
1150 1515 1263 1585 ejus
1285 1514 1620 1575 tentationes,
1651 1511 1776 1580 quid
1800 1511 2072 1572 faciemus,

506 1612 611 1666 nisi
639 1610 780 1681 quod
799 1611 868 1664 ibi
905 1608 1217 1670 audivimus,
1245 1605 1355 1676 Ego
1372 1613 1556 1667 autem,
1579 1619 1692 1656 cum
1727 1602 1850 1654 mihi
1881 1599 2076 1654 molesti

509 1712 689 1768 essent,
708 1700 972 1756 induebant
990 1717 1066 1753 me
1081 1699 1264 1761 cilicio,
1285 1705 1332 1752 et
1350 1697 1672 1749 humiliabam
1691 1695 1740 1747 in
1749 1693 1949 1764 jejunio
1967 1692 2080 1745 ani-

504 1811 639 1849 mam
665 1809 841 1847 meam.
871 1792 966 1844 Est
1002 1791 1091 1859 qui
1123 1788 1387 1852 exaudiat,
1410 1802 1477 1841 ne
1498 1785 1749 1840 dubitetis
1765 1799 1918 1838 orare
1951 1800 1963 1834 :
1989 1783 2077 1851 qui

510 1894 687 1940 autem
715 1882 959 1949 exaudit,
985 1882 1124 1935 intus
1148 1887 1346 1933 manet.
1376 1878 1487 1932 Non
1511 1877 1562 1930 in
1589 1883 1821 1930 montem
1851 1874 2078 1943 aliquem

501 1975 685 2030 oculos
739 1971 1010 2042 dirigatis,
1070 1985 1177 2024 non
1230 1969 1418 2023 faciem
1473 1967 1526 2020 in
1557 1966 1738 2020 stellas
1784 1973 1874 2018 aut
1910 1963 2078 2018 solem

502 2072 594 2118 aut
613 2063 788 2117 lunam
817 2062 1020 2115 levetis.
1053 2059 1170 2115 Non
1203 2067 1326 2113 tunc
1350 2056 1590 2113 exaudiri
1614 2069 1706 2109 vos
1726 2053 2076 2116 arbitremini,

502 2154 716 2224 quando
761 2169 922 2221 super
972 2167 1121 2206 mare
1165 2149 1370 2205 oratis:
1421 2149 1527 2203 imo
1569 2146 1907 2202 detestamini
1950 2145 2081 2198 tales

503 2245 790 2299 orationes.
817 2243 1004 2298 Munda
1024 2251 1223 2297 tantum
1240 2240 1538 2294 cubiculum
1555 2238 1728 2293 cordis
1749 2256 1763 2292 :
1783 2237 1870 2291 ubi
1898 2234 2077 2294 fueris,

512 2333 825 2403 ubicumque
851 2331 1117 2396 oraveris,
1152 2331 1294 2384 intus
1333 2337 1413 2382 est
1441 2329 1527 2398 qui
1559 2326 1834 2390 exaudiat,
1861 2325 2000 2379 intus
2027 2325 2079 2377 in

490 2431 708 2481 .secreto
727 2464 740 2488 ,
773 2437 931 2492 quem
961 2422 1132 2474 sinum
1165 2426 1320 2472 vocat
1339 2432 1458 2471 cum
1487 2417 1595 2481 ait,
1624 2415 1690 2468 Et
1711 2415 1870 2468 oratio
1894 2430 2003 2466 mea
2029 2414 2081 2466 in

501 2516 615 2569 sinu
646 2530 753 2568 meo
782 2521 1093 2566 convertetur
1117 2510 1288 2582 (Psal.
1308 2525 1494 2572 xxxrv,
1522 2508 1632 2577 15).
1659 2507 1758 2574 Qui
1781 2515 1830 2559 te
1845 2504 2076 2570 exaudit,

505 2621 608 2660 non
631 2612 714 2659 est
739 2613 932 2674 prteler
965 2611 1034 2656 te.
1066 2601 1182 2656 Non
1210 2600 1368 2670 longe
1392 2597 1554 2652 vadas
1577 2639 1591 2661 ,
1620 2611 1717 2650 nec
1744 2604 1795 2649 te
1820 2593 2041 2649 extollas
2061 2635 2076 2658 ,

505 2705 560 2751 ut
586 2696 734 2766 quasi
763 2695 990 2764 attingas
1019 2694 1164 2747 illum
1189 2693 1450 2746 manibus.
1477 2689 1638 2758 Magis
1659 2689 1702 2742 si
1730 2697 1781 2742 te
1803 2687 2076 2753 extuleris,

502 2787 658 2841 cades
691 2804 704 2838 :
738 2786 780 2839 si
814 2793 863 2838 te
904 2784 1268 2838 huniiliaveris
1289 2824 1302 2847 ,
1335 2783 1449 2851 ipse
1475 2779 1938 2850 appropinquabit.
1985 2779 2080 2832 llic

502 2877 756 2931 Dominus
809 2877 948 2929 Deus
993 2882 1174 2928 noster
1219 2872 1450 2927 Verbum
1502 2873 1627 2937 Dei,
1681 2871 1910 2926 Verbum
1955 2885 2080 2924 caro

501 2965 730 3030 factum,
781 2964 942 3018 Filius
973 2964 1173 3026 Patris,
1207 2962 1370 3016 Filius
1412 2960 1540 3026 Dei,
1585 2961 1750 3015 Filius
1798 2960 2073 3014 hominis:

503 3055 742 3110 excelsus
771 3063 828 3107 ut
870 3069 968 3108 nos
1013 3053 1245 3118 faceret,
1300 3052 1510 3104 humilis
1564 3059 1621 3104 ut
1665 3065 1762 3104 nos
1799 3049 2076 3117 reficeret,

503 3149 780 3204 ambulans
811 3150 947 3202 inter
999 3146 1278 3214 homines,
1312 3145 1517 3215 patiens
1560 3143 1817 3206 humana,
1852 3142 2078 3196 abscon-

502 3239 633 3294 deus
661 3240 858 3293 divina.

569 3330 626 3384 2.
668 3329 952 3395 Descendit,
985 3337 1043 3382 ut
1070 3327 1196 3382 dicit
1223 3325 1586 3395 Evangelista,
1614 3324 1666 3377 in
1698 3323 2075 3394 Capharnaum,

501 3421 607 3490 ipse
635 3429 679 3474 et
706 3429 863 3473 mater
888 3421 1026 3490 ejus,
1053 3429 1100 3473 et
1142 3421 1324 3489 fratres
1350 3420 1457 3487 ejus
1476 3459 1490 3483 ,
1521 3426 1568 3470 et
1596 3415 1834 3485 discipuli
1863 3418 1971 3485 ejus
1989 3456 2004 3481 ,
2033 3425 2078 3467 et

501 3509 569 3562 ibi
598 3519 883 3562 manserunt
924 3526 1022 3562 non
1061 3509 1232 3561 multis
1260 3507 1450 3560 diebus.
1483 3507 1616 3560 Ecce
1653 3506 1810 3559 habet
1835 3515 2076 3567 matrem,

503 3599 660 3654 habet
687 3598 896 3664 fratres,
926 3598 1083 3652 habet
1109 3606 1162 3650 et
1187 3597 1473 3664 discipulos
1502 3615 1513 3648 :
1544 3595 1664 3648 inde
1693 3593 1911 3660 fratres,
1941 3595 2079 3648 unde

503 3700 744 3743 matrem.
773 3689 984 3743 Fratres
1008 3689 1146 3741 enim
1175 3688 1444 3756 Scriptura
1467 3696 1664 3752 nostra,
1690 3702 1792 3739 non
1821 3701 1912 3739 eos
1936 3687 2080 3740 solos

499 3780 765 3848 appellare
793 3779 1102 3845 consuevit,
1131 3779 1217 3848 qui
1258 3788 1543 3832 nascuntur
1569 3795 1633 3832 ex
1672 3777 1859 3832 eodem
1888 3777 2000 3831 viro
2028 3787 2082 3832 et

501 3870 716 3938 femina,
739 3879 830 3925 aut
849 3887 910 3926 ex
935 3872 1120 3926 eodem
1141 3881 1308 3936 utero,
1325 3880 1410 3923 aut
1431 3886 1491 3924 ex
1512 3870 1696 3924 eodem
1718 3878 1882 3938 patre,
1898 3884 2081 3938 quam-

499 3962 580 4016 vis
601 3963 823 4016 diversis
846 3964 1131 4027 matribus;
1155 3971 1244 4015 aut
1263 3969 1407 4016 certe
1429 3977 1491 4015 ex
1519 3961 1705 4016 eodem
1731 3960 1916 4031 gradu,
1941 3961 2082 4015 velut

500 4053 888 4120 compatrucles
916 4063 1005 4106 aut
1029 4034 1374 4107 coasobrinos
1399 4071 1410 4104 :
1436 4068 1539 4105 non
1565 4053 1734 4105 solum
1767 4051 1863 4105 hos
1889 4052 2081 4106 fratres

503 4145 646 4200 novit
675 4145 852 4199 dicere
883 4145 1155 4215 Scriptura
1187 4156 1384 4198 nostra.
1427 4143 1703 4209 Quomodo
1727 4143 1976 4212 loquitur,
2004 4144 2081 4197 sic

500 4234 839 4304 intelligenda
882 4242 981 4289 est.
1036 4233 1204 4288 [labet
1257 4235 1485 4303 linguam
1537 4248 1685 4287 suam
1721 4251 1732 4286 :
1765 4233 2080 4302 quicumque

502 4327 641 4382 hanc
669 4327 897 4396 linguam
926 4327 1112 4392 nescit,
1142 4326 1402 4391 turbatur,
1433 4334 1488 4380 et
1510 4325 1666 4388 dicit,
1703 4325 1852 4379 Unde
1892 4325 2079 4380 fratres

505 4418 730 4472 Domino
747 4420 767 4472 ἲ
787 4419 923 4473 Num
946 4419 1086 4472 enim
1112 4417 1269 4471 Maria
1293 4418 1480 4471 iterum
1503 4414 1739 4485 peperit?
1760 4415 1927 4470 Absit.
1953 4415 2079 4470 lude

501 4509 666 4578 coepit
689 4509 912 4577 dignitas
956 4509 1237 4578 virginum.
1279 4509 1367 4562 llla
1395 4506 1588 4562 femina
1620 4515 1790 4561 mater
1828 4521 1946 4562 esse
1980 4523 2077 4576 po-

505 4601 626 4663 tuit,
657 4601 847 4660 mulier
875 4615 991 4654 esse
1029 4617 1134 4654 non
1169 4601 1354 4670 potuit.
1401 4601 1548 4654 Dicta
1576 4608 1658 4654 est
1684 4607 1858 4653 autem
1889 4599 2081 4654 mulier

501 4693 790 4747 secundum
813 4691 1094 4746 femineum
1116 4707 1328 4758 sexum,
1348 4707 1451 4746 non
1469 4692 1754 4746 secundum
1778 4692 2077 4761 corruptio-

501 4800 624 4840 nem
655 4784 965 4854 integritatis
994 4801 1006 4837 :
1034 4793 1088 4839 et
1113 4784 1213 4838 hoc
1251 4800 1313 4838 ex
1352 4785 1525 4854 lingua
1567 4785 1731 4852 ipsius
1767 4783 2074 4853 Scripturae.

501 4875 631 4930 Nam
657 4883 711 4930 et
737 4875 850 4929 Eva
879 4876 1054 4929 statim
1094 4874 1228 4929 facta
1257 4873 1517 4929 delatore
1562 4874 1660 4928 viri
1700 4875 1802 4938 sui,
1845 4873 2077 4929 nondum

501 4974 742 5021 contacta
775 4980 804 5019 a
832 4966 944 5019 viro
969 4979 1088 5031 suo,
1117 4967 1281 5018 nostis
1313 4965 1435 5034 quia
1461 4965 1650 5018 mulier
1680 4965 1938 5033 appellata
1965 4975 2074 5021 est:

504 5056 568 5110 Et
598 5057 830 5127 farinam
854 5073 964 5110 eaut
997 5057 1049 5109 in
1088 5057 1344 5108 mulierem
1374 5055 1524 5127 (Gen.
1548 5071 1608 5122 ιι,
1635 5053 1746 5126 22).
1779 5055 1927 5110 Unde
1952 5071 2079 5126 ergo

503 5145 734 5200 fratres?
771 5146 993 5216 Cognati
1037 5145 1210 5199 Maria:
1250 5144 1440 5199 fratres
1472 5145 1710 5211 Domini,
1738 5145 1804 5200 de
1846 5145 2080 5214 quolibet

500 5236 665 5304 gradu
707 5236 935 5306 cognati.
978 5235 1130 5291 Unde
1161 5235 1481 5304 probamus?
1520 5236 1597 5288 Ex
1643 5235 1754 5304 ipsa
1784 5234 2076 5302 Scriptura.

503 5326 688 5380 Frater
718 5328 942 5382 Abraba:
970 5327 1143 5382 dictus
1169 5333 1252 5382 est
1273 5325 1375 5381 Lot
1399 5325 1508 5397 (Id.
1532 5343 1644 5393 xui,
1671 5327 1726 5393 8,
1749 5333 1802 5381 et
1826 5343 1932 5389 xiv,
1951 5326 2036 5396 Μ)
2059 5343 2075 5392 ;

503 5417 643 5472 filius
669 5429 782 5472 erat
807 5418 984 5474 fratris
1007 5419 1192 5489 ipsius.
1232 5419 1392 5488 Lege,
1417 5428 1469 5473 et
1498 5419 1732 5473 invenies
1757 5421 1877 5488 quia
1904 5419 2078 5472 Abra-

503 5506 628 5563 ham
656 5519 871 5580 patruus
897 5517 1015 5566 erat
1038 5510 1137 5566 Lot
1152 5508 1262 5582 (Id.
1280 5508 1586 5582 x1,27,5l),
1603 5518 1658 5566 et
1678 5509 1804 5564 dicti
1822 5518 1943 5564 sunt
1968 5509 2076 5564 fra-

568 5698 586 5728 ι
611 5704 804 5747 Maxima
829 5711 939 5760 pars
960 5705 1083 5749 Mss:
1110 5698 1230 5759 Quid
1251 5699 1378 5750 enim
1401 5696 1506 5749 ait?
1529 5703 1583 5749 Et
1604 5711 1747 5761 super
1761 5710 1904 5749 iram.

1407 314 1471 371 IN
1517 309 1783 371 "MNle
1820 305 2278 364 EVANGELIUM.
2328 309 2383 363 S.
2425 310 2785 366 AUCUSTINI

3605 319 3740 375 Hbs

2173 429 2298 474 tres.
2321 419 2488 488 Unde,
2509 422 2605 475 nisi
2627 426 2746 492 quia
2764 423 3005 494 cognati?
3026 423 3152 479 ltem
3168 425 3330 481 Jaeob
3353 427 3528 482 Lahan
3547 429 3740 502 Syrum

2173 513 2400 567 habebat
2437 514 2750 596 avunculum
2787 530 2800 565 :
2839 515 2998 569 frater
3035 515 3176 570 enim
3205 526 3319 571 erat
3346 517 3523 573 Laban
3562 523 3745 575 matris

2172 604 2353 670 Iacob,
2380 604 2429 658 id
2448 613 2529 659 est
2550 605 2801 660 Rebecca:
2823 606 2999 662 uxoris
3021 606 3162 662 lsaac
3179 607 3286 678 (Id.
3303 625 3484 673 xxvru,
3503 613 3580 682 2).
3604 614 3746 684 Lege

2174 694 2518 765 Scripturam,
2539 707 2594 753 et
2623 699 2855 753 invenies
2879 700 2997 768 quia
3022 698 3211 755 fratres
3240 701 3484 758 dicuntur
3511 719 3744 761 avuncu-

2177 789 2258 844 lus
2283 798 2338 844 et
2362 792 2559 845 sororis
2586 791 2722 846 filius
2747 791 2853 862 (Id.
2882 809 3025 858 xxix,
3046 793 3254 865 12-15).
3295 796 3406 864 Qua
3447 799 3622 868 regula
3656 815 3748 854 co-

2175 882 2318 950 gnita
2341 921 2357 946 ,
2397 883 2633 938 invenies
2673 898 2859 939 omnes
2895 884 3315 954 consanguineos
3354 887 3531 943 Mariae
3559 888 3749 945 fratres

2177 987 2294 1028 esse
2321 974 2534 1028 Christi.

2249 1062 2300 1116 3.
2341 1062 2446 1118 Sed
2477 1063 2549 1117 illi
2596 1063 2838 1134 discipuli
2878 1065 3044 1136 magis
3085 1075 3236 1122 erant
3282 1066 3508 1136 fratres;
3537 1071 3657 1139 quia
3697 1083 3751 1126 et

2180 1152 2254 1207 illi
2282 1154 2488 1223 cognati
2518 1152 2703 1208 fratres
2727 1170 2831 1208 non
2853 1164 3048 1221 essent,
3080 1156 3122 1209 si
3153 1156 3390 1226 discipuli
3419 1174 3523 1213 non
3543 1170 3751 1217 essent:

2179 1252 2233 1298 et
2259 1245 2372 1298 sine
2401 1259 2559 1299 causa
2590 1244 2778 1300 fratres
2797 1287 2812 1312 ,
2841 1247 2884 1300 si
2915 1247 3220 1316 magistrum
3261 1265 3364 1303 non
3405 1265 3754 1320 agnoscerent

2179 1337 2415 1390 fratrem.
2440 1337 2569 1392 Nam
2587 1339 2812 1406 quodam
2836 1340 2952 1393 loco
2979 1355 3099 1394 cum
3125 1341 3175 1395 ei
3203 1341 3423 1398 nuntiati
3447 1353 3626 1398 essent
3643 1361 3754 1399 ma-

2182 1437 2261 1482 ter
2285 1438 2338 1481 et
2361 1427 2550 1483 fratres
2575 1431 2688 1498 ejus
2714 1429 2840 1483 foris
2865 1439 3063 1484 stantes
3087 1470 3100 1493 ,
3125 1430 3212 1485 ille
3236 1441 3412 1486 autem
3441 1448 3560 1486 cum
3585 1434 3745 1490 disci-

2181 1519 2316 1586 pulis
2343 1519 2454 1575 suis
2500 1519 2810 1589 loquebatur
2831 1561 2845 1585 ,
2877 1521 2949 1574 ait
2977 1539 2990 1574 :
3019 1521 3144 1586 Qua:
3178 1522 3300 1575 mihi
3334 1534 3518 1587 mater,
3549 1525 3626 1579 vel
3669 1527 3754 1595 qui

2181 1608 2400 1678 fratres?
2432 1608 2495 1661 Et
2519 1608 2788 1664 extendens
2812 1625 3015 1662 manum
3036 1627 3187 1680 super
3211 1611 3482 1681 discipulos
3508 1630 3626 1668 suos
3641 1656 3656 1681 ,
3676 1615 3754 1668 di-

2181 1699 2276 1765 xit,
2301 1698 2373 1752 Ili
2394 1708 2509 1753 sunt
2536 1705 2718 1770 fratres
2742 1701 2836 1754 mei
2865 1717 2882 1754 :
2909 1711 2981 1766 et,
3005 1701 3312 1772 Quicumque
3337 1705 3506 1773 fecerit
3530 1705 3757 1759 volunta-

2183 1797 2279 1848 tem
2302 1789 2472 1845 Patris
2501 1792 2596 1844 mei
2616 1831 2631 1856 ,
2667 1792 2753 1844 ille
2779 1792 2901 1844 milii
2939 1802 3125 1858 mater,
3157 1802 3202 1845 et
3231 1795 3388 1864 frater
3405 1835 3420 1860 ,
3443 1803 3489 1848 et
3516 1812 3660 1849 soror
3681 1807 3756 1850 est

2188 1879 2394 1951 (Matth.
2416 1897 2508 1945 xu,
2526 1882 2740 1952 46-50).
2773 1883 2909 1952 Ergo
2936 1891 2989 1936 et
3015 1882 3196 1948 Maria,
3224 1884 3345 1952 quia
3374 1883 3494 1939 fecit
3520 1887 3756 1941 volunta-

2186 1979 2294 2026 tem
2318 1971 2505 2025 Palris.
2539 1972 2650 2026 Hoc
2665 1972 2715 2025 in
2733 1987 2794 2027 ea
2816 1972 3172 2042 magnificavit
3197 1973 3471 2041 Dominus,
3494 1976 3613 2044 quia
3637 1976 3756 2031 fecit

2185 2063 2511 2117 voluntatem
2543 2063 2736 2129 Patris,
2764 2078 2870 2117 non
2899 2064 3021 2133 quia
3047 2078 3171 2117 caro
3191 2064 3370 2133 genuit
3393 2079 3626 2119 carnem.
3670 2065 3756 2119 ln-

2185 2151 2364 2206 tendat
2397 2150 2636 2207 Charitas
2683 2162 2877 2207 vestra.
2928 2153 3213 2222 Propterea
3251 2167 3370 2208 cum
3414 2153 3664 2210 Dominus
3704 2157 3757 2210 in

2187 2244 2335 2298 turba
2363 2242 2688 2298 admirabilis
2715 2243 2982 2298 videretur
2999 2284 3015 2310 ,
3042 2243 3237 2298 faciens
3261 2245 3408 2314 signa
3429 2254 3479 2299 et
3496 2246 3755 2316 prodigia,

2183 2343 2237 2388 et
2263 2333 2547 2388 ostendens
2576 2333 2700 2403 quid
2717 2335 2904 2388 lateret
2928 2333 2980 2387 in
3010 2348 3188 2400 carne,
3220 2333 3490 2389 admiratze
3518 2337 3756 2405 quaedam

2183 2425 2372 2494 anima:
2401 2423 2679 2478 dixerunt:
2711 2423 2859 2478 Felix
2882 2434 3047 2477 venter
3077 2425 3162 2494 qui
3188 2433 3233 2478 te
3269 2427 3501 2494 portavit.
3531 2426 3597 2480 Et
3626 2428 3713 2482 ille
3743 2447 3755 2480 :

2185 2513 2298 2567 Ima
2323 2515 2489 2583 felices
2509 2517 2593 2584 qui
2619 2514 2828 2568 audiunt
2857 2515 3054 2568 verbum
3081 2514 3196 2580 Dei,
3227 2525 3274 2568 et
3293 2517 3577 2570 custodiunt
3607 2516 3756 2587 (Luc.

2183 2619 2257 2669 x1,
2281 2605 2370 2670 27,
2395 2604 2508 2674 28).
2550 2603 2660 2658 lloc
2686 2613 2768 2659 est
2795 2605 2969 2659 dicere
2987 2646 3002 2671 ,
3033 2605 3098 2659 Et
3134 2615 3302 2661 mater
3346 2622 3461 2660 mea
3485 2623 3643 2677 quam
3671 2624 3760 2678 ap-

2185 2697 2420 2765 pellastis
2445 2696 2671 2762 felicem,
2701 2696 2824 2751 inde
2845 2696 2964 2750 felix
2991 2697 3111 2766 quia
3133 2696 3351 2751 verbum
3381 2697 3471 2752 Dei
3495 2699 3756 2752 custodit:

2185 2804 2287 2842 non
2318 2789 2438 2858 quia
2465 2789 2518 2843 in
2549 2789 2634 2842 illa
2663 2789 2892 2843 Verbum
2918 2803 3043 2842 caro
3068 2786 3264 2843 factum
3295 2797 3397 2854 est,
3427 2799 3483 2844 et
3509 2789 3760 2844 habitavit

2185 2881 2236 2934 in
2266 2879 2418 2933 nobis
2448 2879 2624 2950 (Joan.
2644 2896 2682 2945 ι,
2715 2881 2801 2949 Η)
2829 2897 2844 2944 ;
2875 2879 2969 2934 sed
3008 2881 3127 2951 quia
3156 2879 3381 2934 custodit
3412 2881 3581 2949 ipsum
3623 2881 3760 2937 Ver-

2184 2969 2308 3024 bum
2335 2969 2428 3024 Dei
2460 2985 2555 3038 per
2583 2970 2721 3039 quod
2749 2963 2884 3024 facta
2913 2978 3028 3035 est,
3056 2979 3110 3024 et
3149 2971 3288 3039 quod
3328 2971 3381 3025 in
3419 2971 3505 3024 illa
3532 2986 3658 3026 caro
3689 2972 3760 3025 fa-

2183 3071 2324 3116 ctum
2351 3069 2451 3116 est.
2481 3062 2734 3117 Homines
2760 3077 2867 3117 non
2891 3062 3152 3132 gaudeant
3173 3065 3320 3132 prole
3348 3065 3643 3133 temporali,
3666 3081 3760 3120 ex-

2185 3152 2384 3206 sultent
2403 3152 2448 3206 si
2473 3152 2660 3221 spiritu
2681 3153 2974 3222 junguntur
2997 3153 3124 3209 Deo.
3151 3154 3275 3208 llaac
3300 3154 3526 3210 diximus
3549 3164 3761 3226 propter

2183 3242 2236 3296 id
2287 3242 2427 3311 quod
2485 3243 2560 3296 ait
2602 3243 2966 3312 Evangelista,
3009 3246 3128 3314 quia
3173 3260 3294 3299 cum
3345 3254 3516 3301 matre
3567 3262 3659 3301 sua
3709 3258 3761 3302 et

2185 3332 2432 3387 fratribus
2467 3334 2577 3388 suis
2603 3342 2658 3388 et
2689 3333 2963 3405 discipulis
3007 3335 3260 3390 habitavit
3296 3335 3351 3389 in
3396 3337 3760 3406 Capharnaum

2186 3428 2364 3495 paucis
2389 3426 2595 3481 diebus.

2253 3519 2305 3572 4.
2338 3517 2460 3572 lnde
2489 3517 2613 3586 quid
2638 3518 2910 3588 sequitur?
2935 3517 2998 3571 Et
3027 3533 3181 3588 prape
3204 3527 3309 3572 erat
3329 3517 3529 3573 Pascha
3555 3519 3761 3576 Iudico-

2183 3629 2313 3676 rum,
2333 3620 2378 3664 et
2401 3610 2624 3664 ascendit
2647 3608 3036 3680 Jerosolymam.
3071 3609 3241 3663 Aliam
3268 3625 3378 3664 rem
3406 3621 3602 3676 narrat,
3629 3614 3762 3668 sicut

2183 3718 2240 3756 se
2285 3701 2513 3757 habebat
2554 3701 2850 3756 recordatio
2896 3702 3275 3756 annuntiantis.
3310 3719 3328 3754 i
3356 3704 3420 3756 Et
3467 3705 3666 3759 invenit
3708 3707 3758 3760 in

2185 3793 2380 3862 templo
2408 3791 2698 3846 vendentes
2717 3791 2878 3846 boves
2907 3800 2961 3846 et
2987 3806 3114 3846 oves
3139 3801 3192 3846 et
3220 3793 3589 3857 columbas,-et
3609 3811 3761 3849 num-

2184 3883 2438 3937 mularios
2466 3881 2714 3936 sedentes
2737 3899 2751 3934 :
2781 3891 2834 3936 et
2861 3897 2980 3935 cum
3008 3880 3222 3936 fecisset
3241 3884 3385 3951 quasi
3408 3881 3666 3954 flagellum
3693 3885 3760 3939 de

2183 3973 2467 4038 resticulis,
2495 3987 2680 4026 omnes
2707 3971 2861 4040 ejecit
2901 3971 2967 4026 de
3009 3973 3239 4041 templo;
3273 3971 3436 4028 boves
3475 3989 3683 4044 quoque
3707 3985 3760 4030 et

2183 4078 2329 4129 oves,
2357 4072 2410 4116 et
2431 4061 2902 4115 nummulariorum
2921 4060 3104 4115 effudit
3128 4076 3222 4125 res,
3245 4071 3298 4116 et
3317 4077 3526 4116 mensas
3543 4065 3759 4118 subver-

2186 4153 2279 4216 tit;
2307 4161 2359 4207 et
2380 4152 2465 4206 his
2493 4152 2581 4221 qui
2601 4151 2870 4206 columbas
2899 4151 3218 4216 vendebant,
3239 4152 3400 4213 dixit,
3423 4153 3638 4208 Auferte
3660 4155 3757 4209 ista

2184 4244 2336 4310 hinc,
2365 4253 2418 4297 et
2447 4243 2610 4296 nolite
2641 4242 2815 4297 facere
2839 4241 3052 4296 domum
3081 4242 3252 4296 Patris
3277 4243 3380 4296 mei
3407 4243 3623 4297 domum
3661 4259 3758 4299 ne-

2182 4332 2502 4402 gatiationis.
2535 4352 2554 4384 ι
2583 4331 2719 4397 Quid
2745 4331 3058 4396 audivimus,
3087 4328 3317 4384 fratres?
3337 4330 3475 4385 Ecce
3505 4333 3756 4400 templum

2183 4423 2310 4478 illud
2341 4422 2503 4494 ﬁgura
2527 4422 2702 4477 adhuc
2724 4431 2838 4478 erat
2855 4463 2870 4488 ,
2895 4429 2949 4475 et
2972 4420 3118 4489 ejicit
3145 4420 3266 4474 inde
3293 4421 3546 4476 Dominus
3573 4437 3759 4479 omnes

2181 4515 2270 4582 qui
2295 4527 2388 4567 sua
2415 4513 2742 4583 quaerebant,
2765 4511 2856 4580 qui
2881 4510 2948 4566 ad
2971 4511 3234 4566 nundinas
3257 4521 3531 4568 venerant.
3556 4515 3619 4568 Et
3637 4530 3758 4584 qua:

2183 4604 2253 4658 ibi
2284 4603 2582 4658 vendebant
2604 4603 2679 4657 illi
2699 4602 2724 4656 ?
2747 4602 2876 4669 Quae
2897 4616 3028 4670 opus
3050 4600 3310 4656 habebant
3331 4601 3575 4658 homines
3595 4604 3646 4657 in
3668 4619 3756 4658 sa-

2182 4695 2393 4750 criticiis
2437 4694 2578 4750 illius
2617 4692 2888 4763 temporis.
2927 4690 3083 4746 Novit
3121 4691 3262 4746 enim
3301 4689 3542 4747 Charitas
3581 4702 3756 4748 vestra

2181 4785 2323 4855 quod
2344 4784 2598 4839 sacriﬁcia
2622 4783 2693 4836 illi
2716 4782 2908 4852 populo
2928 4796 3024 4850 pro
3047 4781 3161 4850 ejus
3187 4783 3500 4837 carnalitate
3518 4791 3572 4838 et
3597 4783 3759 4840 corde

2183 4875 2355 4930 adhuc
2380 4874 2590 4944 lapideo
2620 4873 2744 4927 talia
2772 4873 2892 4926 data
2918 4879 3061 4936 sunt,
3088 4873 3277 4942 quibus
3307 4881 3574 4928 teneretur
3608 4889 3676 4929 ne
3704 4875 3755 4928 in

2183 4965 2321 5020 idola
2348 4964 2601 5019 deflueret
2627 4981 2641 5028 ;
2672 4972 2726 5017 et
2755 4963 3096 5018 immolabant
3126 4963 3197 5017 ibi
3238 4954 3495 5019 sacrificia
3515 5005 3530 5029 ,
3556 4963 3718 5020 boves
3741 5007 3754 5030 ,

2181 5069 2312 5109 oves
2335 5063 2389 5109 et
2416 5053 2726 5108 columbas:
2752 5054 2937 5119 nostis,
2965 5053 3086 5124 quia
3109 5053 3328 5123 legistis.
3356 5051 3471 5106 Non
3492 5067 3619 5124 ergo
3644 5069 3757 5108 ma-

2181 5160 2340 5215 gnum
2377 5153 2647 5214 peccatum
2667 5183 2683 5210 ,
2712 5144 2757 5199 si
2787 5145 2888 5199 hoc
2924 5143 3223 5199 vendebant
3259 5143 3314 5197 in
3356 5144 3585 5213 templo,
3615 5145 3756 5214 quod

2181 5236 2455 5291 emebatur
2482 5244 2537 5289 ut
2557 5234 2835 5290 oll‘erretur
2858 5235 2909 5289 in
2940 5234 3168 5303 templo;
3191 5243 3245 5289 et
3262 5242 3440 5288 tamen
3457 5233 3612 5304 ejecit
3634 5235 3757 5288 inde

2182 5326 2321 5382 illos.
2361 5325 2520 5393 Quid,
2542 5326 2587 5381 si
2614 5326 2685 5380 ibi
2712 5325 2951 5380 ebriosos
2972 5323 3250 5390 inveniret,
3271 5322 3399 5392 quid
3423 5321 3622 5378 faceret
3649 5324 3756 5376 Do-

2181 5417 2388 5483 minus;
2419 5417 2464 5472 si
2491 5416 2788 5472 vendentes
2809 5429 2873 5469 ea
2901 5428 3018 5484 qua:
3041 5411 3179 5466 licita
3209 5421 3351 5479 sunt,
3379 5421 3433 5467 et
3459 5420 3644 5468 contra
3666 5412 3754 5482 ju-

2182 5506 2379 5561 stitiam
2406 5521 2510 5560 non
2539 5511 2662 5561 sunt
2685 5506 2825 5574 (quae
2849 5503 2989 5558 enim
3016 5501 3236 5558 honeste
3260 5508 3526 5568 emuntur,
3557 5517 3662 5557 non
3690 5502 3755 5555 il-

2184 5593 2327 5652 licite
2355 5593 2707 5660 vendantur),
2736 5591 2936 5662 expulit
2971 5598 3183 5659 tamen,
3213 5599 3267 5647 et
3307 5606 3412 5646 non
3449 5599 3532 5646 est
3569 5606 3758 5659 passus

2185 5685 2400 5742 domum
2431 5686 2683 5741 orationis
2712 5683 2821 5740 fieri
2848 5683 3062 5740 domum
3090 5681 3495 5756 negoﬁationis?
3512 5679 3567 5737 Si
3591 5696 3753 5748 nego-
