4074 6542
332 378 467 435 1169

327 491 564 548 tiationis
593 466 784 544 domus
811 500 916 542 non
942 485 1100 542 debet
1126 484 1240 541 ﬂeri
1264 484 1455 540 domus
1480 483 1593 550 Dei,
1624 483 1908 552 potationis

323 584 485 637 debet
516 581 670 635 ﬁeri?
707 579 813 634 Nos
838 586 1016 634 autem
1041 577 1250 648 quando
1278 578 1377 632 ista
1403 576 1648 643 dicimus,
1682 574 1910 630 stridunt

322 677 575 733 dentibus
612 674 723 729 suis
762 671 1022 725 adversus
1062 684 1200 725 nos:
1232 676 1289 724 et
1313 668 1618 723 consolatur
1642 680 1740 720 nos
1766 666 1906 735 psal-

325 786 444 823 “Jus
470 783 627 837 quem
654 764 896 831 audistis,
924 762 1213 818 Striderunt
1238 778 1387 831 super
1422 776 1501 815 me
1524 759 1751 815 dentibus
1777 760 1904 813 suis.

320 858 577 914 Novimus
597 865 652 912 et
669 871 768 911 nos
787 855 970 911 audire
989 853 1127 908 unde
1151 868 1418 919 curemur,
1449 852 1551 908 etsi
1582 852 1909 922 ingeminan-

322 960 410 1004 tur
455 948 666 1020 ﬂagella
705 947 947 1010 Christo,
983 946 1105 1016 quia
1144 944 1439 1015 ﬂagellatur
1484 958 1662 999 sermo
1699 944 1901 1012 ipsius:

321 1040 640 1111 Congregata
666 1047 803 1103 sunt,
835 1037 1020 1106 inquit,
1047 1038 1099 1090 in
1124 1053 1202 1089 me
1222 1035 1448 1106 ﬂagella,
1476 1045 1521 1089 et
1549 1037 1833 1090 nescierunt
1862 1037 1902 1089 ¹.

320 1130 650 1200 Flagellatus
671 1139 753 1183 est
772 1127 990 1197 ﬂagellis
1001 1126 1028 1181 «Ι
1036 1126 1325 1190 udmorum,
1349 1126 1642 1195 ﬂagellatur
1661 1126 1907 1196 blasphe-

318 1226 442 1279 miis
462 1223 722 1278 falsorum
742 1222 1149 1278 christianornm
1174 1239 1187 1274 :
1209 1220 1560 1291 multiplicant
1581 1221 1783 1290 ﬂagella
1803 1221 1907 1274 Do-

318 1316 472 1368 mino
495 1330 613 1380 suo,
645 1326 697 1368 et
724 1313 983 1367 nesciunt.
1024 1312 1300 1367 Faciamus
1329 1327 1457 1379 nos,
1491 1320 1744 1382 quantum
1793 1312 1903 1380 ipse

314 1406 553 1475 adjuvat,
578 1404 688 1476 Ego
707 1416 895 1467 autem,
919 1420 1034 1457 cum
1062 1404 1185 1456 mihi
1208 1402 1403 1457 molesti
1430 1411 1611 1468 essent,
1637 1402 1903 1456 induebam

315 1518 395 1555 me
441 1501 638 1567 cilicio,
687 1508 733 1553 et
778 1497 1104 1551 humiliabam
1145 1496 1199 1549 in
1236 1497 1436 1567 jejunio
1475 1497 1696 1549 animam
1742 1511 1902 1547 meam

312 1592 489 1666 (Psal.
520 1606 703 1657 xxxiv,
735 1590 941 1660 13—16).

384 1685 439 1738 5.
483 1683 715 1736 Dicimus
742 1691 940 1745 tamen,
972 1679 1161 1734 fratres
1179 1680 1306 1746 (non
1328 1677 1467 1731 enim
1490 1685 1541 1731 et
1568 1675 1684 1745 ipse
1708 1690 1899 1745 peper—

309 1775 385 1828 cit
415 1775 523 1828 illis
548 1793 561 1827 :
589 1774 677 1843 qui
720 1771 1063 1843 ﬂagellaudus
1090 1778 1205 1824 erat
1242 1769 1310 1823 ab
1338 1770 1416 1824 eis
1436 1812 1450 1836 ,
1483 1770 1625 1838 prior
1656 1767 1772 1822 illos
1802 1768 1899 1821 ﬂa-

307 1865 573 1935 gellavit),
604 1865 813 1936 signum
842 1862 1107 1933 quoddam
1136 1862 1288 1915 nobis
1316 1860 1577 1925 ostendit,
1607 1861 1747 1930 quod
1777 1860 1901 1915 fecit

309 1955 581 2024 ﬂagellum
612 1954 679 2009 de
707 1953 998 2019 resticulis,
1028 1962 1081 2007 et
1110 1952 1232 2006 inde
1257 1949 1704 2019 indisciplinatos,
1739 1965 1899 2019 nego-

309 2047 589 2100 tiationem
618 2045 685 2100 de
715 2046 806 2099 Dei
838 2044 1035 2113 templo
1056 2043 1324 2107 facientes,
1356 2042 1655 2112 ﬂagellavit.
1689 2044 1895 2097 Etenim

306 2139 675 2207 unusquisque
696 2137 746 2189 in
762 2136 986 2205 peccatis
1006 2136 1114 2189 suis
1136 2142 1330 2189 restem
1352 2134 1450 2188 sibi
1472 2135 1618 2188 texit.
1635 2133 1895 2203 Propheta

306 2228 474 2293 dicit,
501 2227 592 2282 Va:
617 2229 694 2281 his
713 2228 796 2297 qui
826 2227 1028 2279 trahunt
1054 2235 1257 2297 peccata
1288 2224 1415 2279 sicut
1451 2233 1627 2278 restent
1659 2223 1898 2295 longam!

306 2319 464 2385 (Isai.
486 2334 555 2385 v,
584 2319 682 2385 18,
712 2335 811 2371 sec.
852 2315 1050 2388 LXX).
1091 2315 1220 2382 Quis
1260 2315 1382 2369 facit
1420 2324 1615 2370 restem
1650 2316 1896 2386 longam?

304 2412 404 2478 Qui
428 2422 649 2481 peccato
678 2411 821 2465 addit
845 2418 1137 2479 peccatum.
1174 2408 1451 2476 Quomodo
1479 2408 1741 2462 adduntur
1767 2423 1895 2477 pec-

304 2512 423 2557 cata
457 2502 726 2572 peccatis?
768 2500 898 2556 Cum
946 2510 1155 2570 peccata
1185 2516 1303 2569 qua:
1345 2498 1476 2552 facta
1519 2506 1675 2562 sunt,
1702 2514 1894 2568 coope-

307 2595 521 2648 riuntur
564 2594 685 2647 aliis
741 2593 988 2662 peccatis.
1030 2592 1250 2645 Furtum
1306 2590 1457 2656 fecit,
1491 2604 1556 2643 ne
1600 2589 1898 2645 inveniatur

302 2688 430 2755 quia
460 2689 482 2718 ³
523 2687 646 2740 fecit
670 2728 686 2752 ,
726 2686 914 2755 qumrit
967 2682 1417 2737 mathematicum.
1472 2682 1748 2737 Sufficeret
1789 2684 1896 2737 fur-

304 2788 417 2831 tum
454 2778 676 2842 fecisse;
707 2791 871 2845 quare
896 2776 971 2828 vis
1006 2774 1288 2843 adiungere
1334 2791 1377 2843 pr
1399 2783 1604 2828 ccatum
1642 2776 1894 2843 peccato?

302 2883 432 2922 ecce
474 2868 585 2922 duo
612 2877 844 2936 peccata.
885 2866 1012 2920 Cum
1040 2865 1105 2919 ad
1143 2864 1568 2919 mathematicum
1598 2866 1894 2934 prohiberis

301 2959 590 3023 accedere,
620 2957 956 3026 blasphemas
991 2957 1295 3025 episcopum
1331 2974 1342 3009 :
1374 2971 1498 3010 ecce
1529 2957 1625 3010 tria
1654 2966 1889 3025 peccata.

300 3052 439 3107 Cum
462 3051 634 3109 audis,
657 3051 801 3104 Mitte
831 3050 975 3103 illum
1010 3050 1147 3103 foras
1173 3049 1239 3103 de
1268 3050 1501 3105 Ecclesia
1526 3066 1540 3114 ;
1571 3050 1722 3113 dicis,
1748 3050 1894 3105 Duco

302 3160 389 3198 me
437 3143 503 3196 ad
543 3152 747 3213 partem
792 3142 975 3195 Donati
1010 3156 1169 3195 :ecce
1207 3141 1355 3194 addis
1384 3150 1649 3211 quartum.
1690 3141 1929 3195 Crescil'

299 3236 465 3290 restis
492 3252 505 3287 :
538 3236 665 3288 time
700 3241 920 3288 restem.
962 3231 1164 3285 Bonum
1195 3242 1275 3285 est
1307 3231 1397 3285 tibi
1428 3242 1483 3284 ut
1512 3232 1596 3286 hic
1626 3232 1746 3286 inde
1772 3250 1891 3287 cum

300 3326 623 3396 ﬂagellaris,
656 3324 969 3394 corrigaris;
1016 3339 1083 3379 ne
1118 3323 1170 3376 in
1202 3324 1304 3377 fine
1347 3323 1578 3391 dicatur,
1602 3322 1780 3395 Ligate
1816 3325 1894 3379 illi

300 3419 457 3486 pedes
485 3426 530 3470 et
558 3432 734 3469 manus
753 3456 768 3480 ,
792 3424 837 3468 et
864 3414 1091 3484 projicite
1124 3430 1236 3467 eum
1265 3415 1317 3467 iu
1366 3415 1590 3468 tenebras
1624 3416 1893 3470 exteriores

302 3507 533 3579 (Matth.
560 3522 666 3560 χιιι
686 3547 698 3569 ,
734 3505 846 3577 15).
875 3505 1140 3559 Criniculis
1166 3506 1304 3559 enim
1337 3515 1649 3575 peccatorum
1686 3523 1893 3561 suorum

302 3598 647 3668 unusquisque
676 3595 1226 3668 constringitur(Prov.
1248 3612 1302 3661 v,
1320 3596 1436 3668 22).
1478 3598 1606 3652 Illud
1628 3600 1891 3655 Dominus

300 3692 467 3757 dicit,
496 3691 622 3744 illud
655 3692 755 3744 alia
794 3690 1060 3760 Scriptura
1086 3690 1251 3756 dicit;
1281 3690 1373 3744 sed
1399 3700 1678 3761 utrumque
1708 3693 1887 3747 Domi-

300 3800 405 3839 nus
431 3785 580 3839 dicit.
621 3785 696 3839 De
740 3784 968 3853 peccatis
1001 3785 1110 3838 suis
1137 3784 1363 3853 ligantur
1392 3784 1663 3852 homines,
1688 3795 1741 3841 et
1763 3787 1888 3840 mit-

300 3888 487 3931 tuntur
512 3878 564 3931 in
588 3878 831 3931 tenebras
854 3877 1166 3930 exteriores.

372 3972 428 4024 6.
470 3970 571 4035 Qui
597 3977 723 4024 sunt
749 3978 922 4023 tamen
950 3969 1037 4038 qui
1070 3968 1301 4022 vendunt
1330 3969 1528 4023 boves?
1560 3978 1616 4023 ut
1644 3969 1696 4024 in
1726 3970 1888 4040 figura

304 4077 614 4131 quzrramus
634 4060 941 4132 mysterium
962 4058 1105 4113 facti.
1127 4060 1224 4126 Qui
1248 4067 1369 4113 sunt
1392 4061 1479 4129 qui
1505 4075 1630 4115 oves
1653 4061 1889 4117 vendunt

298 4165 350 4207 et
382 4153 698 4209 columbas?
736 4153 836 4222 Ipsi
867 4163 989 4207 sunt
1012 4154 1099 4223 qui
1139 4167 1231 4206 sua
1262 4163 1500 4222 quierunt
1536 4153 1588 4207 in
1628 4154 1885 4222 Ecclesia,

297 4262 409 4299 non
439 4261 561 4315 qua:
589 4245 714 4299 Jcsu
744 4244 936 4299 Christi
972 4242 1224 4315 (Philipp.
1247 4260 1303 4310 ιι,
1322 4244 1437 4314 2|).
1466 4243 1663 4300 Venale
1694 4245 1889 4301 habent

297 4346 469 4390 totout
493 4377 509 4399 ,
540 4336 628 4405 qui
668 4336 853 4389 nolunt
884 4335 1070 4389 redimi
1101 4335 1121 4365 ³
1154 4354 1166 4388 :
1197 4336 1301 4390 emi
1330 4336 1546 4403 nolunt,
1578 4347 1633 4392 et
1660 4340 1886 4397 vendere

296 4430 508 4481 volunt.
551 4428 754 4481 Bonum
792 4436 873 4482 est
898 4427 1040 4482 enim
1079 4428 1157 4482 eis
1187 4436 1243 4481 ut
1272 4428 1596 4483 redimantur
1632 4432 1885 4501 sanguine

294 4519 533 4583 Christi,
564 4527 623 4571 ut
661 4518 967 4588 perveniant
996 4517 1060 4571 ad
1104 4532 1289 4587 pacem
1318 4518 1532 4573 Christi.
1572 4519 1707 4587 Quid
1743 4523 1882 4577 enim

296 4611 522 4678 prodest
545 4609 819 4678 acquirere
850 4609 900 4661 in
932 4609 1035 4663 hoc
1072 4608 1268 4662 saeculo
1296 4608 1566 4678 quodlibet
1597 4613 1885 4680 temporale

296 4712 351 4757 et
380 4702 766 4767 transitorium,
791 4702 900 4756 sive
921 4701 989 4755 sit
1011 4701 1253 4770 pecunia,
1272 4701 1384 4755 sive
1408 4701 1477 4756 sit
1496 4702 1737 4774 voluptas
1754 4722 1884 4760 ven-

298 4796 398 4848 tris
412 4805 462 4848 ct
483 4794 734 4864 gutturis,
748 4795 857 4849 sive
882 4794 949 4847 sit
972 4794 1141 4849 honor
1162 4793 1212 4848 in
1238 4794 1392 4849 laude
1417 4795 1679 4851 humana?
1697 4799 1887 4855 Nonne

293 4888 475 4940 omnia
504 4886 679 4940 fumus
706 4895 759 4939 et
784 4886 1010 4940 ventus?
1037 4901 1213 4940 nonne
1235 4885 1411 4939 omnia
1443 4895 1737 4955 transeunt,
1760 4906 1883 4945 cur-

294 4978 457 5030 runt?
499 4976 565 5030 Et
595 4991 673 5029 va:
702 4975 785 5030 his
810 4976 899 5045 qui
937 4975 1188 5030 haeserint
1218 4976 1629 5044 transeuntibus,
1659 4979 1777 5048 quia
1805 4982 1880 5034 si-

295 5070 407 5122 mul
436 5076 733 5122 transeunt.
762 5066 947 5122 Nonne
974 5067 1149 5121 omnia
1178 5067 1367 5122 ﬂuvius
1403 5084 1636 5140 praeceps
1661 5085 1880 5128 currens

298 5162 349 5212 in
378 5158 577 5213 mare?
617 5159 681 5213 Et
709 5174 786 5213 va:
814 5160 903 5229 qui
932 5159 1201 5223 ceciderit,
1225 5160 1346 5229 quia
1372 5159 1422 5213 in
1448 5176 1594 5217 mare
1620 5163 1876 5219 trahetur.

298 5252 436 5321 Ergo
466 5262 647 5306 tenere
674 5251 929 5306 debemus
958 5266 1143 5305 omnes
1171 5251 1391 5306 aﬂ‘ectus
1420 5267 1449 5306 a
1469 5253 1657 5310 talibus
1682 5271 1877 5311 concu-

295 5345 589 5411 piscentiis.
630 5344 845 5399 Fratres
879 5344 1020 5411 mei,
1046 5344 1135 5414 qui
1167 5344 1287 5398 talia
1318 5356 1593 5415 quaerunt,
1622 5349 1875 5405 vendunt.

295 5434 427 5488 Nam
453 5446 508 5490 et
530 5435 715 5491 Simon
755 5435 845 5490 ille
872 5435 992 5489 ideo
1020 5435 1230 5491 volebat
1256 5451 1436 5493 emere
1463 5438 1713 5508 Spiritum
1751 5458 1877 5498 san-

293 5536 459 5592 ctum,
480 5529 602 5598 quia
622 5528 1336 5613 venderevolebatSpiritum
1359 5538 1599 5587 sanctum
1617 5535 1754 5604 (Act.
1771 5552 1800 5590 v
1814 5553 1869 5591 ιιι

356 5682 373 5754 ξ
397 5681 535 5754 editi,
562 5680 848 5754 nesciebant:
876 5690 998 5754 Mss,
1024 5679 1308 5754 rescierunt.
1336 5690 1391 5733 At
1410 5687 1622 5749 Vulgata,
1642 5688 1872 5753 ignoravi.

353 5744 371 5808 ξ
396 5749 524 5799 Una,
553 5744 650 5808 qui.
676 5744 844 5808 Crateri
864 5744 1072 5808 codices,
1091 5744 1219 5808 quia.

353 5804 374 5834 ³
397 5809 529 5861 115%.,
553 5804 665 5863 quia
687 5804 850 5856 nolunt
874 5805 1065 5857 redimi.

1546 364 1850 423 'I'RACTA'I
1871 363 1949 420 US
1988 363 2055 421 Χ.
2097 368 2318 426 CAPUT
2357 372 2422 428 Π.

3461 391 3479 443 1
3492 392 3595 447 470

2022 483 2217 556 18,19)
2247 503 2259 553 ;
2284 497 2337 541 et
2379 491 2597 559 putabat
2621 495 2901 565 Apostolus
2934 512 3255 558 mercatores
3291 505 3422 559 tales
3450 520 3587 571 esse,

2014 577 2197 644 quales
2227 579 2480 637 Dominus
2510 585 2577 641 de
2609 590 2805 659 templo
2830 590 3035 662 ﬂagello
3064 594 3237 664 ejecit.
3285 596 3425 651 Talis
3448 598 3589 652 enim

2014 667 2128 737 ipse
2159 680 2304 731 erat.
2335 682 2391 728 et
2417 677 2557 743 quod
2586 680 2838 736 venderet
2877 698 3054 738 emere
3095 686 3307 741 volebat
3339 688 3445 742 :de
3488 688 3593 743 illis

2012 767 2126 812 erat
2155 762 2242 829 qui
2273 763 2546 821 colmnbas
2571 780 2823 825 vendunt.
2854 774 3064 829 Etenim
3088 775 3139 829 in
3162 776 3402 833 columba
3424 793 3590 847 appa-

2010 847 2111 902 ruit
2140 848 2367 919 Spiritus
2393 866 2605 911 sanctus
2623 858 2828 933 (Matth.
2848 879 2927 930 ιιι,
2945 864 3054 936 16).
3086 865 3184 932 Qui
3206 883 3332 938 ergo
3357 868 3591 924 vendunt

2010 938 2635 1017 columbas,fratres,qui
2657 960 2796 1017 sunt,
2819 953 2919 1008 nisi
2940 957 3027 1024 qui
3048 956 3252 1024 dicunt,
3274 957 3382 1012 Nos
3400 958 3589 1013 damus

2009 1026 2262 1100 Spiritum
2311 1038 2585 1092 sanctum?
2622 1040 2795 1107 Quare
2838 1046 2979 1099 enim
3009 1046 3110 1101 hoc
3145 1047 3363 1114 dicunt,
3391 1059 3443 1104 et
3481 1065 3589 1120 quo

2008 1124 2178 1191 pretio
2201 1127 2477 1182 vendunt?
2501 1130 2677 1188 Pretio
2702 1136 2915 1191 honoris
2936 1140 3035 1193 sui.
3061 1140 3341 1211 Accipiunt
3361 1143 3584 1212 pretium

2006 1214 2288 1273 cathedras
2319 1224 2639 1290 temporales
2660 1266 2676 1291 ,
2710 1234 2767 1281 ut
2790 1228 3067 1285 vidcantur
3100 1232 3198 1301 ipsi
3225 1233 3454 1289 vendere
3497 1249 3588 1288 co-

2008 1305 2232 1361 lumbas.
2262 1307 2495 1365 Caveant
2515 1328 2544 1367 a
2571 1312 2781 1384 ﬂagello
2806 1317 2871 1372 de
2897 1322 3179 1377 resticulis.
3203 1321 3455 1378 Columba
3479 1340 3583 1379 non

2007 1406 2089 1452 est
2113 1401 2314 1455 venalis
2348 1420 2361 1455 :
2390 1404 2553 1473 gratis
2601 1406 2758 1462 datur
2781 1452 2794 1476 ,
2821 1411 2941 1480 quia
2979 1414 3144 1482 gratia
3169 1424 3404 1471 vocatur.
3437 1415 3579 1483 Ideo,

2006 1486 2195 1577 fratres
2224 1492 2350 1559 mei,
2379 1496 2643 1562 quomodo
2664 1498 2852 1555 videtis
2881 1516 2972 1556 eos
2997 1503 3086 1572 qui
3115 1505 3367 1570 vendunt,
3391 1521 3583 1575 prope.
3626 1574 3629 1577 _

2006 1576 2167 1634 larios
2210 1581 2227 1613 ί
2255 1622 2270 1647 ,
2303 1583 2526 1654 quisque
2567 1588 2705 1657 quod
2747 1591 2929 1646 vendit
2964 1592 3143 1647 laudat
3175 1613 3188 1650 :
3217 1605 3345 1665 quot
3384 1612 3580 1667 propo-

2005 1667 2101 1721 sita
2144 1668 2421 1729 fecerunt?
2448 1676 2684 1731 Alterum
2716 1681 3041 1750 propositum
3082 1683 3238 1739 habet
3267 1686 3581 1757 Carthagine

2006 1759 2301 1817 Primianus
2324 1806 2339 1830 ,
2370 1767 2595 1824 alterum
2637 1769 2792 1826 habet
2831 1772 3207 1841 Maximianus,
3234 1778 3456 1833 alterum
3487 1779 3580 1833 ba-

2001 1850 2092 1905 bet
2131 1852 2183 1908 in
2228 1855 2533 1913 Mauritania
2580 1862 2842 1933 Rogatus,
2870 1866 3095 1920 alterum
3142 1868 3340 1924 habent
3380 1870 3433 1924 in
3476 1871 3581 1925 Nu-

2000 1944 2159 2000 midia
2177 1947 2251 2001 illi
2278 1958 2333 2004 et
2357 1949 2454 2015 illi,
2479 1968 2612 2021 quos
2619 1953 2728 2023 jam
2750 1971 2849 2010 nec
2871 1958 3145 2014 nominare
3166 1959 3456 2016 sufficimus
3482 1960 3577 2034 (a).

1998 2034 2199 2091 Circuit
2238 2053 2365 2108 ergo
2409 2042 2597 2112 aliquis
2641 2061 2819 2101 emere
2872 2048 3191 2115 columbam,
3217 2055 3580 2123 unusquisque

1998 2126 2063 2179 ad
2097 2131 2420 2197 propositum
2467 2147 2620 2188 suum
2663 2136 2841 2190 laudat
2880 2138 3019 2208 quod
3058 2141 3255 2205 vendit.
3300 2142 3580 2197 Avertatur

2000 2215 2140 2271 illius
2181 2234 2277 2273 cor
2312 2221 2378 2275 ab
2415 2224 2559 2277 omni
2595 2225 2887 2292 vendente,
2936 2230 3114 2283 veniat
3167 2232 3254 2285 ubi
3281 2233 3444 2301 gratis
3486 2248 3576 2287 ac-

1997 2307 2205 2375 cipitur.
2260 2308 2367 2365 Nec
2409 2312 2486 2366 sic
2518 2314 2870 2382 erubescunt,
2912 2316 3136 2385 fratres,
3168 2322 3289 2390 quia
3320 2337 3415 2391 per
3438 2323 3579 2393 ipsas

1998 2397 2360 2455 dissensiones
2384 2418 2507 2457 suas
2533 2419 2739 2461 amaras
2766 2416 2819 2462 et
2845 2409 3162 2475 malitiosas,
3192 2426 3310 2467 cum
3338 2412 3438 2467 sibi
3480 2414 3575 2468 tri-

1997 2488 2164 2543 buunt
2190 2490 2331 2560 quod
2372 2508 2476 2547 non
2525 2504 2679 2561 sunt,
2708 2511 2829 2551 eum
2876 2500 3197 2555 extolluntur
3241 2511 3485 2571 putantes
3520 2494 3577 2559 se

1997 2579 2191 2649 aliquid
2217 2595 2337 2637 esse
2365 2598 2484 2637 cum
2515 2585 2641 2639 nihil
2662 2587 2767 2641 sint
2790 2587 2981 2659 (Galat.
3001 2606 3071 2657 vr,
3092 2592 3145 2662 '5)
3170 2632 3186 2659 ,
3217 2600 3293 2647 tot
3316 2604 3491 2664 partes
3512 2595 3579 2652 de

1997 2688 2056 2728 se
2085 2673 2340 2729 fecerunt.
2367 2676 2472 2731 Sed
2498 2679 2622 2748 quid
2648 2680 2699 2733 in
2728 2681 2806 2735 eis
2832 2682 3104 2750 impletum
3127 2693 3207 2739 est
3230 2686 3369 2754 quod
3392 2688 3580 2741 nolunt

1996 2767 2209 2836 corrigi,
2227 2768 2324 2821 nisi
2343 2769 2482 2838 quod
2503 2771 2724 2827 audistis
2753 2773 2807 2827 in
2833 2773 3063 2840 Psalmo,
3081 2774 3298 2831 'Discissi
3326 2784 3460 2846 sunt,
3484 2795 3574 2832 nec

1997 2859 2280 2926 compuncti
2305 2872 2419 2912 sunt
2443 2861 2470 2915 .’

2068 2948 2119 3001 7.
2160 2948 2259 3014 Qui
2306 2964 2435 3019 ergo
2478 2949 2638 3005 boves
2679 2952 2951 3008 vendunt?
2992 2954 3162 3011 Boves
3206 2956 3574 3027 intelliguntur

1995 3038 2082 3108 qui
2129 3038 2284 3092 nobis
2330 3038 2630 3108 Scripturas
2669 3051 2880 3098 sanctas
2917 3044 3371 3115 dispensaverunt.
3405 3049 3575 3104 Boves

1996 3138 2149 3183 erant
2168 3131 2426 3198 Apostoli,
2446 3132 2607 3186 boves
2624 3142 2776 3187 erant
2797 3134 3092 3204 Prophetzc.
3117 3136 3269 3193 Unde
3288 3140 3414 3193 dicit
3434 3144 3576 3210 Apo-

1996 3219 2162 3272 stolus
2189 3236 2202 3273 :
2235 3236 2253 3270 ‹
2285 3218 2410 3272 Bovi
2452 3220 2719 3275 lrituranti
2750 3238 2810 3277 os
2839 3240 2943 3279 non
2973 3225 3280 3283 infrenabis.
3308 3228 3574 3298 Numquid

1995 3308 2063 3362 de
2102 3308 2270 3362 bobus
2298 3309 2531 3380 pertinet
2572 3310 2637 3364 ad
2678 3312 2883 3367 Deum?
2912 3317 2991 3369 An
3037 3325 3252 3386 pr0pter
3282 3334 3376 3373 nos
3403 3320 3574 3374 dicit?

1998 3399 2220 3469 Propter
2245 3416 2343 3455 nos
2387 3402 2526 3456 enim
2568 3403 2725 3469 dicit;
2767 3406 2888 3475 quia
2933 3406 3088 3462 debet
3136 3410 3187 3463 in
3219 3425 3314 3480 spe
3342 3413 3430 3481 qui
3461 3421 3577 3468 arat

1995 3505 2167 3553 arare,
2184 3500 2235 3545 ct
2253 3492 2500 3547 lriturans
2515 3493 2565 3547 in
2585 3508 2678 3564 spe
2692 3496 3037 3566 participandi
3061 3518 3079 3551 ι
3101 3498 3142 3573 (1
3156 3499 3271 3555 Cor.
3290 3518 3368 3567 ix,
3386 3503 3570 3574 9,10).

1995 3584 2135 3652 Ergo
2164 3583 2237 3637 illi
2267 3584 2434 3639 boves
2456 3586 2783 3655 reliquerunt
2821 3590 2973 3644 nobis
2999 3594 3308 3647 memoriam
3335 3594 3574 3665 Scriptu—

1995 3691 2192 3729 rarum.
2222 3676 2339 3730 Non
2384 3678 2523 3731 enim
2564 3679 2630 3733 de
2671 3696 2768 3734 suo
2799 3680 3260 3751 dispensaveruut,
3300 3687 3422 3755 quia
3456 3689 3573 3757 glo-

1994 3766 2126 3826 riam
2166 3766 2375 3819 Domini
2406 3768 2747 3836 qumsierunt.
2790 3771 2927 3837 Quid
2960 3774 3100 3826 enim
3128 3775 3347 3829 audistis
3375 3778 3425 3830 in
3460 3778 3574 3847 ipso

1993 3859 2243 3913 Psalmo?
2268 3859 2333 3912 Et
2368 3860 2537 3914 dicant
2566 3878 2777 3933 semper,
2808 3863 3165 3934 Magniﬁcetur
3191 3865 3455 3932 Dominus,
3486 3870 3575 3937 qui

1992 3949 2163 4004 volunt
2194 3966 2367 4021 pacem
2388 3952 2517 4004 servi
2548 3952 2657 4021 ejus
2687 3951 2854 4024 (Psal.
2888 3970 3078 4021 xxxrv,
3112 3955 3198 4022 16,
3229 3955 3343 4028 27).
3377 3957 3573 4012 Servus

1997 4040 2108 4107 Dei,
2140 4041 2360 4110 pOpulus
2383 4042 2496 4107 Dei,
2529 4042 2763 4097 Ecclesia
2786 4043 2900 4098 Dei.
2928 4043 3027 4110 Qui
3052 4046 3233 4100 volunt
3256 4062 3441 4116 pacem
3472 4048 3573 4103 Ec.

1993 4133 2171 4189 clesiae
2198 4131 2384 4203 ipsius,
2418 4133 2756 4203 magnificent
2783 4136 3085 4204 Dominum,
3111 4153 3216 4191 non
3248 4154 3493 4199 servum;
3527 4152 3575 4194 et

1991 4224 2159 4278 dicant
2184 4241 2399 4295 semper,
2424 4223 2782 4295 Magni/iretur
2809 4227 3075 4282 Dominus.
3114 4229 3211 4295 Qui
3237 4230 3444 4284 dicant?
3474 4230 3572 4297 Qui

1994 4315 2164 4369 volunt
2184 4331 2355 4386 pacem
2379 4316 2509 4369 servi
2530 4316 2658 4386 ejus.
2694 4316 2863 4386 Ipsius
2889 4319 3091 4389 populi,
3116 4320 3281 4390 ipsius
3310 4323 3449 4377 servi
3470 4339 3573 4377 vox

1991 4415 2073 4461 est
2098 4407 2184 4459 illa
2222 4405 2459 4473 evidens,
2486 4421 2644 4476 quam
2677 4407 2730 4461 in
2760 4408 3226 4465 lamentationibus
3268 4413 3488 4469 audistis
3518 4415 3576 4469 in

1991 4497 2220 4562 Psalmo,
2244 4506 2297 4552 et
2314 4498 2667 4552 movebamini
2688 4514 2807 4553 cum
2834 4502 3109 4569 audiretis,
3133 4504 3252 4573 quia
3277 4504 3397 4560 inde
3419 4508 3571 4561 estis.

1988 4588 2138 4656 Quod
2168 4589 2480 4645 cantabatur
2498 4589 2565 4644 ab
2579 4606 2701 4652 uno,
2722 4592 2788 4646 de
2812 4594 3059 4649 omnibus
3084 4596 3332 4652 cordibus
3350 4614 3575 4654 resona-

1989 4680 2095 4736 bat.
2126 4680 2331 4735 Feiiccs
2355 4681 2443 4751 qui
2472 4697 2529 4735 se
2558 4682 2607 4734 in
2630 4681 2731 4736 illis
2751 4684 2966 4738 vocibus
2996 4693 3242 4755 tanquam
3271 4687 3323 4742 in
3357 4690 3577 4758 speculo

2051 4818 2067 4849 ί
2092 4815 2600 4881 Intribttseodicibus,
2623 4815 2914 4881 popularios.
2955 4820 3044 4869 sed
3076 4819 3252 4870 melius
3286 4824 3335 4871 in
3356 4824 3564 4881 caeteris

1986 4875 2299 4951 ρῃρροιςινίρε,
2315 4878 2369 4951 “id
2394 4885 2487 4951 est,
2511 4875 2762 4951 propolas;
2784 4893 2928 4951 quam
2960 4895 3133 4951 vocem
3153 4883 3341 4946 origine
3364 4875 3569 4951 graicani

1985 4940 2064 4989 alii
2090 4947 2273 5006 putant,
2297 4940 2489 5006 ductam
2514 4940 2551 4988 'a
2571 4940 2939 5006 verbo'pblein,
2978 4945 3197 4994 vendere
3228 4940 3253 4993 ἷ
3280 4940 3574 5006 Augustinus

1985 5000 2108 5068 vero
2125 5002 2202 5051 hic
2238 5000 2429 5068 latinam
2444 5003 2647 5068 omnino
2671 5000 2802 5063 esse,
2843 5011 2894 5068 et
2928 5000 3090 5054 natam
3132 5020 3292 5068 exeo
3315 5000 3569 5068 significat,

1984 5063 2109 5125 quod
2132 5062 2353 5111 venditor
2374 5063 2583 5126 quisque
2606 5078 2797 5114 merces
2817 5066 2877 5115 ad
2895 5068 3191 5129 prOpositum
3215 5062 3390 5115 laudat'.

2050 5144 2123 5206 (α)
2164 5145 2323 5211 capita
2342 5144 2817 5211 -indicatfactionum
2856 5146 3057 5210 aliquot,
3103 5150 3278 5211 quibus
3314 5148 3569 5211 Donatistzc

1988 5205 2118 5272 inter
2140 5218 2196 5255 se
2214 5206 2310 5272 ipsi
2326 5206 2736 5272 discindebantur,
2761 5208 2884 5259 adeo
2905 5205 2959 5260 ut
2980 5205 3345 5272 t’actio'quaeque
3362 5210 3571 5271 jactaret

1986 5268 2276 5333 Baptismum
2300 5267 2545 5333 integrum
2571 5267 2879 5333 validumque
2902 5272 3090 5320 nonnisi
3105 5267 3227 5333 apud
3252 5267 3307 5319 se
3337 5267 3565 5333 reperiri.

1984 5328 2083 5393 Qua
2103 5328 2167 5376 de
2189 5341 2248 5376 re
2271 5328 2564 5393 Διξιιίςιιὲιίιιιιε
2601 5330 2648 5378 in
2672 5330 2757 5380 lib.
2796 5328 2821 5381 '1
2853 5332 2917 5381 de
2952 5328 3183 5393 Baptismo
3225 5328 3571 5384 contra'tmna-

1985 5390 2139 5450 tistas,
2162 5401 2267 5455 cap.
2284 5390 2315 5438 ϐ
2339 5404 2351 5438 :
2386 5408 2408 5436 ι
2431 5391 2622 5455 Fadem,
2641 5394 2726 5452 ait,
2749 5408 2860 5455 pars
2882 5390 3045 5442 Donati
3068 5394 3117 5441 in
3141 5393 3291 5443 multa
3309 5396 3570 5444 minutissi-

1991 5468 2013 5496 ι
2036 5449 2132 5519 _ma
2157 5449 2308 5501 frusta
2343 5452 2584 5519 conscissa
2609 5449 2720 5519 est,
2750 5449 2868 5517 "quae
2885 5468 3064 5519 omnes
3099 5456 3295 5519 minutae
3318 5457 3569 5519 particula:

1991 5528 2014 5559 α
2036 5511 2161 5561 hanc
2182 5524 2325 5560 unam
2348 5511 2846 5578 multoggrandiOre'm,
2882 5517 2932 5564 in
2960 5528 3056 5578 qua
3086 5511 3347 5568 Primianu's
3393 5526 3486 5577 est,
3505 5520 3569 5568 de

1991 5590 2015 5620 ι
2035 5580 2237 5640 recepto
2262 5574 2704 5625 ataximianiétarum
2722 5578 2954 5640 Baptismo
2974 5574 3361 5640 reprehendunt,
3404 5587 3455 5629 et
3474 5574 3571 5629 sin-

1991 5651 2013 5681 ι
2037 5633 2169 5699 gulae
2190 5643 2421 5684 conantur
2444 5648 2668 5699 asserere
2697 5633 2821 5699 apud
2861 5650 2917 5686 se
2942 5633 3269 5692 tantummodo
3294 5633 3462 5691 verum
3484 5648 3569 5690 Ba-

1990 5714 2013 5740 ι
2037 5697 2259 5757 ptismum
2285 5697 2631 5745 remansisse.»
2655 5697 2977 5748 De‘Primiauo
2990 5706 3041 5749 et
3066 5702 3344 5753 Maximiano
3366 5705 3568 5752 consule

1985 5756 2146 5829 Euan:
2164 5756 2274 5829 2Jin
2314 5758 2432 5829 t’sal.
2465 5760 2544 5817 56,
2569 5772 2715 5808 serta.
2742 5758 2790 5819 2,
2816 5774 2864 5809 ιι.
2888 5760 3064 5813 18-23:
3089 5764 3153 5814 de
3195 5772 3388 5828 Rogato,
3422 5764 3566 5829 epist.

1984 5818 2066 5879 95,
2090 5818 2148 5867 ad
2172 5819 2484 5870 Vincentium.
