4074 6506
511 355 642 413 M71

511 467 921 543 cognoscebant.
963 465 1063 533 Qui
1093 477 1219 536 ergo
1243 462 1432 518 volunt
1455 474 1641 532 pacem
1670 457 1807 512 servi
1831 454 1965 526 ejus,
1991 467 2087 523 pa-

509 576 628 618 cem
656 559 833 630 populi
871 559 1004 629 ejus,
1037 571 1219 628 pacem
1260 555 1414 610 unius
1440 568 1596 622 quam
1638 549 1765 604 dicit
1791 549 2013 610 unicam,
2039 553 2094 600 et

511 667 672 723 quam
701 651 811 704 vult
838 650 951 705 erui
990 665 1018 702 a
1060 649 1234 710 leone,
1267 647 1407 698 Erue
1444 644 1506 697 de
1540 658 1692 696 manu
1728 641 1868 693 canis
1893 638 2094 691 unicam

511 759 676 796 meam
717 740 887 812 (Psal.
928 757 1046 806 χιιι,
1085 739 1148 794 9.1
1169 735 1476 808 e122)?Qui
1502 735 1683 788 dicunt
1714 746 1942 801 semper,
1973 728 2094 782 Ma-

512 833 781 902 gniﬁcetur
809 831 1074 884 Dominus.
1102 831 1237 896 Ergo
1258 828 1420 881 boves
1454 825 1527 880 illi
1550 823 1828 878 Dominum
1857 817 2098 890 magniﬁ-

514 931 792 986 caverunt,
837 936 941 976 non
984 935 1064 974 se.
1097 918 1284 972 Videte
1313 917 1504 971 bovem
1540 914 1964 984 magniﬁcantem
1994 910 2099 963 Do-

511 1014 716 1068 minum
763 1028 936 1079 suum,
981 1010 1102 1079 quia
1145 1009 1358 1080 agnovit
1396 1008 1492 1062 bos
1537 1019 1896 1076 possessorem
1943 1015 2096 1057 suum

516 1103 669 1174 (Isai.
708 1121 746 1171 ι,
775 1103 829 1173 5)
863 1121 876 1156 :
909 1100 1164 1157 attendite
1195 1101 1381 1155 bovem
1414 1100 1687 1152 timentem
1729 1110 1796 1150 ne
1823 1093 2099 1148 deseratur

515 1208 794 1265 possessor
833 1192 1002 1256 bovis,
1051 1200 1105 1245 et
1151 1190 1203 1244 in
1245 1190 1378 1244 bove
1409 1195 1789 1258 prmsumatur;
1831 1179 2098 1252 quomodo

516 1285 820 1354 expavescit
843 1297 936 1336 eos
961 1282 1049 1350 qui
1074 1281 1256 1335 volunt
1276 1280 1331 1334 in
1352 1280 1443 1332 illo
1467 1292 1665 1348 ponere
1685 1289 1869 1345 spem:
1897 1295 1915 1326 ί
1935 1273 2101 1328 Num-

516 1375 645 1445 quid
677 1373 869 1428 Paulus
898 1388 995 1442 pro
1031 1372 1182 1427 vobis
1221 1370 1502 1427 cruciﬁxus
1528 1369 1646 1425 est?
1673 1377 1763 1423 aut
1795 1368 1850 1422 in
1880 1366 2092 1420 nomine

517 1463 666 1518 Pauli
698 1463 944 1532 baptizati
979 1463 1108 1517 estis
1141 1482 1160 1516 ι
1195 1463 1242 1533 (l
1270 1461 1386 1515 Cor.
1416 1477 1454 1527 ι,
1480 1460 1611 1530 15)2
1640 1457 1791 1527 Quod
1817 1455 1961 1523 dedi,
1993 1470 2098 1509 non

515 1569 618 1624 ego
641 1554 759 1609 dedi
787 1572 799 1608 :
831 1555 994 1625 gratis
1015 1554 1314 1623 accepistis,
1341 1552 1582 1608 columba
1612 1552 1678 1606 de
1706 1550 1843 1606 coelo
1871 1549 2100 1604 descen-

517 1645 618 1700 dit.
673 1665 691 1698 t
725 1647 856 1716 Ego,
888 1667 906 1699 ι
951 1647 1138 1716 inquit,
1184 1665 1202 1697 ‹
1232 1646 1484 1715 plantavi,
1526 1643 1716 1715 Apollo
1746 1643 1974 1713 rigavit;
2006 1640 2100 1696 sed

516 1737 663 1793 Deus
692 1739 1079 1794 incrementum
1120 1738 1301 1792 dedit:
1331 1752 1504 1807 neque
1541 1736 1632 1805 qui
1659 1735 1861 1805 plantat
1895 1742 1978 1789 est
2007 1734 2103 1787 ali-

516 1827 680 1897 quid,
726 1843 898 1896 neque
951 1829 1040 1897 qui
1083 1829 1253 1897 rigat,
1304 1827 1398 1881 sed
1439 1827 1527 1895 qui
1577 1825 1962 1880 incrementum
2011 1823 2104 1876 dat

519 1917 664 1973 Deus
693 1917 802 1990 (Id.
842 1935 920 1984 ιιι,
953 1920 1005 1983 6,
1039 1919 1116 1990 7).
1147 1918 1213 1972 Ει
1246 1917 1426 1972 dicant
1464 1931 1694 1986 semper,
1739 1915 2103 1987 Maguiﬂcetur

521 2006 798 2073 Dominus,
825 2009 913 2078 qui
940 2009 1122 2062 volunt
1145 2023 1326 2076 pacem
1353 2007 1491 2062 servi
1520 2007 1654 2076 ejus.
1685 2025 1705 2058 ι

516 2118 525 2161 ι
592 2098 647 2153 8.
689 2098 778 2152 lsti
799 2108 973 2153 autem
1001 2099 1065 2152 de
1092 2098 1377 2167 Scripturis
1406 2098 1533 2167 ipsis
1559 2097 1746 2151 fallunt
1771 2097 2017 2167 populos,
2047 2104 2104 2150 ut

524 2188 787 2257 accipiant
814 2189 881 2243 ab
916 2190 1042 2258 ipsis
1078 2189 1311 2244 honores
1349 2198 1403 2244 et
1430 2188 1631 2255 laudes,
1658 2197 1712 2243 et
1739 2205 1842 2242 non
1883 2203 2106 2242 conver-

524 2283 706 2331 tantur
730 2277 975 2333 homines
997 2278 1062 2332 ad
1083 2279 1378 2332 veritatem.
1406 2277 1536 2345 Quia
1562 2293 1689 2332 vero
1715 2278 1842 2347 ipsis
1865 2277 2105 2347 Scriptu-

523 2367 601 2421 ris
631 2367 817 2420 l’allunt
851 2368 1096 2437 populos,
1125 2384 1156 2422 a
1195 2369 1385 2438 quibus
1413 2377 1658 2438 qumrunt
1683 2368 1947 2434 honores;
1979 2383 2105 2423 ven-

521 2456 654 2511 dunt
683 2457 866 2524 boves,
897 2459 1133 2513 vendunt
1166 2470 1219 2514 et
1257 2474 1403 2528 oves,
1438 2459 1489 2512 id
1516 2469 1599 2514 est
1633 2460 1776 2529 ipsas
1800 2458 2005 2528 plebes.
2037 2459 2105 2514 Et

520 2547 609 2601 cui
637 2548 888 2613 vendunt,
935 2549 1034 2604 nisi
1071 2549 1321 2604 diabolo?
1349 2549 1610 2620 Namque,
1656 2549 1848 2605 fratres
1890 2552 2015 2616 mei,
2059 2553 2105 2606 si

521 2637 719 2694 Christi
753 2643 903 2696 unica
927 2642 1163 2700 Ecclesia
1191 2652 1292 2709 est,
1331 2652 1388 2697 et
1417 2658 1517 2698 una
1557 2652 1671 2710 est;
1701 2643 1956 2714 quidquid
1981 2644 2107 2698 inde

521 2732 848 2800 prrcciditur,
887 2734 1005 2802 quis
1026 2735 1184 2797 tollit,
1214 2735 1313 2788 nisi
1342 2734 1427 2788 leo
1455 2735 1540 2789 ille
1560 2734 1773 2805 rugiens
1789 2745 1843 2790 et
1875 2737 2106 2790 circum-

521 2820 657 2885 iens,
696 2837 939 2890 quaerens
989 2839 1146 2892 quem
1199 2825 1419 2879 devoret
1462 2826 1504 2897 (Ι
1532 2825 1672 2883 Petr.
1707 2843 1762 2894 v,
1791 2829 1881 2898 8)?
1902 2828 1995 2882 Vae
2023 2827 2106 2884 his

521 2913 611 2981 qui
640 2913 1033 2982 prwciduutur!
1069 2930 1188 2968 nam
1221 2916 1306 2969 illa
1339 2917 1539 2986 integra
1568 2920 1917 2987 permanebit.
1949 2920 2106 2976 Novit

524 3003 666 3056 enim
696 3003 951 3058 Dominus
985 3006 1072 3074 qui
1101 3014 1224 3060 sunt
1259 3007 1375 3076 ejus
1403 3007 1466 3077 (ll
1507 3007 1640 3062 Tim.
1671 3026 1726 3073 ιι,
1761 3010 1872 3081 l9).
1903 3012 2102 3067 Tamen

522 3105 779 3163 quantum
804 3099 853 3149 in
881 3097 1005 3165 ipsis
1027 3107 1128 3163 est,
1162 3099 1398 3153 vendunt
1425 3100 1593 3154 boves
1616 3110 1667 3155 et
1691 3116 1838 3166 oves,
1871 3104 2107 3158 vendunt

525 3195 579 3236 et
623 3185 935 3239 columbas:
968 3187 1252 3242 observent
1294 3189 1557 3258 ﬂagellum
1601 3200 1938 3258 peccatorum
1984 3209 2108 3247 suo-

523 3288 664 3326 rum.
707 3273 864 3330 Certe
911 3278 1122 3346 quando
1174 3279 1370 3348 aliquid
1417 3281 1519 3334 tale
1570 3282 1843 3352 patiuntur
1891 3295 2108 3354 propter

525 3365 659 3419 istas
701 3366 1001 3436 iniquitates
1044 3384 1187 3435 suas,
1221 3379 1510 3440 agnoscant
1537 3371 1660 3440 quia
1702 3373 1956 3428 Dominus
1986 3375 2108 3430 fecit

523 3454 790 3526 ﬂagellum
821 3459 887 3512 de
912 3460 1197 3525 resticulis,
1227 3469 1280 3516 et
1299 3461 1364 3514 ad
1392 3461 1492 3515 hoc
1515 3461 1766 3517 admonet
1784 3478 1878 3519 eos
1903 3476 1960 3518 ut
1989 3482 2108 3520 mu-

519 3554 643 3601 tent
667 3563 746 3614 se,
776 3559 831 3602 ut
856 3565 961 3603 non
1002 3551 1107 3604 sint
1134 3552 1486 3621 negotiatores
1509 3570 1522 3605 :
1550 3568 1668 3608 nam
1708 3553 1752 3608 si
1777 3569 1838 3608 se
1863 3570 1968 3610 non
1995 3572 2111 3611 mu-

523 3641 770 3705 laverint,
803 3642 1018 3696 audient
1046 3643 1098 3696 in
1140 3645 1265 3710 line,
1295 3643 1472 3715 Ligate
1502 3645 1606 3702 illis
1644 3664 1826 3703 manus
1854 3659 1902 3704 et
1935 3651 2105 3722 pedes,
2144 3670 2150 3676 ·

523 3739 572 3782 et
596 3732 823 3802 projicite
847 3734 899 3786 in
924 3733 1152 3789 tenebras
1182 3738 1471 3791 exteriores.

597 3819 650 3874 9.
697 3821 834 3876 Tunc
859 3825 1102 3896 scriptum
1128 3844 1252 3893 esse,
1275 3826 1428 3881 Zelus
1449 3829 1628 3884 domus
1654 3839 1752 3885 tua:
1775 3833 1986 3887 comedit
2008 3851 2103 3902 me,

521 3913 774 3967 recordati
808 3928 924 3970 sunt
963 3919 1198 3988 discipuli
1227 3935 1243 3972 ς
1268 3920 1390 3988 quia
1425 3921 1541 3976 zelo
1583 3922 1772 3978 domus
1819 3925 1910 3979 Dei
1954 3927 2111 3995 ejecit

524 4003 658 4057 istos
685 4005 750 4059 de
777 4007 974 4075 templo
1003 4009 1274 4063 Dominus.
1308 4010 1543 4076 Fratres,
1571 4014 1932 4083 unusquisque
1961 4016 2110 4070 chri-

524 4091 727 4146 Stianus
755 4095 804 4148 in
837 4097 1089 4150 membris
1134 4098 1325 4153 Christi
1361 4102 1476 4155 zelo
1500 4101 1691 4157 domus
1734 4104 1826 4158 Dei
1856 4106 2105 4161 comeda-

525 4190 631 4236 tur.
670 4185 797 4251 Quis
823 4189 1116 4243 comeditur
1137 4191 1252 4245 zelo
1278 4191 1466 4248 domus
1495 4193 1627 4250 Dei?
1653 4195 1752 4264 Qui
1783 4199 1961 4252 omnia
1988 4215 2106 4270 qua:

527 4273 669 4331 forte
695 4279 764 4333 ibi
796 4279 938 4335 videt
967 4297 1236 4350 perversa,
1280 4286 1472 4355 satagit
1510 4288 1721 4358 corrigi,
1752 4290 1899 4359 cupit
1927 4306 2108 4346 emen-

529 4365 698 4433 dari‘,
726 4387 828 4424 non
856 4373 1113 4440 quiescit:
1144 4375 1186 4430 si
1216 4376 1499 4432 emendare
1535 4394 1640 4434 non
1665 4388 1856 4449 potest,
1894 4382 2104 4450 tolerat,

525 4459 710 4527 gemit.
742 4459 858 4514 Non
897 4464 1162 4518 excutitur
1189 4465 1256 4520 de
1299 4481 1421 4521 area
1464 4483 1709 4537 granum,
1753 4471 1976 4526 sustinet
2011 4489 2106 4543 pa-

528 4549 697 4618 leam;
723 4562 775 4607 ut
798 4553 952 4610 intret
979 4555 1029 4610 in
1051 4555 1320 4622 horreum,
1339 4575 1460 4613 cum
1486 4560 1635 4629 palea
1661 4560 1817 4616 fuerit
1840 4575 2105 4632 separata.

535 4640 615 4696 Tu
641 4652 763 4699 ante
794 4645 1064 4714 horreum,
1093 4649 1135 4702 si
1161 4664 1382 4719 granum
1412 4666 1490 4717 es,
1521 4653 1627 4706 noli
1654 4654 1828 4708 excuti
1857 4654 1924 4710 de
1947 4670 2104 4723 area;

531 4747 601 4786 ne
629 4735 771 4802 prius
796 4736 862 4788 ab
899 4738 1082 4792 avibus
1111 4739 1398 4810 colligaris,
1429 4758 1585 4812 quam
1617 4744 1668 4798 in
1700 4744 1948 4801 horreum
1978 4761 2108 4802 con-

528 4827 782 4894 grcgeris.
809 4825 948 4882 Aves
973 4830 1113 4883 enim
1141 4831 1262 4885 eteli
1295 4833 1452 4886 aeriae
1478 4843 1766 4903 potestates
1796 4845 2108 4906 exspectant

522 4915 724 4986 aliquid
759 4933 943 4986 rapere
972 4919 1039 4974 de
1065 4937 1210 4988 arca,
1243 4930 1297 4977 et
1322 4939 1426 4977 non
1454 4925 1663 4994 rapiunt
1688 4927 1786 4981 nisi
1813 4929 1954 4998 quod
1982 4929 2105 4985 inde

524 5005 685 5063 fuerit
713 5025 1016 5065 excussum.
1059 5013 1200 5084 Ergo
1225 5015 1370 5070 zelus
1401 5015 1590 5071 domus
1616 5018 1706 5072 Dei
1740 5021 1983 5075 comedat
2012 5031 2065 5076 te
2089 5039 2102 5076 :

526 5114 954 5172 unumquemque
996 5105 1341 5160 christianum
1391 5109 1538 5163 zelus
1576 5109 1765 5165 domus
1805 5113 1896 5168 Dei
1955 5128 2106 5168 com—

522 5194 730 5259 edat,in
762 5213 862 5267 qua
889 5199 1050 5252 domo
1076 5200 1166 5254 Dei
1197 5201 1490 5256 membrum
1505 5211 1605 5257 est.
1631 5202 1745 5257 Non
1773 5205 1912 5259 enim
1939 5207 2105 5277 magis

520 5297 606 5342 est
631 5289 820 5346 domus
861 5301 967 5361 tua,
997 5309 1153 5363 quam
1186 5294 1375 5350 domus
1402 5295 1489 5350 ubi
1519 5295 1683 5350 habes
1713 5297 1934 5352 salutem
1963 5314 2106 5354 sem-

522 5379 806 5446 piternam.
836 5383 1058 5437 Domum
1093 5393 1232 5438 tuam
1266 5386 1431 5439 intras
1458 5395 1673 5456 propter
1709 5389 1944 5457 requiem
1974 5396 2107 5442 tem-

526 5472 760 5539 poralcin
784 5491 798 5537 ;
822 5473 1040 5530 domum
1078 5477 1170 5531 Dei
1209 5477 1372 5532 intras
1397 5487 1612 5547 propter
1639 5480 1877 5548 requiem
1908 5479 2106 5550 sempi-

526 5569 750 5615 ternam.
811 5562 865 5618 Si
912 5580 1039 5636 ergo
1079 5567 1130 5620 in
1185 5567 1346 5621 domo
1401 5575 1484 5621 tua
1528 5583 1597 5622 ne
1635 5567 1758 5638 quid
1798 5585 2102 5639 perversum

525 5649 617 5706 ﬂat
641 5653 868 5722 satagis;
895 5654 947 5709 in
975 5656 1136 5712 domo
1161 5657 1256 5712 Dei
1278 5657 1365 5712 ubi
1395 5658 1536 5713 salus
1555 5660 1824 5729 proposita
1850 5671 1930 5714 est
1951 5670 2005 5716 et
2023 5676 2106 5717 rc-

587 5761 606 5794 ί
627 5763 702 5813 sic
724 5771 826 5814 uss.
851 5771 903 5816 At
928 5766 1061 5833 editi,
1085 5769 1256 5833 satagit
1280 5768 1552 5834 emendare,
1579 5770 1706 5835 capit
1729 5769 1984 5838 corrigere.

1391 328 1394 330 Ὺ
1463 345 1526 401 ΙΝ
1564 339 1841 400 JOANNIS
1880 333 2338 400 EVANGELIUM,
2379 331 2436 388 S.
2479 330 2837 390 AUGUSTINI

3648 329 3784 387 14τὲ

2199 464 2350 519 quies
2378 452 2492 503 sine
2523 451 2647 515 line,
2674 447 2838 502 debes
2868 447 2974 516 pati
3005 450 3257 517 quantum
3286 438 3341 500 in
3369 451 3422 500 te
3456 453 3560 513 est,
3589 444 3635 500 si
3656 446 3785 516 quid

2199 543 2335 597 forte
2370 555 2672 612 perversum
2700 539 2931 594 videris?
2961 539 3114 594 Verbi
3153 540 3341 610 gratia,
3373 538 3520 593 vides
3557 537 3782 592 fratrem

2199 647 2416 688 currere
2440 631 2507 685 ad
2533 632 2834 686 theatrum?
2862 630 3112 699 prohibe,
3146 646 3322 696 mone,
3364 629 3698 696 contristare,
3734 630 3782 683 si

2200 724 2346 779 zelus
2369 724 2560 778 domus
2597 724 2690 779 Dei
2732 722 2965 778 comedit
2994 731 3062 777 te.
3094 723 3252 777 Vides
3300 723 3430 776 alios
3469 738 3690 778 currere
3731 733 3788 778 et

2201 815 2450 871 inebriari
2472 816 2627 882 velle,
2650 823 2704 870 et
2725 815 2825 870 hoc
2847 815 2980 870 velle
3007 815 3057 868 in
3083 815 3214 868 locis
3242 815 3458 876 sanctis,
3486 815 3626 885 quod
3653 831 3784 870 nus-

2202 923 2359 977 quam
2397 907 2585 962 decet?
2629 908 2853 978 prohibe
2893 923 3023 978 quos
3070 917 3234 978 potes,
3274 916 3398 962 tene
3434 923 3567 978 quos
3606 917 3785 979 potes,

2203 1005 2344 1052 terre
2371 1013 2504 1068 quos
2531 1008 2703 1068 potes,
2745 999 2937 1070 quibus
2967 1009 3118 1069 potes
3145 987 3413 1064 blandire;
3458 1000 3566 1054 noli
3605 1009 3787 1055 tamen

2202 1089 2498 1159 quiescere.
2522 1089 2738 1146 Amicus
2759 1093 2874 1146 est?
2902 1091 3250 1146 admoneatur
3270 1091 3480 1145 leniter.
3505 1091 3651 1146 Uxor
3667 1092 3788 1146 est?

2203 1181 2538 1236 severissime
2563 1181 2878 1238 refrenetur.
2911 1182 3115 1237 Ancilla
3151 1183 3266 1237 est?
3292 1183 3448 1237 etiam
3478 1182 3791 1239 verberibus

2203 1281 2587 1340 compescatur.
2635 1273 2740 1329 Fac
2767 1273 3017 1343 quidquid
3049 1282 3218 1343 potes,
3251 1289 3344 1344 pro
3376 1289 3601 1342 persona
3625 1291 3788 1345 quam

2201 1373 2414 1434 portas;
2456 1373 2512 1419 et
2543 1366 2768 1434 perficis,
2812 1365 2966 1420 Zelus
3000 1364 3178 1419 domus
3207 1375 3306 1420 tua:
3333 1367 3548 1420 comedit
3591 1383 3689 1420 me.
3732 1367 3789 1423 Si

2204 1465 2380 1512 autem
2409 1457 2568 1511 fueris
2585 1457 2824 1526 frigidus,
2853 1456 3141 1523 marcidus,
3161 1456 3225 1510 ad
3250 1465 3301 1511 te
3317 1456 3488 1510 solum
3513 1464 3788 1526 spectans,

2205 1555 2261 1602 ct
2286 1548 2432 1617 quasi
2462 1547 2554 1601 tibi
2589 1547 2878 1613 sufficiens,
2911 1555 2964 1601 et
3001 1548 3184 1602 dicens
3228 1547 3279 1600 in
3307 1546 3474 1601 corde
3511 1555 3622 1613 tuo,
3650 1548 3790 1614 Quid

2205 1637 2334 1691 mihi
2382 1644 2464 1691 est
2495 1651 2682 1692 curare
2721 1637 2890 1692 aliena
2927 1638 3180 1707 peccata?
3206 1636 3401 1692 sufﬁcit
3445 1637 3576 1692 mihi
3611 1638 3790 1692 anima

2206 1745 2354 1796 mea;
2384 1730 2551 1799 ipsam
2583 1731 2840 1800 integram
2875 1745 3081 1784 servem
3116 1731 3224 1784 Deo
3251 1748 3263 1782 :
3289 1730 3390 1793 eia,
3435 1744 3542 1784 non
3571 1730 3662 1784 tibi
3695 1744 3790 1785 ve-

2207 1821 2285 1874 nit
2309 1821 2359 1874 in
2391 1829 2620 1875 mentem
2654 1837 2839 1876 servus
2883 1821 2971 1875 ille
2998 1821 3086 1890 qui
3118 1819 3397 1874 abscondit
3429 1819 3705 1887 talentum,
3735 1828 3792 1875 ei

2206 1913 2375 1967 noluit
2416 1914 2675 1982 erogare?
2719 1912 2986 1982 Numquid
3038 1913 3181 1966 enim
3227 1920 3504 1966 accusatus
3541 1920 3624 1966 ost
3667 1913 3790 1982 quia

2207 2005 2456 2076 perdidit,
2481 2015 2535 2060 et
2561 2022 2670 2060 non
2701 2006 2821 2076 quia
2853 2007 2968 2060 sine
3001 2006 3151 2060 lucro
3177 2004 3406 2060 servavit
3428 2003 3637 2075 (Matth.
3658 2020 3790 2074 xxv,

2205 2097 2440 2168 25-50)?
2469 2097 2556 2152 Sic
2583 2112 2709 2166 ergo
2735 2097 2932 2161 audite,
2960 2096 3146 2151 fratres
3168 2096 3292 2162 mei,
3319 2104 3380 2149 ut
3415 2110 3522 2149 non
3547 2095 3793 2165 quiesca-

2208 2190 2296 2244 tis.
2327 2190 2439 2259 Ego
2468 2189 2616 2243 vobis
2632 2189 2912 2244 consilium
2939 2189 3156 2243 daturus
3175 2202 3291 2242 sum
3321 2205 3334 2240 :
3367 2188 3456 2242 det
3485 2187 3572 2242 ille
3597 2187 3685 2256 qui
3711 2187 3792 2242 in-

2211 2288 2294 2334 tus
2319 2287 2427 2345 est;
2457 2280 2578 2350 quia
2605 2280 2702 2334 etsi
2732 2296 2828 2350 per
2851 2294 2936 2334 me
2963 2277 3184 2343 dederit,
3216 2278 3303 2333 ille
3331 2276 3438 2332 dat.
3469 2277 3646 2332 Nostis
3667 2277 3794 2348 quid

2208 2371 2377 2440 agatis
2403 2372 2765 2441 unusquisque
2792 2372 2844 2425 in
2877 2371 3038 2426 domo
3067 2385 3161 2425 sua
3185 2385 3304 2424 cum
3332 2370 3524 2435 amico,
3551 2385 3672 2425 cum
3707 2369 3794 2424 in-

2209 2463 2432 2534 quilino,
2465 2479 2585 2518 cum
2614 2464 2808 2518 cliente
2834 2478 2952 2528 suo,
2983 2477 3103 2517 cum
3133 2465 3358 2531 majore,
3386 2477 3507 2516 cum
3544 2462 3750 2516 minore
3775 2478 3791 2514 :

2209 2555 2477 2625 quomodo
2507 2554 2597 2610 dat
2627 2556 2769 2610 Deus
2808 2555 3031 2621 aditum,
3078 2553 3346 2622 quomodo
3384 2554 3557 2622 aperit
3576 2553 3793 2622 januam

2208 2647 2372 2701 verbo
2400 2661 2517 2711 suo,
2552 2646 2713 2700 nolite
2741 2646 3016 2715 quiescere
3047 2643 3241 2699 lucrari
3277 2642 3524 2709 Christo;
3558 2643 3678 2714 quia
3709 2642 3793 2697 lu—

2207 2737 2338 2797 crati
2359 2737 2489 2792 estis
2515 2751 2545 2790 a
2573 2734 2801 2790 Christo.

2283 2830 2369 2884 10.
2417 2848 2436 2880 ι
2470 2828 2730 2884 Dixerunt
2768 2827 2840 2881 illi
2869 2826 3038 2882 Judaei
3067 2845 3080 2881 :
3107 2825 3258 2894 Quod
3303 2825 3510 2894 signum
3553 2822 3792 2878 ostendis

2210 2921 2382 2985 nobis,
2415 2921 2534 2991 quia
2565 2920 2680 2974 hmc
2708 2919 2874 2974 facis?
2903 2938 2921 2970 ›
2949 2919 3017 2972 Ει
3041 2918 3333 2972 Dominus:
3369 2935 3386 2967 ι
3420 2916 3626 2972 Solvite
3651 2924 3791 2971 tem-

2210 3013 2354 3083 plum
2384 3012 2502 3078 hoe,
2528 3019 2582 3066 et
2606 3013 2659 3065 in
2689 3011 2855 3065 tribus
2878 3009 3063 3064 diebus
3090 3007 3332 3063 excitabo
3357 3007 3506 3062 illud.
3537 3007 3793 3061 Dixerunt

2211 3121 2336 3173 ergo
2360 3103 2526 3160 Judzci
2553 3122 2564 3157 :
2597 3102 2950 3171 Quadraginta
2981 3109 3035 3155 et
3063 3115 3162 3154 sex
3193 3100 3344 3153 annis
3373 3098 3689 3153 aedificatum
3711 3105 3794 3152 est

2213 3198 2466 3266 templmu
2498 3196 2620 3262 hoc,
2661 3203 2714 3250 et
2748 3204 2802 3248 tu
2831 3194 2984 3260 dicis,
3021 3192 3073 3246 In
3121 3192 3290 3246 tribus
3327 3191 3516 3246 diebus
3549 3189 3793 3244 excitabo

2211 3290 2380 3346 illud?
2403 3309 2422 3341 ι
2455 3289 2591 3344 Caro
2623 3295 2796 3353 erant,
2827 3285 3062 3341 carnalia
3093 3284 3371 3354 sapiebant
3397 3301 3410 3336 :
3442 3283 3528 3338 ille
3555 3296 3684 3337 vero
3709 3281 3792 3335 lo-

2212 3385 2469 3455 quebatur
2505 3381 2868 3451 spiritualiter.
2908 3379 3037 3445 Quis
3075 3387 3249 3432 autem
3287 3384 3468 3446 posset
3498 3374 3793 3444 intelligere

2212 3476 2280 3532 de
2309 3489 2414 3546 quo
2441 3473 2638 3542 templo
2663 3471 2908 3526 dicebat?
2932 3469 3036 3524 Sed
3081 3483 3185 3522 non
3217 3467 3438 3522 multum
3469 3465 3789 3536 quaerimus;

2213 3581 2311 3635 per
2339 3564 2732 3634 Evangelistam
2760 3561 2916 3616 nobis
2943 3559 3173 3630 aperuit,
3201 3558 3331 3613 dixit
3364 3557 3431 3612 de
3461 3573 3565 3626 quo
3597 3555 3792 3625 templo

2213 3656 2450 3711 diceret:
2481 3655 2672 3710 Solvite
2696 3651 2936 3723 templum
2969 3651 3084 3716 hoc,
3121 3659 3167 3703 et
3191 3651 3243 3702 in
3274 3648 3430 3701 tribus
3461 3648 3632 3700 diebus
3658 3647 3792 3700 exci-

2214 3748 2329 3802 tabo
2379 3745 2529 3800 illud.
2580 3745 2929 3814 Quadraginta
2973 3750 3020 3795 et
3061 3758 3150 3795 sca:
3189 3741 3335 3793 annis
3367 3738 3678 3802 wdiﬁcatum
3721 3747 3794 3791 est

2215 3839 2476 3908 templum,
2504 3846 2551 3891 et
2579 3837 2744 3889 triduo
2768 3832 3026 3888 suscitabis
3051 3831 3222 3886 illud?
3253 3829 3458 3883 Dicebat
3493 3837 3686 3894 autem,
3722 3827 3795 3880 ait

2216 3929 2572 3998 livangelista,
2617 3926 2679 3980 de
2717 3925 2900 3996 templo
2939 3923 3164 3992 corporis
3193 3921 3292 3976 sui.
3347 3921 3412 3974 Et
3456 3918 3792 3974 manifestum

2213 4033 2316 4090 est,
2365 4021 2596 4076 occisum
2643 4019 2921 4072 Dominum
2973 4023 3092 4086 post
3135 4014 3367 4068 triduum
3413 4011 3792 4067 resurrexisse.

2214 4114 2326 4168 Hoc
2363 4111 2522 4166 modo
2562 4110 2809 4164 omnibus
2855 4107 3008 4161 nobis
3043 4114 3226 4160 notum
3271 4113 3354 4159 est
3385 4121 3398 4154 :
3429 4111 3485 4158 et
3522 4102 3566 4158 si
3596 4100 3794 4156 Judazis

2215 4205 2454 4259 clausum
2499 4212 2600 4268 est,
2632 4201 2752 4271 quia
2786 4200 2911 4253 foris
2950 4207 3123 4263 stant;
3164 4197 3316 4250 nobis
3342 4205 3516 4249 tamen
3553 4203 3793 4264 apertum

2214 4303 2316 4361 est,
2344 4294 2463 4364 quia
2486 4292 2729 4347 novimus
2745 4291 2798 4345 in
2820 4305 2977 4360 quem
3003 4287 3290 4343 credimus.
3317 4285 3488 4355 lpsius
3509 4283 3687 4354 templi
3710 4297 3796 4336 so-

2214 4387 2467 4441 lutionem
2490 4393 2544 4440 et
2561 4382 3047 4444 remdiﬂcationcm,
3071 4377 3432 4433 anniversaria
3459 4375 3794 4430 solemnitate

2213 4478 2528 4535 celebraturi
2558 4491 2741 4530 sumus
2764 4493 2778 4528 :
2801 4473 2866 4528 ad
2888 4487 3046 4544 quam
3070 4487 3162 4525 vos
3187 4469 3547 4534 exhortamur,
3580 4475 3637 4520 ut
3657 4481 3794 4536 prte-

2215 4569 2412 4640 paretis
2448 4583 2564 4634 vos,
2611 4567 2653 4620 si
2692 4565 2780 4636 qui
2819 4564 2948 4618 estis
2984 4559 3371 4626 catechumeni,
3421 4566 3481 4612 ut
3518 4556 3792 4627 accipiatis

2212 4663 2471 4735 gratiam;
2489 4660 2597 4730 jam
2627 4673 2765 4713 nunc
2796 4667 3000 4725 tempus
3035 4661 3135 4716 est,
3161 4652 3272 4722 jam
3303 4665 3441 4704 nunc
3470 4649 3794 4720 parturiatur

2213 4751 2356 4824 quod
2383 4759 2507 4804 tunc
2537 4757 2801 4802 nascatur.
2825 4746 2964 4815 Ergo
2996 4742 3118 4798 illud
3147 4742 3408 4796 novimus.

2290 4843 2372 4896 ll.
2415 4840 2522 4896 Sed
2553 4839 2686 4893 forte
2724 4837 2824 4890 hoc
2861 4835 3087 4905 exigitur
3119 4849 3149 4888 a
3180 4832 3352 4896 nobis,
3386 4839 3562 4885 utrum
3601 4828 3796 4884 habeat

2213 4932 2427 5004 aliquod
2454 4937 2839 4984 sacramentum
2869 4926 3210 4996 quadraginta
3239 4939 3331 4978 sex
3373 4923 3525 4977 annis
3563 4921 3796 4976 aediﬁca-

2213 5032 2324 5078 tum
2355 5022 2629 5090 templum.
2657 5018 2791 5074 Sunt
2815 5016 3027 5087 quidem
3054 5015 3214 5069 multa
3243 5029 3360 5081 qua:
3392 5013 3513 5066 hinc
3539 5012 3640 5066 dici
3663 5028 3794 5082 pos-

2213 5117 2348 5181 sint;
2389 5113 2482 5168 sed
2507 5111 2646 5184 quod
2676 5110 2908 5165 breviter
2937 5108 3038 5163 dici
3067 5116 3241 5178 potest
3268 5114 3323 5161 et
3357 5105 3508 5159 facile
3545 5103 3789 5173 intelligi,

2211 5208 2315 5262 hoc
2335 5206 2544 5261 interim
2566 5203 2809 5258 dicimus.
2833 5201 3069 5268 Fratres,
3093 5199 3325 5253 diximus
3345 5197 3476 5266 jam,
3494 5195 3592 5251 nisi
3616 5195 3792 5261 fallor,

2213 5299 2464 5356 hesterno
2493 5296 2603 5363 die,
2635 5295 2803 5350 Adam
2834 5308 2995 5348 unum
3018 5291 3287 5345 hominem
3315 5289 3499 5354 fuisse,
3536 5295 3592 5341 et
3619 5287 3792 5357 ipsum

2213 5407 2333 5447 esse
2360 5399 2524 5444 totum
2554 5402 2720 5459 genus
2743 5387 3049 5440 humanum.
3074 5382 3204 5435 Nam
3238 5381 3308 5434 ita
3331 5379 3581 5445 diximus,
3609 5378 3651 5431 si
3683 5393 3796 5432 mo-

2212 5483 2446 5539 ministis
2474 5480 2562 5553 (In
2599 5477 2845 5551 superiori
2871 5471 3150 5545 Tractatu).
3180 5472 3341 5539 Quasi
3377 5470 3574 5524 fractus
3604 5477 3705 5534 est,
3739 5477 3793 5523 et

2213 5588 2430 5644 sparsus
2471 5571 2763 5640 colligitur,
2807 5575 2862 5621 et
2893 5564 3045 5635 quasi
3097 5563 3358 5618 conﬂatur
3401 5562 3455 5615 in
3497 5576 3658 5615 unum
3705 5573 3794 5612 so-

2212 5665 2406 5720 cietate
2457 5673 2615 5732 atque
2660 5657 2940 5715 concordia
2982 5655 3294 5726 spirituali‘.
3343 5655 3408 5707 Et
3451 5652 3615 5724 gemit
3651 5666 3790 5706 unus

2277 5777 2292 5806 ί
2317 5775 2388 5824 sic
2410 5781 2515 5823 Mss.
2542 5779 2596 5821 At
2620 5772 2752 5832 editi,
2776 5783 2825 5822 in
2848 5781 2989 5820 unam
3012 5765 3280 5820 societatem
3306 5769 3447 5827 atque
3485 5761 3792 5816 concordiam
