4074 6472
236 330 374 388 H73

233 459 437 515 pauper
472 441 635 498 modo
672 441 786 514 ipse
815 440 1004 507 Adam,
1033 440 1128 497 sed
1159 441 1214 497 in
1251 440 1465 496 Christo
1492 441 1817 495 innovatur:

231 537 356 606 quia
381 537 499 590 sine
520 544 741 604 peccato
768 534 909 588 venit
934 531 1126 598 Adam,
1155 541 1210 586 ut
1227 540 1500 602 peceatum
1525 530 1692 584 Adam
1714 527 1823 583 sol-

229 635 383 681 veret
402 625 459 680 in
480 640 642 679 carne
667 639 786 690 sua,
807 633 857 678 et
881 633 937 678 ut
956 623 1343 693 redintegraret
1367 621 1466 676 sibi
1495 619 1663 674 Adam
1686 619 1820 672 ima--

227 733 408 787 ginem
438 719 452 748 ¹
487 715 603 772 Dei.
643 717 718 770 De
761 714 931 770 Adam
967 729 1095 783 ergo
1137 728 1264 768 caro
1289 712 1482 769 Christi
1517 729 1530 763 :
1561 711 1626 764 dc
1652 709 1820 764 Adam

229 824 364 880 ergo
391 808 652 877 templum
676 805 820 877 quod
845 805 1224 860 destruxerunt
1247 803 1436 869 Judaei,
1465 800 1818 856 etresuscita-

228 901 305 955 vit
335 901 598 954 Dominus
624 898 818 952 triduo.
843 896 1204 952 Resuscitavit
1229 895 1370 949 enim
1399 908 1616 948 carnem
1636 906 1816 948 suam:

228 994 432 1059 videte,
459 993 585 1062 quia
615 990 755 1046 Deus
779 999 890 1045 erat
909 989 1131 1059 mqualis
1156 986 1319 1043 Patri.
1348 986 1563 1040 Fratres
1592 985 1719 1052 mei,
1749 983 1822 1036 di-

227 1086 300 1139 cit
327 1083 646 1153 Apostolus,
683 1081 782 1147 Qui
803 1097 917 1135 eum
947 1079 1176 1134 excitauit
1197 1095 1228 1132 a
1251 1077 1479 1132 mortuis.
1511 1076 1587 1129 De
1607 1090 1712 1144 quo
1736 1073 1819 1128 di-

225 1176 335 1231 cit?
364 1176 442 1230 De
468 1175 627 1229 Patre
652 1189 665 1224 :
696 1191 715 1224 ι
746 1172 958 1237 Factus,
985 1190 1004 1222 ι
1032 1170 1220 1240 inquit,
1249 1187 1268 1220 ι
1297 1168 1549 1223 obediens
1567 1181 1733 1235 usque
1752 1164 1818 1219 ad

229 1275 486 1331 mortem,
517 1274 743 1319 mortem
766 1273 940 1318 autem
966 1261 1140 1315 crucis
1164 1277 1177 1313 :
1210 1267 1422 1330 propter
1448 1257 1588 1328 quod
1609 1267 1664 1312 et
1681 1257 1820 1311 Deus

225 1357 378 1412 illum
397 1353 657 1410 excitavit
684 1370 714 1408 a
739 1353 1017 1417 mortuis’,
1041 1361 1094 1407 et
1121 1350 1269 1406 dedit
1287 1350 1334 1404 ei
1359 1363 1552 1403 nomen
1578 1347 1716 1418 quod
1737 1355 1821 1401 est

223 1465 389 1519 super
416 1464 581 1503 omne
605 1462 799 1502 nomen
827 1465 847 1498 ι
878 1445 1136 1515 (Philipp.
1166 1459 1222 1509 ιι,
1254 1443 1308 1509 8,
1337 1440 1412 1514 9).
1452 1441 1818 1496 Resuscitatus

224 1551 281 1596 et
300 1541 574 1596 exaltatus
603 1547 686 1594 est
703 1539 977 1594 Dominus.
1002 1535 1356 1592 Resuscitavit
1381 1551 1524 1596 eum,
1551 1534 1704 1604 quis?
1721 1535 1820 1589 Pa—

228 1645 333 1699 ter,
362 1634 450 1689 cui
481 1632 616 1688 dixit
645 1633 697 1686 in
725 1633 969 1699 Psalmis,
1015 1630 1197 1685 Excita
1237 1645 1336 1694 me,
1380 1639 1426 1682 et
1454 1627 1664 1682 reddant
1691 1627 1814 1682 illis.

224 1727 402 1799 (Psal.
433 1743 523 1790 XL,
556 1725 668 1797 11).
710 1726 850 1795 Ergo
881 1724 1037 1778 Pater
1068 1739 1188 1778 eum
1222 1721 1574 1790 resuscitavit.
1617 1720 1729 1774 Non
1758 1735 1818 1774 se

225 1818 378 1888 ipse?
408 1817 549 1885 Quid
579 1825 754 1871 autem
794 1815 918 1870 facit
959 1815 1116 1869 Pater
1143 1814 1258 1868 sine
1293 1813 1508 1868 Verbo?
1534 1812 1658 1883 quid
1690 1811 1817 1866 facit

226 1911 386 1966 Pater
421 1911 542 1964 sine
559 1909 729 1964 Unico
775 1907 907 1983 suo?
950 1907 1080 1960 Nam
1116 1902 1238 1960 andi
1273 1905 1398 1975 quia
1433 1914 1486 1959 et
1532 1905 1644 1973 ipse
1676 1905 1816 1958 Deus

225 2011 344 2056 erat
369 2018 389 2056 :
422 2002 621 2056 Solvite
644 2001 885 2070 templum
919 2000 1030 2063 hoc,
1061 2007 1106 2051 et
1135 1999 1186 2051 in
1213 1997 1370 2050 tribus
1399 1996 1570 2050 diebus
1591 1995 1815 2049 excitabo

223 2092 377 2146 illud.
406 2091 673 2160 Numquid
689 2091 844 2156 dixit,
863 2089 1062 2144 Solvite
1080 2089 1357 2158 templum,
1377 2086 1514 2157 quod
1534 2086 1707 2141 triduo
1725 2086 1815 2139 Pa-

228 2195 309 2240 ter
331 2185 654 2240 resuscitet?
675 2183 780 2237 Sed
801 2183 1068 2252 quomodo
1085 2198 1204 2236 cum
1224 2182 1379 2236 Pater
1399 2180 1638 2246 suscitat,
1657 2188 1712 2234 et
1730 2178 1816 2232 Fi-

224 2276 330 2330 lius
348 2277 600 2337 suscitat;
630 2276 706 2329 sic
726 2290 845 2328 cum
871 2273 1034 2326 Filius
1046 2275 1283 2338 suscitat,
1307 2281 1360 2328 et
1380 2272 1537 2326 Pater
1561 2274 1807 2326 suscitat:

223 2369 347 2438 quia
365 2369 534 2424 Filius
546 2368 698 2432 dixit,
724 2368 832 2437 Ego
845 2376 890 2419 et
904 2365 1058 2420 Pater
1071 2385 1225 2420 unum
1241 2383 1412 2421 sumus
1427 2365 1603 2438 (Joan.
1623 2380 1680 2429 x,
1696 2363 1808 2434 30).

294 2459 387 2514 12.
428 2459 568 2526 Quid
611 2475 739 2528 ergo
777 2460 875 2514 sibi
922 2459 1034 2513 vult
1077 2475 1330 2514 numerus
1363 2458 1813 2529 quadragenarius

223 2553 510 2607 senarius?
542 2553 756 2606 Interim
796 2553 908 2620 ipse
943 2551 1110 2606 Adam
1136 2553 1258 2622 quia
1301 2567 1393 2621 per
1421 2559 1584 2605 totum
1626 2551 1810 2605 orbem

224 2655 488 2700 terrarum
516 2654 618 2710 est,
646 2645 869 2698 audistis
893 2645 1000 2713 jam
1026 2643 1277 2698 hesterno
1297 2643 1380 2696 die
1409 2643 1460 2695 in
1482 2650 1710 2712 quatuor
1729 2641 1813 2694 lit-

223 2741 351 2793 teris
385 2740 580 2808 graecis
623 2746 848 2807 quatuor
895 2737 1176 2791 verborum
1214 2749 1529 2805 grmcorum.
1575 2733 1631 2787 Si
1668 2734 1809 2787 enim

225 2831 323 2884 ista
343 2831 504 2883 verba
527 2841 757 2898 quatuor
776 2828 977 2884 scribas
1006 2828 1104 2882 sub
1126 2826 1373 2892 invicem,
1400 2825 1449 2878 id
1474 2835 1576 2890 est,
1597 2824 1810 2879 nomina

220 2930 451 2990 quatuor
474 2922 698 2988 partium
733 2920 933 2985 mundi,
956 2918 1206 2984 Orientis,
1231 2917 1554 2980 Occidentis,
1585 2915 1809 2985 Aquilo-

220 3014 304 3068 nis
331 3022 384 3068 et
414 3013 711 3076 Meridiani,
735 3011 872 3082 quod
898 3019 980 3066 est
1005 3019 1146 3065 totus
1175 3010 1351 3075 orbis;
1385 3009 1523 3063 unde
1551 3007 1680 3062 dicit
1703 3009 1809 3061 Do-

221 3106 396 3158 minus
428 3121 459 3158 a
485 3117 716 3174 quatuor
744 3104 916 3158 ventis
953 3103 1304 3158 eollecturum
1333 3117 1392 3157 se
1420 3102 1619 3156 electos
1658 3115 1806 3168 suos,

219 3211 338 3250 cum
365 3196 573 3251 venerit
599 3196 666 3250 ad
688 3195 944 3266 judicium
974 3193 1162 3267 (Marc.
1188 3209 1307 3261 xm,
1334 3193 1428 3264 27)
1454 3212 1466 3246 :
1497 3195 1540 3247 si
1564 3194 1703 3248 enim
1731 3190 1810 3245 fa-

219 3288 330 3342 cias
364 3288 472 3342 ista
508 3298 734 3357 quatuor
770 3288 984 3342 nomina
1027 3301 1220 3358 grteca,
1264 3289 1498 3351 ἀνατολὴ,
1545 3285 1685 3355 quod
1727 3293 1811 3340 est

219 3380 454 3445 Oriens;
501 3384 650 3442 δύσις,
692 3379 831 3449 quod
877 3387 959 3434 est
1000 3377 1289 3442 Occidens;
1320 3382 1512 3447 ἄρκτος,
1553 3375 1691 3445 quod
1727 3385 1810 3430 est

219 3468 552 3537 Septentrio;
595 3479 897 3539 μεσημϐρία,
934 3469 1075 3539 quod
1113 3475 1196 3523 est
1229 3466 1513 3523 Meridies:
1547 3468 1802 3533 Anatole,

219 3558 384 3628 dysis,
408 3568 607 3621 arctos,
647 3559 982 3626 mesembria,
1004 3559 1174 3630 capita
1205 3559 1491 3614 verborum
1522 3558 1688 3613 Adam
1712 3557 1810 3612 ha-

222 3651 365 3704 bent.
395 3650 678 3717 Quomodo
717 3668 844 3722 ergo
887 3653 958 3706 ibi
999 3653 1300 3708 invenimus
1347 3661 1402 3707 et
1441 3651 1808 3722 quadragena-

222 3741 354 3794 rium
382 3742 656 3796 senarium
681 3744 992 3797 numerum?
1017 3743 1147 3810 Quia
1173 3757 1298 3797 caro
1321 3742 1518 3797 Christi
1546 3742 1613 3796 de
1641 3742 1808 3796 Adam

222 3840 352 3884 erat.
377 3832 461 3884 Ad
485 3833 690 3887 litteras
712 3849 960 3887 numeros
981 3843 1290 3903 computant
1313 3833 1503 3888 Graeci.
1532 3831 1685 3898 Quod
1713 3847 1808 3887 nos

223 3923 446 3978 facimus
473 3941 505 3976 a
534 3924 786 3988 litteram,
820 3925 918 3996 ipsi
939 3925 1116 3994 lingua
1147 3940 1239 3980 sua
1270 3934 1471 3994 ponunt
1501 3925 1655 3994 alpha
1673 3947 1725 3988 α,
1755 3933 1810 3979 et

147 4087 154 4094 ἱ
221 4019 440 4068 vocatur
480 4014 640 4083 alpha
670 4039 704 4067 α
734 4031 915 4070 unum.
964 4015 1061 4070 Ubi
1103 4025 1279 4070 autem
1310 4016 1362 4069 in
1395 4016 1629 4069 numeris
1674 4015 1810 4070 scri-

221 4106 349 4159 bunt
376 4108 497 4159 beta
527 4118 586 4176 β,
627 4105 766 4174 quod
793 4117 874 4161 est
898 4106 926 4160 b
958 4107 1213 4176 ipsorum,
1245 4116 1462 4160 vocatur
1492 4108 1541 4160 in
1575 4107 1812 4161 numeris

220 4198 342 4254 duo.
369 4197 472 4253 Ubi
501 4198 739 4252 scribunt
776 4214 980 4268 gamma
1003 4223 1050 4264 γ,
1080 4207 1296 4252 vocatur
1322 4199 1373 4252 in
1402 4199 1638 4252 numeris
1666 4199 1810 4266 ipso-

224 4304 336 4341 rum
386 4289 512 4342 tria.
553 4287 651 4343 Ubi
695 4289 932 4342 scrihnnt
961 4289 1098 4344 delta
1143 4294 1188 4352 δ,
1243 4298 1461 4342 vocatur
1489 4290 1540 4342 in
1576 4289 1812 4343 numeris

224 4381 462 4449 ipsorum
493 4390 720 4449 quatuor
749 4399 762 4436 :
797 4389 851 4435 et
876 4381 952 4434 sic
988 4397 1078 4450 per
1111 4396 1297 4434 omnes
1324 4381 1529 4435 litteras
1562 4395 1812 4436 numeros

225 4473 444 4527 habent.
469 4471 551 4536 Μ,
573 4473 712 4541 quod
742 4488 839 4526 nos
856 4472 1099 4538 dicimus,
1123 4481 1176 4526 et
1200 4472 1270 4526 illi
1289 4472 1472 4526 dicunt
1492 4487 1581 4544 [ly
1600 4497 1657 4539 μ,
1683 4486 1812 4542 qua-

222 4565 468 4634 draginta
514 4563 776 4634 signiﬁcat
805 4581 816 4617 :
847 4564 1029 4618 dicunt
1060 4565 1200 4618 enim
1237 4581 1320 4633 my
1366 4590 1404 4633 μ.
1447 4571 1809 4635 τεσσαράκοντα.

223 4655 337 4709 Jam
371 4655 551 4710 videte
589 4655 702 4709 ista:
731 4657 918 4710 littera:
963 4672 1120 4725 quem
1163 4671 1439 4709 numerum
1471 4655 1729 4721 habeant;
1761 4665 1814 4711 et

227 4747 295 4801 ibi
334 4747 619 4801 invenietis
649 4746 992 4816 quadraginta
1026 4761 1119 4800 sex
1157 4747 1310 4800 annis
1334 4744 1649 4800 mdiﬁcatum
1682 4756 1815 4802 tem-

228 4839 394 4905 plum.
424 4837 592 4892 Habet
610 4839 750 4892 enim
779 4837 948 4891 Adam
970 4838 1126 4906 alpha
1147 4861 1200 4903 α,
1229 4839 1367 4907 quod
1387 4848 1469 4893 est
1495 4855 1656 4892 unum
1682 4855 1694 4891 :
1720 4838 1812 4892 ha-

227 4929 313 4984 bet
338 4927 486 4982 delta
515 4931 560 4993 δ,
583 4928 726 4997 quod
753 4937 876 4982 sunt
899 4939 1153 4997 quatuor;
1181 4929 1342 4982 habes
1361 4930 1594 4999 quinque
1621 4948 1633 4983 :
1656 4929 1816 4984 habet

229 5020 419 5074 iterum
450 5019 610 5088 alpha
630 5043 684 5086 α,
712 5019 852 5090 quod
880 5029 961 5074 est
988 5036 1147 5073 unum
1171 5036 1185 5085 ;
1219 5019 1382 5076 habes
1411 5035 1505 5074 sex
1535 5038 1547 5074 :
1580 5020 1738 5075 habet
1764 5031 1818 5076 et

229 5127 314 5184 my
325 5139 362 5179 μ
374 5112 536 5182 ,quod
546 5112 1004 5183 estquadraginta:
1020 5113 1182 5168 habes
1196 5114 1536 5184 quadraginta
1550 5114 1815 5181 sex.llaec,

232 5203 424 5258 fratres
446 5203 574 5272 mei,
595 5205 753 5257 etiam
779 5205 846 5259 ab
863 5206 1211 5260 anterioribus
1226 5204 1512 5273 majoribus
1528 5206 1723 5260 nostris
1739 5205 1818 5259 di-

232 5304 313 5348 cta
335 5303 483 5359 sunt,
503 5305 555 5348 et
572 5294 818 5348 inventus
833 5305 913 5350 est
931 5298 1030 5350 iste
1044 5311 1294 5350 numerus
1314 5297 1362 5350 in
1381 5297 1570 5351 litteris
1592 5297 1820 5366 quadra-

235 5388 480 5454 genarius
510 5386 755 5441 senarius
782 5387 883 5458 (τι).
926 5388 993 5442 Ει
1017 5389 1138 5458 quia
1172 5389 1426 5444 Dominus
1454 5399 1638 5445 noster
1664 5388 1820 5444 Jesus

236 5516 548 5581 spirituatem.

298 5582 316 5648 ξ
343 5589 423 5629 Ms.
448 5582 765 5648 l-‘ossatensis,
788 5581 842 5648 in

296 5643 318 5672 ί
340 5649 461 5691 ‘n-es
482 5650 612 5701 Mss...
635 5645 861 5696 mutarit
883 5659 913 5694 a
936 5643 1153 5698 mortuis.

299 5702 374 5773 (α)
399 5703 500 5774 tiri.
525 5704 607 5753 lib.
626 5705 691 5754 de
707 5710 950 5758 montibus
969 5710 1075 5758 Sina
1094 5718 1145 5759 et
1167 5710 1273 5759 Sion
1288 5717 1453 5760 contra
1472 5709 1678 5774 Judteos,
1697 5713 1823 5764 inter

238 5767 452 5830 qia-iani
485 5779 652 5829 opera.

1446 322 1854 383 TRACTATUS
1896 322 1983 377 XI.
2025 323 2248 382 CAPUT
2287 327 2348 384 ll.

3360 346 3496 406 1471

1929 434 2172 492 Christus
2195 441 2261 496 de
2287 441 2454 497 Adam
2483 459 2675 514 corpus
2695 447 2916 518 accepit,
2946 465 3048 505 non
3079 451 3148 507 de
3179 453 3344 509 Adam
3372 473 3501 526 pee-

1927 539 2101 583 catum
2131 533 2319 599 traxit;
2346 536 2595 604 templum
2623 553 2934 607 corporeum
2967 543 3087 598 inde
3121 547 3362 615 sumpsit,
3394 563 3501 603 non

1928 620 2257 690 iniquitatem
2277 640 2393 694 qua:
2421 627 2487 681 de
2509 630 2703 697 templo
2730 632 2969 700 pellenda
2991 644 3102 688 est:
3128 635 3294 704 ipsam
3324 649 3504 696 autent

1927 726 2138 766 carnem
2165 730 2320 783 quam
2353 719 2509 771 traxit
2529 719 2596 774 de
2625 721 2791 774 Adam
2822 721 3006 792 (Maria
3041 727 3182 779 enim
3215 727 3283 783 de
3307 729 3504 794 Adam,

1925 811 1980 858 et
2007 804 2211 858 Domini
2235 821 2361 863 caro
2385 808 2449 863 de
2473 809 2681 882 Maria),
2705 813 2871 868 Judaii
2898 815 3303 885 crucitixerunt;
3333 829 3386 876 et
3415 822 3508 876 illo

1926 898 2331 955 resuscitaturus
2369 909 2482 956 erat
2525 903 2690 973 ipsam
2729 922 2942 962 carnem
2992 909 3043 962 in
3094 911 3284 977 triduo,
3334 929 3498 983 quam

1926 987 1997 1042 illi
2043 988 2096 1042 in
2135 1004 2292 1046 cruce
2329 997 2738 1050 erant°occisuri
2767 1015 2778 1050 :
2809 998 2882 1052 illi
2925 1000 3198 1055 solverunt
3237 1006 3496 1074 templum

1924 1081 2265 1150 quadraginta
2310 1098 2404 1139 sex
2443 1085 2596 1140 annis
2638 1086 2973 1159 aedificatum,
3007 1098 3062 1146 et
3103 1093 3190 1148 ille
3232 1095 3287 1151 in
3326 1097 3506 1153 triduo

1925 1173 2260 1226 resuscitavit
2287 1174 2437 1229 illud.

1996 1265 2082 1318 15.
2123 1264 2496 1322 Benedicimus
2522 1267 2775 1324 Dominus
2801 1270 2909 1326 Deo
2937 1284 3141 1340 nostro,
3166 1276 3256 1345 qui
3275 1277 3341 1331 ad
3367 1277 3500 1332 laeti-

1924 1353 2049 1406 tiam
2069 1356 2395 1424 spiritualem
2417 1361 2754 1430 congregavit
2781 1377 2894 1415 nos.
2919 1363 3093 1420 Simus
3123 1367 3174 1420 in
3203 1368 3500 1426 humilitate

1923 1447 2104 1500 cordis
2129 1463 2362 1520 semper,
2389 1458 2445 1504 et
2471 1453 2718 1522 gaudium
2747 1463 2984 1509 nostrum
3016 1472 3176 1525 penes
3206 1460 3374 1529 ipsum
3407 1463 3495 1516 sit.

1923 1537 2036 1591 Non
2060 1538 2127 1592 de
2153 1542 2499 1609 prosiieritate
2523 1543 2695 1613 aliqua
2726 1544 2883 1614 hujus
2907 1548 3084 1600 saeculi
3114 1549 3376 1618 inllemur,
3401 1552 3496 1607 sed

1925 1631 2227 1684 noverimus
2255 1632 2558 1688 felicitatem
2587 1646 2819 1690 nostram
2847 1654 2952 1692 non
2977 1654 3098 1694 esse
3125 1641 3223 1694 nisi
3251 1657 3370 1696 eum
3398 1646 3498 1699 ista

1922 1723 2246 1777 transierint.
2275 1725 2430 1780 Modo
2457 1727 2704 1794 gaudium
2735 1739 3007 1797 nostrum,
3038 1732 3228 1786 fratres
3271 1736 3407 1798 mei,
3444 1736 3498 1790 in

1919 1827 2015 1883 spe
2038 1815 2105 1868 sit
2129 1831 2142 1867 :
2168 1831 2323 1870 nemo
2345 1818 2570 1887 gaudeat
2595 1821 2743 1890 quasi
2771 1821 2822 1874 in
2843 1838 2898 1875 re
2926 1825 3191 1891 praesenti,
3217 1842 3282 1879 ne
3302 1827 3500 1882 luerent

1919 1903 1972 1957 in
2003 1905 2101 1958 via.
2127 1906 2318 1960 Totum
2346 1910 2590 1976 gaudium
2617 1911 2684 1965 de
2713 1927 2807 1980 Spe
2834 1911 3006 1968 futura
3037 1915 3124 1976 sit,
3153 1926 3316 1970 totum
3347 1917 3495 1972 desi-

1918 1993 2122 2049 deriutn
2146 1996 2265 2051 vita:
2291 2008 2503 2053 aeterna:
2525 2002 2608 2054 sit.
2633 2000 2818 2056 Omnia
2846 2005 3070 2074 suspiria
3091 2005 3303 2061 Christo
3323 2010 3494 2064 anlte-

1918 2085 2027 2140 lent
2052 2105 2064 2141 :
2091 2087 2179 2142 ille
2209 2104 2342 2142 unus
2371 2089 2776 2160 pulcherrimus,
2806 2095 2892 2164 qui
2931 2104 2984 2150 et
3025 2097 3193 2150 fmdos
3225 2099 3409 2154 dilexit
3437 2108 3494 2154 ut

1916 2178 2166 2247 pulchros
2194 2179 2419 2245 faceret,
2449 2182 2812 2250 desideretur;
2842 2185 2907 2239 ad
2938 2187 3087 2242 illum
3119 2206 3279 2244 unum
3305 2206 3490 2246 curra-

1918 2279 2022 2336 tur,
2061 2271 2134 2325 illi
2178 2272 2582 2342 ingemiseatur;
2616 2285 2660 2328 et
2690 2277 2860 2330 dicunt
2899 2294 3109 2348 semper,
3142 2280 3497 2352 Magniﬁcetur

1916 2361 2182 2428 Dominus,
2205 2367 2288 2437 qui
2316 2367 2487 2420 volunt
2515 2385 2688 2437 pacem
2717 2371 2843 2423 servi
2871 2373 2998 2440 ejus.

2437 2499 2845 2558 TRACTATUS
2884 2503 2973 2556 XI.

1913 2610 1990 2665 Ab
2015 2629 2072 2666 eo
2097 2613 2231 2683 quod
2252 2614 2592 2684 scriptumest,
2615 2614 2747 2670 Cum
2769 2626 2946 2670 autem
2975 2627 3117 2672 esset
3143 2619 3492 2691 Jerosolymis

1902 2723 1910 2728 ·
1985 2701 2037 2756 in
2068 2704 2270 2758 Pascha
2301 2705 2350 2758 in
2379 2706 2467 2760 die
2489 2706 2642 2770 festo,
2670 2709 2818 2761 multi
2836 2709 3174 2762 crediderunt
3199 2711 3249 2763 in
3279 2713 3494 2766 nomine

1982 2794 2133 2863 ejus;
2167 2812 2320 2864 usque
2343 2797 2409 2849 ad
2441 2797 2514 2861 id,
2541 2797 2648 2851 Nisi
2673 2800 2794 2864 quis
2819 2810 3035 2852 renatus
3058 2800 3215 2854 fuerit
3244 2817 3306 2854 ex
3355 2817 3494 2870 aqua

1982 2893 2037 2938 et
2057 2884 2278 2970 Spiritu,
2301 2902 2402 2940 non
2427 2896 2600 2956 potest
2617 2888 2835 2942 introire
2853 2889 2904 2942 in
2919 2903 3137 2958 regnum
3152 2889 3266 2944 Dei.
3285 2889 3410 2960 Cap.
3432 2907 3489 2958 ιι,

1991 2977 2026 3048 ᾗ
2053 3016 2065 3029 .
2088 2979 2281 3043 25-25,
2308 2988 2353 3031 et
2374 2995 2488 3049 cap.
2516 2994 2591 3046 ιιι,
2630 2979 2664 3050 ᾗ
2689 3018 2702 3032 .
2732 2979 2850 3034 1-5.

1985 3093 2036 3146 1.
2078 3090 2387 3160 Opportune
2423 3092 2575 3146 nobis
2601 3092 2854 3147 Dominus
2897 3094 3198 3162 procuravit
3235 3094 3493 3150 hodierno

1912 3183 1999 3239 die
2047 3185 2289 3238 lectionis
2335 3183 2491 3253 hujus
2542 3184 2783 3239 ordinem
2826 3203 2839 3238 :
2879 3201 3000 3238 nam
3041 3186 3162 3255 quia
3203 3202 3269 3242 ex
3308 3188 3494 3244 ordine

1916 3277 2262 3348 Evangelium
2310 3277 2601 3332 secundum
2645 3277 2904 3332 Joannem
2952 3279 3291 3335 considerare
3336 3290 3494 3350 atque

1913 3377 2140 3423 tractare
2174 3369 2536 3437 suscepimus,
2569 3367 2729 3423 credo
2757 3367 2898 3438 quod
2933 3368 3216 3424 adverterit
3249 3369 3495 3425 Charitas

1915 3470 2108 3514 vestra.
2136 3460 2443 3529 Opportune
2462 3475 2587 3529 ergo
2613 3460 2845 3514 occurrit
2873 3469 2930 3514 ut
2957 3460 3114 3515 hodie
3141 3461 3398 3516 audiretis
3426 3477 3494 3516 ex

1916 3550 2222 3620 Evangelia,
2247 3553 2367 3620 quia
2387 3550 2504 3603 Nisi
2525 3552 2635 3613 quis
2657 3560 2859 3604 renatus
2886 3551 3034 3617 fuerit
3059 3567 3121 3604 ea:
3143 3569 3277 3622 aqua
3302 3562 3350 3606 et
3372 3552 3495 3624 Spi-

1913 3644 2034 3705 ritu,
2067 3660 2166 3697 non
2192 3642 2374 3696 videbit
2399 3659 2605 3712 regnum
2630 3643 2742 3696 Dei.
2774 3643 3008 3712 Tempus
3037 3652 3119 3697 est
3147 3645 3286 3697 enim
3314 3654 3369 3698 ut
3397 3658 3494 3698 vos

1912 3734 2280 3799 exhortemur,
2323 3734 2410 3803 qui
2459 3734 2632 3787 adhuc
2671 3735 2800 3788 estis
2846 3734 3209 3788 catechumeni
3240 3751 3252 3786 :
3283 3735 3370 3803 qui
3415 3735 3494 3790 sic

1913 3827 2212 3882 credidistis
2243 3827 2295 3879 in
2322 3826 2612 3889 Christum,
2639 3837 2694 3879 ut
2720 3827 2893 3880 adhuc
2918 3836 3089 3880 vestra
3122 3836 3336 3895 peccata
3369 3833 3492 3894 por-

1915 3921 2055 3974 tetis.
2077 3919 2264 3973 Nullus
2294 3926 2467 3972 autem
2499 3934 2719 3987 regnum
2742 3919 2997 3972 editorum
3025 3919 3219 3972 videbit
3240 3929 3492 3974 oneratus

1913 4011 2176 4081 peccatis;
2205 4010 2324 4078 quia
2356 4009 2456 4063 nisi
2487 4009 2570 4062 cui
2613 4009 2833 4063 dimissa
2864 4007 3087 4073 fuerint,
3119 4023 3223 4061 non
3253 4009 3495 4078 regnabit

1911 4116 2032 4156 cum
2061 4099 2276 4156 Christo
2301 4118 2313 4153 :
2336 4100 2528 4154 dimitti
2569 4109 2745 4154 autem
2790 4115 2894 4154 non
2930 4111 3170 4168 possunt,
3200 4101 3300 4153 nisi
3331 4101 3377 4155 ei
3403 4101 3492 4170 qui

1914 4203 2130 4248 renatus
2171 4193 2330 4247 fuerit
2358 4209 2420 4247 ex
2451 4208 2586 4262 aqua
2619 4205 2670 4246 et
2699 4192 2896 4261 Spiritu
2926 4201 3127 4246 sancto.
3167 4191 3270 4246 Sed
3315 4194 3493 4246 omnia

1914 4286 2072 4340 verba
2104 4284 2550 4354 quemadmodum
2585 4299 2644 4338 se
2672 4284 2898 4338 habeant
2926 4284 3284 4350 advertamus,
3323 4296 3377 4339 ut
3409 4285 3495 4340 hic

1917 4377 2188 4430 inveniant
2218 4376 2305 4445 qui
2338 4376 2472 4445 pigri
2501 4383 2640 4438 sunt,
2673 4384 2864 4444 quanta
2897 4375 3248 4429 sollicitudine
3277 4377 3377 4430 sibi
3413 4375 3496 4431 fe-

1917 4467 2218 4521 stinandum
2249 4467 2319 4521 sit
2345 4467 2409 4520 ad
2438 4482 2573 4520 onus
2611 4465 3004 4533 deponendum.
3038 4465 3170 4531 Quia
3207 4467 3250 4519 si
3294 4466 3499 4521 ferrent

1916 4561 2143 4630 aliquam
2187 4559 2446 4613 sarcinam
2485 4572 2718 4626 gravem,
2743 4567 2832 4611 aut
2873 4557 3080 4626 lapidis,
3111 4566 3202 4612 aut
3231 4559 3376 4627 ligni,
3406 4568 3500 4614 aut

1917 4653 2135 4722 alicujus
2181 4653 2339 4706 etiam
2381 4650 2535 4715 lucri,
2571 4651 2615 4705 si
2658 4651 2979 4703 frumentum
3021 4660 3310 4719 portarent,
3343 4653 3385 4705 si
3419 4653 3498 4705 vi.

1918 4761 2066 4809 num,
2110 4744 2154 4796 si
2200 4744 2501 4812 pecuniam,
2545 4751 2820 4796 currerent
2849 4751 2905 4795 ut
2939 4743 3266 4812 deponerent
3293 4759 3454 4798 onera
3492 4762 3504 4796 :

1918 4846 2130 4908 portant
2169 4837 2429 4890 sarcinam
2471 4846 2831 4906 peccatorum,
2865 4847 2916 4890 et
2946 4837 3077 4907 pigri
3108 4846 3233 4892 sunt
3261 4853 3496 4891 currere.

1919 4928 2250 4984 Cnrrendum
2281 4939 2362 4984 est
2393 4937 2447 4982 ιιι
2471 4928 2768 4998 deponatur
2795 4929 2908 4981 ha-c
2933 4929 3171 4993 sarcina;
3203 4927 3414 4997 premit,
3446 4936 3499 4982 et

1921 5022 2130 5092 mergit.

1991 5114 2047 5167 2.
2091 5113 2228 5168 Ecce
2275 5112 2496 5166 audistis
2547 5111 2667 5181 quia
2721 5128 2834 5165 cum
2880 5122 3003 5165 esset
3054 5111 3304 5166 Dominus
3345 5109 3503 5164 Jesus

1925 5206 2168 5260 Christus
2191 5205 2520 5275 Jerosolymis
2547 5205 2600 5257 in
2627 5203 2828 5258 Pascha
2856 5206 2908 5258 in
2937 5206 3017 5258 die
3043 5208 3188 5274 festo,
3218 5202 3365 5256 multi
3391 5221 3502 5258 creo

1926 5299 2157 5351 diderunt
2183 5299 2234 5350 in
2262 5299 2460 5350 nomine
2486 5297 2622 5366 ejus,
2655 5296 2872 5349 videntes
2897 5297 3038 5366 signa
3064 5295 3173 5364 ejus
3199 5311 3310 5364 quia
3346 5297 3508 5366 factr-

1928 5392 2026 5444 bat.
2062 5389 2210 5442 Multi
2239 5389 2555 5442 crediderunt
2596 5390 2648 5442 in
2693 5390 2892 5441 nomine
2917 5389 3024 5456 ejus
3050 5402 3067 5438 :
3092 5395 3144 5439 ct
3169 5387 3294 5456 quid
3324 5402 3504 5457 sequn-

1930 5483 2045 5536 tur?
2085 5480 2205 5551 Ipse
2244 5490 2408 5534 autem
2448 5479 2597 5534 Iesus
2641 5497 2741 5533 non
2784 5478 3012 5532 credebat
3050 5478 3369 5547 semetipsum
3413 5480 3505 5534 eis.

1927 5574 2063 5642 Quid
2089 5574 2187 5628 sibi
2219 5588 2346 5643 ergo
2372 5572 2473 5626 hoc
2499 5573 2628 5637 vult,
2654 5571 2731 5624 llli
2755 5569 3039 5624 credebant
3067 5569 3119 5623 in
3147 5571 3347 5624 nomine
3369 5572 3509 5640 ejus;
3571 5643 3577 5651 Ι

1930 5678 2002 5734 et,
2034 5666 2153 5737 Ipse
2179 5667 2328 5720 Jesus
2357 5683 2459 5720 non
2498 5665 2724 5718 credebat
2769 5666 3086 5734 semetipsum
3117 5665 3224 5719 eis?
3248 5665 3327 5718 An
3373 5664 3510 5718 forte

1935 5778 2038 5819 non
2069 5759 2403 5817 crediderant
2427 5760 2496 5826 ei,
2521 5767 2573 5815 et
2599 5755 2865 5821 fingebant
2889 5771 2948 5811 se
2974 5756 3284 5824 credidisse,
3307 5763 3360 5810 et
3384 5769 3506 5824 pro.
