4074 6464
560 340 688 396 M75

557 465 737 524 ptcrea
777 447 930 506 Jesus
972 461 1076 501 non
1120 459 1178 500 se
1224 441 1475 498 credebat
1502 439 1609 495 eis:
1641 434 1746 492 Sed
1782 451 1886 489 non
1925 432 2130 488 diceret

558 542 910 613 Evangelista,
939 536 1094 592 Multi
1117 534 1432 589 crediderunt
1461 531 1512 584 in
1542 530 1741 583 nomine
1759 528 1888 596 ejus,
1913 525 2015 579 nisi
2043 539 2106 580 ve

557 653 674 694 rum
707 636 809 691 illis
839 629 1195 688 testimonium
1231 624 1548 696 perhiberet.
1577 622 1759 690 Magna
1788 634 1914 688 ergo
1942 631 2049 679 res,
2077 625 2130 670 et

559 731 689 784 mira
719 742 807 781 res
833 742 847 777 :
875 722 1099 778 credunt
1135 719 1380 772 homines
1409 715 1462 768 in
1487 713 1779 777 Christum,
1803 718 1857 765 et
1883 708 2128 763 Christus

557 837 664 876 non
706 834 765 874 se
802 816 972 873 credit
1001 811 1326 870 hominibus.
1355 807 1655 863 Prmsertim
1685 805 1808 875 quia
1841 802 2006 857 Filius
2036 799 2128 854 Dei

559 919 659 972 est,
697 910 879 978 utique
911 905 1098 958 volens
1134 915 1322 972 passus
1359 907 1468 962 est;
1496 905 1550 952 et
1577 896 1621 951 si
1652 895 1834 959 nollet,
1863 906 2126 961 nunquam

559 1008 856 1070 pateretur;
879 994 965 1064 qui
987 993 1031 1047 si
1058 990 1242 1056 nollet,
1265 1001 1366 1042 nec
1392 993 1696 1041 nasceretur
1720 1001 1734 1038 :
1759 982 1803 1036 si
1833 989 2008 1034 autem
2030 979 2130 1032 hoc

558 1091 728 1145 solum
750 1086 929 1148 vellet,
953 1092 1010 1137 ut
1037 1088 1342 1134 nasceretur
1366 1086 1587 1141 tantum,
1611 1083 1665 1129 et
1684 1087 1788 1128 non
1810 1079 2123 1134 moreretur,

559 1190 615 1238 et
639 1176 890 1250 quidquid
922 1173 1110 1236 vellet,
1145 1171 1372 1234 faceret;
1403 1167 1524 1237 quia
1553 1161 1930 1234 omnipotentis
1958 1159 2130 1215 Patris

563 1249 728 1326 Filius
747 1265 1080 1335 omnipotens
1105 1269 1206 1316 est.
1237 1260 1315 1314 Ex
1345 1258 1472 1327 ipsis
1500 1255 1657 1310 rebus
1685 1249 2128 1323 probemus.Quia

559 1378 677 1417 cum
699 1358 989 1413 voluissent
1016 1369 1136 1409 eum
1167 1363 1366 1416 tenere,
1393 1348 1635 1403 discessit
1661 1345 1730 1400 ab
1758 1346 1872 1409 eis;
1899 1344 2132 1414 loquitur

564 1447 903 1519 Evangelium
935 1464 947 1499 :
982 1445 1047 1498 Et
1071 1459 1187 1496 cum
1211 1441 1481 1495 uoluissent
1507 1453 1622 1491 eum
1647 1437 1710 1490 de
1738 1435 1914 1489 uertice
1948 1433 2130 1486 montis

563 1539 875 1610 prwcipitare
898 1576 912 1600 ,
953 1533 1177 1587 discessit
1205 1530 1265 1584 ab
1295 1529 1364 1583 eis
1393 1526 1584 1582 illwsus
1614 1526 1764 1591 (Luc.
1794 1541 1864 1589 tv,
1890 1523 1981 1590 29-,
2011 1522 2128 1591 50).

563 1632 628 1686 Ει
653 1627 866 1700 quando
891 1631 1149 1679 venerunt
1173 1621 1239 1675 ad
1269 1635 1389 1675 eum
1419 1614 1996 1688 comprehendendum,
2020 1613 2128 1682 jam

564 1721 829 1778 venditum
856 1733 884 1771 a
911 1716 1044 1771 Juda
1073 1713 1346 1776 traditore,
1378 1725 1498 1769 cum
1529 1709 1618 1763 ille
1647 1715 1856 1778 putaret
1893 1707 1945 1760 in
1977 1712 2130 1774 pote—

560 1823 698 1868 state
743 1825 804 1866 se
855 1807 1085 1872 habere,
1139 1803 1347 1858 tradere
1395 1800 1702 1870 magistrum
1754 1806 1808 1852 et
1853 1795 2130 1850 Dominum

561 1919 748 1966 suum;
777 1911 832 1956 et
860 1900 931 1954 ibi
959 1896 1191 1953 ostendit
1218 1893 1469 1948 Dominus
1493 1891 1763 1945 voluntate
1786 1904 1844 1943 se
1873 1887 2000 1956 pati,
2027 1901 2131 1939 non

563 1992 899 2049 necessitate.
921 1988 1050 2042 Nam
1081 2000 1199 2039 cum
1229 1998 1351 2039 eum
1377 1979 1828 2050 comprehendere
1851 1976 2017 2032 Judaei
2041 1990 2135 2030 vo-

562 2087 800 2147 luissent,
828 2081 955 2134 dixit
998 2079 1098 2132 illis
1127 2093 1145 2130 :
1177 2076 1335 2140 Quem
1378 2072 1637 2143 qureritis?
1663 2071 1730 2124 At
1757 2069 1832 2123 illi
1861 2068 2091 2122 dixerunt
2115 2081 2134 2120 :

559 2177 593 2230 J
600 2191 734 2230 esum
760 2171 1106 2226 Nazarenam.
1129 2166 1196 2220 Et
1219 2166 1304 2219 ille
1324 2180 1343 2218 :
1367 2163 1478 2234 Ego
1503 2178 1634 2216 sum.
1667 2159 1778 2213 Hac
1799 2174 1915 2212 voce
1939 2157 2129 2220 audita,

557 2267 814 2320 redierunt
843 2269 998 2325 retro,
1019 2269 1065 2312 et
1089 2256 1369 2311 ceciderunt
1400 2252 1592 2325 (Joan.
1620 2265 1770 2315 xvut,
1795 2247 1893 2302 4-6
1919 2249 1958 2319 ).
1984 2245 2040 2300 In
2069 2261 2134 2300 eo

559 2357 700 2429 quod
726 2369 818 2410 eos
847 2349 1173 2422 respondens
1201 2346 1410 2415 dejecit,
1436 2342 1667 2399 ostendit
1691 2347 2045 2412 potestatem;
2080 2347 2135 2390 ut

564 2451 617 2503 in
648 2462 712 2504 eo
741 2443 878 2515 quod
918 2443 986 2496 ab
1024 2440 1102 2495 eis
1140 2436 1556 2506 comprehensus
1583 2441 1685 2498 est,
1711 2430 2015 2485 ostenderet
2041 2442 2135 2482 vo—

564 2543 839 2596 luntatem.
871 2535 1010 2604 Ergo
1048 2530 1188 2601 quod
1222 2541 1409 2599 passus
1447 2534 1558 2591 est,
1598 2521 1975 2577 misericordiae
2018 2519 2130 2572 fuit.

561 2633 810 2687 Traditus
829 2636 913 2684 est
935 2627 1078 2682 enim
1104 2632 1316 2693 pr0pter
1337 2619 1528 2674 delicta
1548 2623 1746 2680 nostra,
1773 2620 1828 2667 et
1846 2612 2136 2668 resurrexit

562 2733 776 2796 propter
797 2717 1222 2790 justiﬁcationem
1249 2719 1482 2767 nostram
1514 2707 1704 2780 (Rom.
1737 2720 1808 2796 tv,
1831 2704 1902 2758 25
1928 2703 1967 2774 ).
1998 2703 2132 2756 Audi

561 2795 721 2869 verba
747 2811 912 2881 ipsius
936 2827 950 2862 :
977 2806 1279 2860 Potestatem
1300 2800 1454 2854 habeo
1474 2796 1690 2867 ponendi
1708 2795 1927 2848 animam
1948 2809 2130 2856 meam,

559 2915 607 2960 et
637 2911 926 2974 potestatem
967 2897 1123 2953 habeo
1162 2897 1345 2949 iterum
1379 2889 1607 2946 sumendi
1639 2901 1748 2940 eam
1776 2899 1795 2938 :
1823 2899 1965 2937 nemo
2006 2883 2135 2935 tollit

563 3014 672 3051 eam
699 3013 728 3048 a
748 3011 846 3060 me,
863 2991 948 3047 sed
967 3006 1058 3060 ego
1074 3003 1203 3059 pono
1229 2987 1368 3038 illam
1392 2999 1422 3035 a
1442 2981 1651 3050 meipso,
1671 2985 1725 3030 ut
1747 2977 1924 3030 iterum
1939 2989 2134 3028 sumam

562 3103 673 3140 eam
699 3080 873 3156 (Joan.
900 3097 951 3144 x,
983 3079 1090 3147 18).
1121 3077 1250 3132 Cum
1276 3087 1403 3142 ergo
1431 3070 1648 3124 haberet
1675 3075 1872 3121 tantam
1899 3071 2134 3156 potesta-

561 3186 669 3232 tem
690 3153 716 3241 ,⁷
747 3189 866 3228 cum
911 3185 1028 3226 eam
1065 3168 1220 3222 dictis
1257 3162 1586 3234 prmdicaret,
1617 3157 1768 3212 factis
1796 3153 2132 3219 ostenderet;

564 3267 688 3336 quid
718 3265 816 3320 sibi
843 3262 958 3317 vult
984 3259 1124 3331 quod
1153 3273 1259 3312 non
1294 3269 1356 3312 se
1395 3252 1643 3308 credebat
1666 3250 1745 3305 eis
1770 3249 1958 3313 Jesus,
1985 3245 2135 3316 quasi

564 3356 760 3428 aliquid
785 3352 983 3408 nolenti
1015 3347 1297 3412 nocituris,
1328 3353 1420 3399 aut
1445 3341 1642 3412 aliquid
1675 3339 1870 3394 nolenti
1896 3336 2130 3400 iacturis,

565 3446 858 3519 prmsertim
887 3443 1008 3513 quia
1049 3441 1155 3510 jam
1186 3436 1518 3492 crediderant
1555 3433 1606 3487 in
1646 3432 1858 3486 nomine
1896 3428 2044 3497 ejus?
2067 3427 2135 3481 Et

565 3518 632 3592 de
658 3538 785 3606 ipsis
815 3535 939 3588 dicit
967 3529 1320 3599 Evangelista,
1350 3523 1677 3580 Crediderunt
1704 3522 1756 3574 in
1783 3519 1980 3572 nomine
2003 3518 2130 3585 ejus,

569 3632 638 3685 de
661 3629 850 3699 quibus
881 3624 1034 3685 dicit,
1062 3622 1181 3691 Ipse
1205 3628 1369 3672 autem
1397 3615 1545 3668 Jesus
1571 3629 1670 3666 non
1698 3609 1925 3664 credebat
1953 3619 2133 3661 semet-

567 3723 734 3790 ipsum
760 3719 849 3771 eis.
873 3712 1077 3782 Quare?
1103 3709 1247 3776 Quod
1271 3709 1379 3777 ipse
1403 3713 1566 3759 nosset
1589 3717 1778 3767 omnes,
1803 3709 1847 3754 et
1871 3700 1988 3769 quia
2006 3714 2134 3768 opus

566 3789 610 3866 ei
640 3827 739 3864 non
766 3815 870 3862 erat
909 3815 961 3858 ut
999 3803 1110 3872 quis
1151 3797 1484 3854 testimonium
1514 3793 1786 3865 perhiberet
1812 3791 1873 3843 de
1899 3789 2133 3855 homine;

567 3905 676 3973 ipse
693 3901 823 3953 enim
843 3896 1024 3952 sciebat
1050 3892 1169 3964 quid
1195 3897 1318 3944 esset
1346 3888 1396 3940 in
1423 3885 1640 3939 homine.
1663 3883 1788 3937 Plus
1816 3891 2031 3935 noverat
2051 3895 2136 3933 ar-

565 3970 694 4046 tifex
724 3987 849 4058 quiti
873 3992 1016 4040 esset
1042 3983 1095 4036 in
1123 3994 1284 4052 opere
1311 3992 1440 4043 suo,
1467 3990 1624 4045 quam
1651 3973 1821 4043 ipsum
1845 3985 1978 4041 opus
2008 3970 2134 4040 quid

566 4088 709 4136 esset
730 4079 781 4132 in
808 4074 1112 4142 semetipso.
1131 4069 1348 4124 Creator
1368 4065 1598 4121 hominis
1614 4069 1833 4117 noverat
1847 4060 1974 4131 quid
1993 4068 2135 4114 esset

566 4173 619 4228 in
637 4168 870 4232 homine,
882 4162 1022 4235 quod
1044 4163 1156 4231 ipse
1169 4168 1381 4215 creatus
1397 4157 1556 4210 homo
1572 4169 1673 4208 non
1695 4162 1934 4207 noverat.
1949 4150 2134 4205 Nonne

569 4265 672 4319 hoc
710 4259 994 4331 probamus
1021 4255 1086 4310 de
1115 4253 1306 4318 Petro,
1337 4250 1458 4320 quia
1504 4263 1609 4302 non
1650 4255 1869 4301 noverat
1909 4244 2035 4314 quid
2080 4243 2132 4298 in

568 4356 683 4424 ipso
723 4357 884 4414 esset,
926 4345 1136 4419 quando
1177 4342 1324 4408 dixit,
1358 4339 1546 4395 Tecum
1583 4353 1741 4406 usque
1781 4335 1846 4388 ad
1888 4335 2134 4389 mortem?

568 4423 705 4500 Audi
732 4441 854 4511 quia
877 4436 1131 4493 Dominus
1159 4440 1376 4488 noverat
1402 4428 1526 4500 quid
1552 4435 1696 4483 esset
1717 4427 1766 4480 in
1799 4423 2133 4480 homine:Tu

567 4549 774 4591 mecum
801 4545 964 4601 usque
985 4527 1051 4583 ad
1071 4524 1328 4582 mortem?
1348 4522 1527 4587 Amen,
1550 4535 1694 4572 amen
1715 4519 1825 4570 dico
1844 4517 1952 4583 tibi,
1973 4516 2134 4587 prius-

567 4643 716 4699 quam
751 4623 916 4696 gallus
951 4628 1132 4685 cantet,
1172 4628 1242 4671 ter
1279 4632 1358 4669 me
1385 4613 1587 4685 negabis
1617 4610 1636 4682 (
1661 4609 1845 4663 Matth.
1874 4624 2014 4672 xxvr,
2041 4609 2132 4675 53,

569 4698 660 4784 3L,
682 4727 728 4770 et
753 4715 880 4768 Luc.
909 4727 1040 4778 xxu,
1070 4711 1160 4775 55,
1183 4707 1252 4762 ’54
1277 4705 1317 4776 ).
1349 4705 1518 4759 llomo
1555 4717 1681 4772 ergo
1709 4699 1977 4753 nesciebat
2011 4698 2134 4767 quid

572 4816 718 4864 esset
753 4805 806 4860 in
848 4817 945 4867 se;
976 4800 1070 4855 sed
1097 4799 1317 4852 Creator
1341 4792 1570 4848 hominis
1595 4796 1810 4844 noverat
1838 4786 1961 4856 quid
1996 4795 2136 4841 esset

573 4902 625 4954 in
653 4895 886 4950 homine.
915 4889 1262 4946 Crediderunt
1293 4895 1468 4939 tamen
1503 4882 1552 4934 in
1581 4879 1793 4933 nomine
1822 4877 1934 4946 ejus
1963 4875 2132 4941 multi,

571 5001 626 5046 et
652 4992 764 5060 ipse
783 4987 938 5041 Jesus
966 4998 1068 5036 non
1098 4995 1157 5034 se
1183 4976 1430 5032 credebat
1453 4973 1548 5028 eis.
1578 4969 1712 5037 Quid
1741 4967 1962 5022 dicimus
1984 5006 1997 5028 ,
2027 4965 2134 5019 fra-

573 5054 724 5138 tres?
749 5077 908 5134 Forte
936 5069 1313 5140 consequentia
1351 5062 1654 5119 indicabunt
1697 5059 1847 5112 nobis
1874 5054 1999 5126 quid
2037 5055 2137 5110 sibi

574 5171 688 5226 vult
715 5164 1024 5240 mysterium
1062 5158 1342 5214 verborum
1382 5154 1621 5207 istorum.
1649 5147 1778 5213 Quia
1805 5143 2139 5202 crediderant

574 5265 632 5320 in
672 5277 793 5318 eum
837 5256 1104 5318 homines,
1137 5247 1470 5305 manifestum
1499 5252 1599 5308 est,
1629 5253 1809 5295 verum
1837 5247 1920 5293 est
1945 5253 1958 5290 :
1982 5250 2139 5290 nemo

574 5354 797 5415 dubitat,
814 5344 1154 5415 Evangelium
1181 5338 1428 5408 loquitur,
1446 5348 1605 5389 verax
1624 5328 1958 5398 Evangelista
1983 5335 2140 5380 testa-

575 5457 678 5499 tur.
709 5443 838 5497 item
874 5438 996 5509 quia
1039 5437 1151 5504 ipse
1187 5431 1341 5486 Jesus
1377 5442 1481 5481 non
1521 5423 1768 5479 credebat
1801 5421 2139 5489 semetipsum

576 5535 701 5598 illis,
727 5540 781 5586 et
809 5530 909 5584 hoc
933 5523 1267 5581 nianil‘estum
1295 5525 1395 5582 est,
1424 5526 1478 5570 et
1505 5515 1681 5569 nullus
1705 5511 2022 5566 christianus
2041 5511 2142 5564 du-

470 5626 480 5636 '
575 5627 740 5689 bitat;
762 5621 882 5692 quia
903 5627 956 5675 et
979 5619 1080 5673 hoc
1105 5612 1446 5683 Evangelium
1471 5609 1720 5677 loquitur,
1745 5613 1798 5659 et
1824 5603 1959 5657 idem
1984 5618 2142 5657 verax

579 5691 914 5783 Evangelista
962 5716 1200 5765 testatur.
1229 5705 1401 5771 Quare
1440 5712 1566 5769 ergo
1606 5693 1940 5751 crediderunt
1977 5691 2050 5746 illi
2091 5693 2140 5745 in

1505 327 1571 382 ΙΝ
1606 323 1881 383 JOANNIS
1916 321 2381 389 EV‘ANGELIUM,
2435 325 2492 381 S.
2534 326 2891 385 AUGUSTlNl

3672 339 3806 395 N76

2235 435 2447 490 nomine
2475 436 2612 505 ejus,
2640 448 2695 494 et
2720 439 2875 495 Jesus
2904 456 3008 497 non
3036 442 3282 498 credebat
3301 445 3647 515 semetipsum
3679 447 3806 502 illis?

2235 523 2518 594 Sequentia
2546 527 2836 583 videamus.

2303 617 2354 671 3.
2398 617 2526 670 Erat
2562 629 2728 673 autent
2755 620 2914 674 .homo
2956 637 3018 675 ea:
3053 621 3346 689 Pharisaris,
3373 623 3685 682 Nicodamus
3707 645 3805 682 no-

2234 705 2385 771 mine,
2419 708 2649 778 princeps
2677 707 2973 764 Judazorum
3001 726 3021 765 :
3050 711 3131 764 hic
3156 715 3285 767 venit
3316 713 3383 766 ad
3410 731 3524 769 eum
3557 729 3727 787 nocte,
3759 730 3808 774 et

2233 797 2360 851 dixit
2398 800 2463 861 ei,
2500 799 2678 854 Rabbi.
2706 801 2821 856 Jam
2864 802 2963 856 hoc
3003 803 3188 870 nostis,
3215 805 3336 874 quia
3360 806 3527 862 liabbi
3557 811 3810 878 magister

2233 888 2446 944 dicitur.
2470 891 2672 946 Scimus
2690 894 2808 962 quia
2835 910 2866 946 α
2886 892 2992 947 Deo
3018 885 3192 948 venisti
3219 897 3452 966 magister
3469 912 3488 951 :
3507 914 3651 951 nemo
3675 901 3807 954 enim

2234 990 2390 1048 potest
2419 981 2524 1036 hare
2551 984 2696 1054 signa
2733 986 2898 1055 facere
2921 1001 3034 1054 quia
3069 993 3122 1038 tu
3151 987 3308 1055 facis,
3341 988 3439 1041 nisi
3481 990 3633 1058 fuerit
3669 989 3808 1045 Deus

2232 1086 2344 1122 cum
2375 1087 2450 1125 eo.
2478 1073 2616 1142 Ergo
2645 1074 2744 1128 iste
2770 1074 3087 1129 Nicodemus
3113 1091 3177 1130 ex
3205 1075 3290 1130 his
3315 1085 3430 1130 erat
3447 1077 3537 1146 qui
3561 1078 3806 1133 credide-

2233 1169 2353 1213 rant
2393 1162 2447 1214 in
2490 1163 2703 1217 nomine
2732 1163 2868 1232 ejus,
2901 1165 3139 1220 videntes
3169 1166 3315 1234 signa
3349 1177 3403 1221 et
3426 1168 3662 1239 prodigia
3687 1185 3808 1238 qua:
3889 1211 3894 1214 ι

2233 1247 2475 1305 faciebat.
2499 1251 2751 1322 Superius
2790 1256 2931 1309 enim
2978 1256 3077 1310 hoc
3112 1256 3240 1310 dixit
3271 1274 3285 1310 ς
3315 1257 3438 1310 Cum
3474 1268 3644 1312 autem
3681 1245 3809 1314 esset

2232 1337 2562 1410 Jerosolymis
2589 1342 2641 1394 in
2663 1341 2864 1398 Pascha
2892 1345 2943 1397 in
2963 1346 3044 1398 die
3066 1346 3212 1414 festo,
3243 1346 3387 1399 multi
3409 1347 3726 1402 crediderunt
3751 1349 3805 1402 in

2234 1432 2434 1485 nomine
2455 1433 2582 1501 ejus.
2609 1433 2783 1500 Quare
2809 1436 3179 1490 crediderunt?
3205 1425 3442 1507 sequitur
3469 1447 3523 1493 et
3549 1439 3702 1503 dicit,
3731 1442 3806 1493 ui-

2234 1518 2403 1572 dentes
2445 1521 2591 1590 signa
2627 1525 2736 1592 ejus
2775 1540 2888 1594 qua:
2927 1527 3161 1594 faciebat.
3185 1527 3250 1581 Et
3275 1527 3342 1581 de
3365 1528 3652 1583 Nicodemo
3679 1530 3803 1599 quid

2234 1609 2401 1663 dicit?
2431 1610 2556 1664 Erat
2604 1613 2834 1682 princeps
2868 1613 3186 1678 Judworum,
3226 1617 3426 1671 nomine
3455 1616 3762 1680 Nicodemus
3781 1635 3803 1674 :

2235 1703 2315 1755 hic
2343 1704 2470 1756 venit
2496 1704 2564 1756 ad
2590 1721 2703 1758 eum
2731 1715 2890 1771 nocte,
2920 1716 2966 1760 et
2991 1707 3061 1760 ait
3085 1707 3182 1774 illi,
3209 1707 3390 1772 Rabbi,
3423 1710 3605 1762 scimus
3629 1711 3746 1780 quia
3771 1727 3806 1764 a

2235 1793 2343 1848 Deo
2364 1796 2538 1849 uenisti
2560 1797 2812 1865 magister.
2837 1798 2905 1851 Et
2928 1797 3027 1852 iste
3051 1812 3180 1867 ergo
3203 1799 3498 1854 crediderat
3520 1800 3571 1853 in
3593 1801 3806 1854 nomine

2235 1883 2370 1953 ejus.
2401 1885 2467 1938 Et
2507 1886 2618 1954 ipse
2656 1887 2795 1941 unde
2831 1887 3162 1942 crediderat?
3189 1888 3454 1958 Sequitur,
3480 1888 3644 1943 Nemo
3673 1891 3806 1944 enim

2237 1985 2395 2044 potest
2431 1977 2540 2028 lucc
2580 1977 2726 2047 signa
2754 1981 2918 2048 facere
2944 1993 3054 2044 qua:
3094 1988 3144 2031 tu
3177 1980 3324 2047 facis,
3362 1980 3459 2032 nisi
3487 1981 3636 2050 fuerit
3668 1979 3806 2034 Deus

2235 2082 2345 2119 cum
2369 2082 2444 2119 eo.
2468 2066 2521 2121 Si
2549 2082 2672 2136 ergo
2688 2067 3004 2122 Nicodemus
3025 2068 3092 2123 de
3118 2069 3221 2121 illis
3246 2069 3424 2122 multis
3443 2078 3559 2123 erat
3575 2069 3665 2138 qui
3685 2084 3805 2124 cre—

2235 2158 2478 2212 diderant
2507 2159 2559 2212 in
2590 2160 2802 2214 nomine
2829 2160 2964 2228 ejus,
2984 2161 3092 2229 jam
3121 2161 3174 2214 in
3204 2159 3305 2214 isto
3323 2161 3610 2215 Nicodemo
3634 2169 3809 2215 atten-

2235 2251 2422 2306 damus
2445 2269 2607 2322 quare
2631 2253 2785 2308 Jesus
2809 2269 2914 2307 non
2941 2268 2999 2308 se
3024 2255 3273 2308 credebat
3299 2254 3395 2309 eis.
3422 2253 3699 2322 Respondit
3717 2253 3808 2308 Je-

2236 2359 2350 2408 sus,
2381 2352 2426 2396 et
2455 2343 2582 2398 dixit
2609 2344 2653 2397 ei
2677 2360 2696 2398 :
2724 2345 2878 2398 Amen
2895 2385 2910 2408 ,
2938 2361 3082 2398 amen
3112 2345 3224 2397 dico
3251 2344 3366 2408 tibi,
3399 2345 3496 2397 nisi
3522 2345 3632 2413 quis
3658 2354 3807 2396 natus

2237 2433 2385 2500 fuerit
2414 2424 2596 2499 denuo,
2628 2450 2726 2487 non
2757 2443 2914 2505 potest
2944 2433 3109 2487 videre
3143 2450 3348 2503 regnum
3377 2431 3494 2485 Dei.
3521 2433 3650 2502 Ipsis
3677 2447 3807 2502 ergo

2237 2539 2295 2578 se
2323 2521 2491 2578 credit
2517 2525 2691 2590 Jesus,
2722 2525 2811 2594 qui
2841 2526 2946 2578 nati
2974 2524 3168 2578 iuerint
3195 2525 3387 2578 denuo.
3421 2523 3558 2578 Ecce
3586 2523 3658 2576 illi
3683 2539 3806 2577 cre-

2237 2614 2478 2668 diderant
2505 2616 2556 2668 in
2582 2630 2722 2679 eum,
2760 2623 2815 2669 et
2846 2615 3002 2670 Jesus
3028 2630 3130 2668 non
3161 2629 3218 2668 se
3243 2614 3492 2668 credebat
3520 2614 3617 2666 eis.
3651 2612 3807 2668 Tales

2237 2713 2360 2758 sunt
2385 2719 2573 2759 omnes
2597 2705 2956 2760 catechumeni
2985 2723 2998 2759 :
3021 2705 3117 2774 ipsi
3140 2705 3249 2772 jam
3271 2703 3492 2758 credunt
3520 2704 3571 2756 in
3592 2703 3808 2758 nomine

2236 2795 2452 2861 Christi,
2477 2796 2571 2850 sed
2595 2795 2748 2850 Jesus
2774 2811 2877 2850 non
2909 2811 2967 2850 se
2992 2796 3161 2850 credit
3182 2796 3283 2850 eis.
3310 2794 3548 2849 lntendat
3572 2804 3626 2848 et
3649 2794 3806 2847 intel-

2236 2886 2364 2956 ligat
2383 2887 2624 2941 Charitas
2644 2895 2838 2940 vestra.
2861 2887 2916 2941 Si
2942 2887 3230 2940 dixerimus
3255 2885 3656 2948 catechumeno,
3679 2884 3810 2937 Cre-

2237 2979 2321 3033 dis
2347 2979 2401 3032 in
2422 2978 2721 3033 Christum?
2746 2979 3049 3047 respondet,
3073 2974 3266 3044 Credo,
3295 2987 3345 3030 ct
3375 2977 3545 3047 signat
3571 2989 3673 3030 se:
3695 2974 3804 3045 jam

2237 3084 2446 3122 crucem
2473 3069 2667 3123 Christi
2696 3072 2869 3138 portat
2895 3069 2946 3122 in
2975 3067 3146 3122 fronte
3169 3069 3209 3134 ί,
3231 3077 3286 3122 et
3314 3083 3418 3122 non
3447 3067 3713 3122 erubescit
3737 3065 3805 3120 de

2238 3174 2395 3214 cruce
2418 3159 2625 3214 Domini
2649 3161 2754 3214 sui.
2776 3159 2914 3213 Ecce
2935 3159 3158 3213 credidit
3185 3160 3234 3212 in
3261 3159 3471 3212 nomine
3487 3159 3618 3226 ejus.
3638 3156 3808 3211 Inter-

2238 3264 2483 3319 rogemus
2509 3265 2651 3313 eum,
2677 3249 2957 3304 Manducas
2985 3264 3198 3304 carnem
3222 3247 3339 3301 Filii
3365 3247 3610 3310 hominis,
3639 3255 3692 3299 et
3721 3245 3804 3298 bi-

2239 3339 2320 3394 bis
2340 3341 2648 3410 sanguinem
2671 3339 2786 3393 Filii
2810 3338 3068 3392 hominis?
3093 3339 3258 3393 nescit
3277 3338 3399 3408 quid
3420 3337 3661 3403 dicimus,
3680 3336 3802 3405 quia

2237 3428 2391 3483 Jesus
2419 3445 2522 3482 non
2554 3444 2611 3483 se
2639 3429 2865 3483 credidit
2889 3428 2956 3482 ei.

2306 3521 2360 3574 4.
2391 3519 2524 3573 Cum
2552 3535 2678 3590 ergo
2699 3535 2762 3574 ex
2784 3535 2848 3574 eo
2875 3532 3096 3572 numero
3115 3515 3428 3572 Nicodemus
3457 3521 3636 3578 esset,
3660 3513 3805 3566 venit

2237 3609 2303 3664 ad
2331 3611 2606 3664 Dominum
2637 3628 2649 3662 :
2681 3610 2773 3664 sed
2818 3619 2972 3663 nocte
2997 3608 3169 3672 venit;
3203 3616 3256 3661 et
3284 3607 3384 3660 hoc
3426 3605 3560 3660 forte
3586 3605 3650 3657 ad
3687 3618 3799 3657 rem

2238 3700 2483 3768 pertinet.
2507 3699 2587 3754 Ad
2610 3700 2886 3753 Dominum
2906 3699 3068 3760 venit,
3090 3706 3140 3750 et
3166 3704 3318 3750 nocte
3339 3695 3511 3749 venit:
3533 3694 3596 3747 ad
3628 3693 3798 3746 lucem

2237 3791 2416 3858 venit,
2460 3800 2514 3846 et
2541 3791 2594 3844 in
2622 3790 2852 3846 tenebris
2881 3789 3042 3842 venit.
3070 3787 3259 3842 Renati
3301 3796 3474 3839 autem
3499 3801 3563 3838 ex
3592 3799 3724 3852 aqua
3753 3790 3807 3836 et

2239 3881 2434 3952 Spiritu
2456 3922 2471 3948 ,
2503 3881 2625 3947 quid
2655 3881 2873 3937 audiunt
2899 3879 2966 3932 ab
2991 3875 3282 3947 Apostolo?
3308 3875 3497 3930 Fuistis
3535 3875 3806 3942 aliquando

2239 3975 2450 4028 tenebra:
2467 3988 2488 4037 ;
2517 3989 2647 4026 nunc
2673 3981 2838 4025 autem
2884 3971 2972 4024 tua:
2999 3971 3051 4023 in
3081 3968 3296 4022 Domino
3336 3983 3354 4021 :
3388 3967 3512 4020 sicut
3542 3966 3637 4034 ﬁlii
3681 3965 3806 4017 lucis

2238 4066 2487 4119 ambulate
2533 4064 2744 4136 (Ephes.
2792 4079 2852 4128 v,
2895 4061 2950 4133 8)
2981 4080 2992 4115 :
3022 4071 3074 4116 et
3101 4062 3288 4115 iterum
3311 4101 3324 4124 ,
3358 4058 3468 4113 Nos
3511 4067 3675 4111 autem
3719 4056 3808 4125 qui

2239 4157 2338 4209 diei
2380 4171 2550 4209 sumus
2574 4195 2588 4218 ,
2615 4154 2765 4208 sobrii
2789 4154 2943 4206 simus
2975 4152 3017 4225 (Ι
3042 4151 3212 4205 Thess.
3246 4165 3312 4217 v,
3341 4150 3416 4221 8).
3439 4149 3538 4216 Qui
3569 4165 3692 4218 ergo
3718 4163 3805 4202 rc-

2240 4245 2348 4300 nati
2378 4255 2517 4308 sunt,
2541 4244 2711 4298 noctis
2741 4243 2976 4306 fuerunt,
3005 4250 3059 4296 et
3087 4241 3188 4295 diei
3219 4247 3341 4294 sunt
3373 4257 3384 4292 :
3417 4238 3648 4292 tenebrae
3690 4236 3808 4291 fuc-

2240 4346 2383 4397 runl.
2406 4345 2458 4390 et
2484 4319 2828 4389 lumenisunt.
2856 4332 2970 4386 Jam
3001 4330 3167 4385 credit
3189 4344 3246 4383 se
3278 4329 3380 4382 illis
3405 4328 3558 4381 Jesus
3577 4368 3591 4390 ,
3620 4336 3672 4381 et
3703 4342 3806 4380 non

2240 4437 2395 4481 nocte
2424 4426 2640 4481 veniunt
2666 4424 2731 4478 ad
2752 4424 2931 4478 Jesum
2962 4427 3096 4476 sicut
3118 4421 3464 4486 Nicodemus,
3501 4434 3604 4472 non
3636 4418 3688 4471 in
3729 4428 3809 4471 te-

2241 4517 2420 4572 nebris
2447 4524 2687 4586 quaerunt
2729 4513 2888 4568 diem.
2923 4512 3077 4566 Tales
3113 4511 3256 4565 enim
3295 4509 3403 4578 jam
3447 4507 3603 4561 etiam
3646 4505 3806 4575 proli-

2244 4618 2418 4664 tentur
2451 4625 2464 4662 :
2489 4606 2710 4661 accessit
2734 4604 2799 4656 ad
2828 4603 2944 4658 illos
2967 4602 3141 4667 Jesus,
3174 4599 3297 4655 fecit
3325 4600 3376 4653 in
3406 4598 3512 4654 illis
3539 4598 3759 4652 salutem
3793 4615 3807 4650 :

2242 4701 2364 4772 quia
2395 4700 2507 4770 ipse
2533 4697 2667 4754 dixit
2693 4713 2707 4750 :
2740 4694 2857 4748 Nisi
2889 4695 2998 4764 quis
3026 4691 3395 4746 manducauerit
3421 4706 3620 4743 carnem
3650 4705 3810 4741 meam

2241 4801 2288 4846 et
2316 4791 2486 4844 biberit
2527 4786 2823 4858 sanguinem
2849 4799 3044 4850 meum,
3092 4798 3192 4835 non
3239 4779 3432 4832 habebit
3474 4780 3526 4832 in
3571 4795 3622 4831 se
3660 4779 3814 4830 vitam

2244 4881 2421 4952 (Joan.
2470 4896 2554 4945 γι,
2598 4878 2712 4949 54).
2761 4877 2825 4930 Et
2870 4873 3008 4944 quod
3055 4873 3260 4941 signum
3301 4871 3473 4926 crucis
3515 4869 3712 4924 habent
3759 4871 3815 4924 in

2244 4972 2417 5026 fronte
2442 4967 2804 5024 catechumeni
2825 5008 2840 5033 ,
2867 4965 2976 5034 jam
3016 4963 3084 5018 de
3123 4963 3280 5017 domo
3310 4975 3496 5032 magna
3529 4971 3683 5027 sunt;
3722 4963 3814 5015 sed

2247 5066 2375 5119 liant
2399 5078 2461 5116 ex
2505 5061 2671 5135 servis
2706 5058 2816 5110 lilii.
2849 5056 2962 5110 Non
2990 5055 3128 5110 enim
3173 5053 3303 5106 nihil
3346 5061 3466 5105 sunt
3493 5052 3580 5121 qui
3612 5051 3721 5122 jam
3749 5051 3814 5104 ad

2245 5153 2457 5206 domum
2514 5163 2755 5218 magnam
2805 5145 3092 5216 pertinent.
3137 5143 3358 5209 Quando
3399 5151 3574 5196 autem
3626 5158 3815 5195 manna

2245 5241 2583 5297 manducavit
2609 5238 2831 5308 populus
2859 5235 3053 5290 lsrael?
3077 5235 3208 5288 Cum
3249 5235 3519 5287 transisset
3552 5248 3696 5286 mare
3726 5250 3816 5286 ru-

2245 5337 2420 5390 brum.
2447 5333 2589 5387 Mare
2627 5343 2802 5384 autem
2847 5329 3062 5382 rubrum
3084 5325 3207 5395 quid
3231 5326 3505 5395 signiticet,
3530 5325 3650 5378 audi
3677 5327 3820 5393 Apo-

2247 5425 2440 5479 stolum
2465 5421 2631 5478 :Nolo
2659 5432 2823 5474 autem
2849 5433 2933 5471 vos
2961 5417 3192 5486 ignorare
3215 5455 3228 5478 ,
3259 5417 3440 5486 fratres
3459 5456 3474 5482 ,
3504 5415 3619 5485 quia
3649 5431 3818 5468 omnes

2311 5581 2327 5611 ι
2353 5580 2440 5639 εἰς
2467 5575 2687 5639 plerique
2729 5583 2832 5623 MSS.
2861 5585 2990 5639 _cum_
3033 5571 3182 5639 editis
3217 5569 3326 5620 Bad.
3372 5577 3424 5620 et
3445 5580 3624 5639 Λαὶς-Αἱ
3669 5578 3740 5620 [ιι.
3768 5579 3813 5621 et

2248 5647 2378 5751 Levi:
2401 5632 2553 5700 signat
2576 5632 2625 5687 se
2649 5647 2789 5686 cruce
2815 5632 3008 5694 Clm'sti,
3031 5638 3204 5696 portat,
3226 5639 3319 5681 etc.
3365 5633 3582 5682 nonnulli
3617 5649 3646 5685 e
3692 5641 3818 5696 Mss,

2248 5714 2331 5751 nor
2368 5713 2452 5749 ms.

2247 5714 2452 5764 paratus.
