4074 6472
303 321 324 374 i
345 318 434 373 ΓΠ

300 444 468 504 patres
514 439 672 488 nostri
715 428 803 484 sub
849 428 976 484 nube
1021 432 1254 501 fuerunt,
1304 434 1349 482 et
1392 443 1564 482 omnes
1611 443 1700 496 per
1745 440 1885 479 mare

299 525 627 580 transierunt.
658 520 850 592 thuid
883 536 976 589 per
1001 535 1146 574 mare
1176 519 1498 574 transierunt
1517 560 1530 583 ,
1560 517 1709 588 quasi
1735 530 1882 586 qua:-

299 632 451 672 reres
473 616 541 670 ab
567 614 681 679 illo;
709 620 925 668 secutus
951 614 1056 678 ait,
1078 610 1147 665 Et
1171 627 1340 665 omnes
1361 627 1448 682 per
1473 609 1685 679 Moysen
1716 607 1884 676 bapti-

296 727 325 762 ι
347 711 401 762 rti
424 717 544 762 sunt
561 709 636 772 ,ἔτι
662 707 792 762 nube
815 714 861 760 et
888 705 942 759 in
970 705 1098 758 mari
1125 703 1175 778 (l
1205 703 1324 758 Cor.
1353 719 1385 757 x
1404 745 1418 768 ,
1451 704 1474 757 1
1501 745 1515 766 ,
1546 703 1623 774 2).
1657 701 1713 756 Si
1757 715 1884 772 ergo

294 799 466 871 ﬁgura
495 800 656 854 maris
685 807 884 853 tantum
911 797 1094 863 valuit,
1125 796 1328 865 species
1357 795 1608 865 Baptismi
1629 803 1883 865 quantum

295 892 528 946 valebit?
554 889 612 946 Si
638 889 776 960 quod
801 898 1008 960 gestum
1036 895 1119 944 est
1151 887 1204 941 in
1247 886 1412 957 ﬁgura
1435 928 1449 952 ,
1479 886 1753 956 trajectum
1786 901 1885 956 po-

295 984 482 1054 pulum
513 982 579 1037 ad
603 997 793 1036 manna
816 981 1090 1051 perduxit;
1114 978 1238 1049 quid
1265 978 1533 1033 exhibebit
1560 978 1804 1034 Christus
1832 979 1882 1032 in

297 1078 527 1132 veritate
562 1076 810 1147 baptismi
841 1075 960 1142 sui,
993 1074 1214 1143 trajecta
1244 1087 1336 1141 per
1364 1087 1485 1127 eum
1529 1071 1723 1142 populo
1749 1069 1885 1125 suo?

298 1172 405 1226 Per
425 1169 747 1240 baptismum
773 1183 923 1223 suum
953 1167 1149 1235 trajicit
1175 1165 1470 1228 credentes,
1496 1164 1686 1218 occisis
1715 1163 1885 1217 omni—

297 1265 402 1319 bus
429 1262 681 1333 peccatis,
714 1271 961 1332 tanquam
983 1259 1222 1314 hostibus
1251 1257 1717 1327 consequentibus,
1748 1256 1886 1309 sicut

297 1357 353 1411 in
403 1356 496 1410 illo
541 1355 674 1409 mari
702 1368 888 1408 onmes
913 1351 1151 1425 Egyptii
1182 1352 1473 1420 perierunt.
1505 1351 1620 1416 Quo
1656 1349 1880 1420 trajicit,

297 1448 498 1503 fratres
527 1445 671 1501 mei?
698 1462 803 1517 quo
830 1445 1023 1515 trajicit
1051 1460 1142 1514 per
1170 1445 1494 1513 Baptismum
1525 1443 1698 1509 Jesus,
1737 1441 1887 1510 cujus

298 1541 528 1611 ﬁguram
554 1548 682 1594 tunc
716 1537 930 1610 gerebat
963 1538 1202 1608 Moyses,
1233 1538 1320 1607 qui
1361 1552 1455 1605 per
1480 1550 1626 1590 mare
1655 1534 1887 1604 trajicie-

298 1632 430 1686 bat?
467 1648 575 1702 quo
619 1629 1017 1700 trajicit‘iAd
1066 1645 1282 1684 manna.
1327 1629 1479 1696 Quod
1526 1635 1607 1682 est
1651 1627 1888 1682 manna?

301 1724 418 1795 Ego
447 1741 561 1779 sum
584 1766 599 1791 ,
631 1724 834 1794 inquit,
867 1724 1011 1795 panis
1036 1723 1172 1782 vivus
1197 1735 1213 1786 ,'
1255 1723 1340 1794 qui
1382 1723 1444 1776 de
1489 1721 1612 1776 cmlo
1655 1722 1889 1776 descendi

303 1816 488 1889 (Joan.
519 1831 608 1884 vt,
636 1816 751 1884 51).
782 1816 967 1869 Manna
1005 1814 1270 1884 accipiunt
1300 1813 1481 1868 ﬁdeles
1504 1855 1516 1877 ,
1543 1815 1651 1882 jam
1685 1814 1885 1883 trajecti

299 1924 400 1978 per
436 1923 586 1962 mare
626 1906 866 1962 rubrum.
902 1908 1078 1975 Quare
1104 1921 1248 1960 mare
1285 1905 1674 1974 rubrum?jam
1702 1921 1849 1959 mare
1869 1947 1885 1972 ,

300 2014 470 2069 quare
499 2007 554 2053 et
577 1997 839 2053 rubrum?
859 1997 1197 2067 Signiﬁcabat
1223 2012 1367 2051 mare
1395 1997 1519 2050 illud
1552 1996 1769 2050 rubrum
1792 1997 1888 2051 ba-

301 2093 562 2160 ptismum
591 2092 810 2147 Christi.
850 2090 1004 2147 Unde
1030 2091 1184 2145 rubet
1212 2090 1506 2158 baptismus
1529 2089 1760 2156 Christi,
1790 2089 1889 2144 nisi

302 2183 502 2237 Christi
530 2185 784 2255 sanguine
803 2181 1181 2237 consecratus?
1210 2181 1324 2250 Quo
1354 2196 1480 2250 ergo
1507 2180 1751 2250 perducit
1774 2196 1892 2236 cre-

301 2274 495 2330 dentes
532 2283 588 2330 et
612 2275 944 2345 baptizatos?
971 2273 1049 2328 Ad
1081 2288 1291 2326 manna.
1331 2274 1464 2327 Ecce
1503 2273 1622 2327 dico
1652 2288 1844 2328 manna
1873 2290 1888 2328 :

305 2378 490 2422 notum
523 2377 603 2423 est
624 2367 750 2438 quid
773 2365 1072 2436 acceperint
1095 2365 1282 2430 Iudici,
1315 2364 1538 2434 populus
1565 2365 1664 2420 istc
1689 2365 1849 2420 Israel
1873 2406 1888 2432 ,

306 2465 497 2512 notum
536 2468 618 2513 est
655 2457 780 2527 quid
839 2458 940 2512 illis
982 2457 1205 2527 pluisset
1234 2456 1370 2509 Deus
1400 2456 1465 2509 de
1493 2457 1664 2520 cmlo;
1709 2465 1764 2510 et
1801 2471 1892 2512 ne~

307 2551 485 2604 sciunt
517 2549 882 2605 catechumeni
909 2548 1030 2618 quid
1062 2549 1322 2618 accipiant
1343 2548 1648 2603 Christiani.
1685 2549 1890 2603 Erube-

307 2651 462 2696 scant
482 2656 629 2711 ergo,
657 2641 778 2711 quia
794 2641 1056 2704 nesciunt;
1072 2649 1340 2696 transeant
1367 2655 1459 2710 per
1479 2656 1624 2696 mare
1649 2643 1891 2709 rubrum,

309 2733 634 2787 manducent
660 2748 850 2786 manna
881 2749 894 2785 :
927 2740 983 2786 ut
1020 2733 1286 2804 quomodo
1325 2734 1661 2788 crediderunt
1698 2733 1752 2786 in
1791 2749 1895 2788 no-

310 2826 455 2880 mine
475 2824 600 2879 Jcsu
628 2866 642 2890 ,
674 2826 751 2879 sic
767 2840 824 2880 se
847 2824 973 2895 ipsis
1002 2825 1182 2880 credat
1220 2825 1394 2881 Jesus.

383 2917 436 2971 5.
467 2915 592 2970 Ideo
612 2915 888 2981 intendite,
923 2915 1114 2971 fratres
1143 2917 1266 2984 mei,
1297 2917 1420 2987 quid
1452 2917 1771 2986 respondeat
1797 2918 1896 2974 iste

311 3010 401 3080 qui
434 3020 588 3064 nocte
616 3010 758 3064 venit
783 3011 846 3064 ad
869 3011 1068 3066 Jesum.
1093 3011 1342 3079 Quamvis
1369 3013 1433 3066 ad
1462 3012 1641 3068 Jesum
1671 3014 1892 3079 venerit,

314 3115 490 3158 tamen
519 3105 639 3175 quia
668 3115 824 3160 nocte
859 3106 1032 3170 venit,
1056 3104 1227 3160 adhuc
1247 3105 1311 3160 de
1334 3106 1564 3162 tenebris
1592 3107 1768 3162 carnis
1788 3122 1897 3160 sua:

313 3196 569 3265 loquitur.
599 3195 712 3249 Non
761 3195 1003 3265 intelligit
1027 3196 1168 3266 quod
1212 3197 1361 3251 audit
1407 3212 1436 3250 a
1483 3197 1742 3263 Domino,
1791 3214 1894 3252 non

314 3289 563 3360 intelligit
585 3289 724 3360 quod
747 3290 944 3344 audita
975 3289 1113 3357 luce,
1141 3305 1259 3360 qum
1278 3290 1538 3344 illuminat
1558 3307 1768 3346 omnem
1798 3291 1896 3344 ho-

314 3383 513 3435 minem
535 3381 835 3436 venientem
863 3381 915 3434 in
944 3381 1083 3435 hunc
1108 3381 1361 3435 mundum
1389 3380 1498 3453 (Id.
1528 3397 1578 3448 ι,
1601 3381 1676 3454 9).
1705 3381 1819 3436 Jam
1849 3382 1895 3435 ei

317 3470 575 3524 Dominus
600 3470 765 3535 dixit,
793 3468 912 3525 Nisi
936 3471 1046 3540 quis
1070 3480 1215 3524 natus
1244 3471 1394 3542 fuerit
1421 3472 1604 3538 denuo,
1629 3489 1728 3525 non
1760 3472 1898 3525 vide-

318 3562 384 3613 bit
429 3578 639 3630 regnum
671 3560 784 3615 Dei.
828 3559 962 3614 Dicit
1003 3560 1070 3614 ad
1108 3578 1219 3615 eum
1250 3561 1559 3616 Nicodemus
1589 3578 1608 3617 :
1638 3563 1898 3628 Quomodo

317 3661 474 3723 potest
497 3652 646 3705 homo
672 3652 813 3706 nasci
840 3668 953 3705 cum
981 3652 1044 3705 sit
1071 3653 1256 3706 senex?
1278 3653 1505 3722 Spiritus
1531 3655 1576 3709 ei
1601 3655 1836 3724 loquitur
1855 3656 1896 3723 ⁸,

317 3756 369 3801 ct
399 3746 489 3801 ille
514 3761 731 3801 carnem
755 3747 911 3815 sapit.
939 3745 1162 3801 Carnem
1185 3761 1333 3800 suam
1357 3749 1514 3818 sapit,
1542 3749 1662 3819 quia
1685 3765 1898 3804 carnem

316 3837 514 3891 Christi
545 3836 777 3891 nondum
805 3837 961 3906 sapit.
1008 3835 1138 3891 Cum
1187 3837 1326 3892 enim
1374 3838 1593 3893 dixisset
1643 3840 1898 3893 Dominus

317 3928 472 3984 Iesus
493 3971 507 3993 ,
541 3927 661 3982 Nisi
679 3930 790 3998 quis
817 3928 1189 3983 manducauerit
1213 3947 1414 3983 carnem
1439 3949 1618 3996 meam,
1651 3941 1696 3984 ct
1725 3931 1901 3986 biberit

316 4024 615 4094 sanguinem
659 4039 855 4090 meum,
897 4040 996 4077 non
1027 4024 1220 4078 habebit
1263 4025 1315 4076 in
1344 4041 1396 4077 se
1433 4025 1620 4090 vitam;
1647 4026 1902 4080 scandali-

321 4114 419 4166 zati
461 4122 588 4167 sunt
631 4113 842 4183 quidam
875 4115 961 4183 qui
997 4130 1115 4169 eum
1148 4115 1537 4184 sequebantur,
1565 4125 1618 4172 et
1657 4116 1903 4171 dixerunt

319 4205 457 4275 apud
487 4206 800 4275 semetipsos
820 4247 836 4272 ,
865 4205 1035 4259 Durus
1063 4216 1134 4259 est
1164 4206 1243 4259 hic
1267 4223 1450 4272 sermo;
1473 4208 1583 4277 quis
1607 4216 1766 4279 potest
1791 4226 1903 4262 eum

319 4296 538 4350 audire?
559 4297 820 4351 Putabant
857 4298 996 4351 enim
1029 4296 1128 4352 hoc
1156 4297 1331 4352 dicere
1365 4299 1543 4354 .lcsum
1564 4341 1578 4366 ,
1610 4300 1750 4370 quod
1782 4317 1901 4356 eum

320 4396 545 4458 possent
579 4391 848 4444 concisum
889 4390 1023 4444 sicut
1062 4405 1251 4461 agnum
1281 4405 1540 4461 coquere,
1588 4401 1641 4446 et
1683 4393 1905 4447 mandu-

321 4499 445 4537 care
469 4501 482 4536 :
507 4482 860 4538 abhorrentes
888 4497 917 4537 a
948 4483 1123 4539 verbis
1148 4485 1263 4553 ejus
1282 4526 1295 4548 ,
1324 4493 1677 4550 recesserunt,
1705 4495 1758 4540 et
1785 4503 1902 4540 am-

321 4575 460 4643 plius
487 4590 611 4630 eum
641 4590 743 4629 non
778 4585 902 4630 sunt
927 4576 1113 4630 secuti.
1143 4575 1230 4630 Sic
1257 4575 1590 4646 Evangelista
1635 4578 1900 4647 loquitur:

319 4664 389 4718 Et
433 4662 683 4719 Dominus
705 4666 813 4736 ipse
839 4666 1077 4719 remansit
1120 4681 1233 4718 cum
1277 4666 1536 4719 duodecim
1569 4682 1588 4720 :
1625 4677 1671 4721 et
1721 4667 1801 4722 illi
1838 4667 1905 4721 ad

322 4774 434 4811 eum
455 4800 470 4822 ,
503 4757 748 4825 Domine,
782 4773 894 4812 ecce
934 4757 1015 4813 illi
1057 4759 1352 4814 dimiserunt
1381 4768 1468 4824 te;
1495 4771 1542 4813 et
1579 4761 1699 4826 ille,
1737 4760 1907 4815 Nunt-

319 4849 443 4916 quid
468 4858 516 4902 et
553 4864 640 4903 vos
669 4850 816 4904 vultis
845 4851 982 4904 abire
1011 4849 1070 4904 ’ἲ
1104 4850 1396 4906 Ostendcre
1425 4852 1608 4907 Volens
1633 4853 1755 4924 quia
1793 4855 1904 4924 ipse

321 4941 424 4995 illis
447 4951 564 4997 erat
585 4943 938 5008 necessarius,
959 4959 1065 4998 non
1091 4943 1161 4998 illi
1193 4954 1344 4998 erant
1364 4944 1575 4999 Christo
1597 4947 1903 5002 necessarii.

319 5032 394 5087 Ne
421 5033 544 5103 quis
571 5041 772 5088 terreat
803 5033 1068 5089 Christum
1090 5075 1104 5100 ,
1134 5036 1345 5105 quando
1365 5036 1557 5092 dicitur
1586 5047 1642 5091 ut
1669 5038 1737 5092 sit
1761 5039 1900 5093 chri~

319 5124 549 5190 stianus;
574 5126 724 5195 quasi
753 5125 959 5180 beatior
985 5125 1088 5181 erit
1112 5125 1354 5182 Christus
1372 5170 1387 5195 ,
1419 5127 1464 5182 si
1493 5137 1546 5182 tu
1575 5127 1735 5184 fueris
1763 5129 1906 5184 chri—

320 5216 549 5271 stianus.
579 5215 785 5271 Bonum
825 5223 910 5271 est
950 5217 1077 5284 tibi,
1124 5225 1182 5272 ut
1208 5218 1281 5272 sis
1323 5217 1679 5273 christianus:
1715 5236 1833 5275 nam
1863 5221 1906 5275 si

323 5322 428 5360 non
480 5306 676 5370 fueris,
728 5308 923 5362 malum
965 5307 1178 5364 Christo
1228 5323 1333 5363 non
1373 5309 1493 5364 erit.
1543 5310 1676 5364 Audi
1724 5326 1908 5365 vocem

324 5398 521 5452 Psalmi
555 5415 568 5451 :
595 5397 721 5453 Dixi
745 5397 983 5464 Domino,
1007 5398 1141 5453 Deus
1159 5417 1294 5453 meus
1315 5417 1366 5455 es
1387 5411 1438 5453 tu
1463 5442 1477 5466 ,
1504 5402 1742 5470 quoniam
1757 5401 1912 5455 bono-

324 5509 436 5546 rum
466 5509 692 5546 meorum
724 5509 823 5546 non
844 5510 956 5563 eges
979 5491 1146 5564 (Psal.
1174 5509 1265 5562 xv,
1291 5491 1368 5568 2).
1393 5494 1516 5550 Ideo
1543 5493 1679 5549 Deus
1701 5512 1839 5550 meus
1859 5513 1910 5551 es

389 5652 405 5680 ¹
431 5647 565 5705 Dditi,
590 5645 876 5710 trajiciebat.
905 5654 958 5696 ,ιι
980 5655 1104 5710 Mss,
1130 5646 1326 5705 trntii‘t't.

388 5713 409 5741 ε
433 5719 640 5774 otiatuor
664 5709 790 5774 Mssa,
815 5709 1028 5774 (Viriatus
1047 5709 1090 5774 ei
1110 5711 1333 5774 loquitur.

390 5775 412 5804 ⁸
435 5781 540 5821 Mss.
568 5773 642 5820 hic
667 5780 716 5827 et
733 5773 855 5826 infra
897 5772 1031 5824 ruitis
1054 5772 1141 5824 ire.

1505 291 1906 353 TltAC'lATUS
1949 291 1988 346 X
2055 293 2276 352 CAPUT
2319 296 2384 352 ll.

3429 317 3566 380 ριιε

1992 433 2045 477 tu
2065 466 2079 489 ,
2113 428 2347 496 quoniam
2369 429 2609 484 bonorum
2638 447 2858 487 meorum
2902 453 3000 491 non
3030 455 3160 510 eges.
3183 438 3237 496 Si
3266 441 3431 498 tueris
3455 443 3568 500 sine

1995 518 2102 573 Deo
2122 560 2136 585 ,
2167 521 2339 575 minor
2361 523 2502 589 eris;
2525 523 2570 578 si
2596 523 2758 580 fueris
2786 543 2905 582 cum
2934 530 3041 586 Deo
3059 572 3074 596 ,
3105 533 3275 602 major
3299 535 3440 590 Deus
3463 552 3566 591 non

1993 610 2111 665 erit.
2140 610 2254 665 Non
2284 629 2347 667 ex
2379 623 2430 669 te
2478 615 2566 670 ille
2608 617 2812 688 major,
2845 621 2937 676 sed
2983 630 3037 676 tu
3081 624 3196 679 sine
3241 626 3330 680 illo
3372 626 3566 682 minor.

1990 701 2186 759 Cresce
2214 720 2339 774 ergo
2365 707 2415 760 in
2445 707 2571 774 illo,
2601 711 2706 764 noli
2754 718 2808 767 te
2847 714 3188 798 subtrahere,
3215 726 3273 771 ut
3296 719 3445 788 quasi
3479 715 3585 773 ille

1991 793 2220 848 deticiat.
2248 795 2521 852 Reﬁcieris
2539 839 2553 865 ,
2578 800 2622 854 si
2649 803 2972 869 accesseris;
3003 793 3240 872 delicies,
3267 808 3566 864 si'recesse-

1992 885 2086 940 ris.
2116 885 2322 957 lnteger
2365 897 2541 943 manet
2565 899 2616 945 te
2640 893 2926 948 accedente
2947 937 2961 961 ,
2992 895 3195 966 integer
3223 906 3400 952 manet
3425 907 3479 953 et
3517 908 3568 954 te

1992 977 2234 1032 cadente.
2279 979 2412 1033 Cum
2452 995 2579 1050 ergo
2622 982 2846 1039 dixisset
2881 986 3188 1055 discipulis,
3222 986 3486 1056 Numquid
3522 999 3567 1041 et

1991 1084 2075 1122 vos
2098 1067 2244 1122 vultis
2269 1069 2446 1123 abire?
2469 1073 2740 1139 respondit
2760 1073 2967 1142 Petrus,
2992 1085 3137 1145 petra
3166 1078 3273 1144 illa,
3300 1093 3430 1133 voce
3453 1094 3568 1134 om-

1992 1162 2138 1215 nium
2161 1203 2178 1228 ,
2217 1160 2468 1230 Domine,
2511 1164 2579 1217 ad
2614 1181 2760 1234 quem
2797 1166 3015 1222 ibimus?
3047 1168 3207 1223 Verba
3234 1170 3348 1224 rita!
3370 1179 3572 1225 ceterum

1992 1254 2164 1308 habes.
2197 1253 2338 1308 Bene
2366 1255 2539 1324 sapuit
2581 1256 2631 1310 in
2662 1272 2754 1311 ore
2779 1258 2942 1327 ipsius
2967 1275 3093 1314 caro
3132 1261 3358 1316 Domini.
3393 1262 3569 1317 Domi-

1995 1361 2095 1399 nus
2124 1355 2302 1400 autcm
2331 1347 2574 1415 exposuit
2601 1347 2698 1409 eis.
2721 1358 2774 1402 et
2798 1348 2961 1416 dixit,
2985 1349 3208 1422 Spiritus
3236 1363 3307 1407 est
3331 1354 3416 1425 qui
3440 1353 3567 1406 uivi-

1993 1440 2113 1505 /icat
2141 1454 2161 1494 :
2187 1453 2306 1493 cum
2354 1438 2610 1504 dixisset,
2654 1438 2773 1494 Nisi
2810 1441 2922 1510 quis
2964 1443 3334 1497 manducauerit
3367 1460 3570 1497 carnem

1993 1546 2188 1596 meam,
2218 1538 2265 1582 et
2302 1529 2472 1584 biberit
2510 1531 2804 1602 sanguine»:
2832 1549 2994 1586 meum
3017 1575 3032 1601 ,
3077 1551 3179 1588 non
3219 1535 3415 1592 habebit
3440 1536 3494 1589 in
3519 1552 3572 1589 se

1993 1622 2181 1686 vitam;
2219 1636 2286 1675 ne
2324 1622 2607 1677 carnaliter
2648 1623 3030 1692 intelligerent,
3072 1624 3293 1694 Spiritus
3335 1636 3443 1693 est,
3490 1625 3571 1681 in-

1994 1715 2132 1782 quit,
2165 1715 2250 1782 qui
2273 1714 2340 1766 vii
2357 1714 2510 1782 (ﬂeat,
2535 1730 2653 1768 caro
2679 1724 2847 1770 autem
2868 1717 2995 1770 nihil
3015 1717 3215 1786 prodest
3243 1733 3263 1773 :
3287 1718 3433 1772 verba
3458 1735 3570 1790 qua:

1995 1804 2191 1859 locutus
2233 1821 2347 1858 sum
2399 1805 2535 1860 vobis
2563 1845 2578 1871 ,
2631 1807 2838 1877 spiritus
2883 1817 2954 1861 est
3006 1816 3051 1862 et
3098 1808 3200 1862 vita
3251 1808 3434 1878 (Joan.
3479 1824 3568 1874 Vl,

1994 1897 2204 1967 δαίμ-69).

2066 1989 2120 2043 6.
2153 1989 2302 2044 Hunc
2327 1989 2570 2059 Spiritum
2615 1998 2670 2046 et
2698 1989 2833 2046 hanc
2858 1989 3017 2045 vitam
3056 2007 3158 2046 non
3196 1992 3434 2062 sapiebat
3473 1993 3573 2048 iste

1996 2083 2348 2150 Nicodemus,
2389 2084 2478 2153 qui
2509 2090 2664 2138 nocte
2689 2091 2906 2138 venerat
2930 2083 2996 2138 ad
3042 2083 3240 2140 Jesum.
3280 2085 3367 2140 Ait
3391 2085 3439 2139 ei
3484 2085 3574 2140 .lc-

1996 2188 2128 2228 sus:
2163 2171 2281 2226 Nisi
2303 2173 2414 2243 quis
2443 2182 2593 2226 natus
2619 2174 2770 2244 fuerit
2791 2173 2954 2227 denuo
2975 2214 2991 2238 ,
3019 2190 3116 2227 non
3144 2173 3323 2228 videbit
3365 2191 3574 2245 regnum

1997 2263 2114 2317 Dei.
2146 2263 2212 2318 Et
2255 2263 2342 2318 ille
2369 2278 2582 2317 carnem
2613 2278 2760 2316 suam
2789 2264 3032 2331 sapiens,
3069 2265 3118 2316 in
3145 2263 3296 2332 cujus
3323 2279 3416 2318 ore
3443 2279 3576 2318 non-

1997 2354 2122 2409 dum
2149 2353 2386 2423 sapiebat
2409 2369 2534 2407 caro
2559 2352 2753 2408 Christi
2781 2371 2794 2407 :
2828 2354 3091 2419 Quomodo
3115 2395 3130 2418 ,
3170 2354 3336 2424 inquit
3361 2395 3373 2416 ,
3418 2362 3576 2424 potest

1999 2447 2168 2510 homo,
2200 2462 2314 2498 cum
2341 2445 2402 2498 sit
2421 2460 2573 2499 senex
2593 2485 2607 2510 ,
2635 2445 2813 2498 iterum
2841 2445 2979 2499 nasci
2995 2444 3020 2498 ?
3052 2444 3315 2515 Numquid
3339 2454 3496 2513 potest
3523 2446 3578 2498 in

1998 2547 2216 2592 uentrem
2257 2538 2430 2590 matris
2449 2551 2557 2590 sua?
2582 2535 2763 2589 iterum
2790 2536 3000 2591 introire
3019 2575 3034 2601 ,
3065 2544 3110 2589 et
3130 2536 3269 2589 nasci
3284 2535 3310 2590 ?
3337 2535 3448 2589 Non
3477 2549 3577 2589 no-

1999 2638 2150 2683 verat
2175 2629 2274 2684 iste
2301 2628 2399 2681 nisi
2428 2642 2583 2680 unam
2611 2628 2939 2681 nativitatem
2971 2643 3036 2681 ex
3063 2627 3228 2680 Adam
3265 2635 3319 2682 et
3352 2627 3489 2692 Eva;
3513 2641 3578 2681 ex

2004 2721 2111 2774 Deo
2138 2727 2193 2774 et
2230 2718 2466 2773 Ecclesia
2497 2717 2730 2771 nondum
2767 2727 2991 2770 noverat
3023 2735 3035 2769 :
3075 2733 3177 2770 non
3219 2726 3440 2772 noverat
3478 2717 3579 2770 nisi

2001 2826 2095 2866 eos
2124 2819 2372 2880 parentes
2396 2809 2483 2878 qui
2511 2820 2763 2878 generant
2791 2808 2856 2863 ad
2885 2819 3130 2874 mortem;
3155 2808 3385 2863 nondum
3413 2823 3580 2863 nove-

2003 2911 2084 2956 rat
2107 2916 2200 2956 eos
2230 2909 2475 2970 parentes
2499 2900 2587 2970 qui
2614 2884 2871 2969 generant
2897 2897 2962 2952 ad
2998 2900 3156 2952 vitam
3184 2916 3196 2951 :
3224 2913 3328 2952 non
3357 2908 3582 2953 noverat

2003 2991 2101 3046 nisi
2128 3006 2222 3047 eos
2252 3000 2498 3061 parentes
2526 2990 2616 3061 qui
2650 2997 2904 3058 generant
2931 3003 3274 3043 successuros
3299 3005 3312 3051 ;
3346 2987 3578 3042 nondum

2003 3089 2224 3138 noverat
2251 3097 2344 3136 eos
2372 3081 2459 3151 qui
2489 3067 2701 3149 semper
2722 3080 2960 3133 viventes
2994 3087 3247 3148 generant
3271 3093 3582 3148 permansu-

2004 3190 2114 3229 ros.
2140 3174 2268 3228 Cum
2291 3187 2417 3242 ergo
2444 3171 2551 3225 sint
2571 3170 2690 3225 dua:
2723 3168 3022 3225 nativitates
3041 3209 3057 3234 ,
3086 3169 3173 3224 ille
3196 3185 3352 3222 uuam
3384 3169 3583 3225 intelli-

2003 3265 2177 3336 gebat.
2209 3264 2322 3319 Una
2375 3271 2456 3318 est
2499 3262 2565 3316 de
2614 3270 2789 3327 terra,
2830 3261 2932 3315 alia
2978 3260 3044 3315 de
3068 3260 3229 3325 caelo;
3262 3275 3366 3314 una
3395 3268 3478 3316 est
3517 3260 3586 3315 de

2004 3371 2182 3418 carne,
2211 3356 2310 3408 alia
2340 3355 2408 3410 de
2432 3355 2664 3424 Spiritu;
2687 3369 2793 3408 una
2819 3363 2902 3408 est
2927 3353 2995 3408 dc
3021 3352 3358 3418 mortalitate,
3390 3351 3492 3407 alia
3517 3352 3584 3407 de

2004 3438 2324 3513 :etcrnitate;
2355 3462 2455 3501 una
2481 3455 2564 3501 est
2585 3446 2652 3500 dc
2681 3445 2917 3500 masculo
2938 3455 2992 3500 et
3017 3443 3234 3510 femina,
3257 3445 3357 3499 alia
3385 3444 3451 3499 de
3477 3446 3588 3500 Deo

2005 3550 2059 3596 et
2087 3541 2342 3596 Ecclesia.
2375 3537 2482 3594 Sed
2526 3538 2651 3608 ipsa:
2681 3536 2798 3590 dua:
2819 3535 3036 3605 singula:
3062 3544 3212 3598 sunt;
3242 3551 3340 3590 nec
3376 3535 3460 3589 illa
3500 3550 3588 3606 po-

2009 3641 2110 3686 test
2133 3631 2295 3700 repeti
2319 3672 2333 3694 ,
2370 3645 2465 3684 nec
2494 3628 2600 3682 illa.
2626 3627 2787 3681 Recte
2817 3616 3421 3681 intellexit'Nicodemus
3451 3626 3587 3680 nati-

2006 3724 2220 3778 vitatem
2247 3722 2420 3776 carnis
2449 3737 2461 3772 :
2492 3720 2568 3774 sic
2587 3727 2640 3775 et
2667 3728 2720 3772 tu
2745 3717 2976 3786 inlcllige
3000 3716 3323 3771 nativitatem
3346 3717 3585 3787 spiritus,

2006 3812 2271 3884 quomodo
2333 3810 2589 3864 intellexit
2645 3808 2966 3862 Nicodemus
3016 3807 3339 3860 nativitatem
3389 3806 3585 3860 carnis.

2007 3903 2144 3970 Quid
2195 3901 2516 3956 Nicodemus
2564 3896 2862 3953 intellexit?
2914 3895 3178 3966 Numquid
3234 3904 3392 3964 potest
3439 3895 3590 3949 homo

2007 3995 2172 4049 denuo
2200 3994 2253 4048 in
2298 4002 2516 4047 ventrem
2553 3989 2725 4044 matris
2760 4004 2867 4044 sua:
2905 3989 3122 4052 intrare,
3169 3996 3214 4041 et
3259 3987 3436 4042 nasci?
3464 3987 3585 4051 Sic,

2007 4087 2321 4156 quicumque
2348 4085 2439 4138 tibi
2469 4082 2662 4138 dixerit
2688 4088 2748 4135 ut
2786 4080 3129 4150 spiritualiter
3166 4079 3355 4134 iterum
3398 4095 3583 4134 nasca-

2007 4179 2081 4233 ris
2103 4221 2118 4246 ,
2147 4177 2408 4247 responde
2433 4175 2574 4246 quod
2601 4174 2732 4229 dixit
2753 4172 3072 4227 Nicodemus
3091 4211 3106 4235 ,
3141 4169 3402 4242 Numquid
3428 4181 3592 4242 potest

2009 4271 2157 4325 homo
2182 4272 2358 4324 iterum
2397 4270 2449 4323 in
2486 4279 2704 4322 ventrem
2735 4265 2907 4320 matris
2931 4282 3037 4320 sua:
3060 4265 3282 4328 intrare,
3325 4273 3372 4318 et
3411 4265 3594 4320 nasci?

2007 4365 2123 4420 .lam
2155 4373 2308 4418 natus
2334 4378 2450 4418 sum
2477 4361 2543 4417 de
2571 4361 2759 4426 Adam,
2787 4375 2890 4414 non
2912 4374 2997 4412 me
3018 4367 3193 4427 potest
3209 4357 3400 4414 iterum
3429 4373 3592 4429 gene-

2008 4474 2128 4513 rare
2169 4457 2336 4512 Adam
2366 4473 2378 4508 :
2406 4455 2513 4525 jam
2541 4463 2694 4507 natus
2721 4467 2838 4506 sum
2864 4451 2931 4506 dc
2949 4449 3162 4505 Christo
3185 4491 3201 4516 ,
3244 4465 3348 4504 non
3377 4465 3462 4504 mc
3494 4465 3593 4519 po-

2012 4558 2112 4604 test
2137 4549 2324 4603 itcrnm
2355 4560 2610 4617 generare
2642 4543 2902 4599 Christus.
2945 4542 3223 4610 Quomodo
3263 4552 3445 4597 uterus
3484 4557 3592 4597 non

2012 4650 2186 4711 potest
2208 4639 2408 4709 repeti,
2435 4637 2513 4692 sic
2537 4651 2635 4691 nec
2659 4634 2978 4705 Baptismus.

2082 4735 2133 4788 7.
2166 4733 2266 4800 Qui
2297 4731 2530 4786 nascitur
2557 4729 2624 4783 de
2649 4727 2887 4782 Ecclesia
2914 4725 3169 4780 catholica
3190 4765 3206 4791 ,
3243 4732 3490 4795 tanquam
3527 4724 3594 4778 de

2012 4826 2142 4882 Sara
2185 4825 2202 4856 ί
2244 4823 2514 4884 nascitur,
2553 4820 2620 4874 dc
2648 4819 2813 4874 libera
2852 4817 3122 4872 nascitur:
3150 4820 3238 4887 qui
3267 4817 3499 4872 nascitur
3528 4818 3596 4890 de

2013 4917 2204 4972 hmresi
2228 4957 2246 4984 ,
2279 4924 2526 4984 tanquam
2552 4912 2622 4967 de
2648 4911 2838 4964 ancilla
2865 4909 3099 4964 nascitur
3121 4951 3137 4973 ,
3172 4907 3266 4964 sed
3303 4924 3367 4962 ex
3391 4907 3595 4962 semine

2013 5008 2302 5064 Abraham.
2324 5005 2402 5059 Ad
2413 5011 2580 5058 vertat
2598 5001 2844 5056 Charitas
2865 5010 3038 5055 vestra
3059 5015 3216 5070 quam
3239 5013 3489 5067 magnum
3509 5011 3594 5051 sa-

2013 5107 2364 5155 cramentum.
2403 5095 2652 5150 Testatur
2679 5092 2852 5157 Deus,
2885 5100 2938 5146 et
2975 5089 3140 5153 dicit,
3181 5087 3292 5159 Ego
3317 5104 3430 5141 sum
3457 5086 3597 5142 Deus

2015 5190 2292 5255 Abraham,
2323 5197 2371 5242 et
2395 5186 2532 5241 Deus
2553 5184 2703 5241 Isaac
2720 5224 2736 5250 ,
2758 5193 2804 5237 et
2833 5183 2972 5238 Deus
2993 5181 3175 5236 Jacob.
3196 5179 3311 5235 Non
3334 5189 3487 5235 erant
3507 5180 3597 5234 alii

2018 5280 2368 5355 patriarcltm?
2395 5297 2497 5334 non
2522 5289 2637 5334 erat
2665 5286 2786 5332 ante
2812 5277 2941 5330 istos
2972 5283 3188 5329 sanctus
3209 5271 3358 5339 Noe,
3386 5272 3474 5342 qui
3506 5287 3596 5326 so—

2019 5376 2102 5430 lus
2128 5377 2178 5429 in
2211 5382 2322 5428 toto
2341 5386 2536 5442 genere
2565 5370 2797 5426 humano
2816 5383 2938 5423 cum
2969 5375 3074 5420 tota
3103 5364 3263 5420 domo
3288 5379 3382 5418 sua
3407 5365 3599 5418 meruit

2022 5468 2090 5523 de
2123 5467 2321 5522 diluvio
2347 5462 2594 5528 liberari,
2621 5462 2799 5532 inquo
2819 5469 2871 5515 et
2905 5459 2957 5513 in
2985 5457 3106 5511 ﬁliis
3135 5456 3250 5527 ejus
3272 5456 3489 5526 ﬁgurata
3515 5467 3598 5509 cst

2023 5559 2290 5614 Ecclesia?
2304 5558 2468 5629 Ligno
2483 5564 2724 5626 portante
2735 5548 3229 5609 evaduntdiluvium
3250 5547 3502 5621 (Gen.vu,
3520 5549 3600 5608 7).

2028 5650 2226 5710 Deinde
2243 5661 2422 5722 postea
2450 5650 2621 5721 magni
2646 5661 2777 5718 quos
2795 5645 3054 5712 novimus,
3075 5659 3212 5716 quos
3251 5655 3428 5699 sancta
3462 5644 3602 5698 Scri-

2134 5776 2185 5818 tn
2205 5775 2305 5818 MSS.
2333 5766 2407 5815 hic
2433 5771 2482 5815 ct
2504 5761 2615 5812 alibi
2638 5766 2932 5821 constanter,
2955 5766 3120 5822 Sarra,
3142 5770 3253 5809 cum
3267 5754 3441 5819 duplici
3459 5768 3530 5804 rr.
