4074 6506
1457 326 1519 382 ΙΝ
1555 325 1832 382 JOANNIS
1867 320 2330 392 EVANGELIUM,
2386 327 2442 382 S.
2483 327 2846 388 AUGUSTINI
3636 343 3774 399 uso

2197 439 2360 496 clesia
2383 483 2400 509 ,
2435 452 2494 498 ut
2521 459 2626 499 non
2655 447 2724 500 ibi
2764 449 2871 503 sint
2895 451 3042 518 palea
3064 494 3078 518 ,
3111 452 3204 507 sed
3230 453 3569 510 frumentum.
3601 458 3769 522 Quam

2194 524 2336 578 enim
2383 529 2531 582 multi
2571 530 2710 594 sint,
2756 533 2899 586 novit
2925 531 3169 590 Charitas
3206 548 3400 592 vestra.
3451 540 3554 594 Per
3599 543 3767 599 malos

2193 613 2315 668 boni
2343 634 2358 671 :
2389 617 2668 686 aliquando
2697 621 2927 689 baptizat
2963 624 3170 679 adulter
3193 667 3206 689 ,
3241 637 3300 681 et
3337 629 3425 698 qui
3467 629 3766 699 baptizatur

2186 703 2524 772 justiticatur.
2555 708 2659 763 Per
2680 711 2847 764 bonos
2877 713 2999 766 mali
3023 731 3037 766 :
3061 715 3343 784 aliquando
3359 719 3448 788 qui
3473 720 3761 790 baptizant,

527 329 659 390 1479

519 458 671 517 plura
700 445 1072 509 commendat,
1104 444 1309 515 Moyses
1342 443 1512 497 ﬁdelis
1533 433 1591 495 in
1639 450 1743 494 tota
1791 439 1950 493 domo
1975 437 2090 507 ejus

516 537 706 606 (Num.
734 553 826 601 xu,
855 538 930 608 7).
965 536 1031 590 Ει
1053 536 1123 590 illi
1148 545 1257 590 tres
1281 534 1636 596 nominantur,
1671 533 1816 600 quasi
1846 546 1965 585 eum
1990 529 2089 583 soli

516 629 924 700 promeruerint,
959 627 1070 698 Ego
1089 645 1198 681 sum
1219 626 1354 679 Deus
1375 624 1660 687 Abraham,
1689 632 1733 676 et
1757 621 1890 675 Deus
1916 619 2084 683 Isaac,

513 731 558 774 et
579 720 716 777 Deus
743 717 903 772 Iacob
931 733 949 771 :
977 719 1069 770 hoc
1094 717 1216 769 mihi
1242 731 1421 767 nomen
1448 723 1516 766 est
1545 713 1597 765 in
1617 721 1857 765 teternum
1888 709 2083 781 (Exod.

513 828 570 867 Ill
590 854 604 875 ,
635 812 668 866 6
689 852 702 875 ,
737 810 845 882 15).
887 810 1284 866 Sacramentum
1324 805 1556 875 grande!
1589 804 1782 858 Potens
1799 813 1882 857 est
1911 803 2088 855 Domi-

511 918 612 958 nus
636 913 690 957 et
712 918 804 957 ora
830 911 1010 957 nostra
1035 901 1240 970 aperire
1261 939 1276 964 ,
1306 908 1357 952 et
1386 897 1544 952 corda
1573 906 1745 951 vestra
1769 937 1783 959 ,
1811 905 1872 950 ut
1906 895 2084 949 dicere

509 995 775 1064 possimus
796 993 931 1048 sicut
952 992 1188 1046 revelare
1211 989 1455 1060 dignatus
1475 997 1556 1043 est
1576 1029 1591 1054 ,
1619 995 1673 1042 et
1699 1001 1887 1056 capere
1908 985 2080 1055 possi-

508 1089 577 1144 tis
602 1089 738 1143 sicut
764 1085 978 1157 expedit
1000 1084 1170 1138 vobis.
1830 1135 1834 1139 ,

578 1183 632 1237 8.
660 1181 792 1236 Tres
833 1193 958 1249 ergo
987 1178 1072 1232 isti
1098 1175 1409 1246 patriarcha:
1428 1216 1443 1240 ,
1491 1173 1784 1238 Abraham,
1815 1171 1993 1236 Isaac,
2026 1181 2080 1228 et

505 1272 689 1329 Jacob.
719 1271 836 1327 Jam
867 1269 1033 1324 nostis
1062 1269 1150 1322 filii
1179 1267 1341 1322 Jacob
1367 1266 1487 1337 quia
1524 1265 1800 1320 duodecim
1832 1263 2074 1331 fuerunt,

506 1375 560 1420 et
581 1365 701 1419 inde
724 1363 945 1433 populus
969 1360 1129 1416 Israel
1160 1379 1173 1415 :
1205 1360 1324 1430 quia
1356 1360 1467 1429 ipse
1491 1357 1654 1412 Jacob
1682 1357 1842 1411 Israel
1867 1399 1880 1420 ,
1906 1365 1958 1412 et
1980 1370 2076 1426 po-

505 1457 662 1524 pulus
686 1454 846 1509 Israel
874 1453 1042 1508 tribus
1069 1452 1346 1507 duodecim
1371 1491 1386 1517 ,
1418 1451 1746 1521 pertinentes
1783 1448 1848 1503 ad
1877 1448 2078 1502 duode-

504 1546 607 1601 cim
634 1545 768 1599 ﬁlios
789 1545 968 1600 Israel.
993 1543 1260 1599 Abraham
1283 1583 1298 1608 ,
1324 1541 1466 1595 Isaac
1484 1581 1500 1606 ,
1529 1548 1583 1594 et
1604 1539 1769 1594 .Iacob
1791 1580 1806 1604 ,
1844 1547 1948 1593 tres
1983 1554 2075 1608 pa-

503 1645 613 1691 tres
631 1678 646 1704 ,
673 1646 726 1692 et
750 1637 972 1706 populus
995 1650 1132 1689 unus
1153 1635 1195 1687 ¹.
1217 1632 1350 1687 Tres
1374 1638 1550 1700 patres
1578 1637 1826 1698 tanquam
1849 1629 1898 1681 in
1932 1629 2074 1697 prin-

501 1726 642 1796 cipio
667 1726 881 1795 populi;
911 1734 1016 1779 tres
1038 1732 1216 1794 patres
1253 1721 1304 1776 in
1343 1721 1533 1790 quibus
1559 1718 1878 1789 ﬁgurabatur
1917 1732 2075 1788 p0pu-

504 1818 586 1872 lus
611 1835 624 1872 :
650 1826 702 1871 et
723 1816 945 1886 p0pulus
965 1815 1076 1884 ipse
1095 1813 1254 1883 prior,
1274 1826 1505 1881 praesens
1526 1810 1769 1880 pupulus.
1796 1807 1849 1862 In
1879 1808 2071 1878 p0pulo

500 1911 642 1964 cnim
675 1909 975 1964 .Iudznorum
1003 1907 1256 1977 ﬁguratus
1276 1912 1359 1960 est
1386 1904 1608 1972 populus
1628 1901 2066 1957 Christianorum.

503 1999 578 2055 lbi
609 2002 770 2069 ﬁgura
792 2041 807 2065 ,
840 1999 925 2054 hic
971 1998 1164 2052 veritas
1197 2014 1210 2050 :
1242 1997 1312 2050 ibi
1335 1995 1518 2049 umbra
1538 2037 1553 2061 ,
1594 1995 1680 2050 hic
1724 2010 1949 2062 corpus,
1997 1994 2070 2048 di-

497 2099 651 2143 cente
681 2089 932 2158 Apostolo
953 2129 966 2152 ,
1003 2086 1127 2140 Haec
1149 2097 1314 2140 autem
1351 2085 1403 2138 in
1428 2087 1593 2156 ﬁgura
1619 2085 1966 2155 contingebant
1998 2086 2066 2138 il-

496 2179 580 2233 lis.
621 2178 734 2233 Vox
759 2186 840 2232 est
881 2177 1119 2247 Apostoli
1149 2194 1161 2229 :
1196 2176 1400 2245 Scripta
1437 2185 1588 2240 sunt,
1628 2176 1831 2245 inquit,
1865 2185 2069 2246 propter

497 2285 621 2334 nos,
651 2269 706 2322 in
743 2284 864 2338 quos
907 2267 1023 2336 ﬁnis
1050 2267 1347 2321 saeculorum
1382 2265 1574 2320 obvenit
1607 2266 1660 2336 (l
1699 2264 1818 2320 Cor.
1847 2282 1919 2332 ι,
1954 2266 2063 2336 11).

496 2359 753 2414 Recurrat
773 2375 911 2414 nunc
944 2359 1148 2413 animus
1173 2367 1348 2414 vester
1373 2359 1439 2412 ad
1472 2357 1737 2412 Abraham
1758 2400 1772 2423 ,
1805 2357 1950 2412 Isaac
1970 2401 1986 2425 ,
2012 2368 2066 2414 et

491 2451 676 2506 Jacob.
696 2456 754 2506 In
776 2453 890 2507 istis
919 2453 1086 2508 tribus
1109 2452 1404 2506 invenimus
1423 2466 1611 2520 parere
1638 2451 1850 2516 liberas,
1877 2466 2063 2520 parere

492 2552 546 2598 et
583 2544 800 2599 ancillas
829 2561 842 2596 :
876 2545 1170 2600 invenimus
1197 2544 1266 2598 ibi
1297 2551 1477 2612 partus
1505 2542 1826 2608 liberarum,
1859 2542 2066 2596 inveni-

489 2650 608 2690 mus
637 2636 708 2690 ibi
741 2644 793 2691 et
824 2646 1003 2706 partus
1037 2637 1371 2690 ancillarum.
1414 2635 1617 2689 Ancilla
1653 2634 1786 2688 nihil
1823 2634 1946 2688 boui
1985 2635 2061 2688 si-

487 2730 741 2799 gniﬁcat:
776 2729 920 2794 Eiice
952 2729 1222 2794 ancillam,
1255 2728 1451 2798 inquit,
1491 2737 1537 2781 et
1573 2728 1738 2797 ﬁlium
1780 2728 1927 2799 ejus;
1961 2744 2061 2782 non

487 2821 619 2874 enim
642 2819 798 2873 haeres
833 2819 924 2872 erit
948 2819 1085 2889 ﬁlius
1112 2818 1311 2872 ancilla:
1343 2834 1455 2870 cum
1475 2817 1582 2886 ﬁlio
1613 2817 1800 2870 liberte.
1832 2818 2063 2886 Aposto-

486 2910 568 2964 lus
594 2911 694 2965 IlOC
717 2917 1121 2974 commemorat;
1147 2917 1199 2963 et
1223 2909 1277 2963 in
1297 2908 1401 2963 illis
1426 2908 1630 2963 duobus
1659 2909 1778 2962 ﬁliis
1808 2908 2053 2974 Abrahae,

485 3000 611 3056 dicit
654 3001 941 3071 Apostolus
984 3001 1144 3055 fuisse
1191 3000 1409 3069 ﬁguram
1440 3000 1662 3054 duorum
1691 2999 2060 3055 Testamento-

482 3107 600 3146 rum
623 3133 638 3159 ,
661 3091 869 3147 Veteris
890 3100 942 3146 et
967 3091 1120 3146 Novi.
1152 3091 1232 3146 Ad
1262 3090 1425 3146 Vetus
1468 3091 1862 3146 Testamentum
1889 3093 2057 3162 perti-

483 3189 612 3237 nent
653 3182 938 3236 dilectores
969 3182 1373 3251 temporalium,
1402 3181 1685 3236 dilectorcs
1723 3183 1899 3237 smculi
1934 3200 1946 3237 :
1987 3182 2054 3238 ad

480 3274 682 3329 Novum
700 3275 1095 3330 Testamentum
1117 3275 1399 3330 dilectores
1421 3274 1539 3328 vitae
1567 3283 1799 3329 aeternae.
1825 3273 1947 3330 Ideo
1967 3275 2054 3329 illa

478 3364 772 3421 Jerusalem
814 3366 866 3419 in
897 3374 1036 3420 terra
1059 3406 1073 3430 ,
1105 3365 1290 3419 umbra
1332 3375 1447 3420 erat
1490 3365 1722 3420 cmlestis
1758 3365 2052 3420 Jerusalem

479 3457 662 3512 matris
689 3457 923 3511 omnium
951 3467 1189 3510 nostrum
1210 3497 1224 3522 ,
1270 3472 1386 3525 quae
1431 3465 1511 3511 est
1554 3456 1607 3510 in
1638 3457 1774 3511 coelo
1804 3473 1817 3509 :
1846 3466 1900 3511 et
1937 3456 2054 3512 bzec

478 3547 714 3616 Apostoli
738 3547 897 3601 verba
925 3555 1047 3601 sunt
1068 3544 1217 3618 (Gen.
1241 3561 1331 3600 xxi
1355 3588 1371 3613 ,
1408 3546 1508 3612 10;
1534 3545 1703 3600 Galat.
1741 3562 1812 3614 tv,
1838 3546 2048 3617 22-50).

478 3638 544 3692 Et
576 3638 644 3693 de
671 3637 769 3691 ista
799 3636 1010 3691 civitate
1034 3635 1171 3691 unde
1192 3637 1596 3706 peregrinamur
1614 3677 1628 3702 ,
1656 3636 1818 3690 multa
1845 3636 2047 3704 nostis,

475 3731 636 3785 multa
669 3729 777 3800 jam
804 3729 1044 3784 audistis.
1076 3729 1376 3784 Invenimus
1403 3738 1578 3784 autem
1615 3744 1727 3784 rem
1767 3732 1955 3784 miram
1996 3731 2050 3785 in

473 3821 588 3874 istis
609 3820 881 3890 partubus,
907 3819 956 3873 id
980 3829 1060 3874 est
1086 3820 1137 3874 iu
1167 3821 1280 3875 istis
1297 3820 1486 3874 fetibus
1507 3860 1521 3885 ,
1545 3822 1595 3874 in
1617 3819 1732 3875 istis
1751 3823 2051 3891 generatio-

474 3911 626 3964 nibus
645 3911 929 3966 liberarum
952 3920 1006 3966 et
1031 3911 1361 3975 ancillarum,
1383 3919 1607 3979 quatuor
1630 3911 1830 3965 scilicet
1849 3928 2048 3981 genera

474 4002 744 4055 hominum
775 4017 788 4052 :
831 4001 882 4054 in
925 4001 1114 4070 quibus
1143 4009 1365 4070 quatuor
1395 4002 1710 4071 generibus,
1751 4003 2049 4073 completur

473 4094 634 4162 ﬁgura
655 4090 812 4145 futuri
833 4091 1009 4162 populi
1037 4091 1342 4158 christiani,
1381 4101 1436 4146 ut
1461 4108 1563 4147 non
1592 4094 1661 4148 sit
1691 4093 1880 4148 mirum
1902 4097 2045 4167 quod

470 4184 522 4236 in
555 4183 656 4236 illis
679 4183 845 4236 tribus
869 4181 1064 4235 dictum
1097 4192 1177 4238 cst
1201 4225 1214 4246 ,
1246 4183 1357 4253 Ego
1395 4200 1505 4236 sum
1532 4183 1668 4238 Deus
1693 4185 1976 4256 Abraham,
1998 4198 2045 4241 et

469 4271 606 4327 Deus
627 4271 778 4326 Isaac
801 4315 815 4339 ,
839 4282 882 4326 et
907 4273 1042 4326 Deus
1058 4271 1237 4326 Jacob.
1262 4273 1318 4326 In
1347 4275 1593 4329 omnibus
1619 4277 1759 4330 enim
1787 4277 2042 4332 Christia-

470 4366 552 4419 nis
575 4407 590 4431 ,
613 4365 804 4420 fratres
829 4366 1106 4431 intendite,
1139 4373 1232 4418 aut
1256 4380 1348 4434 per
1373 4366 1538 4421 malos
1568 4377 1858 4423 nascuntur
1881 4371 2003 4424 boni
2023 4412 2040 4437 ,

469 4466 560 4510 aut
584 4473 678 4525 per
718 4457 884 4510 bonos
909 4464 1198 4509 nascuntur
1234 4457 1391 4520 mali,
1420 4465 1511 4510 aut
1549 4473 1642 4526 per
1680 4459 1848 4514 bonos
1877 4461 1998 4514 boni
2023 4503 2039 4527 ,

469 4555 558 4601 aut
586 4562 681 4617 per
709 4547 874 4601 malos
899 4546 1022 4600 mali
1056 4563 1068 4598 :
1098 4547 1321 4614 amplius
1361 4547 1476 4602 istis
1501 4559 1728 4617 quatuor
1759 4553 2042 4619 generibus

470 4657 573 4695 non
598 4640 818 4710 potestis
843 4640 1096 4694 invenire.
1119 4638 1248 4705 Qua:
1270 4639 1459 4694 iterum
1482 4649 1740 4712 repetam,
1759 4643 2038 4712 advertite,

393 4764 401 4771 -
468 4733 714 4797 retinete;
743 4731 970 4786 excutite
995 4730 1156 4784 corda
1187 4740 1382 4795 vestra,
1414 4733 1576 4788 nolite
1601 4733 1735 4804 pigri
1757 4750 1875 4791 esse
1907 4755 1920 4790 :
1947 4751 2039 4792 ca-

466 4827 594 4900 pite,
618 4840 685 4881 ne
709 4825 1009 4902 capiamini,
1027 4823 1292 4895 quomodo
1311 4836 1538 4894 quatuor
1558 4841 1750 4897 genera
1780 4836 1904 4882 sunt
1922 4844 2038 4884 om-

468 4921 611 4974 nium
641 4917 1080 4972 Christianorum.
1121 4917 1228 4970 Aut
1251 4932 1345 4985 per
1369 4917 1537 4972 bonos
1565 4903 1852 4974 nascuntur
1879 4920 2000 4975 boni
2020 4964 2036 4990 ,

467 5022 556 5066 aut
586 5027 681 5081 per
705 5011 875 5065 malos
901 5017 1187 5064 nascuntur
1223 5008 1381 5075 mali,
1414 5018 1505 5063 aut
1538 5025 1631 5079 per
1666 5011 1833 5066 bonos
1873 5013 2037 5080 mali,

467 5113 558 5157 aut
593 5118 684 5173 per
711 5102 878 5156 malos
899 5100 1042 5155 boni.
1074 5099 1208 5154 Puto
1233 5101 1352 5168 quia
1379 5101 1593 5169 planum
1621 5109 1720 5156 est.
1749 5101 1851 5157 Per
1871 5103 2040 5159 bonos

468 5194 592 5249 boni
622 5212 634 5247 :
663 5193 707 5246 si
733 5201 788 5246 et
805 5191 892 5260 qui
914 5190 1181 5260 baptizant
1199 5231 1214 5257 ,
1241 5190 1366 5244 boui
1393 5199 1536 5255 sunt;
1564 5199 1618 5244 et
1642 5192 1730 5261 qui
1770 5193 2041 5263 baptizan-

469 5297 552 5340 tur
575 5325 591 5352 ,
621 5294 764 5339 recte
792 5282 1041 5348 credunt,
1075 5290 1129 5335 et
1167 5283 1218 5337 in
1255 5283 1510 5337 membris
1543 5283 1737 5340 Christi
1777 5296 1919 5342 recte
1941 5304 2040 5342 nu-

465 5387 755 5432 merantur.
783 5376 882 5429 Per
910 5375 1078 5428 malos
1107 5374 1232 5428 mali
1261 5391 1273 5427 :
1307 5375 1351 5429 si
1374 5383 1426 5428 et
1455 5375 1546 5445 qui
1571 5376 1836 5446 baptizant
1856 5421 1870 5444 ,
1914 5381 2040 5435 mali

465 5480 620 5534 sunt;
649 5479 701 5523 et
729 5469 818 5539 qui
843 5467 1175 5538 baptizantur
1196 5507 1212 5533 ,
1245 5465 1442 5535 duplici
1484 5468 1644 5523 corde
1672 5471 1930 5526 aeredunt
1971 5473 2039 5527 ad

465 5564 630 5618 Demn
653 5605 666 5627 ,
708 5572 760 5617 et
787 5577 891 5616 non
923 5570 1103 5616 tenent
1130 5575 1221 5614 eos
1250 5575 1428 5614 mores
1453 5576 1590 5631 quos
1618 5564 1838 5619 audiunt
1861 5566 1910 5618 in
1933 5567 2039 5623 Ec-

530 5700 544 5727 ¹
575 5706 622 5746 te
643 5703 748 5746 Mss.
774 5696 851 5744 hic
872 5700 975 5756 post
988 5690 1356 5763 voccm,Jacob,_
1379 5704 1473 5742 non
1496 5693 1702 5758 additur,
1727 5700 1821 5747 tres
1843 5705 2040 5763 patres;

466 5773 650 5824 neque.
672 5772 808 5818 unus,
835 5752 941 5820 post
963 5769 1124 5816 voces,
1146 5762 1191 5806 et
1213 5752 1429 5818 populus.

2190 797 2358 850 sancti
2403 808 2559 864 sunt;
2599 800 2688 870 qui
2723 799 3056 871 baptizautur
3080 845 3096 872 ,
3139 814 3320 864 tenere
3359 809 3498 864 viam
3535 811 3630 867 Dei
3659 829 3760 869 no-

2189 883 2322 938 lunt.

2256 974 2310 1029 9.
2359 975 2510 1043 Puto,
2541 978 2748 1045 fratres,
2781 992 2964 1037 notum
2993 999 3114 1040 esse
3139 986 3190 1040 iu
3219 987 3475 1056 Ecclesia,
3503 1000 3557 1046 et
3587 995 3758 1062 quotia

2183 1062 2354 1118 dianis
2386 1069 2642 1138 exemplis
2679 1071 3009 1128 manifestari
3037 1091 3098 1129 ea
3139 1069 3256 1146 qua:
3281 1078 3504 1137 dicimus
3532 1100 3546 1134 :
3573 1084 3667 1138 sed
3698 1085 3752 1140 in

2183 1155 2448 1224 prioribus
2473 1162 2666 1215 nostris
2688 1163 2927 1233 patribus
2952 1180 3013 1218 ea
3043 1168 3442 1224 consideremus
3464 1213 3480 1239 ,
3507 1173 3630 1242 quia
3659 1175 3754 1230 ha-

2178 1249 2406 1306 buerunt
2435 1263 2488 1307 et
2517 1253 2592 1306 illi
2622 1255 2720 1309 ista
2750 1265 2977 1325 quatuor
3003 1274 3220 1326 genera.
3252 1261 3357 1317 Per
3381 1263 3550 1318 bonos
3575 1265 3700 1321 boni
3733 1285 3749 1322 :

2177 1343 2410 1399 Ananias
2439 1345 2658 1399 Paulum
2701 1349 2980 1418 baptizavit
3017 1349 3150 1424 (Act.
3191 1367 3287 1419 ix,
3329 1353 3439 1425 18).
3480 1355 3613 1423 Quid
3655 1373 3752 1428 per

2179 1434 2348 1489 malos
2390 1435 2551 1490 mali?
2587 1437 2722 1492 Dicit
2764 1440 3054 1509 Apostolus
3091 1443 3347 1511 quosdam
3378 1445 3750 1513 praedicatores

2179 1526 2477 1598 Evangelii,
2523 1544 2658 1599 quos
2703 1531 2832 1586 dicit
2873 1547 2976 1586 non
3025 1543 3172 1588 caste
3215 1536 3532 1592 annuntiare
3575 1540 3748 1596 solere

2178 1619 2514 1689 Evangelium
2533 1661 2550 1688 ,
2581 1636 2712 1691 quos
2740 1623 2927 1677 tolerat
2951 1624 3004 1677 in
3041 1625 3300 1681 societate
3331 1625 3620 1683 christiana
3646 1670 3661 1694 ,
3691 1640 3746 1685 et

2175 1709 2332 1773 dicit,
2379 1710 2516 1774 Quid
2552 1712 2724 1766 enim?
2761 1713 2881 1768 dum
2931 1715 3066 1767 muni
3095 1715 3281 1780 modo,
3325 1717 3426 1770 sive
3467 1720 3743 1784 occasione,

2173 1801 2272 1853 sive
2295 1802 2496 1856 veritate
2510 1799 2737 1857 Christus
2757 1806 3094 1868 annuntietur,
3121 1816 3165 1858 et
3185 1806 3238 1860 in
3262 1807 3355 1860 hoc
3374 1807 3568 1878 gaudeo
3591 1808 3746 1882 (ΡΙιὶ-

2173 1892 2299 1964 lipp.
2330 1909 2382 1960 ι,
2411 1892 2521 1967 18).
2563 1894 2826 1966 Numquid
2863 1897 3156 1952 malevolus
3199 1907 3349 1965 erat,
3380 1909 3434 1954 et
3473 1900 3538 1956 de
3571 1901 3746 1956 alieno

2172 1985 2313 2038 malo
2335 1985 2631 2054 gaudebat?
2659 1987 2760 2042 Sed
2795 1989 2916 2058 quia
2953 1997 3005 2044 et
3034 2004 3131 2059 per
3156 1991 3321 2045 malos
3350 2007 3530 2046 verum
3558 1993 3748 2062 praedi-

2171 2078 2389 2132 cabatur
2406 2120 2420 2142 ,
2448 2087 2503 2134 et
2528 2096 2622 2150 per
2646 2080 2906 2136 malorum
2931 2097 3021 2135 ora
3050 2081 3294 2136 Christus
3321 2083 3742 2153 praedicabatur;

2170 2169 2215 2221 si
2240 2183 2371 2238 quos
2399 2169 2484 2224 isti
2514 2170 2595 2224 sui
2619 2171 2818 2226 similes
2842 2171 3200 2241 baptizabant,
3228 2173 3352 2227 mali
3379 2175 3544 2229 malos
3569 2176 3745 2245 bapti-

2169 2259 2359 2315 zabant
2383 2277 2398 2315 :
2427 2261 2472 2315 si
2494 2277 2626 2332 quos
2648 2262 2732 2316 isti
2752 2263 3088 2333 baptizabant
3110 2264 3261 2328 tales,
3287 2265 3468 2336 quales
3495 2266 3746 2322 admonet

2170 2351 2424 2406 Dominus
2450 2368 2570 2406 cum
2597 2354 2741 2420 dicit,
2777 2355 2903 2419 Qum
2929 2355 3099 2409 dicunt
3125 2356 3308 2425 facite;
3335 2373 3446 2427 qua:
3467 2369 3632 2412 autem
3657 2362 3742 2431 fa-

2167 2444 2325 2510 ciunt,
2351 2449 2514 2516 facere
2550 2446 2702 2500 nolite
2735 2445 2946 2519 (Matth.
2975 2464 3106 2502 xxut
3129 2491 3142 2514 ,
3176 2451 3251 2520 3),
3295 2450 3418 2504 mali
3448 2451 3616 2505 bonos
3644 2451 3741 2506 ba-

2168 2536 2453 2602 ptizabant.
2485 2535 2615 2590 Boni
2660 2537 2827 2592 malos
2862 2539 3194 2606 baptizabant
3222 2581 3237 2605 ,
3263 2541 3528 2609 quomodo
3552 2556 3580 2594 a
3611 2542 3740 2596 Phi-

2167 2627 2308 2696 lippo
2328 2637 2508 2681 sancto
2524 2627 2705 2683 Simon
2729 2644 2912 2698 magus
2930 2630 3221 2698 baptizatus
3238 2641 3318 2685 est
3335 2631 3470 2699 (Act.
3497 2648 3606 2696 vut,
3627 2632 3738 2702 15).

2163 2715 2297 2771 Nota
2323 2703 2446 2772 sunt
2473 2734 2599 2789 ergo
2627 2719 2725 2773 ista
2752 2730 2979 2788 quatuor
2999 2736 3213 2790 genera,
3244 2721 3430 2775 fratres
3451 2723 3575 2776 mei.
3600 2724 3739 2779 Ecce

2163 2807 2353 2862 iterum
2383 2824 2445 2863 ea
2473 2819 2673 2880 repeto,
2706 2819 2880 2866 tenete
2905 2811 3012 2878 illa,
3039 2823 3311 2868 numerate
3336 2813 3444 2880 illa,
3483 2814 3742 2871 advertite

2163 2897 2283 2963 illa;
2314 2909 2496 2953 cavete
2520 2916 2636 2970 qum
2658 2901 2791 2954 mala
2815 2910 2956 2968 sunt,
2985 2909 3158 2957 tenete
3179 2920 3294 2972 qua:
3315 2905 3450 2958 bona
3472 2914 3610 2959 sunt.
3636 2906 3741 2962 Per

2163 2993 2331 3045 bonos
2373 2992 2493 3045 boui
2532 3002 2854 3059 nascuntur,
2895 3010 3014 3048 cum
3052 3011 3149 3067 per
3189 3007 3399 3051 sanctos
3439 2999 3604 3053 sancti
3648 3000 3739 3055 ba-

2164 3082 2427 3149 ptizautur
2472 3101 2484 3135 :
2520 3099 2613 3152 per
2642 3085 2808 3139 malos
2837 3087 2960 3139 mali
2986 3127 3001 3149 ,
3033 3103 3150 3141 cum
3179 3097 3233 3143 et
3273 3091 3362 3158 qui
3392 3090 3659 3160 baptizant
3684 3105 3739 3149 et

2160 3173 2248 3243 qui
2294 3173 2656 3243 baptizantor,
2690 3176 2866 3246 inique
2909 3186 2963 3232 et
3000 3179 3158 3248 impie
3195 3180 3414 3239 vivunt:
3446 3198 3539 3252 per
3568 3184 3738 3242 malos

2160 3262 2283 3317 boni
2307 3305 2322 3330 ,
2355 3279 2472 3318 cum
2508 3265 2630 3318 mali
2678 3274 2802 3321 sunt
2829 3267 2920 3337 qui
2957 3269 3258 3339 baptizant;
3298 3282 3352 3325 et
3379 3273 3501 3327 boni
3529 3277 3616 3344 qui
3644 3270 3737 3330 ba-

2161 3358 2422 3426 ptizantur
2447 3376 2460 3411 :
2494 3375 2586 3428 per
2615 3360 2783 3416 bonos
2812 3363 2934 3416 mali
2959 3405 2975 3431 ,
3003 3380 3122 3420 cum
3149 3366 3273 3421 boni
3305 3375 3428 3422 sunt
3455 3371 3543 3439 qui
3566 3370 3730 3441 bapti-

2158 3459 2298 3514 zant,
2327 3457 2381 3504 et
2403 3451 2522 3503 mali
2545 3452 2631 3521 qui
2658 3451 3006 3522 baptizantur.

2229 3541 2310 3596 10.
2325 3541 2598 3608 Quomodo
2616 3543 2909 3600 invenimus
2926 3547 3021 3602 ista
3036 3547 3086 3600 in
3106 3549 3395 3605 tribusistis
3413 3551 3732 3619 nominibus,

2156 3629 2268 3701 Ego
2296 3649 2407 3684 sum
2439 3631 2573 3687 Deus
2597 3633 2850 3689 Abraham
2875 3679 2890 3703 ,
2921 3636 3064 3692 Deus
3094 3638 3265 3703 Isaac,
3297 3651 3343 3694 et
3369 3641 3503 3696 Deus
3525 3643 3684 3698 Jacob
3705 3646 3732 3700 .9

2157 3722 2390 3776 Ancillas
2424 3723 2710 3792 accipimus
2739 3725 2792 3780 in
2823 3728 2993 3793 malis,
3022 3729 3215 3785 liberas
3240 3733 3527 3801 accipimus
3562 3735 3610 3788 iu
3637 3735 3733 3790 bo-

2156 3812 2240 3866 nis
2273 3830 2285 3865 :
2315 3814 2524 3882 pariunt
2561 3816 2738 3870 libera:
2777 3817 2981 3885 bonos;
3011 3820 3138 3873 Sara
3172 3824 3375 3891 peperit
3405 3823 3548 3878 Isaac
3574 3823 3728 3895 (Gen.

2155 3920 2272 3971 xxn,
2301 3906 2354 3977 5)
2389 3925 2401 3960 :
2433 3909 2641 3976 pariunt
2668 3910 2874 3964 ancilla:
2912 3912 3110 3977 malos;
3141 3915 3279 3984 Agar
3313 3917 3517 3986 peperit
3541 3917 3729 3974 Ismael

2154 3997 2262 4070 (Id.
2310 4016 2395 4054 xvr
2422 4041 2436 4064 ,
2487 4001 2593 4070 15).
2642 4002 2908 4057 Habemus
2951 4004 3002 4058 in
3048 4003 3153 4060 un'o
3193 4008 3458 4062 Abraham
3507 4019 3563 4065 et
3603 4009 3731 4064 illud

2150 4105 2316 4158 genus
2339 4105 2460 4144 cum
2489 4105 2582 4159 per
2608 4091 2775 4146 bonos
2819 4091 2941 4146 boni
2969 4135 2983 4159 ,
3015 4103 3067 4148 et
3097 4096 3225 4150 illud
3266 4113 3432 4166 genus
3470 4113 3588 4154 eum
3632 4115 3731 4169 per
3803 4159 3806 4162 ,

2151 4181 2320 4235 malos
2349 4181 2494 4235 mali.
2525 4182 2624 4236 Per
2653 4181 2820 4235 bonos
2848 4185 2968 4237 mali
3000 4185 3084 4238 ubi
3119 4188 3320 4256 figurati
3345 4189 3507 4242 sunt?
3532 4188 3722 4244 Libera

2149 4281 2263 4324 crat
2308 4271 2546 4326 Rebecca
2596 4288 2727 4326 uxor
2766 4273 2909 4328 Isaac
2949 4292 2962 4328 :
2997 4275 3174 4344 legite,
3219 4279 3424 4346 peperit
3463 4279 3724 4347 geminos,

2149 4377 2284 4417 unus
2307 4372 2421 4418 erat
2449 4365 2618 4419 bonus
2638 4407 2652 4431 ,
2685 4366 2818 4420 alter
2847 4369 3035 4422 malus.
3070 4369 3243 4424 llabcs
3273 4352 3454 4440 aperte
3479 4372 3721 4442 Scriptu-

2149 4471 2259 4509 ram
2291 4457 2553 4511 dicentem
2583 4459 2672 4512 Dei
2700 4473 2847 4522 voce,
2873 4458 3034 4514 Iacob
3063 4460 3237 4528 dilexi,
3258 4463 3396 4517 Esau
3417 4475 3583 4519 autem
3609 4466 3727 4521 odio

2149 4546 2300 4601 habui
2338 4547 2588 4617 (Malae/1.
2619 4565 2658 4614 ι,
2691 4550 2742 4615 2,
2774 4553 2840 4615 5;
2873 4552 3024 4606 Rom.
3056 4569 3130 4621 lx,
3163 4553 3272 4624 15).
3314 4555 3447 4611 Istos
3472 4556 3606 4612 duos
3633 4574 3730 4629 ge-

2149 4641 2262 4694 nuit
2308 4641 2568 4706 Rebecca,
2614 4641 2778 4697 Jacob
2815 4650 2868 4696 et
2907 4643 3048 4698 Esau
3093 4661 3106 4698 :
3155 4660 3288 4700 unus
3328 4646 3450 4701 inde
3487 4649 3724 4718 eligitur,

2147 4732 2284 4786 alius
2325 4733 2635 4803 reprobatur
2675 4735 2732 4800 1;
2783 4751 2917 4790 unus
2961 4737 3194 4792 succedit
3239 4739 3289 4792 in
3334 4737 3724 4805 haereditatem,

2146 4823 2280 4878 alter
2303 4822 2689 4878 exhwredatur.
2718 4825 2832 4879 Non
2865 4825 2987 4880 facit
3025 4828 3275 4897 p0pulum
3306 4844 3458 4884 suum
3491 4832 3629 4886 Deus
3659 4833 3727 4888 de

2148 4917 2320 4983 Esau;
2355 4917 2448 4971 sed
2489 4917 2613 4972 facit
2641 4918 2705 4973 de
2733 4918 2917 4973 Iacob.
2958 4919 3152 4976 Semen
3180 4937 3379 4987 unum,
3415 4922 3608 4978 diversi
3637 4926 3728 4993 qui

2145 5008 2388 5080 concepti
2429 5019 2552 5065 sunt
2593 5027 2607 5065 :
2648 5020 2829 5080 uterus
2868 5027 3023 5077 unus,
3071 5012 3262 5067 diversi
3302 5013 3390 5083 qui
3431 5015 3541 5069 nati
3579 5026 3725 5068 sunt.

2146 5102 2409 5172 Numquid
2435 5117 2539 5156 non
2565 5102 2730 5156 libera
2759 5105 2956 5172 peperit
2983 5104 3166 5169 Jacob,
3198 5119 3314 5173 qua:
3334 5105 3496 5160 libera
3520 5106 3727 5175 peperit

2147 5192 2328 5247 Esau?
2358 5191 2716 5246 Luctabantur
2743 5193 2792 5246 in
2828 5202 3011 5248 ventre
3055 5194 3236 5248 matris
3275 5210 3384 5248 sua:
3409 5236 3424 5260 ,
3451 5204 3505 5251 et
3524 5195 3725 5250 dictum

2147 5294 2228 5340 est
2256 5284 2533 5347 Rebeccae,
2562 5298 2682 5337 cum
2710 5283 2778 5337 ibi
2806 5283 3148 5352 luctarentur,
3182 5283 3298 5339 Duo
3325 5288 3501 5357 pepuli
3528 5298 3642 5342 sunt
3673 5289 3728 5342 in

2147 5385 2286 5428 utero
2317 5384 2400 5428 tuo
2439 5372 2589 5444 (Gen.
2622 5389 2757 5439 xxv,
2782 5372 2996 5447 22-24).
3029 5375 3142 5428 Duo
3179 5374 3422 5432 homines
3443 5418 3458 5445 ,
3498 5377 3604 5432 duo
3636 5395 3728 5448 ρος

2146 5467 2288 5536 pali;
2325 5467 2492 5521 bonus
2519 5465 2742 5535 populus
2765 5506 2779 5531 ,
2813 5466 2981 5520 malus
3023 5467 3247 5537 populus
3281 5487 3293 5522 :
3329 5470 3424 5524 sed
3456 5481 3628 5525 tamen
3674 5471 3726 5526 in

2150 5572 2256 5611 uno
2305 5569 2486 5610 ventre
2515 5558 2798 5612 luctantur.
2839 5557 3029 5624 Quanti
3057 5561 3180 5615 mali
3212 5571 3334 5616 sunt
3365 5564 3414 5617 in
3446 5565 3680 5617 Ecclesia
3708 5607 3725 5629 ,

2148 5655 2201 5702 et
2231 5665 2363 5702 ιιιιυε
2391 5659 2569 5702 uterus
2601 5657 2794 5717 portat,
2826 5647 2997 5706 donec
3023 5651 3074 5707 in
3099 5651 3204 5709 fine
3230 5653 3600 5710 discernantur
3629 5671 3643 5708 :
3671 5662 3729 5712 et

2219 5761 2235 5791 ι
2261 5767 2386 5822 3:55.,
2410 5759 2706 5823 improbatur
