4074 6514
397 330 528 388 1481

389 439 517 496 boni
541 439 799 496 adversus
823 439 991 496 malos
1015 437 1263 507 clamant,
1296 448 1346 496 et
1379 441 1501 495 mali
1527 443 1780 498 adversus
1798 444 1966 498 bonos

387 534 721 599 reclamant,
761 540 814 587 et
840 529 893 586 iii
932 534 1084 586 unius
1113 533 1403 587 Visceribus
1433 533 1639 602 utrique
1680 533 1962 587 luctantur.

385 625 655 696 Numquid
677 627 886 694 semper
907 622 1060 678 simul
1082 621 1269 676 erunt?
1288 622 1342 676 ln
1366 623 1469 677 ﬁne
1488 624 1660 677 exitur
1685 623 1749 676 ad
1768 624 1963 687 lucem,

385 715 686 772 declaratur
701 715 946 769 nativitas
961 713 1176 784 quaahic
1193 714 1242 766 in
1261 721 1592 768 sacramento
1611 713 1890 783 figuratur:
1911 722 1966 768 et

384 813 519 863 ltmc
543 807 816 877 apparebit
840 849 855 874 ,
886 804 1046 860 Iacob
1075 805 1251 870 dilexi,
1285 805 1421 858 Esau
1449 810 1614 858 autem
1643 805 1759 859 odio
1790 803 1960 859 habui.

459 902 547 955 ll.
577 893 693 954 .lam
714 914 841 969 ergo
861 898 1175 960 invenimus,
1203 897 1409 961 fratres,
1437 897 1574 952 etde
1595 898 1746 952 bonis
1771 897 1961 964 bonos,

380 991 455 1045 de
479 991 644 1046 libera
664 991 808 1044 Isaae
834 1008 847 1044 :
875 998 930 1044 et
951 989 1017 1044 de
1047 988 1198 1042 malis
1219 989 1402 1053 malos,
1433 988 1500 1043 d'e
1519 987 1708 1043 an‘cilla
1735 987 1918 1043 lsmael
1946 1005 1960 1042 :

381 1093 440 1138 et
466 1082 533 1137 de
561 1082 712 1137 bonis
740 1080 929 1148 malos,
964 1082 1100 1136 Esau
1127 1081 1195 1135 de
1227 1081 1486 1136 Rebecca.
1515 1078 1590 1134 De
1619 1081 1770 1134 malis
1796 1081 1963 1134 bonos

379 1173 475 1227 ubi
504 1171 877 1227 inveniemus?
913 1171 1099 1226 Restat
1134 1171 1299 1226 Jaeob
1321 1211 1336 1238 ,
1367 1179 1423 1225 ut
1460 1169 1514 1225 i'n
1543 1171 1712 1225 tribus
1742 1172 1963 1240 patriar-

379 1263 503 1318 chis
561 1261 787 1333 quatuor
831 1267 1087 1333 generum
1152 1258 1373 1316 istorum
1441 1260 1688 1331 perfectio
1749 1262 1964 1316 conclu-

379 1352 777 1409 datur.‘iiabuit
801 1363 993 1408 uxores
1013 1349 1177 1408 πωροι)
1202 1353 1416 1416 liberas,
1440 1351 1921 1407 habuitetaneillas
1945 1369 1959 1406 :

378 1443 597 1515 pariunt
620 1445 830 1512 liberte,
857 1445 1066 1514 pariunt
1094 1455 1148 1500 et
1176 1445 1377 1499 ancilla:
1399 1485 1414 1510 ,
1442 1453 1496 1500 et
1524 1443 1657 1498 ﬁunt
1685 1444 1960 1498 duodecim

378 1535 477 1590 ﬁlii
504 1533 662 1590 Israel
689 1535 837 1605 (Gen.
864 1535 1015 1602 ’xxtx,
1040 1538 1169 1599 lxxx,
1196 1532 1396 1607 xaxv).
1425 1536 1479 1589 Si
1507 1550 1755 1589 numeres
1776 1549 1962 1590 omnes

378 1624 452 1681 de
478 1626 669 1696 quibus
691 1625 799 1680 nati
825 1632 968 1690 sunt,
997 1640 1100 1678 non
1126 1639 1311 1679 omnes
1339 1625 1406 1678 de
1433 1625 1634 1690 liberis,
1655 1636 1756 1678 non
1777 1639 1962 1678 omnes

378 1716 449 1772 de
487 1717 693 1771 ancillis
723 1734 736 1769 :
767 1716 860 1772 sed
898 1722 1072 1770 tamen
1117 1725 1301 1770 omnes
1337 1731 1400 1769 ex
1439 1731 1543 1770 uno
1572 1715 1795 1770 semine.
1825 1715 1960 1782 Quid

376 1814 545 1879 ergo,
575 1808 768 1863 fratres
799 1808 938 1863 mei?
966 1807 1219 1877 numquid
1245 1805 1469 1877 qui‘nati
1489 1817 1612 1860 sunt
1640 1806 1706 1860 de
1735 1807 1955 1873 ancillis,

376 1906 488 1954 ‘non
514 1899 669 1954 simul
700 1896 1051 1968 possederunt
1077 1907 1271 1953 terram
1303 1897 1670 1967 promissionis
1695 1912 1815 1952 cum
1853 1898 1958 1952 fra-

335 1991 550 2046 ‘tribus
572 1990 719 2044 suis?
747 1988 1048 2044 Invenimus
1075 1987 1147 2043 ibi
1172 1989 1340 2042 bonos
1367 1987 1500 2042 ﬁlios
1524 1986 1687 2042 Jacob
1712 1997 1863 2042 natos
1892 1985 1960 2042 de

373 2081 585 2148 ancillis
610 2123 625 2144 ,
655 2090 709 2136 et
732 2081 900 2135 bonos
937 2077 1074 2134 ﬁlios
1109 2079 1273 2133 Jaeob
1313 2088 1466 2132 natos
1494 2078 1562 2132 de
1591 2077 1788 2132 liberis.
1820 2077 1959 2132 Nihil

373 2166 482 2225 illis
520 2170 688 2224 obfuit
715 2169 959 2224 nativitas
987 2168 1054 2223 de
1093 2168 1257 2222 uteris
1286 2167 1594 2222 ancillarum
1619 2207 1633 2232 ,
1666 2167 1876 2236 quando
1906 2168 1958 2222 in

372 2269 530 2328 patre
561 2269 922 2330 cognoverunt
941 2273 1122 2313 semen
1149 2273 1303 2312 suum
1329 2294 1345 2325 ,
1385 2266 1439 2312 ct
1461 2265 1850 2326 consequenter
1870 2271 1958 2312 rc-

369 2369 538 2423 gnum
560 2369 684 2408 eum
709 2352 958 2406 fratribus
982 2359 1288 2407 tenuerunt.
1312 2349 1587 2420 Quomodo
1613 2365 1741 2420 ergo
1762 2350 1814 2403 in
1837 2349 1958 2405 filiis

368 2443 539 2499 Jacob
567 2457 674 2497 non
719 2441 890 2497 obfuit
935 2442 1036 2495 illis
1072 2441 1160 2511 qui
1187 2439 1294 2494 nati
1324 2449 1447 2494 sunt
1469 2439 1535 2494 de
1565 2440 1789 2504 ancillis,
1819 2455 1954 2510 quo-

370 2536 552 2588 minus
584 2542 824 2588 tenerent
853 2547 1068 2602 regnum
1095 2572 1110 2598 ,
1138 2541 1192 2586 et
1215 2531 1408 2586 terram
1442 2529 1806 2600 promissionis
1832 2544 1952 2584 cum

370 2621 629 2682 fratribus
652 2643 717 2681 ex
744 2636 896 2696 ce'qito
915 2614 1256 2695 acciperent;
1288 2640 1392 2679 non
1420 2610 1524 2678 illis
1553 2625 1832 2678 obfuerunt
1859 2638 1952 2677 na-

370 2718 507 2772 tales
532 2717 860 2780 ancillarum,
889 2715 982 2771 sed
1011 2715 1284 2785 praevaluit
1305 2729 1484 2770 semen
1522 2723 1796 2784 paternum
1835 2731 1846 2767 :
1879 2714 1955 2767 sic

367 2809 690 2877 quicumque
715 2821 809 2876 per
825 2807 992 2860 malos
1015 2806 1365 2875 baptizantur,
1389 2815 1635 2874 tanquam
1659 2804 1725 2858 de
1748 2803 1954 2857 ancillis

367 2900 620 2955 videntur
654 2901 796 2964 nati;
827 2898 920 2954 sed
956 2908 1130 2953 tamen
1164 2899 1285 2968 quia
1324 2913 1387 2953 ex
1428 2898 1630 2952 semine
1659 2896 1807 2953 verbi
1837 2897 1948 2962 Dei,

367 2993 513 3061 quod
539 2991 794 3061 figuratur
819 2990 871 3044 in
892 2989 1074 3055 Jacob,
1100 3005 1203 3043 non
1229 2989 1628 3054 contristentur,
1658 2987 1815 3041 simul
1842 2986 1952 3041 ha:-

366 3082 648 3136 reditatem
675 3096 794 3136 cum
821 3080 1074 3134 fratribus
1098 3079 1461 3148 possidebunt.
1486 3079 1718 3134 Securus
1739 3092 1866 3146 ergo
1883 3078 1952 3131 sit

367 3173 458 3243 qui
503 3173 570 3228 de
603 3173 805 3228 semine
851 3173 990 3227 bono
1033 3173 1299 3236 nascitur;
1329 3180 1531 3225 tantum
1571 3185 1674 3226 non
1719 3171 1952 3228 imitetur

365 3265 615 3320 ancillam
635 3306 649 3330 ,
679 3265 720 3320 si
747 3265 814 3320 de
843 3265 1029 3318 ancilla
1053 3265 1306 3319 nascitur.
1335 3265 1594 3318 Ancillam
1638 3264 1827 3318 malam
1856 3279 1948 3318 su-

367 3355 702 3424 perbientem
721 3372 825 3409 non
853 3356 1092 3410 imiteris.
1118 3355 1269 3411 Unde
1295 3357 1436 3410 enim
1466 3356 1554 3409 lilii
1581 3355 1744 3411 Jaeob
1768 3355 1834 3410 de
1855 3371 1949 3410 an-

365 3445 507 3499 cillis
532 3446 662 3511 nati,
695 3447 1046 3516 possederunt
1073 3455 1266 3500 terram
1297 3445 1661 3515 promissionis
1687 3459 1806 3500 cum
1837 3446 1947 3500 fra-

366 3537 559 3600 tribus,
585 3538 772 3592 ismael
799 3546 973 3592 autem
996 3537 1062 3592 de
1087 3539 1274 3591 ancilla
1303 3546 1476 3603 natus,
1499 3537 1749 3607 expulsus
1777 3546 1858 3592 est
1880 3539 1947 3594 ab

367 3625 719 3682 hzereditate?
749 3628 898 3684 Unde
922 3670 937 3694 ,
969 3629 1070 3683 nisi
1109 3629 1231 3699 quia
1263 3630 1349 3684 ille
1393 3629 1652 3699 superbus
1687 3639 1837 3696 erat,
1871 3631 1946 3686 illi

366 3721 634 3776 humiles?
663 3723 847 3778 Erexit
873 3724 958 3778 ille
981 3725 1264 3792 cervicem,
1293 3733 1346 3781 et
1371 3725 1536 3780 voluit
1565 3725 1821 3781 seducere
1841 3727 1946 3782 fra-

367 3817 500 3864 trem
521 3827 695 3876 suum,
719 3813 906 3868 ludens
930 3827 1048 3868 cum
1075 3815 1184 3869 illo.
1635 3823 1642 3828 '

436 3902 524 3955 12.
566 3901 810 3971 Magnum
860 3904 932 3958 ibi
986 3915 1398 3960 sacramenmm.
1456 3905 1732 3961 Ludeliant
1787 3907 1944 3963 simul

362 3989 556 4046 lsmael
573 4004 621 4047 et
635 3993 779 4049 Isaac
793 4012 807 4060 ;
822 3995 949 4050 vidit
963 3996 1078 4051 illos
1094 3996 1222 4052 Sara
1234 3997 1496 4066 ludentes,
1517 4007 1570 4052 et
1587 4001 1660 4053 ait
1678 3999 1904 4054 Ahraha:
1926 4017 1939 4054 :

368 4082 510 4154 Ejice
544 4085 783 4139 ancillam
803 4097 849 4141 et
875 4089 1036 4157 ﬁlium
1064 4090 1208 4160 ejus;
1230 4107 1330 4143 non
1350 4091 1480 4144 enim
1506 4091 1663 4144 haeres
1689 4092 1780 4144 erit
1803 4093 1942 4160 filius

361 4176 564 4228 ancillae
589 4192 702 4229 cum
727 4177 834 4245 [ilio
863 4194 970 4232 meo
997 4177 1165 4234 Isaac.
1199 4180 1265 4234 Et
1289 4197 1408 4235 cum
1440 4182 1779 4236 contristatus
1801 4192 1942 4238 esset

363 4268 652 4335 Abraham,
681 4271 1012 4325 conﬁrmavit
1032 4273 1078 4326 ei
1103 4273 1356 4328 Dominus
1378 4274 1576 4329 dictum
1605 4277 1785 4330 uxoris
1802 4277 1938 4346 ejus.

359 4359 479 4414 Jam
525 4360 612 4416 hic
658 4362 995 4417 manifestum
1039 4374 1120 4418 est
1153 4375 1559 4430 sacramentum,
1608 4367 1730 4436 quia
1761 4370 1940 4424 nescio

359 4449 484 4518 quid
517 4449 748 4505 futurutn
780 4453 1102 4521 parturiebat
1131 4455 1219 4508 illa
1249 4470 1332 4509 res
1357 4464 1526 4525 gesta.
1557 4455 1825 4512 Ludentes
1855 4459 1938 4513 vi-

359 4539 474 4604 dit,
505 4550 560 4594 et
587 4541 714 4595 dicit
745 4560 758 4594 :
793 4540 936 4608 Ejice
982 4545 1219 4598 ancillam
1254 4553 1299 4598 et
1327 4546 1486 4614 ﬁlium
1525 4548 1652 4616 ejus.
1682 4543 1818 4613 Quid
1857 4555 1941 4603 est

359 4629 494 4690 hoc,
530 4630 760 4685 fratres?
793 4632 926 4699 Quid
967 4635 1106 4688 enitn
1154 4635 1275 4688 mali
1319 4635 1514 4691 fecerat
1543 4636 1726 4692 lsmael
1775 4653 1939 4707 puero

357 4721 526 4786 lsaac,
567 4724 686 4792 quia
729 4723 942 4778 ludebat
983 4738 1101 4778 eum
1147 4725 1403 4781 illo?Sed
1438 4727 1524 4780 illa
1571 4728 1726 4792 lusio,
1764 4729 1939 4783 illusio

359 4820 511 4878 erat;
555 4813 640 4866 illa
680 4813 816 4868 lusio
866 4813 1227 4884 deceptionem
1277 4816 1622 4886 signiﬁcabat.
1659 4819 1789 4873 Nam
1823 4833 1937 4873 ma-

355 4917 519 4972 gnum
558 4915 946 4958 sacramentum
986 4906 1221 4960 attendat
1247 4907 1490 4962 Charitas
1518 4917 1713 4962 vestra.
1745 4909 1935 4965 Perse-

355 4995 624 5048 cutionem
671 4994 814 5049 illam
861 5005 1012 5051 vocat
1054 4998 1372 5076 Apostolus;
1427 4999 1594 5068 ipsam
1634 4999 1934 5065 lusionem,

354 5086 529 5154 ipsum
579 5086 753 5141 lusum
797 5088 1220 5155 persecutionem
1267 5097 1422 5143 vocat
1466 5107 1478 5143 :
1520 5091 1594 5143 ait
1622 5090 1784 5157 enim,
1830 5089 1936 5145 Sed

352 5173 482 5229 sicut
512 5186 631 5230 tunc
659 5179 744 5231 ille
769 5180 853 5248 qui
889 5179 1164 5233 secundum
1190 5196 1388 5233 carnem
1414 5189 1560 5234 natus
1597 5191 1702 5234 erat
1721 5223 1735 5249 ,
1766 5197 1934 5252 perse-

351 5269 595 5336 quebatur
614 5270 822 5339 eumqui
841 5270 1111 5323 secundum
1132 5271 1378 5342 spiritum,
1403 5271 1474 5324 ita
1499 5258 1543 5325 et
1569 5287 1731 5337 nunc;
1756 5272 1807 5326 id
1831 5280 1932 5336 est,

351 5357 441 5426 qui
489 5359 781 5413 secundum
834 5374 1046 5414 carnem
1087 5361 1194 5414 nati
1235 5370 1391 5428 sunt,
1428 5372 1813 5432 persequuntur
1840 5378 1934 5419 eos

351 5447 440 5516 qui
468 5449 757 5503 secundum
781 5449 1021 5518 Spiritum
1047 5451 1154 5504 nati
1179 5459 1319 5504 sunt.
1353 5451 1452 5519 Qui
1492 5460 1612 5507 sunt
1639 5451 1928 5507 secundent

351 5550 566 5593 (amem
600 5539 746 5593 nati?
770 5539 1059 5596 Dilectores
1086 5541 1286 5607 mundi,
1316 5553 1579 5596 amatores
1605 5543 1804 5597 s-.ecu|i.
1831 5542 1930 5609 Qui

349 5639 473 5682 sunt
499 5629 792 5683 secundum
835 5629 1077 5699 spiritum
1119 5632 1267 5686 nati?
1310 5633 1590 5687 Amatores
1635 5633 1782 5704 regni
1823 5650 1934 5689 crte-

351 5720 544 5788 lorum,
587 5721 869 5779 dilectores
911 5722 1126 5789 Christi,
1171 5724 1535 5783 desiderantes
1579 5727 1736 5783 vitam
1775 5737 1932 5783 aneo-

629 5812 855 5875 Saac'r.
904 5816 1183 5876 Auovsr.
1217 5815 1297 5877 il!
1311 5871 1318 5880 .

1554 327 1964 390 TRACTATUS
1993 333 2090 390 XI.
2133 331 2365 418 eaeor
2396 334 2457 390 ιι.

3509 341 3644 416 1.582

2075 461 2216 510 nam,
2234 447 2394 516 gratis
2415 447 2649 501 colentes
2672 447 2852 502 Deum.
2877 446 3102 517 Ludunt,
3130 459 3182 504 et
3207 450 3329 506 dicit
3360 453 3646 522 Apostolus

2071 538 2510 606 persecutionem.
2565 539 2694 592 Nam
2749 529 3088 610 posteaquam
3143 541 3292 597 dixit
3323 541 3439 598 haec
3479 545 3642 600 verba

2069 627 2356 696 Apostolus
2379 669 2394 694 ,
2423 626 2490 682 Et
2517 629 2645 683 sicut
2673 640 2789 683 tunc
2810 631 2895 684 ille
2921 631 3004 700 qui
3026 631 3299 685 secundum
3319 648 3518 686 carnem
3544 650 3642 688 na-

2071 720 2150 770 lus
2173 714 2300 784 erit,
2328 720 2709 790 persequebatur
2733 736 2844 774 eum
2877 721 2960 791 qui
2994 722 3267 775 secundum
3295 723 3544 793 spiritum,
3571 725 3647 780 ita

2069 814 2116 860 et
2142 821 2309 871 nunc;
2339 816 2546 863 secutus
2572 817 2656 863 est
2679 851 2693 874 ,
2725 820 2779 864 et
2807 811 3034 864 ostendit
3057 811 3123 865 de
3149 826 3250 881 qua
3277 814 3646 882 persecutione

2068 895 2269 951 diceret
2305 914 2318 949 :
2353 897 2456 952 Sed
2491 898 2613 968 quid
2654 899 2773 952 dicit
2813 899 3115 970 Scriptura?
3151 901 3292 971 Ejice
3329 902 3569 956 ancillam
3595 911 3646 959 et

2067 988 2229 1053 [ilium
2258 988 2403 1059 ejus;
2434 1005 2533 1043 non
2559 990 2688 1043 enim
2710 991 2866 1044 lueres
2893 994 2982 1044 erit
3009 993 3146 1060 [ilius
3174 993 3376 1048 ancillw
3395 1010 3508 1048 cum
3533 993 3646 1064 ﬁlio

2067 1094 2176 1131 meo
2211 1076 2358 1131 Isaac
2385 1077 2533 1150 (Gen.
2563 1095 2678 1144 xxx,
2723 1081 2884 1147 9—12;
2919 1080 3085 1158 Galat.
3117 1092 3189 1149 tv,
3220 1083 3310 1150 29,
3339 1083 3454 1153 30).
3482 1083 3643 1151 Quae-

2067 1166 2234 1222 rimus
2279 1168 2364 1222 ubi
2407 1167 2508 1223 hoc
2548 1169 2689 1224 dicat
2735 1171 3022 1241 Scriptura,
3062 1179 3118 1226 ut
3155 1173 3426 1228 videamus
3464 1183 3639 1230 utrum

2066 1255 2238 1326 aliqua
2283 1259 2582 1327 persecutio
2623 1262 2952 1329 przecesserit
2994 1262 3227 1318 lsmaelis
3265 1265 3315 1318 in
3356 1263 3500 1319 Isaac
3542 1273 3643 1321 :et

2065 1345 2362 1402 invenimus
2387 1349 2489 1403 hoc
2515 1348 2709 1403 dictum
2733 1366 2850 1405 esse
2875 1366 2905 1404 a
2931 1351 3083 1419 Sara,
3113 1354 3323 1423 quando
3353 1354 3481 1409 vidit
3510 1371 3640 1425 pue-

2065 1452 2156 1495 ros
2197 1440 2436 1496 ludentes
2477 1443 2654 1496 simul.
2696 1442 2863 1509 Quam
2905 1443 3164 1500 lusiouem
3207 1445 3336 1500 dicit
3361 1446 3634 1515 Scriptura

2064 1529 2258 1584 vidisse
2287 1530 2504 1596 Saram,
2539 1531 2672 1586 hanc
2715 1535 3132 1602 persecutionem
3170 1535 3298 1590 dicit
3321 1537 3634 1606 Apostolus.

2067 1619 2186 1675 Plus
2221 1637 2346 1690 ergo
2375 1635 2468 1676 vos
2505 1634 2887 1693 persequuntur
2911 1626 3000 1694 qui
3036 1639 3131 1679 vos
3165 1625 3435 1682 illudendo
3471 1627 3631 1683 sedea-

2063 1719 2190 1764 cunt
2233 1727 2246 1763 :
2277 1710 2439 1779 Veni,
2482 1709 2642 1776 veni;
2676 1714 2940 1783 baptiZare
2982 1713 3066 1770 hic
3087 1755 3103 1782 ,
3131 1714 3218 1769 hic
3256 1716 3417 1771 habes
3444 1734 3631 1773 verum

2061 1799 2402 1870 baptismum.
2437 1803 2554 1858 Noli
2600 1804 2812 1872 ludere,
2855 1819 2990 1860 unus
3027 1817 3109 1862 est
3141 1822 3332 1874 verus;
3365 1808 3452 1863 ille
3489 1809 3639 1866 lusus

2062 1902 2144 1947 est
2189 1912 2202 1946 :
2244 1894 2512 1949 seduceris
2543 1896 2561 1928 ι
2591 1937 2606 1961 ,
2635 1907 2685 1951 et
2731 1896 2826 1951 ista
2860 1899 3155 1967 persecutio
3183 1899 3356 1969 gravis
3382 1899 3479 1953 tibi
3512 1901 3635 1958 erit.

2060 1982 2244 2039 Melius
2271 1985 2362 2040 tibi
2388 1997 2499 2042 erat
2529 1997 2586 2042 ut
2609 1989 2884 2044 lsmaelem
2908 2001 2960 2044 tu
2986 1991 3265 2046 lucrareris
3291 1991 3356 2045 ad
3376 2007 3634 2062 regnum;

2062 2075 2154 2129 Sed
2183 2091 2285 2131 non
2312 2078 2422 2131 vult
2451 2077 2657 2143 lsmael,
2688 2081 2807 2149 quia
2835 2080 3016 2136 ludere
3043 2084 3170 2136 vult.
3199 2082 3344 2137 Tene
3374 2091 3431 2136 tu
3456 2083 3629 2138 haere-

2061 2163 2276 2220 ditatem
2310 2167 2490 2235 patris,
2522 2178 2575 2222 et
2600 2168 2718 2222 audi
2751 2187 2765 2223 :
2807 2163 2949 2240 Ejice
2980 2172 3217 2225 ancillam
3245 2183 3289 2226 et
3305 2173 3469 2242 filium
3493 2175 3636 2245 ejus;

2058 2267 2161 2309 nan
2188 2257 2318 2309 enim
2338 2257 2495 2312 hwres
2521 2260 2613 2312 erit
2639 2260 2774 2328 ﬁlius
2798 2261 2997 2315 ancilla:
3019 2277 3131 2315 cum
3159 2261 3267 2332 [ilio
3294 2280 3402 2318 meo
3421 2263 3596 2321 Isaac.

2132 2346 2216 2400 15.
2252 2346 2341 2400 [sti
2361 2348 2519 2402 etiam
2548 2348 2744 2402 audent
2764 2350 2941 2406 dicere
2963 2352 3082 2421 quia
3101 2355 3520 2421 persecutionem
3549 2370 3637 2410 so-

2059 2430 2168 2491 lent
2195 2438 2301 2507 pati
2331 2453 2361 2491 a
2387 2438 2659 2493 catholicis
2687 2439 2920 2508 regibus,
2951 2449 3041 2495 aut
3069 2457 3098 2494 a
3126 2443 3401 2498 catholicis
3431 2446 3632 2513 princi-

2057 2528 2230 2597 pihus.
2279 2527 2446 2597 Quam
2495 2532 2912 2599 persecutionem
2968 2533 3230 2588 tolerant?
3274 2535 3632 2592 Afllietionem

2056 2621 2292 2690 corporis
2314 2638 2327 2674 :
2357 2622 2401 2675 si
2423 2631 2597 2676 tamen
2614 2622 2894 2693 aliquando
2917 2625 3056 2694 passi
3081 2634 3224 2691 sunt,
3253 2638 3345 2682 aut
3361 2623 3630 2699 quomodo

2057 2711 2197 2780 passi
2243 2721 2404 2777 sunt,
2456 2713 2554 2782 ipsi
2603 2714 2792 2780 sciant,
2817 2723 2869 2769 et
2916 2718 3235 2772 conveniant
3283 2721 3635 2779 conscientias

2054 2814 2212 2866 suas;
2247 2810 2421 2856 tamen
2445 2801 2783 2858 afﬂictionem
2818 2807 3053 2873 corporis
3081 2807 3218 2876 passi
3249 2818 3414 2864 sunt:
3446 2827 3632 2880 perse-

2055 2891 2196 2946 cutio
2221 2903 2376 2963 quam
2408 2893 2599 2948 faciunt
2627 2896 2836 2966 gravior
2859 2905 2959 2951 est.
2999 2897 3138 2953 Cave
3167 2900 3376 2969 quando
3405 2905 3517 2957 vult
3546 2905 3632 2959 lu-

2054 2979 2181 3037 dere
2204 2981 2389 3038 Ismael
2417 2998 2535 3038 cum
2559 2984 2723 3050 Isaac,
2753 2986 2963 3054 quando
2991 2987 3081 3042 tibi
3106 2988 3389 3057 blanditur,
3417 2993 3632 3061 quando

2053 3072 2209 3128 oll'ert
2233 3076 2457 3130 alterum
2487 3076 2802 3146 baptismum
2832 3095 2844 3132 :
2875 3080 3154 3149 responde,
3186 3082 3364 3138 liabeo
3388 3085 3496 3154 jam
3526 3087 3632 3140 Ba-

2053 3165 2324 3233 ptismum.
2369 3167 2423 3222 Si
2453 3168 2592 3221 enim
2622 3183 2780 3223 verus
2807 3177 2888 3224 est
2928 3171 3027 3225 iste
3066 3171 3356 3240 baptismus
3375 3217 3389 3241 ,
3419 3176 3506 3245 qui
3535 3177 3627 3232 tibi

2054 3257 2164 3310 vult
2192 3256 2321 3311 dare
2349 3257 2593 3324 alterum,
2622 3259 2841 3314 illudere
2869 3268 2920 3314 te
2950 3262 3078 3315 vult.
3115 3262 3254 3318 Cave
3280 3265 3470 3319 animze
3502 3279 3628 3335 per-

2016 3353 2371 3402 'seeutorem.
2418 3346 2548 3402 Nam
2588 3347 2633 3401 si
2669 3362 2698 3402 a
2745 3350 3066 3420 principibus
3111 3353 3386 3409 catholicis
3424 3355 3624 3426 aliquid

2051 3451 2207 3507 passa
2245 3449 2327 3494 est
2363 3451 2482 3510 pars
2523 3440 2710 3494 Donati
2749 3442 3032 3511 aliquando
3057 3485 3071 3510 ,
3103 3447 3391 3500 seetindum
3417 3463 3627 3518 corpus

2052 3541 2204 3598 passa
2225 3538 2305 3584 est
2329 3571 2343 3597 ,
2373 3545 2475 3585 non
2506 3531 2796 3586 secundum
2836 3533 3137 3588 illusionem
3165 3537 3403 3606 spiritus.
3431 3538 3626 3595 Audite

2049 3626 2104 3673 et
2129 3619 2303 3675 videte
2337 3621 2388 3674 in
2431 3621 2562 3691 ipsis
2588 3624 2855 3678 veteribus
2895 3623 3048 3680 factis
3069 3668 3083 3691 ,
3114 3629 3289 3682 omnia
3329 3628 3624 3690 futurarum

2049 3724 2227 3764 rerum
2255 3711 2400 3780 signa
2430 3723 2483 3766 et
2512 3712 2724 3767 indicia.
2753 3714 3022 3768 Invenitur
3048 3715 3178 3771 Sara
3203 3718 3455 3775 afllixisse
3481 3723 3626 3791 Agar

2047 3801 2292 3856 ancillam
2337 3820 2351 3858 :
2396 3802 2523 3858 Sara
2576 3804 2738 3858 libera
2780 3815 2858 3860 est
2902 3823 2916 3860 :
2965 3817 3304 3878 posteaquam
3349 3813 3626 3881 superbire

2047 3895 2206 3962 erepit
2235 3895 2442 3958 ancilla,
2473 3906 2652 3964 questa
2679 3906 2760 3950 ρει
2786 3897 3011 3952 Abrahae
3039 3897 3188 3968 Sara,
3219 3910 3274 3956 et
3300 3903 3451 3969 dixit,
3481 3904 3627 3976 Ejice

2046 3986 2284 4039 ancillam
2304 4002 2324 4050 ;
2351 3989 2505 4042 erexit
2534 3988 2794 4044 adversum
2824 4007 2902 4044 me
2925 3994 3158 4047 cervicem
3184 4011 3348 4049 suam.
3379 3998 3446 4052 Et
3469 3999 3624 4068 quasi

2045 4076 2113 4130 ab
2142 4077 2406 4132 Abraham
2448 4079 2634 4144 ﬁeret,
2666 4082 2733 4136 de
2769 4083 3035 4138 Abraham
3080 4097 3264 4156 questa
3295 4098 3377 4143 est
3411 4091 3620 4146 mulier.

2045 4169 2311 4224 Abraham
2351 4185 2476 4226 vero
2515 4173 2601 4242 qui
2641 4190 2745 4228 non
2789 4176 2841 4228 in
2876 4177 3064 4231 ancilla
3111 4165 3331 4235 libidine
3368 4180 3620 4240 abolendi

2047 4260 2342 4327 tenebatur,
2369 4262 2461 4317 sed
2487 4263 2660 4318 ofﬁcio
2689 4266 2992 4335 generandi,
3017 4265 3264 4338 queniam
3294 4269 3422 4327 Sara
3451 4274 3498 4328 ei
3524 4273 3620 4328 de.

2046 4349 2197 4405 derat
2255 4352 2392 4408 unde
2423 4355 2623 4423 prolem
2677 4358 2999 4426 susciperet,
3031 4361 3104 4415 ait
3131 4362 3178 4416 ei
3213 4378 3226 4413 :
3269 4361 3403 4418 Ecce
3428 4366 3620 4421 ancilla

2044 4449 2151 4509 tua,
2183 4455 2319 4498 utere
2345 4462 2405 4499 ea
2427 4447 2552 4501 sicut
2573 4449 2661 4502 vis.
2689 4449 2755 4503 Et
2780 4449 2962 4506 afﬂixit
2990 4465 3107 4507 eam
3131 4457 3361 4524 graviter
3383 4458 3533 4526 Sara,
3561 4470 3618 4516 et

2044 4533 2174 4603 fugit
2202 4549 2229 4588 a
2263 4535 2394 4591 facie
2417 4539 2550 4607 eius.
2583 4539 2720 4594 Ecce
2745 4541 2906 4596 libera
2935 4543 3120 4600 afﬂixit
3141 4548 3408 4616 ancillam,
3432 4562 3486 4606 et
3510 4565 3616 4608 non

2045 4624 2188 4678 illam
2229 4635 2382 4682 vocat
2425 4631 2848 4696 persecutionem
2896 4633 3213 4703 Apostolus;
3259 4639 3391 4695 ludit
3430 4656 3618 4698 servus

2047 4731 2167 4771 eum
2199 4718 2442 4784 domino,
2473 4729 2527 4774 et
2560 4725 2977 4791 persecutionem
3018 4737 3170 4782 vocat
3211 4747 3225 4785 :
3261 4731 3477 4788 afﬂictio
3513 4735 3614 4790 ista

2036 4801 2149 4863 non
2179 4820 2397 4865 vocatur
2435 4814 2765 4882 persecutio,
2795 4823 2850 4871 et
2888 4817 3020 4873 lusio
3063 4820 3150 4873 ίιιςι
3189 4835 3407 4880 vocatur
3433 4841 3614 4895 perse-

2043 4899 2205 4954 cutio.
2238 4901 2370 4968 Quid
2399 4902 2548 4957 vobis
2577 4904 2783 4959 videtur
2802 4948 2816 4972 ,
2849 4906 3080 4963 fratres?
3109 4910 3293 4967 Nonne
3325 4915 3614 4985 intelligiti-s

2043 4989 2167 5059 quid
2195 4991 2541 5062 signiﬁcatum
2571 4995 2673 5048 sit?
2697 4994 2785 5050 Sic
2805 5012 2931 5066 ergo
2955 5000 3166 5068 quando
3190 5003 3299 5056 vult
3327 5003 3464 5058 Deus
3486 5020 3619 5061 eon-

2042 5081 2209 5137 citare
2247 5093 2534 5153 potestates
2559 5085 2813 5142 adversus
2841 5089 3117 5144 haereticos
3135 5132 3150 5156 ,
3179 5091 3433 5148 adversus
3476 5096 3619 5153 schi-

2042 5173 2308 5237 smatieos,
2355 5175 2607 5230 adversus
2657 5178 2999 5248 dissipatores
3055 5182 3318 5248 Ecclesize,
3362 5185 3620 5247 adversus

2041 5263 2405 5320 exsufﬂatores
2443 5264 2676 5334 Christi,
2719 5268 2972 5325 adversus
3019 5265 3472 5342 blasphematores
3511 5279 3618 5335 Ba-

2042 5354 2220 5424 ptismi
2244 5397 2258 5422 ,
2291 5372 2394 5411 non
2425 5358 2714 5426 mirentur;
2741 5363 2861 5432 quia
2895 5364 3030 5418 Deus
3059 5367 3311 5431 concitat,
3341 5378 3450 5425 uta
3481 5370 3614 5429 Sara

2040 5445 2350 5502 verberetur
2399 5448 2559 5519 Agar.
2609 5449 2906 5522 Cognoscat
2947 5469 3006 5507 se
3059 5455 3197 5522 Agar
3220 5498 3234 5521 ,
3281 5470 3442 5529 ponat
3497 5480 3620 5520 cer-

2039 5539 2208 5593 vicem
2240 5555 2254 5592 :
2283 5540 2401 5609 quia
2428 5556 2548 5596 eum
2578 5543 2842 5597 humiliata
2868 5543 3165 5599 discederet
3186 5563 3213 5600 a
3243 5549 3458 5608 domina
3483 5569 3577 5611 sua
3594 5597 3615 5624 ,

2041 5629 2271 5684 occurrit
2308 5628 2358 5684 ei
2386 5631 2603 5702 angelus
2627 5673 2641 5696 ,
2669 5639 2724 5688 et
2765 5632 2895 5687 dixit
2919 5675 2932 5699 ,
2965 5633 3099 5698 Quid
3123 5645 3192 5690 est
3217 5679 3230 5700 ,
3258 5638 3396 5710 Agar
3421 5644 3613 5700 ancilla

2105 5741 2121 5773 ¹
2149 5745 2198 5789 tn
2222 5741 2376 5794 tribus
2399 5751 2520 5806 Mss,
2546 5742 2676 5797 lusus
2695 5749 2763 5796 est
2783 5743 3027 5796 seducere.
3058 5753 3107 5797 tn
3131 5763 3245 5809 uno,
3269 5751 3548 5808 seductum.

2802 5825 3364 5914 (Quarunte-sept.)
3458 5869 3460 5872 -
