4074 6468
472 341 610 400 1485

467 458 656 524 Sam?
674 473 795 514 cum
821 468 1108 528 conquesta
1145 467 1286 514 esset
1312 457 1380 514 de
1409 456 1624 510 domina
1648 496 1660 516 ,
1695 451 1820 524 quid
1848 449 2049 506 audivit

465 550 534 606 ab
549 549 784 619 Angelo?
799 547 1063 604 Reuertere
1081 549 1150 602 ad
1169 548 1422 602 dontinam
1439 556 1578 598 tuam
1595 543 1749 614 (Gen.
1775 559 1886 604 xv1,
1910 539 2047 612 5-9).

465 639 550 696 Ad
592 640 691 695 hoc
728 653 856 710 ergo
885 639 1134 710 afﬂigitur
1155 681 1169 706 ,
1197 649 1254 693 ut
1289 645 1604 692 revertatur.
1633 636 1805 704 Atque
1846 633 2049 688 utinam

465 738 794 797 revertatur;
832 731 954 800 quia
988 731 1166 800 proles
1193 729 1308 800 ejus
1334 769 1348 792 ,
1391 728 1530 782 sicut
1559 727 1651 781 lilii
1696 724 1860 782 Jacob
1883 765 1898 792 ,
1927 739 2048 779 cum

465 821 720 878 fratribus
751 817 1113 876 hatreditatem
1144 819 1360 874 tenebit.

540 913 630 968 14.
660 911 918 966 Mirantur
942 919 1118 966 autem
1155 910 1276 980 quia
1305 916 1712 963 commoventur
1757 914 2048 978 potestates

409 990 412 993 ’
469 1002 776 1060 christiana:
788 1001 1041 1058 adversus
1057 999 1397 1055 detestandos
1417 999 1760 1068 diSsipatores
1773 997 2044 1052 Ecclesiae.

465 1093 582 1152 Non
629 1109 758 1164 ergo
803 1091 1178 1148 moverentur?
1221 1091 1290 1145 Et
1329 1090 1594 1160 quomodo
1641 1089 1927 1144 redderent
1963 1103 2050 1146 rae-

471 1188 669 1242 tionem
695 1185 762 1241 de
787 1185 1009 1254 imperio
1029 1197 1129 1238 suo
1156 1181 1306 1238 Deo?
1329 1183 1568 1238 intendat
1590 1179 1834 1238 Charitas
1871 1189 2047 1236 vestra

465 1275 592 1346 quid
621 1275 815 1340 dicam,
845 1273 968 1344 quia
1011 1272 1245 1342 pertinet
1267 1272 1366 1327 hoc
1395 1271 1462 1326 ad
1491 1285 1641 1341 reges
1693 1270 1871 1325 saeculi
1900 1270 2046 1325 chri-

462 1370 686 1434 stianos,
713 1373 770 1420 ut
809 1365 1132 1435 temporibus
1168 1366 1279 1420 suis
1323 1373 1563 1434 pacatam
1608 1364 1773 1418 velint
1823 1369 2046 1416 matrem

467 1473 618 1514 suam
651 1457 964 1522 Ecclesiam,
986 1456 1125 1511 unde
1141 1457 1484 1527 Spiri-tualiter
1509 1455 1615 1509 nati
1633 1461 1774 1508 sunt.
1799 1453 2046 1522 Legimus

469 1549 704 1604 Danielis
736 1548 970 1602 visiones
1023 1554 1078 1601 et
1114 1554 1260 1616 gesta
1299 1545 1625 1615 prophetica.
1647 1544 1780 1598 Tres
1818 1543 1966 1612 pueri
1993 1543 2045 1596 in

466 1639 587 1708 igne
629 1638 977 1692 laudaverunt
1033 1637 1314 1690 Dominum
1349 1655 1363 1691 :
1395 1638 1615 1690 miratus
1655 1645 1735 1689 est
1761 1633 2046 1688 Nabucho-

465 1729 701 1786 donosor
747 1743 838 1782 rex
871 1727 1152 1781 laudantes
1202 1727 1366 1780 Deum
1416 1739 1632 1794 pueros,
1685 1733 1739 1779 et
1779 1725 1920 1778 circa
1953 1737 2046 1777 eos

464 1819 641 1888 ignem
670 1819 1082 1883 imiocentem‘;
1126 1825 1182 1870 et
1218 1831 1336 1870 cum
1385 1816 1676 1869 admiratus
1726 1824 1886 1881 esset,
1919 1813 2047 1884 quid

463 1913 540 1968 ait
557 1911 1043 1968 Nabuchodonosor
1069 1925 1182 1970 rex.
1215 1923 1319 1962 non
1357 1908 1438 1962 vel
1463 1907 1677 1962 Judaeus
1705 1907 1789 1961 vel
1816 1908 2046 1961 circum-

460 2002 624 2068 cisus,
654 2001 742 2054 ille
779 2001 868 2070 qui
895 2009 1120 2054 statuam
1149 2013 1294 2051 suam
1322 2007 1584 2062 erexerat,
1612 2006 1664 2050 et
1689 1995 1758 2050 ad
1778 2011 1894 2050 eam
1919 1995 2047 2049 ado-

459 2085 679 2147 randum
706 2106 892 2148 omnes
919 2099 1197 2159 coegerat;
1241 2098 1418 2142 tamen
1451 2088 1693 2143 laudibus
1723 2087 1880 2142 trium
1912 2103 2044 2158 pue-

459 2199 642 2239 rerum
663 2190 984 2248 commotus,
1018 2181 1104 2234 ubi
1135 2180 1263 2234 vidit
1283 2179 1610 2250 majestalem
1640 2179 1734 2233 Dei
1763 2179 2044 2249 prmseutis

459 2274 514 2328 in
538 2275 678 2344 igne,
705 2273 832 2344 quid
858 2271 969 2328 ait?
991 2291 1010 2323 ι
1047 2272 1110 2326 Ει
1131 2286 1230 2342 ego
1260 2285 1550 2340 proponam
1571 2269 1843 2326 decretum
1867 2271 2042 2324 omni-

459 2366 562 2420 bus
577 2364 816 2418 tribubus
831 2373 884 2417 et
905 2364 1094 2433 linguis
1109 2363 1158 2416 in
1181 2363 1324 2416 omni
1344 2371 1500 2416 terra.
1518 2381 1536 2414 ι
1563 2362 1729 2430 Quale
1745 2361 2042 2418 decretum?

465 2475 484 2508 ι
508 2456 840 2526 Quicumque
867 2455 1098 2509 dixerint
1125 2454 1504 2521 blastibemiam
1537 2454 1588 2508 in
1628 2455 1796 2510 Deum
1833 2455 2038 2522 Sidrac,

463 2547 648 2612 Misac,
689 2554 746 2602 et
787 2545 1096 2615 Abdcnago,
1131 2545 1182 2598 in
1237 2544 1506 2598 interitum
1545 2553 1720 2611 erunt,
1774 2553 1828 2600 et
1853 2545 2042 2600 domus

463 2655 650 2696 eorum
689 2639 742 2692 in
779 2638 1128 2708 perditionem
1166 2654 1186 2688 ι
1221 2635 1390 2708 (Dan.
1435 2636 1549 2708 ιιι).
1595 2637 1732 2692 Ecce
1776 2637 2041 2706 quomodo

456 2729 610 2786 Saevit
649 2743 746 2784 rex
796 2727 1109 2798 alienigena,
1150 2741 1216 2782 ne
1245 2727 1638 2796 hlasphemetur
1677 2727 1814 2782 Deus
1853 2724 2035 2792 Israel,

457 2823 582 2893 quia
621 2821 792 2892 potuit
843 2828 954 2874 tres
995 2833 1190 2888 pueros
1218 2818 1283 2872 de
1311 2819 1430 2888 igne
1478 2819 1702 2874 liberare
1731 2837 1744 2872 :
1773 2828 1828 2874 et
1855 2820 2042 2873 nolunt

459 2923 518 2970 ut
539 2914 761 2970 smviant
781 2925 933 2981 reges
956 2909 1252 2973 christiani,
1284 2910 1408 2980 quia
1438 2907 1681 2964 Christus
1703 2908 2037 2978 exsufﬂatur,

455 3022 486 3062 a
517 3019 626 3077 quo
655 3019 762 3060 non
809 3003 1106 3074 tres-pueri,
1129 3001 1225 3058 sed
1268 3001 1414 3058 orbis
1452 3013 1713 3056 terrarum
1763 3018 1884 3058 cum
1911 3003 2040 3072 ipsis

457 3099 672 3169 regibus
697 3112 726 3150 a
771 3095 1130 3166 gehennarum
1171 3095 1291 3163 igne
1318 3093 1612 3148 liberantur?
1647 3095 1778 3149 Nam
1828 3103 1936 3150 tres
1967 3096 2040 3150 illi

459 3191 632 3262 pueri,
664 3189 856 3245 fratres
881 3189 1005 3252 mei,
1061 3187 1270 3242 liberati
1315 3196 1441 3242 sunt
1469 3187 1535 3241 ab
1567 3189 1686 3257 igne
1735 3189 2036 3256 temporali.

459 3281 727 3352 Numquid
780 3296 885 3336 non
931 3280 1042 3348 ipse
1071 3291 1154 3334 est
1201 3279 1341 3334 Deus
1387 3278 1830 3343 Machabarorum,
1864 3278 2039 3348 quiet

465 3374 624 3430 trium
656 3371 982 3444 puerorum?
1019 3371 1141 3426 Illos
1165 3371 1234 3426 ab
1261 3371 1378 3440 igne
1400 3370 1643 3425 liberavit
1675 3387 1688 3426 :
1719 3371 1792 3426 illi
1833 3372 1882 3424 in
1931 3381 2040 3424 tor-

459 3465 657 3525 mentis
700 3464 868 3534 igneis
925 3476 1150 3531 corpore
1197 3461 1524 3526 defecerunt,
1569 3461 1664 3516 sed
1704 3462 1755 3514 in
1790 3462 2038 3530 legitimis

459 3556 727 3614 mandatis
779 3555 956 3608 animo
1021 3562 1446 3623 permanserunt.
1501 3551 1576 3604 Illi
1599 3561 1782 3622 aperte
1831 3553 2036 3608 liberati

453 3655 599 3710 sunt,
629 3647 704 3702 illi
744 3645 952 3702 occulte
999 3643 1234 3698 coronati
1264 3651 1388 3696 sum
1414 3641 1480 3712 (Il
1500 3641 1736 3696 Machab.
1767 3641 1884 3711 vn).
1915 3643 2039 3697 l‘lus

453 3749 540 3796 est
562 3738 778 3795 liberari
805 3737 873 3794 de
900 3738 1108 3792 ilanmta
1127 3735 1512 3805 gehennarum,
1541 3749 1700 3803 quam
1727 3735 1794 3788 de
1821 3734 2038 3789 fornace

454 3833 734 3904 potestatis
761 3830 1026 3887 humanm.
1053 3829 1110 3884 Si
1135 3842 1262 3898 ergo
1285 3827 1774 3884 Nabuchodonosor
1803 3845 1842 3882 ra
1864 3844 1896 3882 ιι
1925 3829 2039 3882 lau—

453 3925 600 3980 davit
655 3933 704 3980 et
733 3920 1052 3994 praedicavit
1085 3929 1142 3975 et
1167 3920 1387 3989 gloriam
1414 3917 1560 3972 dedit
1603 3919 1734 3976 Deo.
1757 3919 1877 3988 quia
1909 3918 2038 3972 lihe-

457 4017 600 4076 ravit
622 4016 688 4071 de
712 4015 832 4084 igne
857 4021 966 4068 tres
989 4027 1205 4083 pueros,
1237 4021 1292 4067 et
1321 4021 1518 4066 tantam
1544 4011 1764 4080 gloriam
1792 4011 1954 4076 dedit,
1981 4019 2038 4065 ut

453 4109 726 4164 decretum
746 4104 978 4160 mitteret
1005 4119 1100 4174 per
1117 4118 1336 4173 regnum
1353 4117 1528 4166 suum,
1557 4104 1868 4174 Quicumque
1891 4103 2036 4156 dixe-

455 4201 556 4254 rint
599 4195 967 4266 blasphemiam
1007 4194 1060 4248 in
1098 4193 1264 4248 Deum
1310 4193 1515 4258 Sidrac,
1561 4193 1744 4258 Μίδας,
1789 4203 1836 4246 et
1866 4193 2036 4246 Abde-

456 4307 608 4363 nago,
646 4289 701 4344 in
740 4289 1000 4344 interitum
1031 4295 1196 4354 erunt,
1232 4294 1276 4340 et
1306 4285 1484 4340 domus
1508 4301 1676 4340 eoruuz
1715 4287 1766 4340 in
1798 4287 2040 4358 perditio-

458 4399 605 4440 nem:
643 4381 914 4452 quomodo
962 4378 1047 4434 isti
1100 4393 1255 4449 reges
1283 4394 1386 4432 non
1435 4387 1770 4444 moveantur,
1810 4378 1897 4448 qui
1931 4392 2036 4432 non

457 4487 567 4530 tres
611 4487 806 4544 pueros
835 4469 1124 4526 attendunt
1160 4469 1410 4524 liberatos
1459 4469 1526 4523 de
1551 4467 1782 4535 ﬂamma,
1835 4467 1928 4523 sed
1960 4483 2038 4522 se-

455 4564 868 4638 ipsoslihcratos
887 4561 954 4616 de
975 4561 1236 4632 geltenna,
1265 4561 1476 4631 quando
1491 4561 1668 4615 vident
1689 4559 1980 4626 Christum,
2004 4576 2036 4616 a

453 4674 560 4728 quo
603 4652 806 4710 liberati
859 4660 1002 4717 sunt,
1047 4651 1314 4706 exSttfilari
1343 4653 1393 4706 in
1440 4651 1773 4718 Christianis,
1823 4654 2036 4723 quando

459 4747 680 4804 audiunt
705 4743 809 4800 dici
831 4741 1140 4806 christiano,
1171 4743 1262 4796 Dic
1290 4749 1340 4796 te
1369 4757 1474 4796 non
1502 4757 1618 4796 esse
1641 4743 2036 4800 christianum?

456 4837 604 4894 Talia
641 4834 818 4890 facere
845 4833 1051 4898 volunt,
1084 4839 1140 4888 et
1167 4833 1352 4886 saltem
1379 4832 1498 4886 talia
1527 4834 1631 4902 pati
1658 4835 1865 4889 nolunt.

526 4928 618 4984 l5.
657 4925 786 4981 Nam
820 4923 996 4978 videte
1034 4923 1208 4992 qualia
1236 4923 1450 4989 faciunt,
1472 4933 1524 4980 et
1545 4925 1716 4994 qualia
1745 4927 2030 4996 patiuntur.

455 5019 718 5078 Occidunt
746 5017 970 5080 animas,
1009 5015 1314 5086 afﬂiguntur
1361 5015 1412 5068 in
1455 5030 1679 5086 corpore
1711 5035 1724 5072 :
1754 5021 2036 5089 sempiter-

453 5127 552 5170 nas
578 5121 780 5166 mortes
807 5108 1022 5172 faciunt,
1055 5119 1108 5162 et
1134 5107 1454 5176 temporales
1484 5123 1544 5164 se
1569 5111 1770 5180 perpeti
1797 5127 2033 5184 conque-

452 5213 662 5282 rantur.
709 5201 778 5258 Et
827 5210 1000 5254 tamen
1045 5211 1178 5267 quas
1217 5199 1522 5267 patiuntur?
1549 5201 1828 5258 Proferunt
1876 5207 2031 5262 nobis

455 5297 637 5353 nescio
673 5307 806 5364 quos
861 5291 913 5344 in
967 5289 1335 5359 persecutione
1386 5303 1513 5344 suos
1561 5303 1842 5364 martyres.
1893 5297 2031 5353 Ecce

455 5385 720 5446 Marculus
769 5382 836 5437 de
875 5391 1023 5450 petra
1081 5379 1438 5449 praecipitatus
1473 5390 1597 5437 est:
1629 5398 1755 5440 ecce
1797 5385 2032 5444 Donatus

455 5475 758 5549 Bagaiensis
795 5473 848 5526 in
877 5479 1093 5543 puteum
1125 5469 1320 5526 missus
1339 5479 1440 5526 est.
1467 5472 1690 5540 Quando
1743 5487 2034 5546 potestates

455 5573 710 5630 Romanae
747 5565 870 5618 talia
921 5562 1178 5633 supplicia
1229 5562 1600 5632 decreverunt,
1641 5559 2032 5638 ut'pnecipita-

453 5668 636 5718 rentur
657 5653 1086 5738 homines?Quid
1111 5663 1286 5710 autem
1319 5655 1640 5726 respondent
1665 5660 1866 5715 nostri?
1897 5663 2030 5731 Quid

518 5773 535 5805 ι
559 5771 696 5833 mm,
717 5770 1090 5854 summouentem.
1123 5773 1248 5828 5155.,
1275 5764 1582 5818 innocentem.

1391 335 1452 391 IN
1491 330 1768 392 JOANNIS
1809 329 2275 400 EVANCELIUM,
2317 332 2374 388 S.
2416 335 2781 397 AUGUSTINI

3598 345 3734 404 1481

2157 454 2227 508 sit
2251 465 2456 525 gestum
2487 457 2666 514 nescio
2695 476 2707 514 :
2741 469 2914 515 tamen
2945 459 3072 532 quid
3102 461 3317 518 tradunt
3349 462 3558 518 nostri?
3598 464 3733 529 Quia

2156 545 2253 616 ipsi
2297 561 2357 602 se
2389 548 2867 618 praecipitaverunt,
2897 559 2950 606 et
2975 561 3265 621 potestates
3305 551 3722 608 infamaverunt.

2146 635 2517 694 Recordemur
2535 640 2970 696 consuetudinem
3001 651 3320 712 potestatum
3345 643 3727 710 Romanarum,

2153 737 2210 783 ct
2235 730 2506 786 videamus
2527 733 2612 787 cui
2637 731 2959 788 credendum
2985 734 3073 788 sit.
3103 735 3293 790 Dicunt
3328 737 3493 790 nostri
3515 736 3636 791 illos
3668 753 3729 794 se

2155 821 2514 890 prazcipitasse
2548 841 2560 877 :
2593 823 2638 878 si
2669 839 2774 880 non
2811 833 2934 880 sunt
2971 825 3068 896 ipsi
3098 825 3337 898 discipuli
3366 827 3601 900 ipsorum
3640 829 3730 898 qui

2151 926 2211 966 se
2233 913 2391 968 modo
2417 913 2484 968 de
2511 919 2654 970 saxis
2679 916 2825 971 nullo
2864 927 3217 988 persequente
3238 920 3588 990 praecipitant,
3619 937 3728 977 non

2151 1004 2433 1060 credamus
2464 1022 2477 1059 :
2505 1007 2628 1076 quid
2655 1008 2866 1078 mirum,
2897 1009 2942 1064 si
2972 1009 3210 1066 fecerunt
3237 1004 3314 1066 illi
3355 1012 3496 1083 quod
3526 1014 3733 1069 solent?

2151 1095 2282 1150 Nam
2311 1107 2604 1167 potestates
2625 1095 2878 1156 Romana:
2915 1116 3188 1172 nunquam
3231 1103 3425 1160 talibus
3457 1105 3730 1176 suppliciis

2151 1202 2262 1242 usas
2282 1198 2423 1242 sunt.
2466 1189 2600 1244 Num
2635 1192 2776 1246 enim
2821 1207 2925 1246 non
2953 1201 3196 1263 poterant
3220 1193 3466 1250 occidere
3493 1195 3732 1266 aperte?

2152 1279 2257 1336 Sed
2285 1281 2358 1334 illi
2386 1281 2476 1349 qui
2518 1296 2577 1336 se
2619 1293 2858 1338 mortuos
2887 1285 2989 1339 coli
3039 1285 3340 1350 voluerunt,
3391 1285 3730 1343 famosiorem

2150 1381 2374 1428 mortem
2401 1388 2505 1428 non
2537 1375 2867 1430 invenerunt.
2899 1375 3175 1432 Postremo
3191 1377 3443 1446 quidquid
3471 1379 3598 1433 illud
3623 1386 3724 1446 est,

2151 1484 2256 1522 non
2303 1467 2446 1522 novi.
2489 1467 2559 1522 Et
2587 1467 2630 1522 si
2657 1483 2811 1536 passa
2837 1484 2915 1535 es,
2939 1484 2972 1522 ο
3000 1483 3121 1538 pars
3148 1470 3358 1536 Donati,
3397 1472 3730 1542 corporalem

2149 1559 2490 1614 afﬂictionem
2533 1559 2601 1614 ab
2643 1559 2882 1615 Ecclesia
2928 1559 3208 1626 catholica,
3242 1576 3274 1616 a
3308 1560 3439 1617 Sara
3475 1578 3632 1632 passa
3669 1578 3730 1620 es

2150 1652 2324 1720 Agar;
2349 1650 2456 1704 redi
2483 1649 2553 1704 ad
2581 1649 2836 1704 dominam
2854 1660 3012 1704 tuam.
3035 1651 3209 1707 Locus
3232 1652 3444 1724 quidem
3473 1669 3724 1708 necessa-

2149 1739 2260 1794 rius
2311 1739 2580 1809 aliquanto
2627 1739 2828 1796 diutius
2867 1755 2966 1796 nos
3007 1743 3193 1804 tenuit,
3217 1751 3283 1806 ,ιιι
3321 1751 3522 1798 textum
3555 1751 3720 1804 totum

2148 1830 2465 1898 evangelicze
2523 1828 2767 1885 lectionis
2815 1844 3082 1900 exponere
3131 1827 3350 1886 minime
3399 1834 3722 1888 valeremus.

2149 1921 2384 1988 Fratres,
2403 1920 2629 1978 sufﬁciat
2658 1922 2866 1976 interim
2883 1922 3138 1978 Charitati
3155 1934 3364 1988 vestra},
3386 1941 3454 1980 ne
3470 1926 3581 1980 iure
3606 1941 3723 1996 qua:

2145 2011 2284 2068 dicta
2327 2021 2472 2080 sunt,
2521 2013 2747 2070 dicendo
2793 2014 2918 2079 alia,
2971 2015 3318 2072 excludantur
3365 2016 3432 2074 de
3475 2019 3724 2076 cordibus

2147 2105 2358 2160 vestris.
2402 2105 2528 2160 Haec
2565 2114 2760 2170 tenete,
2807 2105 2927 2160 talia
2972 2106 3152 2174 dicite,
3203 2107 3536 2168 ﬂammantes
3595 2110 3724 2168 illuc

2145 2199 2436 2269 procedite,
2465 2199 2738 2254 accendite
2768 2197 3006 2270 frigidos.

2659 2329 3070 2392 TRACTATUS
3094 2333 3209 2392 XII.

2145 2445 2220 2501 Ab
2249 2465 2306 2504 eo
2333 2447 2596 2516 Evangelii
2621 2448 2746 2510 loco,
2780 2447 2932 2516 Quod
2959 2456 3138 2503 natum
3169 2457 3251 2505 est
3287 2445 3354 2505 de
3396 2465 3574 2518 carne,
3597 2459 3724 2507 cari)

2215 2551 2316 2610 est,
2353 2552 2470 2610 elc.,
2501 2559 2656 2608 usque
2697 2541 2868 2608 adid,
2897 2541 2996 2609 Qui
3038 2549 3212 2596 autem
3249 2541 3376 2596 facit
3415 2544 3721 2614 veritatem,

2217 2631 2360 2686 venit
2429 2633 2494 2686 ad
2567 2633 2760 2699 lucem,
2809 2640 2865 2686 ut
2927 2632 3331 2687 manifestentnr
3371 2634 3487 2704 ejus
3538 2649 3722 2704 opera,

2214 2727 2336 2796 quia
2364 2726 2414 2779 in
2441 2725 2548 2780 Deo
2573 2733 2694 2780 sunt
2725 2724 2878 2780 factm
2899 2723 3026 2796 Cap.
3059 2725 3190 2796 111,7
3217 2764 3231 2780 .
3257 2725 3288 2780 6
3315 2723 3407 2782 21.

2216 2840 2267 2894 1.
2301 2835 2382 2894 Ex
2406 2853 2472 2893 eo
2497 2837 2637 2908 quod
2659 2837 2910 2892 hesterno
2931 2837 3018 2894 die
3043 2837 3296 2894 intentam
3326 2838 3550 2895 fecimus
3577 2839 3722 2897 Cha-
3800 2893 3802 2896 ,

2143 2931 2356 2987 ritatem
2381 2942 2633 2996 vestram,
2671 2931 3012 3002 intelligimus
3057 2947 3154 2987 vos
3181 2931 3410 2988 alacrius
3439 2941 3492 2987 et
3531 2947 3722 2988 nume-

2145 3024 2318 3078 rosius
2339 3023 2650 3078 convenisse
2681 3039 2694 3076 :
2719 3022 2814 3078 sed
2841 3023 3050 3078 interim
3077 3023 3288 3078 lectioni
3314 3023 3632 3094 evangelicae
3657 3039 3724 3077 ex

2143 3115 2332 3170 ordine
2399 3128 2699 3168 sermonem
2751 3111 2988 3168 debitum
3051 3113 3355 3180 reddamus,
3416 3113 3460 3168 si
3515 3113 3723 3182 placet;

2143 3205 2336 3260 deinde
2383 3204 2562 3258 audiet
2606 3203 2849 3259 Charitas
2891 3215 3067 3259 vestra
3096 3203 3163 3259 de
3199 3219 3327 3274 pace
3359 3203 3612 3260 Ecclesia:
3638 3203 3722 3260 vel

2142 3297 2268 3367 quid
2293 3296 2576 3367 egerimus,
2607 3295 2695 3351 vel
2737 3295 2861 3366 quid
2901 3295 3075 3350 adhuc
3113 3295 3373 3364 agendum
3423 3309 3719 3364 Speremus.

2143 3388 2293 3444 Nunc
2315 3403 2442 3456 ergo
2461 3395 2568 3440 tota
2597 3386 2816 3442 intentio
2837 3385 3014 3442 cordis
3039 3386 3106 3440 ad
3127 3385 3474 3457 Evangelium
3495 3384 3717 3454 feratur,

2143 3495 2302 3536 nemo
2346 3477 2558 3534 aliunde
2598 3478 2811 3548 cogitet.
2841 3477 2896 3534 Si
2941 3477 3082 3532 enim
3130 3479 3222 3548 qui
3257 3487 3398 3532 totus
3427 3477 3600 3542 adest,
3631 3479 3717 3534 vix

2141 3571 2279 3641 capit
2303 3589 2318 3629 :
2351 3571 2438 3641 qui
2470 3585 2528 3624 se
2557 3585 2651 3639 per
2671 3569 3018 3640 cogitationes
3042 3568 3280 3624 diversas
3308 3567 3514 3632 dividit,
3541 3583 3720 3623 nonne

2142 3670 2196 3717 et
2221 3659 2362 3732 quod
2388 3669 2602 3729 ceperat
2631 3658 2842 3714 fundit?
2872 3659 3112 3714 Meminit
3141 3668 3314 3714 autem
3355 3658 3600 3714 Charitas
3629 3674 3721 3712 ves

2142 3762 2251 3806 stra
2277 3751 2551 3805 Dominico
2581 3749 2871 3819 praeterito,
2903 3757 3158 3820 quantum
3187 3749 3443 3804 Dominus
3467 3748 3720 3816 adjuvare

2141 3843 2388 3914 dignatus
2430 3850 2532 3907 est,
2569 3841 2884 3896 disseruisse
2932 3855 3030 3895 nos
3054 3839 3120 3894 de
3146 3839 3406 3909 spirituali
3433 3853 3720 3910 regenera-

2143 3935 2284 3988 tione
2319 3931 2404 4005 (In
2429 3933 2676 4003 superiori
2709 3929 2967 4002 Tractatu)
3001 3948 3015 3984 :
3047 3946 3202 4000 quam
3241 3930 3522 3986 lectionem
3567 3929 3719 3984 vobis

2141 4024 2330 4078 iterum
2360 4023 2459 4092 legi
2485 4011 2724 4089 fecimus,
2753 4030 2812 4078 ut
2855 4036 2975 4091 quae
3005 4032 3130 4076 tunc
3171 4035 3274 4075 non
3325 4019 3463 4074 dicta
3488 4029 3632 4086 sunt,
3665 4023 3718 4076 iu

2141 4111 2336 4170 Christi
2367 4113 2578 4168 nomine
2605 4110 2977 4182 adjuvantibus
3005 4111 3332 4167 orationibus
3373 4111 3563 4165 vestris
3615 4111 3718 4165 im-

2141 4205 2399 4276 pleamus.

2211 4293 2266 4352 2.
2309 4295 2659 4366 ltcgeneratio
2689 4295 2978 4366 spiritualis
3006 4309 3108 4349 una
3149 4303 3250 4362 est,
3283 4293 3719 4364 sicut‘gcneratio

2143 4389 2374 4443 carnalis
2405 4403 2507 4442 una
2534 4395 2634 4442 est.
2665 4387 2731 4442 Et
2755 4385 2894 4456 quod
2921 4385 3242 4440 Nicodemus
3267 4385 3491 4439 Domino
3512 4385 3604 4451 ait,
3629 4401 3720 4438 ve-

2140 4497 2260 4536 rum
2277 4479 2424 4542 dixit.
2453 4480 2574 4550 quia
2599 4493 2702 4534 non
2727 4483 2900 4548 potest
2920 4477 3079 4532 homo
3099 4491 3216 4531 cum
3246 4477 3314 4530 sit
3341 4491 3524 4541 senex,
3542 4475 3717 4529 redire

2140 4585 2352 4626 rursum
2399 4571 2448 4624 in
2489 4579 2693 4624 uterum
2725 4568 2906 4622 matris
2935 4581 3065 4630 suae,
3096 4577 3148 4621 et
3170 4567 3334 4621 nasci.
3385 4566 3480 4620 Ille
3501 4565 3714 4636 quidem

2139 4663 2294 4728 dixit,
2346 4663 2468 4732 quia
2524 4661 2683 4714 homo
2735 4675 2856 4714 cum
2903 4657 2973 4712 sit
2997 4673 3181 4724 senex,
3232 4657 3334 4712 hoc
3379 4672 3484 4712 non
3519 4665 3716 4726 potest,

2139 4755 2309 4826 quasi,
2337 4762 2390 4808 et
2417 4753 2460 4804 si
2497 4749 2669 4805 infans
2707 4758 2869 4813 esset,
2923 4759 3120 4820 posset.
3171 4748 3399 4804 Omnino
3440 4749 3580 4803 enim
3611 4763 3717 4801 non

2141 4854 2337 4917 potest,
2367 4845 2478 4900 sive
2503 4858 2688 4898 recens
2714 4842 2782 4898 ab
2815 4851 2986 4906 utero,
3010 4843 3122 4896 sive
3161 4856 3360 4896 annosa
3394 4841 3502 4910 jam
3530 4848 3715 4906 aetate,

2139 4939 2312 4993 redire
2341 4949 2552 4991 rursum
2582 4936 2634 4989 in
2658 4943 2892 4988 materna
2927 4934 3151 5000 viscera,
3177 4941 3230 4988 et
3254 4932 3419 4988 nasci.
3443 4931 3547 4988 Sed
3579 4931 3719 4985 sicut

2137 5031 2203 5085 ad
2245 5029 2565 5084 nativitatem
2614 5027 2880 5083 carnalem
2916 5026 3094 5082 valent
3117 5025 3395 5080 muliebria
3421 5025 3618 5079 viscerz.
3651 5021 3717 5077 ad

2137 5121 2304 5178 semel
2333 5119 2671 5190 pariendum;
2703 5119 2781 5172 sic
2811 5117 2876 5173 ad
2910 5117 3236 5172 nativitatem
3262 5115 3593 5185 spiritualen:
3619 5129 3636 5154 π
3656 5128 3716 5166 a-

2139 5215 2250 5270 lent
2289 5213 2488 5268 viscera
2529 5211 2800 5278 Ecclesiae,
2827 5221 2886 5265 ut
2927 5209 3094 5264 semel
3133 5207 3356 5278 quisque
3395 5207 3714 5275 baptizetur.

2139 5305 2424 5375 Propterea
2453 5319 2519 5358 ne
2547 5303 2665 5374 quis
2693 5302 2825 5356 forte
2863 5301 3022 5366 dicat,
3051 5299 3156 5355 Sed
3179 5299 3279 5353 iste
3307 5297 3360 5352 in
3393 5297 3584 5354 haeresi
3623 5313 3717 5350 na-

2139 5407 2223 5452 tus
2246 5408 2349 5464 est,
2377 5404 2432 5451 et
2453 5397 2550 5450 istc
2577 5395 2627 5448 in
2655 5393 2938 5448 schismate
2961 5401 3115 5446 natus
3145 5398 3260 5456 est;
3288 5397 3556 5458 amputata
3588 5395 3719 5442 sunt

2137 5491 2336 5553 omnia,
2364 5491 2407 5544 si
2435 5487 2769 5553 meministis,
2794 5501 2908 5555 qum
2929 5483 3080 5540 vobis
3099 5483 3362 5553 disputata
3377 5491 3503 5537 sunt
3522 5481 3589 5536 de
3615 5482 3716 5536 tri-

2137 5584 2240 5638 bus
2279 5581 2514 5651 patribus
2547 5579 2760 5638 nostris,
2803 5591 3029 5647 quorum
3061 5577 3198 5630 Deus
3251 5572 3354 5629 dici
3387 5575 3570 5636 voluit,
3601 5587 3709 5626 non

2137 5675 2256 5744 quia
2277 5673 2375 5726 soli
2403 5679 2572 5736 erant,
2595 5669 2688 5724 Sed
2719 5668 2840 5737 quia
2865 5669 2915 5720 in
2936 5667 3062 5720 solis
3087 5667 3292 5735 expleta
3324 5675 3407 5720 est
3436 5664 3713 5732 integritas

2140 5759 2465 5833 signiﬁcandi
2500 5758 2675 5830 populi
2717 5757 2896 5812 futuri.
2927 5757 3228 5812 invenimus
3249 5756 3392 5810 enim
3417 5764 3610 5836 natum
3637 5751 3706 5806 de
