4074 6502
327 356 460 416 “85

321 466 508 525 ancilla
560 461 978 531 exhatredatum,
1032 470 1211 517 natum
1251 460 1316 518 de
1370 460 1533 516 libera
1581 459 1898 514 hazredem:

320 571 535 613 rursum
589 555 885 609 invenimus
939 563 1117 608 natum
1161 551 1228 607 de
1271 552 1437 607 libera
1476 549 1894 616 exlneredatum,

320 658 503 701 natum
532 645 599 700 de
626 645 810 699 ancilla
840 643 1125 700 haeredcm.
1163 643 1329 699 Natus
1358 641 1426 698 de
1453 643 1640 697 ancilla
1658 641 1900 699 exbmre-

318 737 474 793 datus
503 735 690 791 lsmael
732 735 882 807 (Gen.
911 752 1020 802 xxx,
1049 735 1161 805 10).
1193 745 1352 790 natus
1403 734 1470 790 de
1521 736 1689 790 libera
1725 735 1898 792 haeres

319 826 467 881 Isaac
517 825 628 896 (Id.
674 841 802 892 xxv,
847 825 926 895 5);
975 833 1132 879 natus
1179 825 1245 880 de
1292 826 1456 879 libera
1529 825 1898 879 exhatredatus

317 917 455 972 Esau
487 914 597 989 (Id.
624 931 695 971 xx
709 931 801 982 vn,
832 913 945 988 55),
973 917 1081 969 nati
1111 913 1177 970 de
1210 914 1418 970 ancillis
1442 913 1681 969 haeredes
1703 915 1791 968 lilii
1811 914 1901 969 Ja-

313 1007 417 1061 cob
469 1005 600 1077 (Id.
651 1022 781 1060 mx
806 1003 850 1078 ).
901 1004 955 1059 ln
1009 1005 1112 1058 illis
1169 1005 1346 1075 itaque
1407 1003 1575 1058 tribus
1639 1004 1896 1073 patribus,

313 1099 491 1154 omnis
519 1097 682 1152 futuri
709 1098 882 1167 populi
915 1097 1077 1166 figura
1121 1105 1392 1166 perspecta
1424 1104 1534 1151 est:
1565 1110 1664 1150 nec
1706 1095 1897 1150 imme-

312 1193 422 1244 rito
445 1190 586 1245 Deus
633 1189 820 1259 inquit,
874 1187 985 1259 Ego
1032 1205 1143 1242 sum
1194 1187 1328 1241 Deus
1358 1187 1632 1254 Abraham,
1678 1197 1724 1241 et
1760 1185 1900 1242 Deus

314 1278 491 1347 Isaac,
524 1289 569 1333 et
591 1279 727 1334 Deus
753 1277 913 1332 Iacob
937 1293 956 1333 :
977 1279 1070 1332 Itoc
1111 1278 1255 1345 mihi,
1287 1277 1475 1349 inquit,
1508 1295 1689 1332 nomen
1733 1286 1804 1332 est
1846 1278 1899 1331 in

309 1381 560 1427 eternum
589 1370 781 1441 (Exod.
809 1386 888 1436 ιιι,
922 1372 974 1436 6,
1010 1371 1118 1440 15).
1149 1370 1314 1440 Magis
1343 1369 1744 1424 meminerimus
1773 1368 1896 1439 quid

309 1465 641 1534 promissum
669 1464 736 1518 sit
758 1463 858 1534 ipsi
886 1463 1112 1519 Abrahae
1144 1480 1158 1516 :
1183 1463 1282 1517 hoc
1311 1463 1450 1518 enim
1479 1463 1796 1532 promissum
1819 1471 1900 1516 est

309 1555 482 1622 Isaac,
515 1555 616 1610 hoc
637 1555 954 1624 promissum
979 1564 1062 1610 est
1091 1565 1144 1610 et
1171 1555 1357 1610 Jacob.
1385 1555 1520 1622 Quid
1564 1554 1899 1610 invenimus?

309 1645 382 1701 In
405 1647 594 1701 semine
639 1655 723 1699 tuo
751 1646 1102 1700 benedicentur
1151 1663 1320 1701 onmes
1361 1656 1532 1718 gentes
1560 1646 1711 1718 (Gen.
1758 1662 1896 1714 xxu,

313 1735 429 1806 i8).
461 1734 699 1791 Credidit
751 1747 874 1790 tunc
915 1751 1048 1790 unus
1101 1735 1239 1805 quod
1275 1736 1510 1790 nondum
1539 1736 1789 1792 videbat:
1817 1738 1898 1790 vi-

310 1829 444 1884 dent
471 1829 738 1895 homines,
766 1837 820 1882 et
845 1835 1194 1882 exczecantur.
1218 1826 1552 1898 Completum
1591 1837 1672 1883 est
1698 1829 1749 1882 in
1770 1844 1901 1898 gen-

310 1921 458 1975 tibus
482 1918 625 1990 quod
642 1918 960 1988 promissum
988 1926 1071 1972 est
1101 1917 1189 1972 uni
1223 1935 1236 1972 :
1267 1925 1322 1972 et
1363 1927 1676 1987 separantur
1696 1934 1724 1972 a
1751 1935 1899 1973 com~

311 2013 574 2067 munione
597 2011 855 2084 gentium,
910 2011 1001 2081 qui
1045 2020 1096 2065 et
1130 2009 1270 2080 quod
1311 2011 1582 2080 impletum
1612 2020 1696 2067 est
1721 2011 1901 2068 videre

311 2106 520 2158 nolunt.
547 2103 654 2160 Sed
682 2103 806 2172 quid
831 2103 932 2157 illis
961 2102 1176 2171 prodest
1196 2103 1317 2172 quia
1346 2102 1528 2158 videre
1554 2105 1779 2159 nolunt?
1806 2105 1895 2159 Vi-

309 2195 463 2262 dent,
494 2194 660 2250 velint
702 2193 892 2258 nolint;
935 2201 1118 2264 aperta
1161 2194 1356 2249 veritas
1381 2203 1436 2251 et
1455 2194 1665 2251 clausos
1712 2196 1900 2252 oculos

310 2285 457 2340 ferit.

387 2380 440 2433 '5.
484 2378 819 2449 Responsum
847 2386 929 2432 est
967 2377 1276 2444 Nicodemo,
1308 2378 1399 2449 qui
1424 2395 1488 2434 ex
1520 2380 1597 2434 eis
1645 2388 1760 2434 erat
1810 2380 1897 2450 qui

309 2469 654 2525 crediderant
681 2471 732 2523 in
760 2470 963 2536 Jesum,
1007 2481 1058 2524 et
1086 2469 1200 2540 ipse
1240 2469 1393 2526 Jesus
1420 2487 1524 2526 non
1562 2486 1621 2526 se
1651 2471 1903 2526 credebat

311 2560 415 2615 eis.
461 2559 787 2626 Quibusdam
829 2560 971 2615 enim
1012 2575 1115 2614 non
1141 2576 1199 2614 se
1225 2561 1496 2624 credebat,
1547 2576 1668 2616 cum
1703 2560 1812 2630 jam
1849 2561 1901 2616 in

311 2653 466 2708 illum
489 2652 859 2708 credidissent.
883 2652 969 2707 Sic
995 2652 1163 2707 habes
1184 2654 1434 2722 scriptum
1466 2670 1479 2707 :
1509 2672 1526 2704 ι
1555 2653 1703 2708 Multi
1731 2653 1904 2708 credi-

312 2743 515 2798 derunt
554 2743 609 2796 in
657 2743 872 2798 nomine
901 2743 1036 2812 ejus,
1063 2743 1305 2797 videntes
1327 2743 1474 2813 signa
1505 2759 1623 2813 qua:
1652 2744 1896 2798 faciebat.

312 2835 436 2905 Ipse
461 2844 641 2890 autem
673 2835 829 2890 Jcsus
857 2850 960 2890 non
987 2835 1240 2889 credebat
1266 2836 1613 2905 semetipsum
1640 2837 1761 2890 illis.
1786 2835 1904 2890 Non

312 2929 461 2984 enim
483 2943 618 2998 opus
642 2927 874 2982 habebat
904 2937 960 2981 ut
993 2929 1270 2998 quisquam
1312 2929 1673 2982 testimonium
1719 2928 1902 2998 perhi-

313 3021 469 3079 beret
495 3020 564 3075 de
594 3018 838 3082 homine;
869 3019 982 3088 ipse
1011 3019 1151 3074 enim
1181 3017 1382 3072 sciebat
1408 3018 1534 3088 quid
1565 3027 1709 3074 esset
1739 3020 1788 3072 in
1810 3019 1906 3071 lto-

313 3110 461 3166 minc
491 3129 509 3162 ι
549 3108 724 3183 (Joan.
755 3125 812 3176 ιι,
841 3108 1054 3178 25-25).
1093 3109 1231 3162 Ecce
1252 3107 1362 3177 jam
1417 3108 1491 3161 illi
1517 3107 1807 3163 credebant
1850 3108 1900 3162 ia

313 3201 523 3268 Iesum,
575 3210 629 3256 et
667 3200 779 3270 ipse
831 3199 986 3255 Jesus
1030 3215 1134 3254 non
1166 3215 1224 3254 se
1269 3200 1520 3254 credebat
1548 3201 1646 3254 eis.
1686 3199 1904 3266 Quare?

313 3293 453 3363 Quia
507 3292 737 3347 nondum
782 3299 934 3347 erant
978 3292 1145 3346 renati
1186 3306 1251 3346 ex
1280 3307 1412 3361 aqua
1436 3301 1489 3345 et
1527 3291 1745 3360 Spiritu.
1779 3291 1905 3346 lude

317 3385 519 3440 hortati
541 3398 750 3448 sumus,
777 3391 832 3438 et
861 3383 1139 3436 hortamur
1170 3382 1359 3436 fratres
1400 3390 1612 3436 nostros
1651 3383 1900 3436 catechu-

316 3565 502 3621 Jesum
534 3583 547 3618 :
577 3564 666 3620 sed
694 3565 816 3635 quia
843 3562 1077 3618 nondum
1119 3578 1334 3616 carnem
1363 3563 1478 3631 ejus
1499 3572 1552 3617 et
1591 3562 1904 3632 sanguinem

317 3658 609 3728 accipiunt,
643 3657 877 3711 nondum
924 3671 982 3710 se
1036 3655 1138 3709 illis
1184 3656 1408 3710 credidit
1442 3655 1614 3710 Jesus.
1646 3655 1781 3721 Quid
1825 3653 1905 3708 fa-

316 3751 483 3818 ciant,
517 3761 574 3804 ut
600 3766 657 3806 se
697 3751 805 3805 illis
846 3750 1026 3806 credat
1054 3749 1242 3805 Jcsus?
1274 3751 1637 3805 Renascantur
1673 3766 1736 3804 ex
1767 3765 1904 3820 aqua

316 3851 375 3898 et
398 3843 620 3912 Spiritu,
654 3843 886 3912 proferat
925 3841 1162 3896 Ecclesia
1202 3857 1336 3911 quos
1377 3842 1623 3911 parturit.
1651 3841 1907 3910 Coneepti

319 3944 466 4000 sunt,
489 3933 718 3990 edantur
739 3932 980 3988 iuluccm
1011 3949 1024 3986 :
1052 3932 1248 3988 habent
1274 3932 1434 3986 ubera
1460 3933 1651 4002 quibus
1673 3933 1909 3986 nutrian-

321 4035 429 4093 tur,
480 4040 588 4080 non
636 4024 858 4078 timeant
907 4039 973 4078 ne
1015 4023 1123 4078 uati
1161 4021 1508 4089 suffocetttur,
1556 4024 1624 4078 ab
1658 4023 1906 4087 uberibus

318 4119 578 4174 maternis
607 4133 711 4172 non
741 4116 1010 4172 recedant.

389 4213 446 4266 4.
488 4210 673 4266 Nullus
717 4219 891 4280 potest
927 4210 1086 4264 homo
1113 4209 1284 4264 redire
1317 4209 1366 4263 in
1398 4208 1582 4263 matris
1605 4208 1826 4272 viscera,
1855 4216 1910 4262 et

320 4303 514 4360 iterum
539 4305 706 4358 nasci.
751 4304 854 4358 Sed
884 4304 951 4359 de
977 4303 1167 4358 ancilla
1209 4303 1388 4357 nescio
1427 4304 1545 4372 quis
1600 4312 1754 4356 natus
1793 4301 1907 4355 est?

322 4394 591 4466 Numquid
622 4404 748 4449 tunc
775 4396 861 4465 qui
900 4396 1006 4449 nati
1035 4404 1158 4449 sunt
1183 4393 1248 4448 de
1275 4394 1502 4455 ancillis,
1552 4393 1826 4448 redierunt
1855 4394 1905 4448 in

323 4496 534 4542 uterum
600 4487 910 4552 liberarum,
967 4497 1021 4539 ut
1072 4485 1250 4540 denuo
1293 4485 1673 4540 nascerentur?
1715 4484 1909 4539 Semen

321 4577 594 4632 Abraham
624 4586 678 4632 et
703 4576 754 4630 iu
791 4574 980 4630 lsmael
1003 4591 1017 4638 ;
1041 4585 1094 4628 et
1118 4583 1174 4628 ιιι
1209 4583 1386 4644 posset
1419 4574 1685 4630 Abraham
1735 4571 1912 4628 facere

326 4670 492 4724 lilium
523 4669 592 4724 de
620 4669 832 4735 ancilla,
877 4683 1010 4722 uxor
1032 4676 1216 4721 auctor
1245 4666 1360 4722 fuit.
1391 4665 1554 4722 Natus
1600 4676 1682 4722 est
1730 4683 1793 4723 ex
1827 4683 1912 4722 se-

329 4763 473 4817 mine
497 4762 616 4826 viri,
647 4771 702 4816 et
732 4776 834 4814 non
861 4769 1032 4821 utero,
1075 4758 1167 4814 sed
1195 4759 1310 4814 solo
1332 4759 1524 4828 placito
1543 4759 1726 4814 uxoris
1756 4757 1904 4830 (Gen.

327 4853 608 4926 “1,24).
662 4851 926 4921 Numquid
956 4851 1076 4920 quia
1117 4850 1186 4906 de
1235 4851 1448 4916 ancilla,
1497 4849 1619 4904 ideo
1668 4849 1911 4906 exntere-

325 4947 480 5002 datus
495 4947 518 5000 ?
544 4946 600 5001 Si
624 4953 905 5015 propterea
922 4942 1293 4998 exhazredatus
1310 4942 1430 5011 quia
1457 4941 1524 4996 de
1540 4941 1731 4997 ancilla
1758 4950 1914 4995 natus

329 5049 429 5101 est,
461 5037 597 5094 nulli
629 5037 943 5091 ancillarum
992 5034 1082 5088 filii
1128 5030 1538 5088 admitterentur
1587 5033 1652 5088 ad
1685 5033 1913 5088 incredi-

330 5142 514 5187 tatcm.
564 5130 684 5185 Filii
735 5129 904 5187 Jacob
946 5127 1166 5182 admissi
1219 5134 1348 5181 sunt.
1381 5124 1446 5180 ad
1500 5125 1912 5181 haereditatan

332 5224 524 5280 lsmael
551 5231 752 5288 autem,
785 5206 1053 5289 non‘quia
1080 5234 1145 5274 ex
1171 5218 1365 5272 ancilla
1395 5227 1572 5283 natus,
1603 5219 1915 5272 exltmreda-

333 5324 436 5378 tus,
469 5313 565 5369 sed
583 5314 704 5382 quia
727 5312 990 5382 superbus
1014 5310 1190 5375 matri,
1229 5309 1490 5379 superbus
1528 5309 1579 5362 in
1605 5309 1766 5363 filium
1799 5324 1918 5364 ma-

336 5408 465 5472 tris;
490 5416 663 5460 mater
685 5405 827 5459 enim
853 5402 972 5472 ejus
1015 5401 1181 5470 magis
1208 5398 1337 5456 Sara
1367 5415 1524 5470 quam
1561 5400 1724 5470 Agar.
1778 5399 1922 5454 Illius

336 5508 525 5553 uterus
550 5495 1006 5560 accommodatus,
1057 5494 1200 5549 illius
1242 5493 1491 5548 voluntas
1518 5493 1782 5559 accessit;
1813 5507 1920 5547 non

335 5595 539 5647 faceret
583 5590 853 5646 Abraham
897 5587 1040 5660 quod
1075 5587 1206 5643 Sara
1237 5586 1632 5658 nolletzmagis
1671 5601 1800 5658 ergo
1834 5586 1936 5642 ille

334 5683 472 5738 illius
493 5683 663 5738 Sane.
683 5681 788 5738 Sed
807 5680 933 5750 quia
962 5680 1221 5750 superbus
1239 5681 1290 5733 in
1319 5679 1558 5747 fratrem,
1581 5688 1634 5735 et
1657 5678 1920 5750 superbus

334 5772 594 5841 ludendo,
627 5771 748 5845 quia
788 5770 1119 5836 deludendo;
1149 5769 1270 5842 quid
1293 5771 1366 5826 ait
1388 5770 1559 5828 Sara?
1588 5771 1728 5844 Ejice
1757 5771 1922 5826 ancil-

1483 345 1890 403 TRACTATUS
1928 343 2045 400 XII.
2087 346 2314 406 CAPUT
2355 350 2440 406 Ill.

3439 362 3574 418 “88

2004 457 2108 514 lant
2153 471 2200 516 et
2236 464 2682 538 [iliumejusmon
2711 470 2843 524 enim
2878 472 3036 527 [neres
3078 475 3168 529 erit
3196 474 3329 544 [ilius
3378 480 3580 533 ancillt‘r

2005 565 2119 604 cum
2148 551 2256 621 ﬁlio
2280 571 2388 610 meo
2418 555 2570 611 Isaac
2609 558 2758 630 (Gen.
2782 577 2890 625 ut,
2915 564 2968 631 9,
3003 564 3114 635 l0).
3147 565 3259 619 Non
3281 581 3407 638 ergo
3429 568 3574 623 illum

2004 641 2208 712 viscera
2237 646 2444 702 ancillae
2487 649 2759 717 ejeccruut
2802 650 2960 717 foras,
3002 653 3096 709 sed
3140 656 3317 710 cervix
3347 657 3574 712 servilis.

2006 729 2074 784 Et
2097 733 2139 786 si
2172 732 2301 787 liber
2331 737 2588 806 superbus
2613 740 2701 806 sit,
2735 755 2919 796 servus
2935 753 3034 798 εει·
3065 753 3119 798 et
3143 746 3280 815 quod
3304 746 3452 816 pejus
3471 757 3574 815 est,

2005 823 2158 876 mala:
2187 823 2440 892 domitae,
2486 828 2648 897 ipsius
2671 833 2951 900 superbiae.
2994 834 3196 904 Itaque,
3231 835 3420 892 fratres
3450 839 3576 900 mei.

2005 915 2322 983 respondete
2351 917 2550 974 homini
2581 936 2685 975 non
2715 938 2872 992 posse
2898 941 3080 981 rursus
3109 929 3252 983 nasci
3285 928 3577 998 hominem;

2004 1007 2321 1075 reSpoudete
2345 1009 2517 1064 securi
2545 1028 2651 1066 non
2679 1030 2829 1083 posse
2872 1032 3057 1072 rursus
3101 1021 3243 1075 nasci
3285 1021 3576 1080 hominem.

2004 1097 2268 1167 Quidquid
2311 1101 2499 1154 iterum
2542 1101 2620 1168 iit,
2650 1105 2823 1159 illusio
2844 1117 2956 1173 est;
3003 1110 3254 1181 quidquid
3279 1112 3467 1168 iterum
3496 1114 3576 1180 fit,

2004 1187 2148 1242 lusus
2170 1199 2270 1243 est.
2305 1189 2491 1246 lsmacl
2536 1192 2690 1261 ludit,
2721 1194 2860 1251 foras
2889 1199 3146 1254 mittatur.
3192 1184 3582 1262 Animadvertit

2003 1280 2145 1334 enim
2176 1297 2268 1336 eos
2297 1281 2425 1337 Sara
2450 1283 2715 1353 ludentes,
2747 1288 2820 1341 ait
2848 1289 3138 1359 Scriptura,
3179 1294 3383 1349 etdixit
3407 1296 3581 1351 Abra-

2005 1370 2107 1439 Ιιιῐι,
2131 1372 2276 1443 Ejice
2301 1377 2541 1430 ancillam
2565 1388 2611 1431 et
2631 1379 2793 1447 ﬁlium
2815 1383 2941 1450 ejus.
2975 1385 3245 1454 Displicuit
3266 1388 3408 1442 Sara:
3435 1389 3582 1443 lusus

2003 1479 2308 1535 puerorum;
2333 1469 2528 1544 aliquid
2561 1486 2752 1524 novum
2780 1473 2910 1526 vidit
2943 1489 3134 1542 pueros
3163 1477 3364 1533 ludere.
3389 1477 3578 1534 Nonne

2003 1565 2188 1624 aptant
2216 1557 2314 1610 hoc
2347 1575 2464 1628 quae
2515 1559 2652 1615 filios
2681 1562 2895 1631 habent,
2936 1564 3117 1621 videre
3143 1567 3390 1624 ludentes
3444 1571 3583 1627 lilios

2004 1648 2167 1700 suos?
2195 1647 2336 1702 Vidit
2373 1651 2479 1714 illa,
2531 1661 2585 1706 et
2632 1652 2968 1722 improbavit.
3004 1655 3198 1712 Nescio
3221 1659 3346 1729 quid
3375 1661 3502 1716 vidit
3529 1664 3582 1717 itt

2004 1737 2123 1792 lusu
2153 1758 2166 1794 :
2198 1741 2496 1795 illusionem
2532 1744 2661 1798 vidit
2694 1745 2745 1799 iu
2770 1746 2858 1799 illo
2884 1747 3021 1812 lusu,
3042 1749 3415 1806 animadvertit
3441 1755 3583 1810 servi

2005 1831 2305 1899 superbiam
2324 1849 2336 1894 ;
2358 1833 2622 1902 (iiSplit‘uil
2650 1835 2744 1904 illi,
2769 1836 2924 1906 cjecit
2959 1839 3118 1893 foras.
3146 1841 3266 1896 Nati
3289 1842 3354 1897 de
3381 1845 3584 1901 ancillis

2004 1920 2230 1991 improbi
2259 1923 2535 1978 mittuntur
2563 1925 2759 1990 foras‘,
2789 1938 2844 1982 ει
2883 1940 3032 1982 natus
3057 1930 3123 1984 de
3166 1932 3330 1986 libera
3361 1935 3586 1990 mittitur

2004 2009 2145 2064 foras
2185 2011 2347 2066 Esau.
2378 2013 2543 2068 Nemo
2574 2031 2700 2087 ergo
2745 2031 3027 2087 prmsmnat
3053 2023 3171 2090 quia
3203 2023 3270 2078 de
3313 2025 3466 2080 bonis
3491 2042 3586 2082 na-

2004 2103 2190 2169 scitur,
2219 2120 2374 2159 nemo
2416 2116 2702 2175 prtesumat
2728 2111 2851 2180 quia
2885 2127 2980 2180 per
3009 2123 3221 2168 sanctos
3261 2115 3582 2184 baptizatur.

2005 2192 2104 2260 Qui
2129 2209 2223 2263 per
2243 2206 2456 2250 sanctos
2494 2197 2810 2266 baptizatur,
2836 2201 3008 2255 adhuc
3040 2216 3227 2258 caveat
3259 2221 3326 2259 ne
3377 2221 3480 2260 non
3514 2208 3587 2263 sit

2004 2283 2190 2352 Jacob,
2219 2287 2312 2340 sed
2354 2288 2510 2341 Esau.
2543 2289 2654 2344 lloc
2695 2305 2843 2362 ergo,
2875 2292 3084 2358 fratres,
3115 2294 3334 2350 dixerim
3359 2315 3372 2350 :
3397 2297 3587 2352 melius

2005 2385 2087 2431 est
2113 2377 2177 2431 ab
2225 2378 2528 2434 hominibus
2567 2395 2661 2433 sua
2698 2385 3054 2451 qua'rcntibus
3095 2394 3152 2439 et
3181 2386 3432 2440 mundum
3460 2388 3587 2442 dili-

2005 2467 2276 2536 gentibus,
2305 2467 2444 2536 quod
2474 2470 2736 2539 significat
2764 2488 2958 2526 nomen
2986 2473 3211 2538 ancilla},
3240 2475 3493 2546 baptizari
3531 2486 3586 2532 et

2007 2559 2356 2628 Spiritualiter
2379 2561 2746 2617 lnareditatem
2769 2579 3010 2632 quaerere
3036 2565 3254 2634 Christi,
3288 2578 3343 2620 ut
3373 2569 3441 2623 sit
3471 2577 3590 2624 tan-

2007 2665 2164 2718 quam
2227 2653 2364 2705 lilins
2408 2651 2575 2706 Jacob
2615 2654 2684 2708 de
2719 2655 2933 2720 ancilla,
2991 2672 3149 2727 quam
3195 2659 3448 2728 baptizari
3493 2675 3590 2729 per

2010 2749 2224 2796 sanctos
2272 2753 2327 2796 ct
2351 2745 2648 2812 superbire,
2701 2754 2759 2799 ut
2787 2748 2856 2801 sit
2887 2747 3026 2802 Esau
3081 2751 3221 2804 foras
3278 2753 3586 2818 mittendus,

2009 2834 2251 2902 quamvis
2298 2845 2453 2889 natus
2495 2852 2559 2890 ex
2583 2837 2768 2892 libera.
2817 2838 2964 2903 Ilrcc,
2988 2839 3201 2906 fratres,
3237 2853 3430 2898 tenete.
3472 2843 3590 2899 Non

2015 2939 2110 2977 rus
2143 2925 2438 2995 palpamus,
2465 2929 2606 2981 nulla
2628 2943 2751 2998 spes
2780 2914 3026 2986 vestrain
3052 2932 3204 2986 nobis
3233 2933 3301 2988 sit
3331 2949 3467 2989 :nec
3501 2951 3592 2990 no-

2015 3013 2098 3068 bis
2133 3015 2458 3082 blandimur,
2495 3032 2591 3072 nec
2632 3019 2812 3083 vobis;
2846 3023 3204 3094 unusquisque
3232 3039 3382 3078 suam
3419 3026 3590 3082 sarci-

2010 3121 2131 3160 nam
2161 3117 2350 3177 portat.
2379 3108 2627 3164 Nostrum
2657 3119 2739 3166 est
2761 3111 2960 3180 dicere,
2988 3129 3054 3168 ne
3074 3115 3214 3170 male
3242 3115 3541 3184 judicemur
3571 3134 3589 3172 :

2010 3209 2245 3254 vestrum
2294 3209 2376 3255 est
2415 3203 2619 3266 audire,
2667 3207 2721 3258 et
2768 3203 2928 3258 corde
2976 3204 3179 3269 audire,
3249 3223 3316 3260 nc
3352 3209 3594 3280 exigatur

2010 3290 2149 3362 quod
2173 3291 2393 3357 damus;
2428 3293 2532 3346 imo
2548 3293 2759 3365 quando
2770 3296 3018 3366 exigitur,
3045 3295 3246 3351 lucrum
3269 3298 3589 3364 inveniatur,

1975 3426 1995 3444 ,
2011 3395 2117 3434 non
2137 3380 2536 3436 detrimentum.

314 3489 529 3530 menos.
581 3474 635 3530 Si
675 3474 815 3527 enim
853 3474 1146 3543 interroges
1185 3486 1294 3537 eos,
1324 3472 1433 3541 jam
1486 3473 1826 3527 crediderunt
1852 3473 1906 3526 in
1981 3487 1983 3489 ‘

2081 3471 2134 3524 5.
2177 3471 2308 3526 Dicit
2343 3473 2596 3528 Dominus
2618 3474 2941 3542 Nicodemo,
2973 3485 3027 3532 et
3046 3478 3262 3546 exponit
3289 3479 3375 3533 ei:
3410 3481 3590 3548 Amen,

2009 3577 2157 3615 anteit
2187 3564 2298 3616 dico
2327 3563 2442 3630 tibi,
2471 3565 2567 3618 nisi
2595 3567 2705 3634 quis
2732 3576 2934 3620 renatus
2961 3566 3114 3637 fuerit
3138 3584 3200 3622 ea:
3232 3585 3364 3640 aqua
3389 3580 3436 3624 et
3463 3572 3592 3641 Spi-

2010 3653 2146 3722 ritu,
2177 3671 2276 3708 non
2311 3664 2470 3726 potest
2507 3657 2714 3710 introire
2753 3657 2804 3710 in
2845 3674 3054 3727 regnum
3085 3657 3200 3712 Dei.
3247 3660 3323 3714 Tu
3345 3702 3359 3726 ,
3393 3662 3594 3731 inquit,

2012 3745 2280 3799 carnalem
2312 3746 2708 3814 generationem
2752 3747 3032 3817 intelligis,
3062 3764 3180 3801 cmn
3210 3748 3340 3802 dicis
3360 3789 3374 3815 ,
3416 3750 3590 3803 Nunt-

2013 3835 2133 3903 quid
2163 3844 2322 3903 potest
2350 3836 2498 3888 homo
2520 3837 2682 3889 redire
2706 3835 2759 3889 in
2787 3839 2974 3889 viscera
2996 3839 3167 3890 matris
3188 3854 3293 3891 sua:
3311 3842 3338 3892 ξ’
3360 3854 3426 3893 ει
3453 3853 3592 3909 aqua

2012 3938 2068 3983 et
2096 3927 2292 3997 Spiritu
2318 3937 2528 3999 oportet
2557 3938 2613 3982 ut
2639 3941 2886 3983 nascatur
2911 3939 3123 3998 propter
3148 3946 3366 4000 regnum
3393 3931 3507 3986 Dei.
3532 3931 3590 3986 Si

2011 4031 2228 4091 propter
2247 4020 2609 4076 haereditatem
2634 4021 2796 4091 patris
2815 4020 3043 4075 hominis
3061 4022 3401 4091 temporalem
3420 4023 3593 4077 nasci-

2013 4121 2101 4168 tur
2121 4153 2136 4178 ,
2165 4122 2412 4167 nascatur
2450 4128 2514 4168 ex
2546 4112 2837 4168 visceribus
2862 4113 3048 4168 matris
3076 4114 3300 4167 carnalis
3329 4129 3342 4166 :
3384 4113 3428 4167 si
3471 4128 3595 4183 pro-

2011 4212 2134 4274 pter
2177 4203 2536 4259 haereditatem
2567 4204 2728 4273 patris
2759 4203 2851 4258 Dei
2889 4203 3302 4274 sempiternam,
3348 4214 3595 4259 nascatur

2014 4316 2080 4354 ex
2119 4297 2410 4354 visceribus
2453 4295 2727 4352 Ecclesiae.
2768 4295 2998 4352 Generat
3035 4311 3131 4366 per
3173 4311 3389 4351 uxorem
3425 4296 3595 4366 lilium

2014 4400 2164 4460 pater
2201 4389 2492 4442 moriturus
2519 4402 2888 4442 successurum
2919 4404 2932 4440 :
2964 4397 3182 4457 generat
3219 4387 3357 4443 Deus
3384 4388 3452 4443 de
3489 4389 3621 4460 Ec-p

2014 4484 2176 4538 clcsia
2206 4481 2342 4536 filios
2382 4495 2488 4535 non
2522 4495 2896 4546 successurus,
2927 4481 3020 4536 sed
3052 4495 3232 4535 secum
3271 4496 3553 4536 mansuros
3577 4481 3621 4548 ,‘

2018 4575 2082 4629 Et
2103 4575 2370 4644 sequitur:
2397 4571 2547 4636 Quod
2563 4581 2738 4624 natum
2757 4583 2829 4626 est
2849 4572 2911 4625 de
2933 4588 3100 4637 carne,
3123 4588 3242 4626 caro
3263 4583 3332 4626 est
3349 4587 3369 4626 :
3394 4580 3443 4626 et
3461 4572 3620 4645 quod.

2015 4677 2189 4722 natum
2229 4676 2300 4721 est
2337 4665 2400 4719 de
2423 4665 2653 4735 Spiritu,
2698 4664 2905 4733 spiritus
2947 4673 3039 4718 est.
3082 4662 3433 4734 Spiritualiter
3469 4679 3597 4735 ergo

2015 4760 2304 4824 nascimur,
2328 4758 2454 4813 etin
2482 4758 2666 4827 spiritu
2694 4755 2959 4810 nascimur
2981 4757 3142 4812 verbo
3167 4765 3221 4812 et
3239 4770 3595 4812 sacramento.

2015 4852 2185 4908 Adest
2223 4851 2486 4920 Spiritus,
2527 4857 2586 4904 ut
2621 4865 2938 4904 nascantur:
2988 4849 3216 4919 Spiritus
3263 4849 3599 4912 invisibiliter

2017 4947 2168 5002 adest
2193 4944 2333 4998 unde
2360 4941 2595 4999 nasceris
2614 4984 2630 5009 ,
2657 4942 2778 5012 quia
2808 4950 2863 4996 et
2890 4949 2942 4996 tu
2975 4941 3306 4997 invisibiliter
3339 4939 3621 5004 nasceris._

2019 5037 2264 5107 Sequitur
2291 5035 2432 5090 enim
2455 5075 2470 5101 ,
2502 5043 2556 5090 et
2591 5033 2764 5089 dicit:
2805 5032 2928 5088 Non
2959 5034 3156 5089 mireris
3187 5034 3307 5104 quia
3343 5032 3452 5087 dixi
3487 5032 3622 5098 τέως

2020 5141 2214 5203 oportet
2244 5147 2330 5185 vos
2370 5129 2510 5184 nasci
2545 5127 2746 5183 denuo:
2794 5127 3019 5198 Spiritus
3062 5127 3145 5182 ubi
3190 5127 3293 5181 vult
3333 5125 3526 5197 spirat,
3555 5135 3604 5181 et

2021 5202 2188 5279 uocem
2211 5225 2318 5295 ejus
2341 5223 2508 5285 audis,
2535 5202 2622 5276 sed
2642 5224 2802 5278 nescis
2833 5222 2966 5278 unde
2985 5221 3146 5274 veniat
3163 5259 3180 5289 ,
3199 5228 3287 5273 aut
3306 5235 3404 5290 quo
3427 5219 3621 5276 vadat.»

2023 5319 2188 5375 Nemo
2230 5317 2372 5372 videt
2411 5315 2665 5385 Spiritum
2691 5331 2706 5371 :
2731 5324 2786 5370 et
2821 5313 3090 5385 quomodo
3133 5311 3378 5369 audimus
3420 5329 3605 5370 vocem

2022 5410 2284 5482 Spiritus?
2331 5410 2498 5466 Sonat
2546 5409 2822 5472 l’salntus,
2865 5422 2966 5463 vox
3011 5415 3097 5463 est
3134 5404 3403 5479 Spiritus;
3455 5418 3610 5464 sonat

2026 5501 2369 5574 Evangelium
2392 5543 2409 5569 ,
2435 5516 2539 5557 vox
2567 5509 2650 5556 est
2680 5499 2938 5570 Spiritus;
2964 5506 3119 5562 sonat
3145 5513 3325 5555 sermo
3357 5499 3571 5556 divinus
3590 5541 3609 5567 ,

2027 5613 2128 5652 vox
2154 5606 2236 5651 est
2260 5595 2511 5666 Spiritus.
2554 5591 2734 5647 Vocem
2760 5597 2870 5662 ejus
2898 5589 3045 5646 audis
3064 5633 3078 5658 ,
3107 5601 3156 5648 et
3182 5593 3340 5648 nescis
3369 5595 3504 5648 unde
3530 5609 3613 5646 ve-

2092 5716 2110 5750 ι
2130 5719 2250 5763 'rres
2270 5719 2398 5776 uss:
2423 5706 2531 5760 Nati
2551 5705 2613 5776 de
2633 5702 2822 5776 ancillis
2853 5703 2919 5776 ad
2947 5702 3276 5762 Iuereditatem
3297 5706 3614 5762 admittuntur

2033 5776 2125 5844 ﬁlii
2147 5773 2312 5836 Jacob,
2334 5781 2380 5823 et
2401 5778 2538 5822 natus
2562 5771 2621 5819 de
2644 5767 2814 5831 libera,
2840 5775 2936 5819 etc.
