4012 6468
457 361 478 415 1
500 357 590 414 l87

455 479 562 530 aiat
581 515 596 538 ,
625 481 668 527 et
711 486 806 540 quo
837 465 1004 522 vadat.
1045 461 1149 519 Sed
1180 462 1222 516 si
1253 462 1484 515 nascaris
1509 463 1562 512 et
1605 465 1658 508 tu
1697 453 1774 508 de‘
1790 452 1987 522 Spiritu
2009 493 2024 518 ,

455 567 558 623 hoc
587 565 692 620 eris
712 605 726 630 ,
757 571 812 614 ut
839 561 923 614 ille
953 558 1038 626 qui
1068 571 1170 610 non
1198 561 1280 606 est
1307 551 1478 604 adhuc
1509 557 1662 600 natus
1696 545 1761 598 de
1787 543 2026 613 Spiritu,

455 651 560 714 non
588 655 718 710 sciat
744 653 812 706 de
845 661 894 706 te
935 648 1072 702 unde
1101 644 1312 706 venias,
1359 649 1410 692 et
1455 653 1558 707 quo
1589 651 1696 690 cas.
1733 635 1844 688 Hoc
1885 633 2026 687 enim

455 757 666 804 secutus
695 744 766 796 ait
792 761 804 797 :
838 739 926 795 Sic
961 747 1030 791 cst
1056 745 1100 789 et
1125 733 1284 788 omnis
1319 730 1403 801 qui
1431 737 1574 781 notus
1613 735 1684 779 est
1712 742 1774 778 ex
1809 724 2024 792 Spiritu.

525 841 579 894 6.
625 831 897 903 Respondit
920 828 1224 882 Nicodemus
1243 863 1257 888 ,
1289 830 1334 874 et
1356 819 1482 873 dixit
1507 821 1552 872 ei
1579 834 1598 871 :
1627 815 1885 882 Quomodo
1908 829 2026 884 pos-

455 941 570 988 sunt
597 929 702 982 lucc
724 925 830 993 ﬁeri
849 925 874 976 Ρ
903 921 968 974 Ει
993 931 1172 972 revera
1204 911 1488 968 carnaliter
1510 952 1525 976 ,
1555 925 1658 962 non
1685 905 2024 975 intelligebat.

457 1024 512 1078 In
545 1021 634 1074 illo
664 1017 819 1070 fiebat
848 1010 986 1082 quod
1013 1008 1220 1061 dixerat
1249 1003 1501 1057 Dominus
1521 1043 1536 1066 ,
1577 1015 1762 1054 vocem
1800 997 2026 1066 Spiritus

454 1109 730 1170 audiebat,
762 1115 816 1160 et
841 1103 1108 1158 nesciebit
1143 1096 1282 1150 unde
1305 1103 1521 1149 venerat
1549 1099 1603 1146 et
1633 1105 1736 1160 quo
1773 1089 1898 1143 ibat.
1927 1087 2029 1140 Re-

454 1202 656 1275 spondit
680 1197 832 1252 Jcsus
851 1235 864 1257 ,
895 1203 940 1246 et
965 1191 1092 1243 dlIll
1117 1205 1159 1242 ei
1186 1205 1204 1240 :
1235 1183 1309 1238 Tu
1335 1201 1384 1237 es
1413 1184 1648 1254 magister
1671 1182 1722 1233 in
1753 1178 1915 1233 Israel
1937 1219 1952 1241 ,
1984 1185 2029 1230 et

457 1270 562 1348 lucc
605 1285 845 1360 ignoras?
887 1281 929 1338 Ο
976 1281 1202 1342 fratres,
1253 1275 1412 1346 quid.
1457 1281 1702 1343 putamus
1749 1270 2026 1324 Dominum

455 1385 580 1439 huic
627 1359 877 1446 magistro
912 1373 1214 1428 Judmorum
1261 1369 1412 1438 quasi
1455 1367 1707 1420 insultare
1751 1359 2028 1416 voluisse?

453 1477 684 1530 Noverat
713 1472 965 1526 Dominus
989 1466 1114 1536 quid
1141 1464 1362 1533 agebat,
1389 1459 1594 1515 volebat
1621 1457 1764 1510 illum
1793 1456 1936 1508 nasci
1963 1469 2028 1507 ex

453 1566 675 1636 Spiritu.
705 1563 870 1618 Nemo
890 1577 953 1616 ex
973 1559 1171 1628 Spiritu
1197 1555 1452 1618 nascitur,
1477 1551 1574 1604 nisi
1601 1549 1812 1602 humilis
1833 1546 1988 1600 fuerit
2011 1560 2026 1598 :

455 1635 576 1728 quia
606 1656 718 1724 ipsa
756 1651 1023 1706 lnnnilitas
1059 1647 1180 1701 facit
1207 1659 1302 1699 nos
1341 1643 1486 1697 nasci
1525 1641 1591 1694 de
1625 1639 1857 1709 Spiritu;
1907 1635 2028 1705 quia

455 1727 622 1822 prope
649 1759 730 1804 est
760 1745 1011 1801 Dominus
1035 1740 1242 1796 obtritis
1267 1736 1428 1792 corde
1459 1731 1627 1805 (Psat.
1661 1745 1830 1786 xxxm
1850 1771 1865 1794 ,
1890 1821 1893 1822 ν
1915 1727 2027 1822 ιιι).

453 1821 884 1910 ιιιθνιιιειείειειίο
914 1835 1122 1890 inflatus
1151 1839 1296 1896 erat,
1323 1840 1371 1883 et
1402 1825 1620 1894 alicujus
1647 1821 1898 1877 momenti
1929 1821 2028 1875 sibi

455 1947 574 1988 esse
599 1929 902 1992 videbatur,
942 1925 1060 1995 quia
1087 1923 1271 1977 doctor
1305 1927 1419 1974 erat
1445 1917 1747 1971 Judarorum
1773 1931 1785 1967 :
1815 1913 2032 1981 deponit

456 2027 504 2081 ei
547 2023 886 2093 superbiam,
931 2027 990 2072 ut
1034 2016 1200 2086 possit
1243 2010 1384 2065 nasci
1415 2010 1480 2063 de
1523 2007 1760 2075 Spiritu:
1813 2005 2031 2058 insultat

453 2128 704 2187 tanquam
727 2113 970 2174 indocto;
999 2121 1102 2162 non
1128 2106 1246 2175 quia
1269 2102 1510 2172 superior
1533 2099 1643 2152 vult
1663 2097 1826 2152 videri
1851 2095 2030 2149 Domi-

453 2183 578 2264 nus:
611 2203 748 2273 Quid
787 2215 1065 2268 magnum,
1113 2197 1252 2250 Deus
1292 2192 1356 2245 ad
1401 2190 1704 2254 hominem,
1743 2187 1940 2240 veritas
1963 2183 2030 2238 ad

454 2294 821 2355 mendacium?
852 2291 1016 2362 Major
1037 2288 1280 2344 Christus
1300 2299 1455 2354 quam
1477 2281 1796 2337 NicOdemus
1815 2278 1916 2334 dici
1937 2277 2030 2332 de-

453 2390 580 2452 bet,
608 2387 708 2441 dici
730 2391 907 2455 potest
929 2423 944 2448 ,
969 2377 1303 2448 cogitandum
1329 2373 1452 2429 est?
1478 2372 1534 2426 Si
1565 2371 1832 2426 diceretur
1861 2367 2030 2436 major

453 2479 695 2535 Christus
720 2490 875 2546 quam
909 2471 1120 2542 Angeli,
1153 2465 1429 2522 ridendum
1458 2469 1608 2518 erat:
1643 2458 2032 2530 incomparabi-

455 2575 577 2628 liter
605 2571 745 2626 euim
780 2566 950 2637 major
979 2563 1122 2618 omni
1149 2569 1388 2615 creatura
1411 2595 1424 2622 ,
1469 2571 1563 2626 per
1589 2567 1747 2624 quem
1785 2553 1919 2607 facta
1947 2557 2031 2605 est

455 2665 628 2719 omnis
673 2667 932 2716 creatura.
985 2654 1090 2710 Sed
1133 2651 1362 2721 exagitat
1404 2645 1703 2718 superbiam
1757 2642 1986 2696 hominis
2011 2681 2027 2707 ,

457 2755 535 2810 Tu
577 2772 627 2810 es
663 2753 897 2823 magister
925 2750 978 2803 in
1011 2745 1205 2812 Israel,
1249 2755 1296 2797 et
1337 2741 1444 2795 Ιιωε
1485 2738 1727 2810 ignoras?
1755 2733 2027 2804 Tanquam

455 2847 637 2902 dicens
657 2887 669 2907 ,
703 2843 840 2898 Ecce
871 2838 1001 2893 nihil
1029 2835 1200 2900 nosti,
1223 2833 1468 2902 princeps
1489 2827 1746 2897 superbus
1767 2867 1782 2893 ,
1809 2837 2032 2880 nascere

455 2953 521 2992 ex
551 2935 748 3006 Spiritu
773 2949 786 2985 :
819 2931 862 2985 si
897 2928 1036 2984 enim
1067 2935 1222 2980 natus
1245 2923 1408 2976 fueris
1437 2937 1499 2975 ex
1525 2919 1758 2988 Spiritu,
1786 2917 1898 2970 vias
1939 2913 2030 2970 Dei

457 3027 692 3091 tenebis,
727 3033 784 3078 ut
827 3021 1022 3078 Christi
1061 3017 1412 3072 humilitatem
1457 3011 1714 3080 sequaris.
1763 3008 1852 3062 Sic
1887 3007 2028 3062 enim

456 3120 595 3174 altus
633 3121 715 3170 est
754 3127 914 3181 super
942 3123 1128 3163 omnes
1175 3105 1406 3167 Angelos
1431 3144 1443 3164 ,
1477 3101 1598 3170 quia
1628 3115 1742 3152 cum
1775 3097 1826 3150 in
1868 3097 2032 3165 forma

457 3209 554 3264 Dei
580 3217 736 3272 esset,
761 3221 861 3258 non
887 3201 1118 3268 rapinam
1144 3197 1412 3249 arbitratus
1439 3201 1508 3245 est
1529 3206 1634 3244 esse
1659 3188 1866 3256 (aqualis
1887 3185 2032 3252 Deo;

457 3302 544 3358 sed
582 3299 898 3367 semetipsum
945 3289 1212 3346 exinanivit
1251 3287 1462 3355 formam
1491 3281 1619 3337 servi
1650 3281 1932 3350 accipiens,
1979 3281 2032 3332 in

458 3389 836 3445 similitudinem
883 3381 1135 3434 hominum
1178 3379 1340 3448 factus
1365 3416 1378 3440 ,
1427 3382 1472 3426 et
1501 3372 1672 3424 habitu
1715 3371 1941 3424 inventus
1979 3377 2034 3420 ut

461 3483 611 3534 homo
640 3493 657 3531 :
684 3473 961 3529 humiliavit
981 3469 1296 3538 semetipsum
1313 3507 1326 3528 ,
1355 3465 1518 3534 factus
1544 3463 1774 3516 obedicns
1795 3476 1947 3530 usque
1967 3459 2034 3512 ad

459 3579 667 3626 mortem
712 3567 730 3636 (
743 3577 794 3620 et
838 3581 904 3620 ne
946 3561 1131 3617 mortis
1167 3573 1332 3628 genus
1365 3557 1454 3610 tibi
1489 3553 1699 3623 aliquod
1749 3549 2031 3622 placeat),

459 3671 670 3716 mortem
703 3665 866 3710 autem
896 3653 1055 3707 crucis
1087 3649 1338 3723 (Philipp.
1367 3664 1430 3712 ιι,
1466 3645 1606 3713 6-8).
1641 3643 1912 3697 Pendebat
1937 3685 1950 3707 ,
1981 3651 2032 3695 et

459 3753 806 3809 insultabatnr
853 3747 920 3801 ei.
969 3745 1042 3798 De
1080 3757 1235 3797 cruce
1283 3739 1606 3793 descendere
1651 3743 1892 3806 poterat;
1941 3735 2032 3789 sed

459 3843 736 3900 differebat
763 3883 776 3904 ,
809 3847 862 3890 ut
891 3836 956 3892 de
979 3833 1222 3905 sepulcro
1251 3837 1567 3898 resurgeret.
1597 3827 1819 3881 Pertulit
1845 3840 2034 3895 snper-

459 3937 557 3988 bos
581 3947 765 3987 servos
799 3929 1085 3988 Dominus;
1125 3923 1360 3976 medicus
1386 3929 1630 3990 :egrotos.
1679 3919 1731 3972 Si
1781 3917 1878 3970 hoc
1909 3918 1994 3970 ille
2018 3959 2032 3980 ,

460 4024 587 4096 quid
613 4021 686 4077 illi
714 4035 844 4092 q-ios
869 4026 1074 4087 Oportet
1107 4016 1248 4068 nasci
1277 4031 1342 4068 ex
1369 4011 1608 4081 Spiritu?
1637 4013 1678 4063 si
1709 4011 1808 4063 hoc
1838 4011 1924 4064 ille
1949 4025 2036 4063 ve-

463 4131 556 4173 rus
585 4115 834 4182 magister
861 4113 910 4163 in
951 4109 1088 4162 etelo
1108 4150 1122 4170 ,
1155 4123 1255 4158 non
1285 4105 1558 4158 hominum
1587 4111 1790 4156 nmium
1815 4144 1828 4166 ,
1863 4103 1953 4156 sed
1977 4111 2037 4156 'et

463 4205 802 4276 Angelorum.
857 4200 908 4254 Si
940 4198 1081 4251 enim
1125 4196 1261 4250 ducti
1311 4202 1432 4248 sunt
1461 4192 1684 4260 Angeli,
1735 4191 1910 4244 Verbo
1943 4191 2036 4244 Dei

465 4297 608 4352 docti
645 4301 784 4346 sunt.
831 4291 884 4345 Si
933 4288 1105 4342 Verbo
1135 4287 1224 4340 Dei
1268 4285 1404 4338 docti
1447 4290 1603 4345 sunt,
1645 4282 1862 4349 qumrite
1901 4281 2040 4334 unde

467 4389 610 4444 docti
641 4394 798 4448 sunt;
831 4391 883 4436 et
911 4381 1208 4442 invenietis,
1243 4375 1306 4429 In
1330 4373 1576 4444 principio
1603 4383 1708 4424 erat
1741 4372 1974 4432 Verbum.
1995 4381 2042 4426 et

479 4481 694 4538 Verbum
723 4489 826 4532 erat
855 4473 990 4544 apud
1021 4471 1179 4524 Deum
1200 4512 1214 4535 ,
1243 4480 1286 4523 et
1318 4469 1450 4520 Deus
1476 4475 1580 4520 erat
1617 4465 1828 4518 Verbum
1863 4464 2038 4535 (Joan.

469 4589 524 4638 ι,
557 4571 634 4642 1).
665 4567 889 4622 Tollitur
915 4561 1114 4617 homini
1141 4561 1315 4612 cervix
1337 4601 1350 4622 ,
1385 4557 1476 4611 sed
1506 4571 1691 4624 aspera
1719 4565 1770 4609 et
1803 4555 1953 4616 dura,
1987 4565 2044 4608 ιιι

474 4666 546 4718 sit
571 4661 707 4716 lenis
733 4657 906 4712 cervix
935 4655 1002 4708 ad
1035 4650 1347 4722 portandum
1371 4649 1552 4719 jngnm
1583 4647 1808 4711 Christi,
1841 4647 1907 4702 de
1935 4665 2039 4715 quo

471 4757 697 4817 dicitur,
742 4749 930 4820 Jugnm
967 4761 1130 4798 meum
1160 4743 1270 4796 lene
1307 4749 1408 4807 est,
1453 4749 1496 4792 ct
1541 4740 1740 4794 sarcina
1783 4755 1890 4792 mea
1924 4739 2044 4794 levis

475 4858 546 4904 est
579 4843 786 4919 (Matth.
817 4855 902 4906 χι,
933 4839 1044 4910 50).

543 4941 594 4993 7.
636 4935 703 4992 Ει
731 4933 1004 5002 sequitur:
1047 4929 1106 4984 Si
1134 4937 1328 4980 terrena
1363 4925 1470 4978 (ιὶ.ιὶ
1516 4924 1684 4988 vobis,
1715 4933 1760 4978 et
1799 4940 1898 4978 non
1939 4939 2046 4978 cre-

471 5031 622 5094 ditis;
671 5023 952 5098 quomodo,
1005 5021 1048 5073 si
1094 5019 1265 5071 dixero
1307 5016 1446 5070 vobis
1491 5015 1738 5078 cie/estin,
1790 5015 2046 5069 credetis?

471 5123 598 5190 Quae
635 5129 844 5174 terrena
873 5113 1005 5172 dixit
1024 5153 1037 5174 ,
1067 5108 1298 5164 fratres?
1328 5105 1440 5160 Nisi
1466 5107 1574 5176 quis
1607 5115 1754 5160 natus
1775 5106 1924 5174 fuerit
1953 5107 2044 5160 de-

473 5234 573 5272 nuo
595 5257 610 5282 ,
643 5223 910 5269 terrenum
937 5205 1052 5262 est?
1075 5203 1298 5274 Spiritus
1325 5199 1410 5254 ubi
1442 5201 1542 5254 vult
1571 5201 1762 5270 spirat,
1807 5208 1854 5254 et
1881 5215 2048 5254 vocem

475 5309 583 5378 ejus
605 5304 778 5366 audis,
806 5309 854 5354 et
881 5297 1038 5352 nescis
1065 5293 1198 5348 unde
1221 5291 1381 5346 veniat
1399 5331 1413 5354 ,
1442 5299 1604 5360 etquo
1627 5299 1708 5344 eat
1729 5331 1741 5354 ,
1777 5300 2044 5344 terrenum

469 5397 596 5452 est?
623 5394 676 5449 Si
709 5393 848 5447 enim
879 5389 944 5444 de
970 5388 1070 5442 isto
1095 5393 1256 5439 vento
1280 5381 1511 5446 diceret,
1539 5383 1675 5435 sicut
1703 5379 1936 5434 nonnulli
1963 5380 2048 5433 io-

467 5488 791 5543 tellexerunt
823 5482 922 5552 (η),
951 5493 1068 5534 eum
1097 5483 1426 5546 quarrcretur
1447 5473 1513 5529 ab
1534 5472 1612 5528 eis
1635 5471 1760 5543 quid
1783 5480 2048 5526 terrenum

529 5603 612 5702 1(a)
637 5647 702 5688 De
725 5642 870 5686 vento
905 5637 1193 5702 acceperunt
1211 5629 1426 5702 (uirilius,
1455 5627 1690 5702 Chrysest.
1710 5621 2048 5702 flfliiiojliylact.

479 5713 530 5754 et
547 5692 714 5752 adetor
730 5704 905 5756 Quzest.
929 5692 1034 5756 Yet:
1055 5701 1106 5742 et
1117 5701 1226 5756 nov.
1249 5692 1398 5756 ‘t‘est_.,
1423 5705 1470 5754 q.
1493 5692 1569 5739 fit).
1593 5697 1645 5739 At
1661 5692 1924 5748 Augustino
1941 5701 2053 5736 coa-

477 5753 628 5818 scutit
651 5753 801 5816 nmb.,
828 5759 911 5808 lib.
935 5755 967 5804 2
985 5755 1048 5804 de
1065 5755 1194 5814 Fide,-
1211 5767 1316 5817 cap.
1339 5753 1386 5802 5.

1379 343 1440 398 IN
1479 323 1752 397 toss‘xis
1793 334 2259 402 EVANCELIUM,
2301 333 2359 389 s.
2400 332 2764 390 aucusrnu

3573 327 3712 385 ιιειι

2133 469 2324 524 dixerit
2350 463 2599 522 Dominus
2621 508 2636 533 ,
2668 466 2791 521 dum
2833 467 2944 532 ait,
2975 463 3036 520 Si
3073 473 3265 518 terrena
3295 462 3400 517 dixi
3443 463 3611 528 vobis,
3653 471 3700 518 ct

2133 567 2233 614 itan
2259 553 2496 624 creditis;
2534 557 2815 629 quomodo,
2855 559 2898 612 si
2934 553 3147 611 cozlestia
3188 557 3394 621 dixero,
3439 555 3697 610 credetis?

2133 651 2261 705 Cum
2299 665 2424 720 ergo
2457 657 2784 720 qiuereretur
2820 663 2849 702 a
2891 639 3200 718 quibusdam
3222 688 3236 712 ,
3281 646 3404 717 quid
3429 649 3702 702 terrenum

2132 739 2327 801 dixerit
2352 739 2606 793 Dominus
2626 781 2640 804 ,
2667 739 2934 808 angustias
2960 735 3100 808 passi
3125 737 3368 792 dixerunt
3387 778 3403 805 ,
3431 737 3582 805 Quod
3603 731 3706 803 ait,

2134 832 2354 900 Spiritus
2384 827 2465 884 ubi
2495 831 2598 884 vult
2621 831 2808 900 spirat,
2835 839 2882 883 et
2915 846 3080 883 vocem
3113 831 3222 899 ejus
3249 829 3426 894 audis,
3474 839 3520 882 et
3545 817 3708 884 nescis

2133 923 2266 975 unde
2311 921 2506 988 veniat,
2538 923 2582 973 et
2621 937 2714 986 quc
2759 929 2877 986 eat,
2926 921 2993 974 de
3035 911 3137 974 isto
3177 929 3336 974 vento
3381 921 3533 975 dixit.
3567 915 3708 988 Quid

2134 1012 2273 1066 enim
2320 1011 2607 1064 nominavit
2647 1005 2950 1064 terrenum?
2993 1005 3330 1080 Loquebatur
3367 1010 3436 1066 de
3479 1026 3710 1080 genera-

2134 1102 2276 1154 tione
2305 1101 2558 1169 spirituali
2589 1119 2602 1155 :
2647 1111 2858 1154 secutus
2884 1102 2954 1154 ait
2977 1141 2992 1165 ,
3021 1095 3109 1156 Sic
3132 1110 3204 1155 est
3239 1102 3400 1154 ontnis
3435 1103 3520 1172 qui
3560 1112 3710 1156 natus

2133 1205 2202 1248 est
2245 1211 2306 1248 ex
2347 1193 2566 1263 Spiritu.
2613 1191 2841 1258 Deinde,
2889 1191 3115 1258 fratres,
3161 1184 3279 1263 quis
3319 1191 3560 1247 nostrum
3600 1195 3708 1248 non

2134 1285 2335 1348 videat,
2363 1283 2510 1337 verbi
2533 1283 2696 1352 gratia
2718 1323 2732 1347 ,
2775 1291 3010 1338 austrum
3041 1292 3252 1337 euntem
3293 1281 3360 1337 de
3389 1274 3609 1338 meridie
3637 1283 3705 1338 ad

2132 1374 2430 1442 aquilonem
2456 1389 2471 1439 ;
2517 1381 2606 1426 aut
2631 1373 2792 1426 alium
2821 1383 3036 1426 ventum
3065 1371 3364 1426 venientem
3406 1373 3472 1427 ab
3499 1374 3710 1430 oriente

2132 1465 2196 1518 ad
2223 1463 2582 1518 occidentem?
2608 1463 2874 1533 quomodo
2905 1479 3030 1532 ergo
3057 1462 3321 1518 nescimus
3361 1465 3500 1526 unde
3519 1467 3710 1520 ‘veniat

2133 1564 2186 1609 et
2214 1569 2318 1624 quo
2347 1555 2470 1608 eat?
2493 1553 2628 1622 Quid
2649 1569 2775 1624 ergo
2799 1553 2930 1608 dixit
2960 1564 3254 1620 terrenum,
3287 1556 3425 1623 quod
3453 1571 3556 1610 non
3583 1571 3706 1611 cre-

2131 1644 2327 1698 debant
2361 1644 2638 1698 homines?
2665 1646 2744 1698 An
2791 1643 2916 1698 illud
2960 1643 3100 1712 quod
3126 1643 3192 1698 de
3235 1644 3433 1714 templo
3475 1633 3707 1700 resusci-

2135 1734 2293 1788 tando
2315 1735 2560 1788 dixerat?
2579 1735 2786 1804 Corpus
2805 1734 2945 1788 enim
2972 1749 3123 1787 suum
3154 1734 3220 1788 de
3246 1744 3383 1788 terra
3406 1733 3708 1806 acceperat,

2133 1829 2187 1880 cl
2215 1825 2380 1894 ipsam
2413 1833 2602 1879 terram
2633 1825 2698 1878 de
2725 1833 2937 1878 terreno
2963 1840 3186 1894 corpore
3213 1836 3515 1898 susceptam
3547 1843 3708 1898 para-

2133 1915 2224 1969 bat
2248 1915 2522 1969 suscitare.
2553 1913 2668 1968 Non
2695 1914 2742 1970 ei
2763 1913 3017 1968 creditum
3041 1924 3123 1969 est
3147 1925 3340 1970 terram
3366 1917 3706 1973 suscitaturo.

2135 2001 2196 2060 Si
2223 2007 2470 2058 terrestria
2491 2046 2506 2070 ,
2533 2005 2735 2086 inquit,
2777 2003 2881 2058 dixi
2908 2005 3042 2059 vobis
3085 2011 3130 2058 et
3167 2013 3266 2060 non
3293 2005 3494 2060 creditis
3519 2023 3538 2061 :
3575 2024 3708 2079 quo-

2132 2096 2308 2160 modo,
2339 2097 2382 2150 si
2422 2097 2638 2149 caelestia
2683 2093 2855 2149 dixero
2876 2138 2890 2158 ,
2921 2091 3174 2150 credetis?
3203 2094 3316 2151 Hoc
3359 2106 3442 2152 est
3465 2139 3480 2162 ,
3523 2098 3569 2152 si
3599 2101 3710 2156 ιιοῆ

2132 2185 2345 2239 creditis
2369 2186 2489 2254 quia
2519 2185 2771 2254 templum
2803 2191 3016 2254 p‘ossum
3045 2186 3365 2240 resuseitar‘e
3391 2185 3655 2256 dejectum
3674 2191 3710 2242 la

2131 2276 2322 2340 vobis;
2355 2275 2622 2346 quomodo
2664 2276 2890 2331 credetis
2931 2276 3057 2348 quia
3086 2291 3182 2346 per
3211 2276 3462 2348 Spiritum
3505 2275 3711 2348 possint

2133 2367 2374 2422 homines
2411 2359 2754 2436 regenerari?

2203 2457 2256 2511 8.
2295 2458 2362 2511 Et
2400 2455 2676 2526 sequitur:
2718 2453 2786 2508 Et
2826 2465 2968 2509 uento
3004 2456 3226 2510 ostendit
3258 2458 3312 2510 in
3349 2447 3562 2524 arium,
3611 2457 3714 2512 ιιἰὸ

2131 2549 2216 2618 qui
2257 2547 2507 2602 descendit
2543 2547 2606 2600 de
2637 2547 2758 2600 oculo
2781 2587 2796 2609 ,
2824 2543 2990 2600 Filius
3017 2547 3231 2599 hominis
3259 2547 3344 2618 qui
3370 2559 3439 2600 est
3467 2549 3518 2600 in
3559 2549 3706 2602 εωισ.

2134 2639 2269 2693 Ecce
2299 2639 2384 2691 hic
2417 2647 2564 2703 erat,
2613 2645 2665 2691 et
2694 2637 2746 2690 in
2773 2637 2910 2692 coelo
2947 2644 3100 2691 erat:
3144 2637 3230 2691 hic
3269 2645 3385 2691 erat
3421 2654 3582 2693 carne
3605 2681 3620 2702 ,
3651 2639 3709 2694 iii

2133 2729 2270 2784 caelo
2299 2739 2412 2782 erat
2440 2727 2752 2790 divinitate;
2803 2727 2910 2781 imo
2932 2767 2946 2793 ,
2977 2727 3168 2794 ubique
3203 2727 3496 2782 divinitate.
3545 2727 3714 2784 Natus
3767 2727 3770 2730 ’

2133 2819 2200 2875 de
2245 2828 2443 2886 matre,
2489 2833 2594 2872 non
2645 2818 2901 2872 recedens
2941 2833 2970 2871 a
3017 2817 3194 2872 Patre.
3237 2817 3363 2871 Dine
3408 2817 3714 2874 nativitates

2133 2911 2331 2968 Christi
2383 2912 2781 2980 intelliguntur;
2829 2925 2932 2964 una
2979 2908 3184 2975 divina,
3230 2911 3392 2964 altera
3435 2909 3709 2965 humana‘:

2134 3013 2236 3058 tina
2263 3019 2360 3074 per
2385 3017 2541 3072 quam
2571 3001 2902 3057 eflicereinur
2921 3043 2935 3066 ,
2966 3001 3130 3055 altera
3159 3017 3250 3070 per
3275 3017 3430 3071 quam
3459 3003 3712 3062 reficere-‘-

2135 3111 2290 3150 mur:
2339 3095 2508 3149 ambas
2559 3093 2866 3156 mirabiles;
2917 3091 3004 3146 illa
3054 3094 3168 3147 sine
3215 3103 3410 3157 matre,
3457 3093 3555 3146 ista
3593 3092 3715 3148 sine

2134 3200 2302 3260 patre.
2353 3189 2458 3244 Sed
2505 3189 2624 3260 quia
2668 3185 2735 3243 de
2777 3187 2943 3242 Adam
2989 3197 3182 3254 Corpus
3227 3195 3540 3255 ac‘ceperat,
3583 3187 3712 3255 quia

2133 3281 2294 3336 Maria
2325 3280 2392 3334 de
2428 3279 2592 3334 Adam
2615 3322 2628 3345 ,
2659 3279 2932 3348 ipsamqiie
2959 3287 3150 3345 corpus
3179 3277 3525 3331 suscitaturus
3554 3283 3670 3332 erat
3693 3291 3714 3331 :

2137 3379 2402 3426 terrenum
2426 3369 2674 3438 quiddam
2701 3368 2942 3432 dixerat,
2969 3368 3158 3422 Solvite
3181 3365 3424 3434 templum
3441 3369 3565 3432 hoc,
3587 3376 3636 3420 et
3653 3365 3712 3422 tu

2135 3460 2290 3513 tribus
2313 3460 2482 3513 diebus
2506 3457 2750 3512 suscitabo
2773 3457 2904 3510 illud
2932 3455 3106 3529 (Joan.
3137 3472 3172 3510 ιι
3189 3498 3202 3520 ,
3231 3455 3338 3527 l9).
3364 3456 3593 3512 Caleste
3615 3469 3715 3510 au-

2137 3559 2241 3604 tem
2268 3548 2513 3618 quiddam
2541 3547 2702 3614 dixit,
2733 3545 2853 3602 Nisi
2879 3550 2988 3616 quis
3017 3556 3218 3600 renatus
3248 3547 3396 3617 fuerit
3421 3563 3484 3600 ex
3506 3563 3638 3616 aqua
3658 3551 3712 3600 ει

2138 3641 2334 3712 Spiritu
2353 3683 2367 3706 ,
2391 3657 2490 3694 non
2520 3638 2699 3694 videbit
2737 3655 2942 3708 regnum
2969 3637 3063 3691 Dei
3087 3635 3196 3709 (Id.
3223 3653 3313 3701 ιιι,
3341 3633 3415 3707 5).
3447 3635 3565 3702 Eia,
3597 3634 3714 3695 fra-

2140 3739 2276 3798 tres,
2329 3731 2468 3785 Deus
2509 3731 2674 3784 voluit
2719 3745 2836 3784 esse
2879 3729 3015 3782 filius
3060 3728 3318 3793 hominis,
3366 3738 3421 3782 et
3465 3727 3714 3782 homines

2138 3823 2301 3878 voluit
2329 3837 2447 3878 esse
2477 3821 2610 3876 filios
2637 3822 2748 3876 Dei.
2779 3819 2895 3888 Ipse
2919 3819 3190 3874 descendit
3215 3828 3428 3888 prepter
3455 3833 3552 3872 nos
3570 3859 3586 3884 ,
3613 3831 3718 3874 nos

2139 3913 2486 3968 ascendamns
2521 3921 2733 3981 propter
2771 3912 2962 3980 ipsum.
2994 3909 3146 3964 Solus
3175 3911 3316 3962 enim
3351 3908 3626 3963 descendit
3662 3917 3721 3963 et

2139 4003 2406 4068 ascendit,
2438 4004 2526 4071 qui
2555 4003 2655 4057 hoc
2680 4003 2786 4066 ait,
2821 4001 2983 4054 Nnno
3010 3999 3233 4055 ascendit
3273 4000 3326 4054 in
3371 4000 3576 4063 oculum,
3619 3999 3722 4054 nisi

2139 4095 2226 4162 qui
2268 4091 2520 4145 descendit
2569 4091 2630 4144 de
2668 4093 2810 4145 coelo.
2855 4091 2970 4145 Non
3013 4104 3140 4160 ergo
3185 4089 3454 4146 escensuri
3497 4096 3620 4144 sunt
3662 4089 3720 4144 in

2141 4183 2334 4237 coelum
2377 4195 2510 4250 quos
2545 4180 2667 4234 facit
2715 4182 2848 4234 lilios
2890 4181 3016 4235 Dei?
3046 4182 3326 4234 Ascensuri
3361 4181 3551 4248 plane:
3601 4178 3723 4235 litae

2145 4274 2296 4328 nobis
2315 4274 2598 4342 promissio
2619 4279 2716 4335 est,
2744 4273 2906 4324 Erunt
2926 4273 3142 4340 (cquales
3165 4272 3364 4342 Angelis
3385 4270 3480 4324 Dei
3499 4270 3720 4340 (Matth.

2147 4381 2264 4418 xxu
2285 4407 2297 4428 ,
2327 4365 2436 4426 50).
2461 4364 2736 4430 Quomodo
2759 4377 2883 4432 ergo
2907 4376 3066 4416 nemo
3093 4361 3356 4426 ascendit,
3387 4361 3483 4414 nisi
3509 4361 3597 4430 qui
3623 4360 3724 4415 de-

2145 4455 2392 4509 scendit?
2419 4455 2548 4519 Quia
2593 4467 2726 4506 unus
2765 4447 3072 4514 descendit,
3117 4465 3252 4504 unus
3283 4451 3539 4506 ascendit.
3579 4449 3720 4516 Quid

2144 4546 2211 4600 de
2254 4545 2494 4600 caeteris?
2536 4543 2658 4614 quid
2713 4543 3133 4611 intelligendum,
3165 4542 3262 4596 nisi
3305 4543 3424 4611 quia
3477 4540 3720 4597 Inembra

2147 4637 2260 4705 ejus
2285 4645 2464 4700 erunt,
2515 4643 2572 4688 ut
2615 4649 2750 4688 unus
2787 4631 3076 4687 ascendat?
3119 4632 3401 4700 Propterea
3441 4629 3722 4700 sequitur,

2149 4726 2312 4781 Nemo
2339 4726 2556 4780 ascendit
2585 4726 2637 4778 in
2673 4725 2850 4778 razlum
2871 4765 2885 4788 ,
2918 4723 3013 4776 nisi
3051 4723 3134 4790 qui
3161 4721 3224 4774 de
3262 4721 3387 4774 cmlo
3431 4705 3724 4785 descendit,

2149 4817 2316 4870 Filius
2347 4815 2560 4869 hominis
2584 4815 2669 4884 qui
2693 4823 2763 4866 est
2789 4815 2840 4865 in
2870 4813 3010 4866 aulo.
3043 4811 3246 4866 Miraris
3274 4811 3396 4880 quia
3423 4819 3477 4864 et
3501 4809 3588 4865 hic
3611 4818 3730 4864 erat

2149 4917 2202 4962 et
2231 4909 2280 4961 in
2311 4907 2488 4962 casio?
2519 4905 2674 4959 Tales
2705 4905 2824 4958 fecit
2852 4903 3136 4972 discipulos
3162 4917 3307 4957 suos.
3353 4902 3573 4956 Paulum
3603 4901 3730 4956 audi

2147 5000 2444 5069 apostolum
2495 4997 2800 5060 dicentem,
2849 4993 3044 5048 Nostra
3089 5003 3260 5048 autem
3317 4993 3624 5047 conversatio
3675 4993 3733 5047 in

2150 5091 2285 5145 oculis
2309 5099 2380 5142 est
2409 5088 2662 5159 (Philipp.
2685 5103 2741 5141 ιιι
2765 5129 2779 5152 ,
2811 5087 2925 5158 20).
2965 5086 3020 5142 Si
3049 5087 3208 5141 homo
3235 5087 3430 5140 Paulus
3456 5085 3734 5156 apostolus

2150 5181 2452 5234 ambulabat
2477 5180 2528 5232 in
2550 5193 2710 5232 carne
2732 5177 2782 5231 in
2810 5187 2968 5240 terra,
2992 5184 3044 5231 et
3061 5176 3473 5230 conversabatur
3493 5176 3546 5230 in
3565 5175 3734 5241 calo,

2154 5273 2291 5326 Deus
2316 5271 2436 5326 caeli
2475 5279 2528 5326 et
2559 5279 2712 5324 terra:
2745 5283 2849 5323 non
2881 5276 3086 5338 poterat
3113 5281 3233 5322 esse
3261 5275 3314 5322 et
3343 5267 3396 5321 in
3425 5266 3562 5322 cauo
3589 5275 3642 5322 et
3677 5266 3734 5320 iu

2155 5373 2292 5418 terra
2314 5363 2335 5414 ?
3605 5405 3608 5408 .

2224 5454 2278 5510 9.
2317 5453 2373 5508 Si
2411 5467 2540 5524 ergo
2577 5467 2767 5515 nemo,
2799 5450 2898 5504 nisi
2945 5450 3052 5516 ille,
3097 5449 3370 5506 descendit
3397 5457 3450 5505 et
3473 5445 3738 5516 ascendit,

2155 5564 2273 5618 qua:
2313 5561 2434 5616 spes
2461 5555 2544 5601 est
2579 5543 2826 5598 ueteris?
2853 5543 2924 5596 Ea
2963 5558 3086 5614 spes
3113 5553 3195 5599 est
3221 5544 3460 5609 caeteris,
3499 5540 3620 5613 quia
3649 5539 3746 5594 ille

2155 5648 2436 5712 prepterea
2455 5636 2731 5693 descendit
2749 5645 2805 5690 ut
2829 5636 2880 5690 in
2909 5636 2998 5692 illo
3011 5647 3070 5692 ct
3087 5651 3210 5693 eum
3235 5637 3327 5694 illo
3347 5651 3478 5690 unus
3497 5635 3512 5666 ί
3532 5639 3741 5698 essent,

2225 5749 2242 5782 ⁸
2264 5747 2396 5807 Ειιίιὶ,
2424 5759 2582 5798 mann.
2605 5753 2732 5809 Mss,
2755 5759 2894 5796 imus.
