4118 6486
337 368 471 426 1180

336 485 424 553 qui
457 463 550 553 per.
576 480 724 536 illum
761 479 1030 557 ascensuri
1065 486 1263 536 essent.
1298 478 1423 536 Non
1443 482 1584 548 dicit,
1613 481 1682 536 Et
1707 482 1912 537 semini-

333 576 447 641 bus,
475 576 549 628 ait
582 573 881 643 Apostolus,
913 583 1149 643 tanquam
1180 573 1234 628 in
1258 574 1462 639 "mltis;
1481 574 1570 629 sed
1605 585 1841 644 tanquam
1861 575 1913 630 ia

335 681 458 732 uno,
486 664 555 730 Et
581 665 891 728 sentinituo,
918 665 1050 736 quod
1074 675 1146 718 est
1176 665 1419 721 Christus.
1451 667 1516 721 Et
1541 667 1782 722 lidelibus
1801 669 1874 721 ait
1897 686 1910 722 :

346 756 447 811 I'as
473 767 640 820 autem
664 755 885 822 Christi;
912 756 1146 810 siautem
1171 757 1353 812 Christi
1374 799 1388 822 ,
1419 776 1536 829 ergo
1559 775 1725 814 semen
1742 759 1914 813 Abra-

336 849 419 904 ltz
443 850 560 906 estis
581 846 776 919 (Colat.
805 865 884 914 tu,
913 849 1000 914 16,
1026 848 1142 919 29).
1169 849 1478 914 Ουοάιιιὶιὶι
1498 867 1682 916 unum,
1713 851 1812 907 hoc
1830 852 1914 906 di-

336 941 623 1004 xitomnes
651 954 748 995 nos
781 955 919 996 esse.
960 940 1082 998 Ideo
1109 941 1168 996 in
1194 941 1412 999 Psalmis
1438 942 1716 1012 aliquando
1741 943 1916 1012 plures

335 1029 578 1097 cantant,
608 1040 663 1084 ut
690 1030 1002 1086 ostendatur
1029 1030 1148 1100 quia
1169 1031 1236 1086 de
1259 1032 1496 1100 pluribus
1527 1033 1581 1086 lit
1605 1048 1774 1097 unus;
1814 1033 1916 1086 ali-

335 1119 554 1188 quando
584 1134 721 1174 unus
744 1129 942 1186 cantat,
970 1129 1025 1174 ut
1051 1121 1364 1178 ostendatur.
1390 1121 1516 1190 quid
1542 1123 1628 1176 liat
1653 1122 1719 1177 de
1757 1122 1914 1191 pluri-

335 1211 460 1270 bus.
499 1206 784 1281 Propterea
815 1227 952 1266 unus
985 1213 1269 1268 satiabatur
1308 1214 1358 1268 iu
1392 1215 1474 1268 illa
1503 1215 1699 1284 piscina
1740 1214 1913 1285 (Joan.

337 1319 395 1369 ν,
427 1304 517 1373 ι);
549 1313 604 1360 et
629 1305 862 1373 quisquis
900 1305 1032 1357 alius
1057 1304 1440 1370 descendebat,
1463 1323 1568 1360 non
1610 1309 1913 1363 satiabatur.

335 1393 486 1464 Ergo
510 1395 606 1449 istc
625 1410 760 1449 unus
779 1397 1112 1450 commendat
1135 1401 1387 1452 unitatem
1415 1399 1680 1460 Iieelosize.
1711 1399 1796 1453 Vae
1818 1400 1918 1455 illis

336 1487 429 1556 qui
453 1486 680 1540 oderunt
717 1487 989 1551 unitatem,
1031 1497 1084 1540 et
1115 1498 1287 1555 partes
1308 1489 1405 1542 sibi
1438 1488 1628 1543 faciunt
1663 1490 1720 1543 in,
1745 1489 1916 1542 homi-

337 1579 533 1632 nibus!
567 1578 795 1641 Audiant
819 1578 962 1632 illum
993 1579 1078 1648 qui
1116 1579 1322 1632 volebat
1358 1595 1450 1633 eos
1480 1578 1651 1634 facere
1679 1596 1837 1634 unmn
1867 1581 1916 1634 in

339 1684 463 1730 uno
477 1668 543 1721 ad
574 1683 735 1730 unum
769 1686 783 1723 :
807 1668 1023 1722 audiant
1051 1669 1196 1722 illum
1223 1669 1504 1734 dicentem,
1532 1668 1704 1723 Nolite
1733 1683 1823 1723 vos
1845 1669 1919 1722 la-

341 1774 471 1813 cere
497 1758 692 1821 multos
720 1776 733 1814 :
763 1775 852 1828 ego
872 1758 1114 1827 plantavi,
1141 1759 1319 1828 Apollo
1343 1760 1549 1828 rigavit;
1574 1760 1660 1813 sed
1688 1759 1823 1812 Deus
1843 1761 1921 1813 in-

336 1851 804 1914 crementumdedit
834 1868 852 1905 :
878 1853 965 1906 sed
989 1869 1145 1922 neque
1169 1853 1254 1924 qui
1279 1854 1471 1922 plantat
1501 1864 1569 1908 est
1589 1855 1798 1922 aliquid.
1828 1872 1919 1908 ηε-

336 1959 438 2012 que
473 1943 560 2012 qui
579 1943 737 2013 rigat,
751 1943 841 2002 sed
869 1945 955 2012 qui
971 1945 1328 2000 inrrcntenttmt
1351 1947 1440 1997 dat
1463 1944 1597 1998 Deus
1629 1945 1667 2017 (Ι
1691 1945 1806 1999 Cor.
1840 1962 1915 2012 tu,

337 2035 398 2099 6,
422 2035 501 2102 7).
532 2034 607 2090 Illi
629 2034 876 2089 dicebant
905 2052 918 2090 :
951 2033 1063 2106 Ego
1089 2052 1197 2088 sum
1231 2033 1416 2099 Pauli,
1461 2052 1549 2105 ego
1574 2035 1782 2104 Apollo,
1831 2053 1919 2106 ego

338 2122 551 2193 Cepltw.
581 2124 647 2178 Et
677 2125 764 2178 ille
789 2143 803 2180 :
833 2124 1034 2178 Divisus
1057 2135 1126 2178 est
1156 2125 1383 2180 Christus
1411 2125 1499 2196 (Id
1547 2142 1582 2190 l,
1617 2126 1834 2190 H.125)?
1864 2128 1918 2181 lu

337 2231 452 2272 tino
476 2225 668 2278 estote,
700 2231 860 2269 unum
889 2224 1078 2281 estote,
1103 2230 1236 2270 unus
1261 2225 1431 2270 estote
1459 2233 1472 2268 :
1508 2214 1670 2270 Nemo
1701 2233 1771 2269 αει
1787 2216 1921 2268 endit

335 2308 394 2361 in
412 2309 615 2374 calum,
639 2309 736 2361 nisi
753 2308 837 2373 qui
861 2307 921 2361 de
943 2308 1066 2360 caelo
1083 2307 1352 2366 descendit.
1383 2307 1518 2361 Ecce
1545 2309 1783 2360 volutum
1803 2323 1921 2363 esse

337 2398 441 2463 tui,
472 2398 721 2454 dicebant
747 2399 925 2452 Paulo.
950 2398 1013 2452 Et
1043 2398 1133 2452 ille
1159 2417 1172 2451 :
1196 2398 1333 2452 Nolo.
1353 2399 1470 2453 sitis
1499 2399 1663 2465 Pauli,
1688 2399 1778 2453 sed
1805 2415 1920 2469 ejus

338 2499 518 2544 estote
540 2489 693 2558 cujus
717 2497 798 2544 est
825 2489 1090 2544 vobiscum
1115 2489 1324 2544 Paulus.

413 2581 506 2642 10.
548 2579 833 2635 Descendit
860 2581 1000 2636 enim
1026 2591 1080 2635 et
1119 2592 1357 2636 mortuus
1389 2591 1487 2646 est,
1521 2590 1574 2636 et
1600 2582 1708 2651 ipsa
1752 2593 1921 2638 morte

339 2672 589 2726 liberavit
616 2685 713 2729 nos
745 2686 773 2724 a
819 2680 986 2726 morte
1018 2689 1032 2728 :
1062 2679 1232 2726 morte
1258 2673 1486 2740 occisus,
1516 2682 1736 2727 mortem
1781 2673 1922 2728 occi-

338 2762 440 2825 dit.
471 2763 538 2818 Et
565 2763 750 2827 nostis,
777 2763 982 2825 fratres,
1006 2765 1126 2832 quia
1158 2780 1300 2818 mors
1323 2765 1416 2820 ista
1448 2779 1543 2834 per
1565 2765 1758 2820 diaboli
1787 2766 1922 2820 invi-

339 2853 489 2913 diam
516 2855 728 2909 intravit
746 2854 798 2908 in
827 2855 1102 2913 mundum.
1128 2853 1264 2909 Deus
1283 2865 1488 2929 mortem
1508 2872 1608 2910 non
1623 2857 1759 2924 fecit,
1779 2858 1923 2912 Scri-

341 2955 496 3016 ptura
529 2946 788 3013 loquitur;
821 2962 908 3000 nec
943 2946 1162 3009 (tutatur,
1189 2947 1376 3015 inquit,
1405 2949 1456 3001 in
1483 2948 1760 3018 perditione
1783 2949 1922 3001 vivo-

342 3051 495 3093 rum:
521 3037 704 3089 creavit
726 3037 856 3094 enim
883 3046 940 3090 ut,
961 3046 1120 3090 essent
1141 3039 1307 3090 omnia
1329 3037 1480 3108 (Sap.
1506 3054 1543 3102 l,
1569 3039 1655 3104 15,
1681 3038 1790 3110 14).
1815 3038 1922 3095 Sed

341 3127 470 3201 quid
499 3128 567 3182 ibi
584 3128 652 3180 ait
669 3127 691 3181 ?
708 3125 906 3181 Invidia
927 3138 1089 3182 autem
1108 3128 1294 3181 diaboli
1314 3145 1445 3182 mors
1466 3129 1666 3186 intravit
1681 3129 1732 3183 in
1755 3129 1923 3184 orbem

342 3227 595 3271 terrarum
624 3215 748 3289 (Id.
780 3234 835 3282 u,
866 3218 935 3272 24
959 3219 997 3287 ).
1031 3218 1108 3272 Ad
1140 3228 1358 3272 mortem
1389 3234 1415 3271 a
1447 3219 1656 3274 diabolo
1679 3221 1924 3291 propina-

342 3317 455 3366 tam
482 3323 587 3366 non
609 3309 809 3362 veniret
838 3307 995 3363 homo
1015 3307 1062 3362 vi
1080 3308 1337 3364 adductus
1363 3326 1376 3362 :
1408 3324 1511 3362 non
1534 3310 1673 3364 enim
1700 3311 1922 3380 cogendi

284 3469 286 3471 ν
345 3399 640 3470 potentiam
669 3399 907 3453 diabolus
949 3398 1204 3464 habebat,
1235 3399 1326 3454 sed
1356 3399 1700 3468 persuadendi
1731 3416 1922 3456 versu-

345 3491 500 3544 tiam.
527 3489 640 3544 Non
667 3490 1014 3558 consentires,
1044 3491 1172 3544 nihil
1197 3491 1468 3546 invexerat
1485 3492 1726 3548 diabolus
1753 3511 1766 3549 :
1793 3508 1924 3550 con-

343 3580 528 3635 sensio
554 3590 662 3647 tua,
690 3597 722 3634 ο
749 3581 926 3646 Ιιοιηο,
951 3589 1001 3636 te
1023 3581 1265 3651 perduxit
1289 3581 1355 3637 ad
1379 3592 1621 3638 mortem.
1644 3585 1688 3638 Α
1713 3585 1923 3642 mortali

347 3673 602 3728 mortales
643 3675 771 3738 nati,
804 3690 867 3730 ex
921 3674 1300 3730 immortalibus
1348 3677 1597 3732 mortales
1648 3677 1787 3731 lacti.
1840 3678 1923 3732 Ab

349 3762 518 3816 Adam
545 3777 731 3817 omnes
755 3763 996 3818 homines
1025 3765 1273 3820 mortales
1309 3781 1323 3819 :
1363 3764 1517 3822 Jesus
1541 3775 1714 3824 autem
1756 3768 1935 3834 Filius,

353 3851 474 3918 Dei,
514 3852 746 3907 Verbum
771 3854 894 3920 Dei,
922 3868 1016 3931 per
1040 3854 1177 3923 quod
1203 3853 1338 3909 facta
1369 3864 1490 3909 sunt
1516 3857 1712 3923 omnia,
1737 3859 1923 3914 unicus

346 3942 572 4012 :equalis
596 3943 758 4010 Patri,
787 3944 1021 3998 mortalis
1065 3944 1231 4000 laetus
1255 3953 1369 4008 est;
1395 3946 1516 4016 quia
1543 3939 1772 4002 Verbum
1798 3964 1923 4004 caro

349 4032 545 4086 factum
574 4042 678 4096 est,
699 4042 763 4096 et_
783 4032 1034 4095 habitavit
1061 4033 1112 4088 in
1139 4034 1293 4090 nobis
1317 4034 1494 4106 (Ioan.
1524 4052 1562 4102 ι,
1586 4039 1672 4103 15,
1702 4037 1814 4109 14).

419 4125 444 4176 1
463 4125 508 4176 I.
551 4122 692 4198 Ergo
713 4131 934 4178 mortem
963 4125 1212 4192 suscepit,
1242 4134 1296 4179 et
1322 4134 1546 4180 mortem
1573 4127 1845 4196 suspendit
1871 4128 1939 4185 in.

346 4227 541 4278 cruce;
574 4222 628 4268 et
651 4211 717 4268 de
745 4213 854 4283 ipsa
885 4222 1056 4268 morte
1078 4215 1366 4270 liberantur
1393 4217 1664 4272 mortales.
1693 4219 1842 4286 Quod
1870 4221 1924 4275 in

349 4302 517 4373 ﬁgura
561 4305 753 4358 factum
794 4312 876 4358 est
913 4304 1050 4374 apud
1078 4306 1348 4375 antiquos,
1387 4320 1769 4372 commemorat
1795 4312 1924 4367 illud

350 4395 606 4449 Dominus
634 4411 648 4447 :
684 4393 748 4447 Et
771 4396 916 4460 sicut,
951 4395 1137 4466 inquit,
1164 4395 1363 4468 Moyses
1391 4400 1628 4459 exultavit
1649 4414 1939 4471 serpentem.

347 4486 400 4539 in
429 4502 613 4548 creato,
644 4486 717 4538 ita
736 4485 946 4539 exaltari
971 4495 1162 4556 oportet
1191 4487 1380 4542 Filium
1410 4490 1622 4551 hominis
1639 4507 1659 4557 ;
1682 4503 1736 4546 ut
1764 4495 1938 4549 omnis.

348 4576 435 4645 qui
453 4575 610 4630 credit
635 4576 686 4628 in
711 4591 824 4628 eum
848 4592 948 4630 non
977 4586 1165 4646 pereat,
1195 4577 1476 4638 sedhabeat
1496 4580 1646 4634 vitam
1665 4592 1920 4639 wternain.

349 4667 593 4736 Magnum
643 4676 1146 4736 sacramentumLct
1208 4669 1296 4738 qui
1338 4669 1612 4741 legerunt,
1646 4686 1927 4731 noverunt.

348 4756 551 4812 Deinde
578 4755 792 4810 audiant
816 4756 897 4810 vel
921 4757 1008 4826 qui
1035 4771 1137 4811 non
1171 4759 1430 4829 legerunt,
1460 4761 1544 4816 vel
1564 4763 1652 4832 qui
1681 4765 1814 4820 torte
1844 4767 1945 4822 le-.

344 4856 491 4901 ctum
513 4847 624 4901 sive
640 4846 874 4903 auditum
891 4846 1036 4908 obliti
1058 4854 1199 4902 sunt.
1221 4849 1656 4915 Prosternebatur
1672 4854 1722 4908 in
1745 4871 1926 4913 eremo

346 4935 576 5006 populus
597 4935 757 4991 Israel
779 4936 1039 4995 morsibus
1061 4947 1385 5006 serpentum,
1410 4940 1568 4996 llebat
1583 4959 1767 5015 magna
1792 4956 1938 5002 stra-.

343 5042 444 5096 ges
469 5026 753 5079 multarum
778 5026 1060 5086 mortium‘
1095 5045 1107 5081 :
1141 5029 1289 5100 plaga
1315 5030 1454 5089 enim
1485 5031 1580 5087 Dei
1619 5045 1734 5090 erat
1757 5039 1930 5092 corri-

347 5117 566 5187 pientis,
596 5126 652 5172 et
680 5115 1013 5186 ﬂagellantis,
1043 5119 1368 5175 uterudiret.
1394 5121 1819 5182 Demonstratum
1846 5137 1928 5184 est

349 5209 420 5264 ibi
451 5223 699 5278 magnum
716 5217 1101 5266 sacramentum
1119 5210 1196 5265 rei
1220 5210 1426 5280 futur:e,
1445 5213 1558 5284 ipse
1576 5217 1927 5278 Dominuste-

350 5307 522 5354 statur
545 5299 594 5352 in
617 5298 719 5354 hac
740 5299 985 5367 lectione,
1010 5309 1234 5358 utnemo
1253 5303 1418 5373 possit
1433 5305 1574 5360 aliud
1597 5307 1928 5378 interpretari

349 5407 508 5461 quam
521 5391 661 5462 quod
679 5390 791 5460 ipsa
810 5392 1002 5450 veritas
1017 5391 1082 5446 de
1094 5406 1152 5447 se
1166 5392 1379 5448 indicat.
1397 5394 1598 5450 Dictum
1615 5408 1696 5454 est
1707 5402 1844 5454 enim
1863 5401 1928 5456 ad
1949 5459 1956 5464 ,

351 5483 568 5554 Moysen
585 5498 616 5536 a
644 5483 870 5537 Domino
881 5493 936 5538 ut
952 5481 1150 5538 faceret
1163 5499 1365 5540 aeneum
1385 5499 1704 5558 serpentem,
1720 5500 1772 5547 et
1784 5494 1930 5548 exal-

355 5581 488 5628 taret
510 5575 562 5629 in
592 5574 738 5643 ligno
759 5573 811 5628 in
835 5589 1036 5641 eremo,
1064 5583 1120 5630 et
1140 5575 1450 5631 admoneret
1468 5579 1720 5648 populum
1748 5581 1954 5653 lsrael,_

356 5679 412 5720 ut
431 5664 474 5720 si
503 5667 624 5736 quis
649 5681 860 5722 morsus
878 5673 1019 5722 esset
1038 5683 1067 5722 a
1093 5679 1358 5740 serpente,
1388 5671 1532 5728 illum
1556 5684 1854 5746 serpentem
1880 5678 1935 5738 in

425 5780 442 5814 ⁸
457 5785 506 5832 to
530 5787 660 5839 Mss,
683 5787 868 5848 strages
889 5783 1144 5842 nutltorum
1163 5792 1473 5840 mortuorum.

1466 368 1865 426 TRACTATUS
1904 371 2013 426 XII.
2053 371 2280 431 CAPUT
2315 374 2400 431 lII.
2467 330 2470 332 η

3457 383 3482 438 1
3483 381 3587 441 ἰθθ

2019 487 2161 558 ligno
2189 489 2473 544 exaltatum
2519 492 2832 554 attenderet.
2866 492 3082 550 Factum
3112 502 3193 551 est
3221 513 3234 551 :
3266 497 3584 552 mordeban-

2021 587 2106 633 tur
2131 579 2392 648 homines,
2425 582 2780 652 intuebantur,
2819 595 2873 640 ct
2896 586 3218 640 sanabantur
3249 585 3434 657 (Num.
3466 580 3586 653 xxi,

2019 670 2162 743 6-9).
2207 672 2342 738 Quid
2388 685 2511 728 sunt
2559 687 2833 744 serpentes
2877 677 3220 733 mordentes?
3262 678 3479 734 Pccoata
3525 679 3593 734 de

2020 761 2339 817 mortalitate
2380 766 2572 818 carnis.
2605 767 2733 830 Quis
2769 775 2851 821 est
2875 782 3094 836 serpens
3128 769 3424 824 cxaltatus?
3452 769 3593 824 Mors

2022 850 2228 904 Domini
2252 851 2302 904 in
2324 867 2499 906 cruce.
2529 855 2656 920 Quia
2681 856 2820 910 enim
2843 871 2870 908 a
2895 868 3142 925 serpente
3171 874 3334 923 mors,
3360 873 3455 928 per
3479 873 3592 913 ser-

2022 939 2190 1008 pentis
2219 939 2441 1009 efﬁgiem
2483 944 2694 1010 ligin-ata
2736 954 2836 1000 cst.
2881 945 3082 1001 Mersus
3123 951 3382 1017 serpentis
3425 949 3592 1004 Ietba~

2021 1027 2107 1090 lis,
2136 1044 2278 1084 mors
2308 1032 2513 1086 Domini
2542 1035 2730 1088 vitalis.
2760 1036 3060 1091 Attenditur
3087 1052 3335 1106 serpens,
3373 1049 3430 1093 ut
3463 1040 3594 1094 nihil

2022 1121 2192 1175 valeat
2220 1139 2458 1192 serpens.
2481 1125 2618 1192 Quid
2638 1135 2725 1180 est
2745 1126 2882 1181 hoc?
2908 1128 3206 1183 Attenditur
3232 1145 3393 1195 mors,
3424 1141 3479 1184 ut
3510 1115 3594 1185 ni-

2023 1210 2095 1266 hil
2127 1213 2299 1267 valeat
2330 1229 2492 1267 mors.
2538 1215 2639 1269 Sed
2669 1217 2816 1283 cujus
2852 1218 3032 1272 mors?
3063 1219 3201 1272 Mors
3229 1220 3346 1273 vitae
3376 1238 3388 1273 :
3420 1219 3465 1274 si
3491 1221 3592 1274 dici

2025 1304 2401 1371 potest,,hlors
2443 1307 2594 1368 vitm;
2637 1307 2742 1360 imo
2783 1308 3030 1376 quiadici
3062 1311 3593 1377 potest,.mirabiliter

2023 1391 2234 1446 dicitur.
2269 1395 2371 1448 Sed
2403 1396 2652 1464 numquid
2681 1412 2782 1449 non
2809 1399 2907 1451 erit
2929 1397 3206 1454 dicendum
3230 1401 3369 1468 quod
3395 1400 3492 1456 fuit
3519 1403 3593 1456 fa-

2023 1481 2305 1535 ciendum?
2333 1484 2440 1553 Ego
2468 1484 2701 1540 dubitem
2727 1487 2902 1541 dicere
2931 1488 3069 1556 quod
3103 1491 3352 1546 Dominus
3384 1506 3480 1560 pro
3505 1508 3593 1548 mo

2023 1572 2266 1640 dignatus
2308 1584 2388 1628 est
2428 1573 2631 1630 facere?
2670 1575 2855 1632 Nonne
2881 1578 2987 1632 vita
3015 1577 3287 1634 Christus?
3330 1591 3382 1636 et
3418 1589 3594 1658 tamen

2024 1661 2087 1715 in.
2120 1678 2277 1717 cruce
2314 1664 2574 1720 Christus.
2619 1666 2806 1722 Nonne
2844 1669 2954 1724 vita
2993 1669 3273 1725 Christus?
3321 1681 3374 1726 et
3417 1681 3594 1727 tamen

2023 1763 2259 1808 mortuus
2286 1755 2546 1812 Christus.
2586 1758 2688 1813 Sed
2721 1761 2775 1814 in
2803 1769 2970 1826 morte
2998 1762 3192 1816 Christi
3223 1780 3365 1818 mors
3389 1774 3596 1820 mortua

2024 1855 2133 1909 est;
2172 1847 2290 1914 quia
2318 1849 2420 1902 \‘it't
2457 1852 2876 1906 mortuaoccidit
2903 1863 3149 1914 mortem,
3179 1855 3449 1922 plenitudo
3476 1857 3599 1911 vitae

2024 1932 2295 2004 deglutivit
2321 1947 2542 1993 mortem
2570 1957 2582 1991 :
2611 1943 2857 2008 absorpta
2883 1951 2965 1996 est
2995 1958 3138 1997 mors
3169 1943 3219 1996 in
3246 1943 3442 2012 Christi
3473 1960 3597 2000 cor—

2025 2039 2172 2094 pore.
2197 2026 2284 2082 Sic
2307 2037 2353 2082 et
2379 2045 2474 2083 nos
2495 2029 2730 2085 dicemus
2753 2032 2803 2086 in
2827 2035 3233 2099 resurrectione,
3256 2037 3466 2106 quando
3486 2038 3597 2107 jam

2025 2116 2407 2188 triumphantes
2450 2123 2807 2188 cantabimus,
2842 2124 2938 2178 Ubi
2983 2135 3091 2192 est,
3137 2143 3299 2194 mors,
3348 2131 3600 2186 contentio

2027 2214 2111 2260 tua
2132 2209 2156 2260 ?
2179 2209 2261 2262 ubi
2287 2219 2379 2276 est,
2409 2228 2560 2277 mors,
2605 2214 2808 2267 aculeus
2837 2225 2950 2268 tuus
2979 2214 3032 2287 (I
3072 2215 3190 2270 Cor.
3221 2234 3306 2284 xv,
3337 2220 3424 2285 54,
3453 2219 3599 2290 55)?

2025 2293 2236 2351 Interim
2268 2295 2444 2368 medo,
2477 2300 2702 2366 fratres,
2733 2314 2788 2372 ut
2829 2320 2856 2357 a
2902 2315 3115 2374 peccato
3145 2323 3410 2373 sanemur,
3437 2309 3598 2365 Chri-

2026 2398 2164 2441 stum
2199 2390 2508 2445 crucifixum
2551 2393 2879 2458 intueamur;
2925 2397 3043 2465 quia
3085 2398 3209 2451 sirut
3251 2397 3481 2469 Moyses,
3522 2401 3601 2455 in-

2026 2482 2158 2550 quit,
2205 2485 2440 2538 eaaltavit
2477 2495 2748 2554 serpentem
2785 2489 2836 2541 in
2859 2507 3040 2552 eremo,
3071 2493 3139 2543 ita
3168 2493 3380 2547 exaltari
3405 2504 3600 2564 oportet

2027 2569 2218 2625 Filium
2245 2573 2494 2639 hominis;
2533 2584 2584 2628 ut
2614 2578 2772 2631 omnis
2798 2579 2882 2647 qui
2921 2579 3074 2632 credit
3100 2581 3152 2633 in
3193 2598 3326 2649 eum,
3355 2599 3454 2636 non
3481 2600 3602 2655 pcr-

2026 2669 2123 2723 cat,
2169 2661 2257 2715 sed
2297 2663 2473 2716 habeat
2523 2665 2672 2718 vitam
2712 2677 2965 2720 tetri-nam.
3005 2668 3280 2735 Quomodo
3305 2672 3394 2740 qui
3429 2672 3602 2728 intue-

2027 2750 2218 2805 bantur
2253 2753 2397 2806 illum
2433 2765 2754 2823 serpentem,
2789 2771 2891 2809 non
2921 2760 3164 2827 peribant
3189 2761 3451 2816 morsibus
3480 2776 3598 2816 ser-

2028 2849 2274 2908 pentum;
2302 2843 2379 2896 sic
2402 2845 2488 2913 qui
2513 2845 2778 2899 intuentur
2799 2846 2900 2901 [ide
2921 2857 3142 2904 mortem
3169 2849 3383 2917 Christi,
3406 2866 3600 2906 sanan-

2028 2937 2113 2983 tur
2153 2946 2183 2984 a
2234 2933 2496 2987 morsibus
2523 2945 2881 3003 peccatorum.
2930 2937 3035 2992 Sed
3083 2939 3156 2992 illi
3201 2941 3522 2996 sanabantur
3567 2959 3598 2996 a

2027 3031 2196 3077 morte
2207 3025 2272 3078 ad
2289 3026 2443 3079 vitam
2460 3029 2800 3101 temporalem
2817 3047 2830 3084 :
2850 3029 2935 3086 hic
2950 3038 3122 3084 autem
3132 3032 3227 3096 ait,
3242 3019 3601 3090 uthabeantui-

2027 3121 2129 3164 tam
2153 3123 2404 3168 teternam.
2427 3117 2539 3171 lloc
2560 3119 2698 3171 enim
2716 3109 2945 3174 interest
2969 3121 3106 3176 inter
3130 3121 3399 3189 ﬁguratam
3417 3125 3602 3194 imagi-

2027 3193 2148 3256 nem
2161 3198 2216 3259 e‘t
2228 3221 2337 3260 rem
2352 3207 2545 3275 ipsam:
2565 3208 2725 3277 ﬁgura
2746 3210 3028 3280 praestabat
3047 3212 3202 3266 vitam
3221 3193 3597 3283 temporalem;

2027 3307 2114 3346 res
2136 3294 2245 3362 ipsa
2271 3295 2420 3364 cujus
2447 3299 2532 3357 illa
2564 3300 2726 3369 ligura
2747 3309 2880 3366 erat,
2907 3310 3121 3370 praestat
3145 3303 3300 3358 vitam
3321 3313 3596 3360 teternam.

2102 3384 2189 3445 l2.
2232 3384 2285 3439 Ν
2291 3389 2514 3443 onenim
2544 3391 2678 3444 misit
2703 3390 2840 3446 Deus
2869 3391 3234 3450 Filium-suum
3255 3395 3307 3451 in
3332 3397 3599 3464 mundum,

2028 3484 2082 3526 ut
2100 3476 2296 3545 judicet
2323 3479 2584 3546 mundum,
2615 3481 2704 3534 sed
2731 3492 2783 3535 ut
2821 3483 3044 3540 salvetur
3061 3484 3280 3539 mundus
3303 3503 3393 3556 per
3411 3487 3597 3556 ipsum.

2029 3564 2170 3636 Ergo
2203 3576 2452 3637 quantum
2491 3569 2540 3624 in
2571 3571 2776 3627 medico
2807 3582 2908 3638 est,
2937 3588 3125 3630 sanare
3151 3576 3295 3634 venit
3321 3585 3599 3647 a'grotum.

2026 3655 2145 3726 Ipse
2167 3673 2226 3713 se
2247 3660 2520 3726 interimit,
2553 3663 2639 3740 qui
2669 3674 2929 3732 praecepta,
2953 3665 3153 3740 medici
3178 3667 3464 3722 observare
3491 3683 3599 3725 non

2025 3741 2157 3816 vult.
2193 3749 2349 3810 Venit
2381 3750 2621 3811 Salvator
2655 3755 2722 3808 ad
2748 3755 2999 3810 mundum
3030 3775 3042 3810 :
3071 3773 3234 3826 quare
3258 3758 3500 3814 Salvator
3519 3759 3600 3814 di-

2026 3825 2143 3895 etus
2177 3849 2259 3895 est
2286 3843 2498 3906 mundi,
2533 3844 2632 3899 nisi
2664 3855 2719 3900 ut
2748 3847 2914 3901 salvet
2942 3849 3216 3914 mundum,
3245 3865 3351 3904 non
3379 3859 3434 3905 ut
3454 3850 3601 3919 judi-

2027 3939 2111 3985 cet
2137 3931 2430 3990 mundum?
2457 3933 2662 3990 Saivari
2688 3952 2791 3990 non
2819 3937 2894 3990 vis
2913 3939 2980 3992 ab
3001 3939 3144 4008 ipso;
3166 3955 3230 3994 ex
3257 3948 3308 3994 te
3326 3940 3601 4010 judicabc—

2027 4022 2122 4085 ris.
2161 4023 2228 4077 Et
2269 4025 2392 4093 quid
2427 4024 2619 4092 dicam,
2655 4027 3014 4096 judicaheris?
3043 4031 3172 4086 Vide
3201 4033 3323 4101 quid
3352 4033 3466 4088 ait:
3501 4017 3602 4100 Qui

2027 4114 2184 4168 credit
2222 4115 2274 4168 in
2319 4133 2432 4171 eum
2453 4157 2474 4184 ,
2510 4135 2611 4172 non
2644 4120 2937 4188 judicatur;
2959 4123 3045 4193 qui
3083 4134 3248 4178 autem
3275 4142 3374 4180 non
3401 4127 3604 4182 credit:

2028 4205 2152 4273 quid
2181 4205 2442 4262 dicturum
2479 4211 2693 4278 Speras‘
2725 4211 2855 4278 nisi,
2891 4214 3190 4281 iudicatur?
3218 4216 3360 4285 jam,
3394 4216 3602 4286 inquit,

2017 4297 2282 4366 judicatus
2311 4308 2401 4352 est.
2431 4299 2671 4357 Nondum
2699 4305 2937 4371 apparuit
2960 4304 3236 4372 judicium,
3267 4306 3363 4362 sed
3386 4307 3494 4376 jam
3520 4307 3606 4362 fa-

2029 4394 2170 4440 ctum
2192 4397 2274 4445 est
2292 4387 2564 4457 judicium.
2590 4391 2743 4445 Novit
2760 4393 2899 4447 enim
2915 4394 3175 4468 Dominus
3199 4395 3288 4465 qui
3309 4406 3428 4451 sunt
3453 4396 3602 4465 ejus:

2029 4479 2176 4534 novit
2203 4481 2288 4549 qui
2319 4491 2659 4550 permaneant
2683 4483 2748 4536 ad
2769 4499 3037 4548 coronam,
3060 4487 3145 4554 qui
3175 4497 3514 4556 permaneant
3537 4487 3606 4543 ad

2029 4570 2330 4636 ﬂammam;
2357 4574 2501 4628 novit
2540 4574 2590 4627 in
2631 4590 2754 4629 arca
2780 4591 2872 4630 sua
2905 4579 3329 4644 triticum,_novit
3360 4581 3602 4651 paleam;

2028 4664 2176 4717 novit
2217 4666 2667 4734 segetem,_novit
2693 4668 2909 4722 mania.
2941 4669 3060 4725 .lam
3099 4670 3361 4740 judicatus
3389 4683 3472 4729 est
3513 4674 3606 4742 qui

2029 4769 2137 4815 non
2176 4756 2360 4810 credit.
2407 4757 2580 4824 Quare
2621 4758 2916 4827 judicatus?
2961 4761 3092 4827 Quia
3134 4780 3234 4818 non
3280 4767 3523 4820 credidit”
3551 4767 3605 4819 in

2031 4848 2228 4900 nomine
2253 4847 2495 4918 unigeniti
2523 4848 2648 4904 Filii
2665 4849 2784 4905 Dei.

2104 4937 2192 4990 15.
2235 4935 2348 4988 Hoc
2376 4948 2445 4990 est
2472 4948 2637 4992 autem
2648 4941 2914 5009 judicium,
2944 4943 3062 5012 quia
3096 4943 3184 4998 tua:
3213 4949 3341 4999 venit
3377 4946 3430 4998 in
3456 4960 3606 4997 mun-

2033 5024 2173 5089 dum,
2200 5035 2248 5079 et
2272 5027 2552 5082 dilexerunt
2575 5029 2798 5084 homines
2819 5032 2977 5102 magis
3001 5033 3224 5088 tenebras
3243 5050 3391 5103 quam
3411 5034 3606 5088 lucem:

2032 5123 2173 5167 erant
2211 5116 2342 5168 enim
2380 5117 2513 5170 mala
2550 5135 2701 5189 opera
2730 5137 2919 5174 eorum.
2961 5122 3173 5177 Fratres
3211 5123 3350 5188 mei,
3380 5139 3607 5192 quorum

2034 5219 2195 5279 opera
2235 5205 2368 5259 bona
2411 5209 2610 5263 invenit
2648 5211 2936 5266 Dominus?
2970 5213 3243 5268 Nullorum
3298 5230 3312 5267 :
3368 5216 3606 5270 omnium

2035 5295 2173 5348 mala
2209 5311 2368 5365 opera
2404 5297 2621 5357 invenit.
2665 5300 2940 5366 Quomodo
2968 5318 3094 5373 ergo
3129 5305 3342 5372 quidam
3369 5305 3611 5364 fecerunt

2037 5389 2416 5455 veritatem,_et
2433 5403 2688 5448 venerunt
2715 5394 2780 5448 ad
2819 5395 3024 5449 lucem?
3052 5396 3118 5450 Et
3138 5397 3238 5450 hoc
3261 5397 3403 5452 enim
3425 5399 3606 5468 sequi-

2039 5486 2154 5532 tur:
2183 5478 2280 5545 Qui
2299 5490 2462 5534 autem
2482 5483 2601 5554 facit
2619 5485 2889 5549 veritatem,
2918 5486 3046 5538 venit
3070 5485 3137 5539 ad
3153 5486 3334 5555 lucem,
3360 5498 3416 5542 ut
3439 5490 3609 5543 mani-

2040 5570 2279 5639 festentur
2305 5588 2458 5641 opera
2485 5573 2612 5642 ejus,
2641 5575 2758 5644 quia
2785 5575 2837 5628 in
2865 5574 2972 5627 Deo
2997 5587 3113 5630 sunt
3152 5582 3305 5650 facta.
3331 5580 3610 5648 Quomodo

2104 5679 2124 5748 ξ
2149 5687 2252 5748 uss.
2275 5679 2551 5748 d_uode_cim,_
2566 5687 2725 5748 putas.
2745 5684 2826 5733 Αιὶί
2852 5693 2968 5745 tres,
2991 5688 3233 5748 sperabas.

2103 5741 2219 5814 "sic
2250 5743 2396 5790 etiam
2425 5741 2680 5814 legebatur
2717 5747 2762 5793 in
2797 5741 3405 5814 antiquisCerbeiensibus
3437 5752 3612 5814 Biblils,

2034 5798 2176 5863 juxta
2191 5815 2419 5866 graecum,
2441 5798 2757 5855 nEnistculten.
2783 5813 2836 5857 At
2858 5798 2982 5860 nunc
3005 5798 3053 5862 in
3069 5798 3578 5878 '\’-atgdd‘€si,'craaa;
