4082 6470
495 352 629 414 H91

493 474 708 546 quidam
735 473 870 544 opus
895 470 1094 548 bonum
1137 470 1396 538 fecerunt,
1429 477 1485 524 ut
1509 469 1748 525 \enirent
1776 465 1842 522 ad
1875 467 2067 532 lucem,

491 565 548 622 id
573 575 656 622 est
695 565 760 622 ad
789 563 1101 620 Christum?
1143 571 1198 619 et
1239 561 1508 633 quomodo
1533 559 1744 630 quidam
1773 559 2075 616 dilexerunt

481 659 778 716 tenebras?
801 658 856 714 Si
886 657 1028 713 enim
1055 670 1244 713 omnes
1271 663 1578 724 peccatores
1615 653 1850 720 invenit,
1877 659 1932 707 et
1953 665 2073 706 om-

491 767 588 808 nes
609 767 638 806 a
667 759 884 822 peccato
908 759 1078 816 sanat,
1107 757 1159 804 et
1179 763 1398 816 serpens
1417 745 1506 801 ille
1535 744 1587 800 in
1621 761 1725 816 quo
1751 745 1972 815 figurata
1991 751 2076 798 est

489 858 638 902 mors
665 842 902 908 Domini,
933 855 1028 896 eos
1055 847 1206 896 sanat
1228 838 1316 908 qui
1342 837 1504 892 marsi
1531 835 1758 902 fuerant,
1786 843 1838 890 et
1859 843 2074 904 propter

489 951 729 992 morsum
756 935 1018 1006 serpentis
1059 941 1268 988 erectus
1292 939 1375 986 est
1415 945 1667 1001 serpens,
1713 929 1770 984 id
1803 937 1887 984 est
1925 941 2073 984 mors

491 1027 726 1094 Domini,
753 1035 970 1098 propter
991 1025 1240 1080 mortales
1267 1023 1526 1088 homines,
1553 1037 1686 1092 quos
1713 1020 1914 1075 invenit
1931 1018 2071 1086 inju-

487 1127 637 1183 stas;
667 1116 934 1188 quomodo
958 1114 1283 1184 intelligitur,
1319 1111 1430 1168 Hoc
1459 1121 1534 1168 est
1543 1111 1816 1185 judicium,
1841 1110 1960 1181 quia
1980 1109 2074 1163 lux

487 1210 622 1266 venit
658 1211 710 1264 in
737 1208 999 1272 mundum,
1029 1215 1074 1260 et
1103 1205 1384 1260 dilexerunt
1411 1203 1636 1258 homines
1659 1203 1820 1273 magis
1847 1198 2074 1255 tenebras

487 1319 638 1374 quam
656 1302 812 1357 lucem
843 1317 862 1355 :
889 1309 1032 1354 erant
1057 1299 1188 1354 enim
1223 1297 1360 1354 mala
1391 1313 1546 1368 opera
1571 1313 1745 1350 eorum
1761 1295 1794 1349 ἓ-
1817 1293 1952 1363 Quid
1989 1299 2076 1348 est

487 1394 626 1450 hoc?
667 1407 889 1463 quorum
915 1391 1054 1446 enim
1080 1398 1232 1446 erant
1257 1390 1395 1444 bona
1436 1401 1596 1459 opera
1615 1387 1642 1442 ἲ
1669 1384 1856 1440 Nonne
1880 1383 2072 1439 venisti

486 1494 548 1540 ut
566 1485 826 1557 justilices
861 1483 1088 1553 impios?
1117 1481 1224 1538 Sed
1260 1481 1574 1544 dilexerunt,
1617 1477 1816 1546 inquit,
1846 1475 2071 1530 tenebras

484 1577 649 1648 ntagis
664 1593 815 1646 quam
845 1576 1026 1630 lucem.
1054 1571 1133 1628 lbi
1157 1572 1334 1643 posuit
1355 1571 1459 1626 vim
1484 1586 1498 1624 :
1529 1568 1682 1624 multi
1703 1567 1843 1622 enim
1869 1565 2070 1620 dilexe«

485 1678 612 1726 runt
627 1678 842 1739 peccata
863 1682 978 1730 sua,
1001 1666 1152 1721 multi
1172 1663 1397 1720 confessi
1415 1671 1538 1718 sunt
1559 1669 1782 1732 peccata.
1799 1674 1890 1712 sua
1911 1674 1924 1712 :
1944 1654 2066 1727 quia

484 1761 574 1833 qui
596 1761 878 1817 confitetur
895 1766 1111 1829 peccata
1137 1772 1250 1822 sua,
1276 1764 1334 1810 et
1352 1761 1560 1809 accusat
1577 1759 1792 1824 peccata
1821 1765 1936 1814 sua,
1957 1747 2066 1818 jam

483 1869 606 1910 eum
633 1854 742 1908 Deo
764 1852 905 1906 facit.
930 1851 1156 1906 Accusat
1179 1849 1318 1904 Dens
1345 1856 1556 1916 peccata
1585 1853 1672 1899 tua
1697 1860 1712 1898 :
1740 1841 1788 1897 si
1815 1849 1870 1897 et
1899 1849 1951 1896 tu
1971 1855 2066 1896 ae-

483 1960 659 2011 cusas,
689 1943 1024 2013 conjungeris
1051 1939 1370 2008 Deo.Quasi
1395 1937 1513 1992 duae
1542 1951 1629 1991 res
1657 1941 1798 2001 sunt,
1827 1933 1988 1988 homo
2013 1938 2069 1988 et

481 2041 751 2106 peccator.
791 2032 942 2100 Quod
973 2031 1124 2085 audis
1163 2029 1344 2090 homo.
1377 2029 1516 2082 Deus
1545 2025 1704 2082 fecit:
1733 2023 1878 2095 quod
1915 2022 2066 2078 audis

481 2132 750 2194 peccator,
795 2123 908 2192 ipse
936 2121 1100 2176 homo
1127 2119 1270 2175 fecit.
1300 2119 1428 2174 Dele
1457 2117 1594 2187 quod
1625 2115 1813 2182 fecisti,
1843 2122 1902 2169 ut
1929 2115 2066 2170 Deus

481 2216 656 2272 salvet
677 2216 818 2287 quod
841 2215 983 2270 fecit.
1013 2213 1232 2285 Oportet
1264 2221 1323 2268 ut
1347 2211 1524 2268 oderis
1551 2211 1604 2265 in
1635 2219 1687 2266 te
1712 2225 1850 2281 opus
1883 2219 2061 2276 tuum,

481 2316 534 2362 et
563 2322 710 2362 ames
739 2307 792 2361 in
838 2315 890 2362 te
917 2321 1053 2376 Opus
1077 2305 1192 2362 Dei.
1223 2299 1352 2360 Cum
1390 2313 1566 2359 autem
1593 2303 1812 2372 coeperit
1835 2302 1929 2358 tibi
1955 2301 2066 2357 dis-

480 2398 680 2469 plicere
721 2397 862 2467 quod
900 2396 1100 2462 fecisti,
1133 2395 1255 2451 inde
1284 2395 1544 2464 incipiunt
1583 2393 1722 2449 bona
1750 2407 1910 2463 opera
1940 2401 2060 2460 tua,

481 2487 605 2558 quia
630 2501 848 2543 accusas
889 2487 1027 2541 mala
1055 2501 1224 2555 opera
1259 2494 1365 2540 tua.
1401 2483 1610 2539 hitium
1649 2499 1868 2554 operum
1896 2483 2064 2539 bono-

479 2591 621 2642 rum,
649 2561 922 2634 confessio
937 2584 1019 2632 est
1037 2591 1260 2647 operum
1281 2575 1564 2630 malorum.
1588 2572 1743 2630 Facis
1763 2573 2059 2642 veritatem,

479 2677 535 2724 et
557 2668 707 2724 venis
726 2668 792 2724 ad
822 2669 1012 2724 lucem.
1044 2667 1179 2736 Quid
1219 2675 1321 2734 est,
1353 2665 1504 2721 Facis
1525 2665 1844 2722 veritatem?
1863 2664 1980 2721 Non
2009 2673 2060 2722 te

477 2763 685 2833 palpas,
718 2777 824 2817 non
856 2761 948 2817 tibi
973 2759 1249 2826 blandiris,
1281 2775 1385 2815 non
1414 2767 1468 2815 te
1495 2757 1746 2826 adulas‘;
1773 2773 1882 2813 non
1903 2757 2057 2826 dicis,

475 2851 660 2907 Justus
685 2867 824 2924 sum,
851 2865 970 2907 cum
1001 2852 1074 2905 sis
1103 2850 1332 2920 iniquus,
1363 2857 1418 2904 et
1442 2847 1630 2919 incipis
1661 2845 1836 2904 facere
1861 2847 2060 2905 verita-

476 2949 609 2998 tem.
639 2942 806 2998 Venis
832 2951 1006 2998 autem
1047 2940 1114 2995 ad
1153 2939 1325 2996 lucem
1371 2949 1428 2996 ut
1469 2937 1873 2994 manifestentur
1899 2952 2062 3008 opera

475 3041 589 3096 tua,
615 3033 735 3102 quia
764 3033 814 3086 in
857 3033 966 3088 Deo
1009 3039 1134 3087 sunt
1161 3030 1324 3098 facta;
1351 3031 1480 3102 quia
1511 3039 1565 3086 et
1591 3031 1691 3086 hoc
1719 3030 1890 3101 ipsum
1916 3028 2059 3101 quod

475 3124 571 3179 tibi
610 3123 878 3194 displicuit
916 3133 1190 3193 peccatum
1235 3131 1407 3190 tuum,
1458 3138 1566 3178 non
1597 3124 1688 3179 tibi
1717 3124 2053 3194 displiceret,

473 3214 576 3270 nisi
619 3214 762 3271 Deus
783 3213 877 3270 tibi
907 3215 1136 3282 luceret,
1163 3223 1218 3269 et
1242 3214 1358 3284 ejus
1385 3215 1578 3270 veritas
1610 3215 1701 3270 tibi
1730 3214 2054 3271 ostenderet.

473 3305 580 3362 Sed
603 3307 691 3377 qui
713 3313 772 3362 et
791 3307 1092 3374 admonitus
1113 3307 1284 3378 diligit
1309 3314 1526 3375 peccata
1567 3320 1683 3370 sua,
1719 3305 1832 3360 odit
1867 3305 2056 3360 admo-

473 3406 688 3454 nentem
715 3398 888 3454 lucem
931 3406 986 3452 et
1009 3397 1138 3466 fugit
1163 3412 1304 3462 eam,
1349 3407 1537 3450 utnon
1581 3405 1869 3467 arguantur
1896 3411 2058 3467 opera

475 3489 593 3560 ejus
611 3489 748 3543 mala
766 3503 884 3559 qua:
903 3488 1092 3559 diligit.
1117 3487 1216 3554 Qui
1234 3497 1410 3543 autem
1436 3487 1558 3542 facit
1581 3489 1878 3554 veritatem,
1903 3503 2062 3543 accu-

475 3580 638 3637 satin
667 3596 728 3637 se
755 3580 894 3635 mala
923 3595 1051 3647 sua;
1079 3595 1186 3634 non
1218 3577 1316 3634 sibi
1345 3579 1533 3648 parcit,
1561 3594 1666 3634 non
1690 3579 1787 3634 sibi
1811 3579 2060 3648 ignoscit,

474 3681 538 3729 ut
577 3673 720 3730 Deus
757 3673 1031 3742 ignoscat:
1059 3672 1180 3742 quia
1217 3673 1356 3741 quod
1387 3672 1499 3726 vult
1525 3679 1584 3725 ut
1613 3671 1753 3726 Deus
1780 3671 2054 3741 ignoscat,

472 3765 590 3837 ipse
609 3765 868 3837 agnoscit,
891 3774 946 3821 et
969 3765 1194 3821 venitad
1215 3765 1420 3831 lucem;
1444 3765 1527 3820 cui
1547 3767 1742 3836 gratias
1766 3767 1891 3837 agit,
1917 3765 2056 3837 quod

471 3856 549 3912 illi
576 3856 700 3927 quid
732 3856 784 3912 in
814 3872 874 3913 se
891 3857 1092 3912 odisset
1119 3857 1431 3912 ostenderit.
1464 3857 1600 3911 Dicit
1625 3857 1754 3922 Deo,
1783 3861 1958 3911 Averte
1977 3857 2057 3928 fa-

473 3949 601 4001 ciem
628 3957 766 4001 tuam
794 3963 825 4000 a
867 3949 1082 4017 peccatis
1111 3949 1236 4002 meis
1271 3964 1290 4001 :
1325 3958 1378 4002 et
1407 3963 1508 4018 qua
1543 3947 1716 4002 fronte
1752 3947 1911 4014 dicit,
1954 3947 2054 4002 nisi

471 4035 667 4091 iterum
707 4035 866 4100 dicat,
900 4035 1150 4102 Quoniam
1175 4037 1371 4106 facinus
1397 4025 1561 4090 meum
1591 4052 1680 4105 ego
1719 4051 1980 4106 cognosco,
2009 4045 2056 4089 et

474 4137 922 4198 peceatummcum
946 4143 1116 4181 coram
1140 4144 1220 4182 me
1243 4136 1315 4181 est
1347 4143 1540 4197 semper
1567 4125 1734 4195 (Psal.
1766 4142 1816 4188 ι..
1848 4128 1936 4192 li,
1961 4127 2055 4196 5)?

1435 351 1508 446 ΙΝ⁸
1537 349 1812 408 JOANNIS
1852 343 2314 416 EV'ANGELIUM,
2353 345 2410 406 5..
2450 349 2814 412 AUGUSTINI

3621 359 3758 420 “92

2181 461 2404 534 linguae,
2437 473 2526 518 aut
2552 465 2928 537 cogitationum
2947 509 2962 535 ,
2997 473 3087 522 aut
3113 467 3562 526 immoderationis
3591 471 3642 527 in
3670 476 3760 530 re-

2179 552 2278 607 bus
2293 556 2582 624 concessis,
2603 555 2723 611 facit
2745 557 3019 614 veritatcm
3045 558 3389 615 confessionis
3410 600 3426 628 ,
3447 568 3502 616 et
3524 562 3668 616 venit
3687 561 3757 618 ad

2179 645 2352 702 lucem
2379 647 2430 702 in
2457 647 2708 718 operibus
2732 646 2886 703 bonis
2913 666 2926 703 :
2955 650 3203 720 quoniam
3231 652 3428 704 minuta
3460 651 3606 722 plura
3635 667 3762 723 pec-

2177 747 2294 794 cata
2320 739 2365 794 si
2395 741 2747 810 negligantur,
2773 739 3039 796 occidunt.
3070 741 3281 796 Minuta:
3301 753 3420 796 sunt
3449 753 3610 813 gutta:
3638 761 3761 814 quas

2178 827 2394 896 flumina
2427 829 2648 900 implent
2686 848 2700 884 :
2743 832 2944 886 minuta
2981 841 3105 887 sunt
3143 848 3304 902 grana
3341 848 3548 900 arcum;
3583 835 3677 890 sed
3709 837 3761 892 si

2175 921 2339 976 multa
2365 936 2526 976 arena
2561 923 2882 994 imponatur,
2914 923 3107 994 premit
3139 933 3296 994 atque
3329 925 3598 994 opprimit.
3645 926 3760 982 Hoc

2177 1009 2301 1076 facit
2323 1014 2530 1068 sentina
2557 1014 2816 1084 neglecta,
2839 1015 2978 1084 quod
3006 1013 3128 1070 facit
3153 1013 3342 1070 fluctus
3358 1016 3563 1074 irruens
3587 1035 3602 1072 :
3627 1032 3758 1088 pau-

2178 1100 2324 1156 latim
2353 1117 2448 1172 per
2475 1105 2736 1160 sentinam
2785 1104 2980 1169 intrat;
3011 1105 3106 1160 sed
3149 1103 3237 1159 diu
3277 1105 3524 1162 intrando
3565 1115 3756 1164 etnon

2176 1192 2558 1263 exitauriendo,
2591 1197 2780 1267 mergit
2819 1197 3016 1251 navim.
3051 1196 3196 1264 Quid.
3221 1205 3302 1252 est
3339 1206 3515 1254 autem
3557 1199 3757 1256 exhaue

2175 1282 2320 1350 rire,
2359 1285 2462 1340 nisi
2500 1286 2652 1344 bonis
2689 1287 2940 1356 operibus
2969 1301 3126 1358 agere
3153 1303 3219 1343 ne
3265 1287 3490 1343 obruant
3517 1299 3764 1361 peccata,

2173 1377 2464 1448 gemenda,
2477 1377 2789 1448 jejunando,
2813 1381 3112 1446 tribuendo,
3144 1381 3506 1452 ignoscendo?
3525 1383 3631 1438 iter
3655 1365 3762 1442 au?

2175 1475 2282 1522 tem
2313 1468 2467 1538 hujus
2495 1470 2673 1524 saeculi
2705 1471 2984 1528 molestum
3017 1481 3119 1540 est,
3151 1471 3369 1542 plenum.
3397 1482 3478 1530 est
3503 1476 3756 1530 tenentia-

2173 1555 2356 1624 nibns;
2387 1559 2437 1612 in
2467 1561 2635 1620 rebus,
2647 1562 2917 1631 prosperis
2943 1577 3012 1620 ne
3037 1562 3276 1628 extollat,
3309 1563 3360 1617 in
3389 1564 3546 1619 rebus
3564 1564 3758 1621 adver—

2173 1648 2246 1702 sis
2274 1663 2342 1706 ne
2363 1649 2586 1722 frangat.
2617 1651 2715 1719 Qui
2745 1653 2836 1708 tibi
2857 1653 3004 1708 dedit
3032 1653 3341 1710 felicitatem
3373 1655 3527 1726 hujus
3547 1657 3752 1724 saeculi,

2171 1739 2238 1792 ad
2262 1741 2678 1798 consolationem
2708 1753 2849 1800 tuam
2881 1729 3030 1802 dedil
3046 1788 3060 1815 ,
3092 1761 3200 1802 non
3227 1747 3292 1802 ad
3330 1749 3751 1819 corruptionem.

2172 1830 2377 1890 Rursus
2405 1835 2493 1905 qui
2535 1845 2587 1892 te
2625 1835 2857 1908 flagellat
2883 1839 2937 1893 in
2963 1839 3065 1893 isto
3089 1841 3304 1908 sreculo,
3331 1839 3398 1896 ad
3423 1841 3757 1897 emendatio-

2169 1938 2314 1991 nem,
2345 1940 2452 1982 non
2481 1926 2548 1982 ad
2593 1927 2984 1986 damnationem
3023 1931 3169 1986 facit.
3202 1931 3362 1988 Ferte
3395 1943 3598 2004 patrem
3623 1951 3753 1992 eru-

2169 2015 2424 2086 dientem,
2453 2035 2520 2074 ne
2543 2023 2741 2080 sentias
2760 2023 2993 2094 judioem
3019 2027 3342 2095 punientem.
3367 2029 3490 2084 Haec
3516 2031 3760 2100 quotidie

2168 2106 2396 2164 dicimus
2421 2109 2592 2179 vobis,
2619 2121 2674 2168 et
2697 2115 3090 2185 sepe'dicenda
3113 2126 3258 2187 sunt,
3276 2119 3400 2190 quia
3429 2119 3568 2176 bona
3591 2131 3642 2178 et
3663 2135 3754 2190 sa-

2167 2196 2356 2254 lutaria
2385 2211 2527 2256 sunt.

2663 2273 3074 2336 TRACTATUS
3111 2278 3260 2348 χιιι,

2166 2360 2242 2418 ΔΙ)
2261 2379 2320 2417 co
2349 2362 2614 2436 Evangelii
2637 2367 2778 2438 loco,
2801 2369 2928 2424 Post
2955 2370 3070 2428 huic
3091 2373 3234 2429 venit
3257 2373 3410 2431 Jesus
3433 2383 3488 2431 et
3505 2375 3755 2449 discipuli

2237 2455 2350 2526 ejus
2377 2456 2429 2511 in
2460 2457 2692 2515 ledaeam
2734 2471 2952 2530 terram,
2991 2473 3110 2532 etc.,
3154 2482 3312 2536 usque
3333 2467 3402 2522 ad
3429 2469 3501 2535 id,
3533 2469 3760 2532 Amicus

2235 2555 2413 2604 autem
2441 2550 2642 2618 sponsi,
2673 2553 2762 2621 qui
2783 2561 2886 2610 stat
2905 2560 2960 2608 et
2981 2555 3127 2610 audit
3151 2570 3292 2618 eum,
3325 2558 3516 2628 gaudio
3555 2560 3755 2633 gaudet

2235 2647 2448 2709 propter
2479 2657 2660 2696 vocem
2689 2645 2891 2712 sponsi.
2921 2644 3047 2716 Cap.
3065 2663 3144 2714 ιιι,
3189 2649 3223 2718 7
3247 2649 3465 2706 ,ἓξ-29.

2237 2750 2286 2804 l.
2310 2751 2454 2807 Ordo
2493 2753 2735 2810 lectionis
2773 2757 3090 2828 evangelicae
3135 2759 3436 2816 secundum
3467 2761 3750 2835 Joannem,

2163 2841 2301 2897 sicut
2325 2845 2547 2912 potestis
2576 2847 2902 2915 meminisse,
2925 2850 3014 2918 qui
3054 2865 3232 2904 curam
3258 2853 3442 2922 geritis
3481 2855 3754 2925 profectus

2163 2935 2352 3006 vestri,
2381 2936 2451 2990 ita
2479 2939 2736 3008 sequitur,
2763 2947 2820 2993 ut
2851 2940 2962 2996 hate
2991 2957 3107 3010 qua:
3137 2943 3296 2998 modo
3345 2943 3482 2998 lecta
3519 2957 3620 3011 est,
3645 2946 3752 3002 ho-

2161 3027 2250 3084 die
2277 3029 2428 3084 nobis
2459 3031 2725 3088 tractanda
2753 3043 3094 3101 proiionatur.
3125 3035 3338 3106 Abipso
3365 3037 3627 3107 principio
3653 3055 3752 3095 us-

2163 3133 2266 3189 que
2289 3120 2354 3173 ad
2384 3119 2697 3176 hodiernam
2725 3121 3028 3191 lectiOnem,
3059 3139 3176 3195 qua}
3199 3141 3358 3196 supra
3411 3127 3550 3182 dicta
3602 3137 3748 3198 sunt,

2161 3211 2475 3268 meministis
2512 3213 2622 3284 jam
2667 3229 2786 3270 esse
2835 3225 3074 3272 tractata.
3103 3218 3172 3274 Et
3203 3220 3246 3274 si
3274 3219 3407 3275 forte
3437 3220 3558 3276 inde
3585 3223 3752 3278 multa

2161 3303 2290 3358 estis
2307 3302 2475 3386 obliti,
2503 3311 2648 3359 certe
2673 3307 2754 3360 vel
2777 3303 3008 3361 officium
3039 3318 3284 3370 nostrum
3297 3320 3472 3365 manet
3501 3313 3550 3366 in
3569 3321 3750 3368 vestra

2161 3393 2436 3448 memoria.
2459 3395 2588 3461 Quae
2608 3395 2733 3450 hinc
2755 3396 3030 3453 audierit-is
3048 3397 3113 3453 de
3129 3397 3392 3468 baptismo
3411 3400 3646 3466 Joannis,
3669 3411 3750 3457 et-

2161 3485 2206 3538 si
2235 3499 2340 3540 non
2381 3487 2573 3542 tenetis
2597 3488 2794 3554 omnia,
2824 3489 3038 3546 audisse
3067 3507 3164 3546 vos
3197 3501 3370 3548 tamen
3404 3495 3564 3550 credo
3603 3495 3750 3566 quod

2163 3575 2384 3632 teneatis
2412 3591 2424 3630 :
2455 3593 2574 3648 qua:
2599 3577 2739 3633 diela
2761 3589 2881 3634 sunt
2907 3581 3272 3654 etiam,qnare
3293 3585 3515 3654 Spiritus
3533 3595 3750 3644 sanctus

2159 3667 2216 3732 in
2234 3669 2493 3725 columbae
2517 3671 2694 3740 specie
2731 3675 3061 3744 apparuerit;
3087 3685 3140 3730 et
3167 3677 3431 3748 quomodo
3461 3677 3546 3733 illa
3575 3679 3750 3735 nodo-

2159 3761 2366 3816 sissima
2397 3764 2621 3844 quaestio
2649 3765 2819 3820 soluta
2857 3767 2939 3832 sit,
2965 3768 3084 3837 quia
3117 3769 3296 3823 nescio
3317 3769 3438 3839 quid
3470 3771 3608 3840 quod
3637 3788 3746 3827 non

2159 3863 2380 3916 noverat
2405 3895 2419 3919 ,
2472 3853 2654 3910 didicit
2693 3854 2926 3916 Joannes,
2953 3858 3002 3911 in
3037 3857 3258 3924 Domino
3283 3875 3377 3929 per
3405 3862 3702 3917 columbam
3725 3906 3742 3931 ,

2158 3959 2276 4000 cum
2299 3946 2404 4014 jam
2429 3963 2550 4001 eum
2580 3957 2780 4014 nosset,
2804 3951 3016 4019 quando
3038 3951 3268 4006 venienti
3293 3962 3348 4006 ut
3369 3953 3744 4022 baptizaretur,

2158 4038 2250 4102 ait,
2281 4037 2389 4108 Ego
2409 4055 2440 4090 a
2461 4048 2508 4092 te
2524 4039 2674 4094 debeo
2691 4039 2964 4112 baptizari,
2986 4051 3030 4096 et
3059 4053 3112 4097 tu
3139 4045 3277 4100 uenis
3297 4045 3363 4098 ad
3383 4048 3498 4099 me?
3523 4047 3631 4114 Qua
3641 4049 3750 4102 ndu

2157 4129 2206 4183 ci
2227 4128 2479 4183 Dominus
2505 4131 2796 4200 reSpondit,
2849 4133 2974 4190 Sine
3003 4135 3171 4203 modo,
3203 4147 3256 4191 ut
3290 4137 3558 4210 impleatur
3583 4142 3748 4196 onmis

469 4215 556 4274 Sit
580 4225 703 4272 ante
747 4225 798 4272 te
829 4215 968 4286 quod
1003 4232 1108 4272 non
1138 4216 1217 4270 vis
1244 4229 1362 4272 esse
1405 4225 1528 4270 ante
1559 4215 1742 4269 Deum.
1773 4215 1828 4271 Si
1876 4223 2050 4270 autem
2149 4220 2350 4291 justitia
2376 4221 2667 4293 (Matt/am,
2694 4223 2943 4297 148115).

469 4317 594 4380 post
629 4317 682 4364 te
729 4307 917 4374 feceris
961 4315 1234 4378 peccatum
1277 4314 1457 4370 tuum,
1485 4313 1758 4375 retorquet
1799 4305 1926 4360 illud
1960 4305 2058 4362 tibi

469 4399 613 4455 Deus
655 4407 778 4454 ante
821 4398 1004 4453 oculos
1042 4407 1192 4463 tuos;
1239 4405 1294 4452 ct
1339 4405 1464 4450 tunc
1505 4403 1809 4467 retorquet,
1840 4394 2053 4466 quando

466 4490 574 4561 jam
603 4489 928 4561 pmnitentize
949 4491 1147 4544 fructus
1168 4487 1341 4543 nullus
1363 4487 1484 4543 erit.

537 4583 628 4638 ﬂ.
666 4580 896 4646 Currite,
926 4596 994 4636 ne
1015 4581 1246 4636 tenebrae
1271 4595 1365 4635 vos
1388 4575 1840 4650 comprehendant
1869 4577 2046 4648 (Ioan.

465 4687 564 4739 ιιι,
590 4671 708 4744 55),
759 4672 948 4728 fratres
973 4671 1078 4727 mei
1107 4688 1122 4724 :
1147 4670 1392 4740 evigilate
1428 4669 1493 4724 ad
1523 4670 1744 4725 salutem
1773 4679 2002 4725 vestram
2027 4713 2041 4736 ,

463 4761 712 4834 evigilate
737 4761 861 4817 dum
889 4768 1097 4830 tempus
1121 4769 1235 4826 est;
1265 4761 1440 4815 nullus
1465 4761 1762 4815 rotat-detur
1791 4777 1818 4814 a
1847 4763 2048 4831 templo

463 4851 581 4920 Dei,
606 4853 778 4908 nullus
802 4851 1102 4908 retardetur
1129 4852 1196 4907 ab
1233 4867 1392 4922 opere
1423 4851 1664 4917 Domini,
1711 4851 1886 4908 nullus
1915 4869 2046 4908 ovo-

465 4952 618 4998 cetur
637 4943 705 4998 ab
723 4941 964 4996 oratione
997 4941 1245 4996 continua
1268 4983 1281 5006 ,
1321 4941 1493 4995 nullus
1521 4957 1550 4994 a
1577 4942 1726 5008 solita
1761 4943 2044 4999 devotione

464 5031 757 5087 fraudetur.
805 5030 1065 5100 Evigilate
1102 5044 1228 5100 ergo
1273 5045 1392 5085 eum
1422 5030 1535 5086 dies
1571 5041 1652 5086 est
1677 5049 1691 5087 :
1719 5031 1856 5087 lucet
1895 5033 2043 5102 dies,

461 5117 703 5178 Christus
723 5129 810 5178 est
823 5121 956 5177 dics.
983 5121 1204 5176 Paratus
1225 5131 1306 5176 est
1324 5121 1617 5192 ignoscere,
1641 5121 1732 5176 sed
1753 5137 2043 5192 agnoscen-

463 5209 632 5276 tibus;
663 5212 850 5280 punire
883 5222 1062 5266 autem
1103 5211 1447 5267 defendentes
1473 5227 1559 5278 se,
1595 5221 1647 5267 et
1671 5212 1842 5282 justos
1880 5229 1938 5268 se
1961 5213 2042 5282 jar-

459 5307 686 5366 ctantes,
714 5309 768 5355 et
793 5310 1036 5370 putantes
1063 5315 1122 5357 se
1144 5316 1264 5357 esse
1288 5301 1503 5371 aliquid,
1531 5317 1651 5356 cum
1673 5302 1802 5356 nihil
1830 5303 1954 5356 sint.
1985 5302 2039 5358 ln

460 5387 744 5444 dilectione
769 5401 944 5446 autem
975 5391 1090 5460 ejus
1109 5399 1164 5446 et
1191 5392 1243 5446 in
1275 5391 1634 5446 misericordia
1665 5391 1780 5462 ejus
1801 5393 1890 5463 qui
1919 5407 2037 5447 am-

459 5475 622 5542 bulat,
651 5479 808 5533 etiam
835 5480 1087 5537 liberatus
1105 5483 1172 5537 ab
1209 5482 1313 5537 illis
1344 5482 1628 5538 lethalibus
1660 5492 1713 5538 et
1753 5483 2038 5554 grandibus

461 5571 714 5639 peccatis,
739 5573 910 5641 qualia
937 5583 1060 5630 sunt
1085 5575 1342 5643 facinora,
1369 5575 1670 5643 homicidia,
1701 5576 1858 5644 furta,
1887 5577 2044 5648 adul:

459 5659 626 5726 teria;
658 5668 876 5732 propter
900 5662 988 5718 illa
1023 5680 1142 5734 quae
1175 5667 1374 5722 minuta
1403 5667 1648 5730 videntur
1676 5683 1794 5726 esse
1821 5679 2042 5739 peccata.

523 5771 538 5802 ⁸
562 5771 760 5824 Slc‘btss.
787 5779 842 5826 At
872 5773 1006 5834 editi,
1029 5774 1114 5827 tibi
1132 5775 1366 5831 attuleris.

2226 4311 2280 4365 Ξ.
2313 4311 2460 4372 Nune
2487 4328 2615 4382 ergo
2635 4314 2700 4368 ad
2731 4317 2977 4372 eumdem
3007 4317 3262 4374 Joannem
3313 4319 3452 4391 cogit
3483 4335 3579 4376 nos
3613 4321 3748 4378 ordo

2155 4401 2398 4458 lectionis
2427 4405 2640 4458 reverti.
2667 4405 2783 4475 ipse
2803 4415 2885 4462 est
2927 4408 3015 4462 ille
3053 4409 3140 4478 qui
3176 4409 3517 4480 prephetatus
3541 4422 3620 4465 est
3651 4427 3748 4480 per

2156 4491 2366 4560 lsaiam,
2407 4492 2518 4548 V0.1:
2541 4495 2807 4550 clamantis
2835 4497 2888 4550 in
2909 4513 3073 4551 eremo
3093 4538 3108 4564 ,
3134 4497 3325 4554 Parata
3349 4501 3478 4553 niam
3503 4499 3742 4569 Domino,

2153 4592 2314 4643 rectas
2359 4585 2510 4656 facile
2551 4587 2751 4639 semitas
2797 4588 2906 4654 ejus
2953 4585 3084 4661 (Isa.
3130 4605 3230 4654 XL,
3279 4587 3360 4660 5).
3414 4591 3540 4644 Tale
3591 4591 3744 4645 testi-

2153 4675 2388 4728 monium
2419 4675 2647 4734 reddidit
2677 4677 2899 4732 Domino
2928 4694 3045 4744 suo,
3095 4689 3148 4734 et
3191 4681 3350 4752 (quia
3383 4681 3470 4736 ille
3493 4681 3743 4752 dignatus

2153 4765 2254 4836 est)
2288 4767 2460 4822 amico
2487 4783 2584 4824 suo
2615 4786 2630 4824 :
2660 4769 3018 4840 Dominusque
3048 4773 3212 4841 ipsius
3249 4782 3302 4828 ct
3346 4773 3547 4829 amicus
3575 4774 3742 4844 ipsius

2153 4857 2420 4926 perhibuit
2465 4869 2518 4916 et
2548 4862 2660 4930 ipse
2686 4863 3042 4917 testimonium
3081 4862 3288 4918 Joanni.
3335 4867 3476 4920 Dixit
3505 4867 3644 4922 enim
3674 4865 3742 4923 de

2150 4945 2377 5016 Ieanne,
2403 4949 2469 5004 In
2495 4953 2627 5006 natis
2647 4953 2912 5006 mulierum
2936 4971 3034 5008 non
3055 4959 3330 5010 exsurrexit
3349 4959 3512 5028 major
3537 4956 3745 5015 Joanne

2149 5037 2400 5108 Bajuista.
2434 5039 2542 5096 Sed
2570 5042 2688 5112 quia
2716 5041 2786 5096 illi
2819 5059 2876 5098 se
2911 5047 3225 5115 praeposuit,
3256 5048 3307 5102 in
3331 5049 3431 5104 hoc
3455 5049 3596 5120 quod
3621 5052 3744 5120 plus

2151 5138 2264 5186 erat
2289 5129 2494 5186 Joanne
2514 5175 2527 5198 ,
2553 5133 2696 5188 Deus
2725 5145 2858 5190 erat.
2895 5137 2994 5202 Qui
3025 5147 3192 5191 autem
3219 5139 3383 5194 minor
3405 5151 3476 5194 est
3500 5181 3513 5205 ,
3541 5141 3736 5212 inquit,

2147 5223 2198 5276 in
2216 5239 2368 5296 regno
2383 5225 2637 5292 cazlorum,
2657 5229 2821 5299 major
2835 5240 2906 5284 est
2925 5229 3012 5284 illo
3027 5231 3215 5301 (Matth
3226 5248 3317 5296 .xx,
3335 5233 3358 5288 l
3373 5231 3443 5305 l).
3465 5233 3632 5288 Minor
3646 5251 3744 5290 na-

2149 5316 2366 5382 tivitate,
2401 5317 2572 5387 major
2593 5328 2870 5388 potestate,
2899 5322 3066 5392 major
3088 5321 3383 5390 divinitate,
3433 5324 3732 5394 majestate,

2147 5407 2384 5464 claritate
2415 5425 2428 5461 :
2463 5417 2710 5480 tanquam
2753 5413 2803 5464 in
2845 5413 3092 5483 principio
3117 5425 3224 5468 erat
3263 5413 3497 5479 Verbum,
3527 5427 3572 5470 et
3605 5416 3738 5473 Ver-

2147 5498 2261 5552 bum
2287 5509 2394 5554 erat
2413 5501 2552 5570 apud
2580 5501 2762 5570 Deum,
2795 5513 2841 5556 el
2873 5501 3008 5559 Deus
3027 5515 3132 5559 erat
3171 5505 3402 5561 Verbum.
3430 5493 3518 5564 Sic
3555 5518 3736 5566 autem

2145 5589 2482 5660 perhibuerat
2504 5591 2556 5646 in
2581 5593 2940 5664 superioribus
2962 5597 3274 5652 lectionibus
3292 5597 3524 5658 Joannes
3547 5601 3734 5656 Domi-

2144 5699 2215 5738 no
2245 5683 2624 5752 testimonium,
2653 5697 2711 5742 ut
2735 5686 2924 5743 Filium
2954 5689 3045 5744 Dei
3080 5689 3291 5762 quidem
3317 5691 3535 5754 diceret,
3563 5691 3736 5750 Deum

2147 5789 2256 5829 non
2281 5772 2500 5842 diceret,
2523 5791 2621 5834 nec
2649 5787 2822 5836 tamen
2855 5791 3104 5848 negaret:
3137 5790 3364 5838 tacuerat
3395 5781 3592 5850 Deum,
3617 5799 3732 5840 non
