  <div class='ocr_page' id='page_1' title='image "/cluster/home/n/w/nwhite01/storage/ocr_20150623/35/hvd.32044015706302/096.png"; bbox 0 0 4118 6478; ppageno 0'>
   <div class='ocr_carea' id='block_1_1' title="bbox 364 398 504 458">
    <p class='ocr_par' dir='ltr' id='par_1_1' title="bbox 364 398 504 458">
     <span class='ocr_line' id='line_1_1' title="bbox 364 398 504 458; baseline 0.021 -3"><span class='ocrx_word' id='word_1_1' title='bbox 364 398 504 458; x_wconf 67' lang='lat' dir='ltr'><strong>M95</strong></span> 
     </span>
    </p>
   </div>
   <div class='ocr_carea' id='block_1_2' title="bbox 361 502 1944 586">
    <p class='ocr_par' dir='ltr' id='par_1_2' title="bbox 361 502 1944 586">
     <span class='ocr_line' id='line_1_2' title="bbox 361 502 1944 586; baseline -0.01 -15"><span class='ocrx_word' id='word_1_2' title='bbox 361 515 646 586; x_wconf 77' lang='lat' dir='ltr'><strong>negaverat</strong></span> <span class='ocrx_word' id='word_1_3' title='bbox 675 513 860 577; x_wconf 89' lang='lat' dir='ltr'><strong>Deum,</strong></span> <span class='ocrx_word' id='word_1_4' title='bbox 895 511 988 566; x_wconf 89' lang='lat' dir='ltr'><strong>sed</strong></span> <span class='ocrx_word' id='word_1_5' title='bbox 1027 526 1131 563; x_wconf 85' lang='lat' dir='ltr'><strong>non</strong></span> <span class='ocrx_word' id='word_1_6' title='bbox 1160 507 1377 562; x_wconf 83' lang='lat' dir='ltr'><strong>omnino</strong></span> <span class='ocrx_word' id='word_1_7' title='bbox 1406 505 1565 561; x_wconf 91' lang='lat' dir='ltr'><strong>tacuit</strong></span> <span class='ocrx_word' id='word_1_8' title='bbox 1587 506 1750 559; x_wconf 89' lang='lat' dir='ltr'><strong>Deum</strong></span> <span class='ocrx_word' id='word_1_9' title='bbox 1786 502 1944 558; x_wconf 81' lang='lat' dir='ltr'><strong>:‘l&#39;or-</strong></span> 
     </span>
    </p>
   </div>
   <div class='ocr_carea' id='block_1_3' title="bbox 361 594 1945 664">
    <p class='ocr_par' dir='ltr' id='par_1_3' title="bbox 361 594 1945 664">
     <span class='ocr_line' id='line_1_3' title="bbox 361 594 1945 664; baseline -0.011 0"><span class='ocrx_word' id='word_1_10' title='bbox 361 608 521 664; x_wconf 88' lang='lat' dir='ltr'><strong>tassis</strong></span> <span class='ocrx_word' id='word_1_11' title='bbox 539 607 679 660; x_wconf 90' lang='lat' dir='ltr'><strong>enim</strong></span> <span class='ocrx_word' id='word_1_12' title='bbox 710 603 1002 659; x_wconf 90' lang='lat' dir='ltr'><strong>invenimus</strong></span> <span class='ocrx_word' id='word_1_13' title='bbox 1019 603 1119 656; x_wconf 91' lang='lat' dir='ltr'><strong>hoc</strong></span> <span class='ocrx_word' id='word_1_14' title='bbox 1145 602 1196 654; x_wconf 92' lang='lat' dir='ltr'><strong>in</strong></span> <span class='ocrx_word' id='word_1_15' title='bbox 1227 599 1480 653; x_wconf 88' lang='lat' dir='ltr'><strong>hodierna</strong></span> <span class='ocrx_word' id='word_1_16' title='bbox 1509 596 1752 651; x_wconf 90' lang='lat' dir='ltr'><strong>lectione.</strong></span> <span class='ocrx_word' id='word_1_17' title='bbox 1788 594 1945 648; x_wconf 86' lang='lat' dir='ltr'><strong>Dixe-</strong></span> 
     </span>
    </p>
   </div>
   <div class='ocr_carea' id='block_1_4' title="bbox 360 684 1943 754">
    <p class='ocr_par' dir='ltr' id='par_1_4' title="bbox 360 684 1943 754">
     <span class='ocr_line' id='line_1_4' title="bbox 360 684 1943 754; baseline -0.011 0"><span class='ocrx_word' id='word_1_18' title='bbox 360 708 446 754; x_wconf 91' lang='lat' dir='ltr'><strong>rat</strong></span> <span class='ocrx_word' id='word_1_19' title='bbox 468 697 658 753; x_wconf 81' lang='lat' dir='ltr'><strong>Filium</strong></span> <span class='ocrx_word' id='word_1_20' title='bbox 683 694 776 749; x_wconf 80' lang='lat' dir='ltr'><strong>Dei</strong></span> <span class='ocrx_word' id='word_1_21' title='bbox 807 712 818 746; x_wconf 90' lang='lat'>:</span> <span class='ocrx_word' id='word_1_22' title='bbox 849 693 942 748; x_wconf 87' lang='lat' dir='ltr'><strong>sed</strong></span> <span class='ocrx_word' id='word_1_23' title='bbox 970 692 1096 748; x_wconf 90' lang='lat' dir='ltr'><strong>dicti</strong></span> <span class='ocrx_word' id='word_1_24' title='bbox 1122 698 1243 746; x_wconf 90' lang='lat' dir='ltr'><strong>sunt</strong></span> <span class='ocrx_word' id='word_1_25' title='bbox 1265 700 1318 744; x_wconf 88' lang='lat' dir='ltr'><strong>et</strong></span> <span class='ocrx_word' id='word_1_26' title='bbox 1334 688 1574 742; x_wconf 91' lang='lat' dir='ltr'><strong>homines</strong></span> <span class='ocrx_word' id='word_1_27' title='bbox 1596 687 1686 740; x_wconf 92' lang='lat' dir='ltr'><strong>ﬁlii</strong></span> <span class='ocrx_word' id='word_1_28' title='bbox 1714 687 1823 740; x_wconf 88' lang='lat' dir='ltr'><strong>Del.</strong></span> <span class='ocrx_word' id='word_1_29' title='bbox 1853 684 1943 737; x_wconf 85' lang='lat' dir='ltr'><strong>Di-</strong></span> 
     </span>
    </p>
   </div>
   <div class='ocr_carea' id='block_1_5' title="bbox 361 781 1950 846">
    <p class='ocr_par' dir='ltr' id='par_1_5' title="bbox 361 781 1950 846">
     <span class='ocr_line' id='line_1_5' title="bbox 361 781 1950 846; baseline -0.01 0"><span class='ocrx_word' id='word_1_30' title='bbox 361 798 512 846; x_wconf 70' lang='lat' dir='ltr'><strong>serat</strong></span> <span class='ocrx_word' id='word_1_31' title='bbox 541 796 698 841; x_wconf 80' lang='lat' dir='ltr'><strong>tanta:</strong></span> <span class='ocrx_word' id='word_1_32' title='bbox 751 785 1079 840; x_wconf 70' lang='lat' dir='ltr'><strong>excellentia:</strong></span> <span class='ocrx_word' id='word_1_33' title='bbox 1115 783 1262 836; x_wconf 92' lang='lat' dir='ltr'><strong>illum</strong></span> <span class='ocrx_word' id='word_1_34' title='bbox 1316 781 1514 844; x_wconf 82' lang='lat' dir='ltr'><strong>fuisse,</strong></span> <span class='ocrx_word' id='word_1_35' title='bbox 1558 787 1614 832; x_wconf 92' lang='lat' dir='ltr'><strong>ut</strong></span> <span class='ocrx_word' id='word_1_36' title='bbox 1658 792 1761 831; x_wconf 94' lang='lat' dir='ltr'><strong>nou</strong></span> <span class='ocrx_word' id='word_1_37' title='bbox 1806 785 1950 830; x_wconf 88' lang='lat' dir='ltr'><strong>esset</strong></span> 
     </span>
    </p>
   </div>
   <div class='ocr_carea' id='block_1_6' title="bbox 360 865 1944 950">
    <p class='ocr_par' dir='ltr' id='par_1_6' title="bbox 360 865 1944 950">
     <span class='ocr_line' id='line_1_6' title="bbox 360 865 1944 950; baseline -0.011 -16"><span class='ocrx_word' id='word_1_38' title='bbox 360 880 477 950; x_wconf 88' lang='lat' dir='ltr'><strong>ipse</strong></span> <span class='ocrx_word' id='word_1_39' title='bbox 503 879 694 948; x_wconf 88' lang='lat' dir='ltr'><strong>dignus</strong></span> <span class='ocrx_word' id='word_1_40' title='bbox 711 877 991 946; x_wconf 79' lang='lat' dir='ltr'><strong>corrigiam</strong></span> <span class='ocrx_word' id='word_1_41' title='bbox 1015 873 1358 928; x_wconf 84' lang='lat' dir='ltr'><strong>calceamenti</strong></span> <span class='ocrx_word' id='word_1_42' title='bbox 1389 871 1503 941; x_wconf 84' lang='lat' dir='ltr'><strong>ejus</strong></span> <span class='ocrx_word' id='word_1_43' title='bbox 1527 868 1734 924; x_wconf 91' lang='lat' dir='ltr'><strong>solvere</strong></span> <span class='ocrx_word' id='word_1_44' title='bbox 1768 865 1944 940; x_wconf 83' lang='lat' dir='ltr'><strong>(Joan.</strong></span> 
     </span>
    </p>
   </div>
   <div class='ocr_carea' id='block_1_7' title="bbox 358 958 1949 1042">
    <p class='ocr_par' dir='ltr' id='par_1_7' title="bbox 358 958 1949 1042">
     <span class='ocr_line' id='line_1_7' title="bbox 358 958 1949 1042; baseline -0.011 -14"><span class='ocrx_word' id='word_1_45' title='bbox 358 987 379 1028; x_wconf 85' lang='grc' dir='ltr'><strong>ι</strong></span> <span class='ocrx_word' id='word_1_46' title='bbox 399 1015 414 1039; x_wconf 93' lang='grc'><strong>,</strong></span> <span class='ocrx_word' id='word_1_47' title='bbox 449 975 500 1035; x_wconf 85' lang='lat' dir='ltr'><strong>l,</strong></span> <span class='ocrx_word' id='word_1_48' title='bbox 532 973 619 1034; x_wconf 59' lang='grc' dir='ltr'><strong>ΒΑ,</strong></span> <span class='ocrx_word' id='word_1_49' title='bbox 645 969 759 1042; x_wconf 71' lang='lat'><strong>27).</strong></span> <span class='ocrx_word' id='word_1_50' title='bbox 791 969 906 1024; x_wconf 88' lang='lat' dir='ltr'><strong>Jam</strong></span> <span class='ocrx_word' id='word_1_51' title='bbox 931 965 1234 1036; x_wconf 77' lang='lat' dir='ltr'><strong>magnitudo</strong></span> <span class='ocrx_word' id='word_1_52' title='bbox 1261 965 1358 1019; x_wconf 91' lang='lat' dir='ltr'><strong>ista</strong></span> <span class='ocrx_word' id='word_1_53' title='bbox 1385 963 1604 1017; x_wconf 91' lang='lat' dir='ltr'><strong>multum</strong></span> <span class='ocrx_word' id='word_1_54' title='bbox 1627 960 1717 1015; x_wconf 90' lang='lat' dir='ltr'><strong>dat</strong></span> <span class='ocrx_word' id='word_1_55' title='bbox 1758 958 1949 1014; x_wconf 88' lang='lat' dir='ltr'><strong>intelli-</strong></span> 
     </span>
    </p>
   </div>
   <div class='ocr_carea' id='block_1_8' title="bbox 357 1048 1953 1133">
    <p class='ocr_par' dir='ltr' id='par_1_8' title="bbox 357 1048 1953 1133">
     <span class='ocr_line' id='line_1_8' title="bbox 357 1048 1953 1133; baseline -0.008 -16"><span class='ocrx_word' id='word_1_56' title='bbox 357 1063 430 1133; x_wconf 79' lang='lat' dir='ltr'><strong>gi,</strong></span> <span class='ocrx_word' id='word_1_57' title='bbox 449 1062 600 1131; x_wconf 86' lang='lat' dir='ltr'><strong>cujus</strong></span> <span class='ocrx_word' id='word_1_58' title='bbox 618 1076 722 1114; x_wconf 91' lang='lat' dir='ltr'><strong>non</strong></span> <span class='ocrx_word' id='word_1_59' title='bbox 735 1068 847 1113; x_wconf 88' lang='lat' dir='ltr'><strong>erat</strong></span> <span class='ocrx_word' id='word_1_60' title='bbox 861 1058 1051 1128; x_wconf 87' lang='lat' dir='ltr'><strong>dignus</strong></span> <span class='ocrx_word' id='word_1_61' title='bbox 1062 1055 1340 1125; x_wconf 79' lang='lat' dir='ltr'><strong>corrigiam</strong></span> <span class='ocrx_word' id='word_1_62' title='bbox 1357 1051 1698 1108; x_wconf 81' lang='lat' dir='ltr'><strong>calceamenti</strong></span> <span class='ocrx_word' id='word_1_63' title='bbox 1719 1048 1953 1113; x_wconf 86' lang='lat' dir='ltr'><strong>solvere,</strong></span> 
     </span>
    </p>
   </div>
   <div class='ocr_carea' id='block_1_9' title="bbox 359 1143 1927 1226">
    <p class='ocr_par' dir='ltr' id='par_1_9' title="bbox 359 1143 1927 1226">
     <span class='ocr_line' id='line_1_9' title="bbox 359 1143 1927 1226; baseline -0.012 -15"><span class='ocrx_word' id='word_1_64' title='bbox 359 1158 452 1212; x_wconf 89' lang='lat' dir='ltr'><strong>ille</strong></span> <span class='ocrx_word' id='word_1_65' title='bbox 479 1171 590 1226; x_wconf 84' lang='lat' dir='ltr'><strong>quo</strong></span> <span class='ocrx_word' id='word_1_66' title='bbox 628 1169 785 1208; x_wconf 90' lang='lat' dir='ltr'><strong>nemo</strong></span> <span class='ocrx_word' id='word_1_67' title='bbox 831 1159 1135 1207; x_wconf 81' lang='lat' dir='ltr'><strong>surrexerat</strong></span> <span class='ocrx_word' id='word_1_68' title='bbox 1171 1148 1339 1216; x_wconf 84' lang='lat' dir='ltr'><strong>major</strong></span> <span class='ocrx_word' id='word_1_69' title='bbox 1366 1147 1420 1200; x_wconf 91' lang='lat' dir='ltr'><strong>in</strong></span> <span class='ocrx_word' id='word_1_70' title='bbox 1449 1145 1585 1200; x_wconf 89' lang='lat' dir='ltr'><strong>natis</strong></span> <span class='ocrx_word' id='word_1_71' title='bbox 1627 1143 1927 1198; x_wconf 87' lang='lat' dir='ltr'><strong>mulierum.</strong></span> 
     </span>
    </p>
   </div>
   <div class='ocr_carea' id='block_1_10' title="bbox 358 1231 1950 1306">
    <p class='ocr_par' dir='ltr' id='par_1_10' title="bbox 358 1231 1950 1306">
     <span class='ocr_line' id='line_1_10' title="bbox 358 1231 1950 1306; baseline -0.013 -1"><span class='ocrx_word' id='word_1_72' title='bbox 358 1250 490 1306; x_wconf 85' lang='lat' dir='ltr'><strong>Plus</strong></span> <span class='ocrx_word' id='word_1_73' title='bbox 518 1250 660 1302; x_wconf 87' lang='lat' dir='ltr'><strong>enim</strong></span> <span class='ocrx_word' id='word_1_74' title='bbox 691 1255 805 1300; x_wconf 85' lang='lat' dir='ltr'><strong>erat</strong></span> <span class='ocrx_word' id='word_1_75' title='bbox 850 1243 1097 1300; x_wconf 87' lang='lat' dir='ltr'><strong>omnibus</strong></span> <span class='ocrx_word' id='word_1_76' title='bbox 1137 1239 1437 1294; x_wconf 91' lang='lat' dir='ltr'><strong>hominibus</strong></span> <span class='ocrx_word' id='word_1_77' title='bbox 1464 1246 1517 1292; x_wconf 91' lang='lat' dir='ltr'><strong>et</strong></span> <span class='ocrx_word' id='word_1_78' title='bbox 1539 1235 1771 1305; x_wconf 82' lang='lat' dir='ltr'><strong>Angelis.</strong></span> <span class='ocrx_word' id='word_1_79' title='bbox 1819 1231 1950 1287; x_wconf 76' lang='lat' dir='ltr'><strong>Nam</strong></span> 
     </span>
    </p>
   </div>
   <div class='ocr_carea' id='block_1_11' title="bbox 358 1323 1952 1410">
    <p class='ocr_par' dir='ltr' id='par_1_11' title="bbox 358 1323 1952 1410">
     <span class='ocr_line' id='line_1_11' title="bbox 358 1323 1952 1410; baseline -0.01 -16"><span class='ocrx_word' id='word_1_80' title='bbox 358 1339 609 1410; x_wconf 80' lang='lat' dir='ltr'><strong>angelum</strong></span> <span class='ocrx_word' id='word_1_81' title='bbox 635 1336 931 1391; x_wconf 86' lang='lat' dir='ltr'><strong>invenimus</strong></span> <span class='ocrx_word' id='word_1_82' title='bbox 954 1333 1306 1404; x_wconf 89' lang='lat' dir='ltr'><strong>prohibuisse,</strong></span> <span class='ocrx_word' id='word_1_83' title='bbox 1330 1345 1397 1384; x_wconf 90' lang='lat' dir='ltr'><strong>ne</strong></span> <span class='ocrx_word' id='word_1_84' title='bbox 1421 1329 1577 1382; x_wconf 87' lang='lat' dir='ltr'><strong>homo</strong></span> <span class='ocrx_word' id='word_1_85' title='bbox 1596 1327 1666 1380; x_wconf 88' lang='lat' dir='ltr'><strong>illi</strong></span> <span class='ocrx_word' id='word_1_86' title='bbox 1699 1324 1763 1379; x_wconf 91' lang='lat' dir='ltr'><strong>ad</strong></span> <span class='ocrx_word' id='word_1_87' title='bbox 1790 1323 1952 1394; x_wconf 86' lang='lat' dir='ltr'><strong>pedes</strong></span> 
     </span>
    </p>
   </div>
   <div class='ocr_carea' id='block_1_12' title="bbox 359 1415 1952 1497">
    <p class='ocr_par' dir='ltr' id='par_1_12' title="bbox 359 1415 1952 1497">
     <span class='ocr_line' id='line_1_12' title="bbox 359 1415 1952 1497; baseline -0.011 -10"><span class='ocrx_word' id='word_1_88' title='bbox 359 1433 600 1489; x_wconf 86' lang='lat' dir='ltr'><strong>caderet.</strong></span> <span class='ocrx_word' id='word_1_89' title='bbox 634 1429 764 1484; x_wconf 89' lang='lat' dir='ltr'><strong>Cum</strong></span> <span class='ocrx_word' id='word_1_90' title='bbox 806 1429 947 1483; x_wconf 92' lang='lat' dir='ltr'><strong>enim</strong></span> <span class='ocrx_word' id='word_1_91' title='bbox 994 1425 1237 1497; x_wconf 64' lang='lat' dir='ltr'><strong>quaedam</strong></span> <span class='ocrx_word' id='word_1_92' title='bbox 1269 1424 1324 1477; x_wconf 90' lang='lat' dir='ltr'><strong>in</strong></span> <span class='ocrx_word' id='word_1_93' title='bbox 1363 1418 1680 1490; x_wconf 75' lang='lat' dir='ltr'><strong>Apocalypsi</strong></span> <span class='ocrx_word' id='word_1_94' title='bbox 1720 1415 1952 1486; x_wconf 79' lang='lat' dir='ltr'><strong>Angelus</strong></span> 
     </span>
    </p>
   </div>
   <div class='ocr_carea' id='block_1_13' title="bbox 357 1509 1955 1588">
    <p class='ocr_par' dir='ltr' id='par_1_13' title="bbox 357 1509 1955 1588">
     <span class='ocr_line' id='line_1_13' title="bbox 357 1509 1955 1588; baseline -0.013 -11"><span class='ocrx_word' id='word_1_95' title='bbox 357 1521 670 1577; x_wconf 84' lang='lat' dir='ltr'><strong>ostenderet</strong></span> <span class='ocrx_word' id='word_1_96' title='bbox 694 1518 905 1584; x_wconf 87' lang='lat' dir='ltr'><strong>Joanni,</strong></span> <span class='ocrx_word' id='word_1_97' title='bbox 936 1517 1025 1588; x_wconf 88' lang='lat' dir='ltr'><strong>qui</strong></span> <span class='ocrx_word' id='word_1_98' title='bbox 1052 1515 1265 1584; x_wconf 83' lang='lat' dir='ltr'><strong>scripsit</strong></span> <span class='ocrx_word' id='word_1_99' title='bbox 1290 1513 1391 1566; x_wconf 89' lang='lat' dir='ltr'><strong>hoc</strong></span> <span class='ocrx_word' id='word_1_100' title='bbox 1417 1509 1777 1576; x_wconf 78' lang='lat' dir='ltr'><strong>Evangelium,</strong></span> <span class='ocrx_word' id='word_1_101' title='bbox 1825 1521 1955 1560; x_wconf 88' lang='lat' dir='ltr'><strong>con-</strong></span> 
     </span>
    </p>
   </div>
   <div class='ocr_carea' id='block_1_14' title="bbox 361 1598 1952 1682">
    <p class='ocr_par' dir='ltr' id='par_1_14' title="bbox 361 1598 1952 1682">
     <span class='ocr_line' id='line_1_14' title="bbox 361 1598 1952 1682; baseline -0.011 -13"><span class='ocrx_word' id='word_1_102' title='bbox 361 1615 580 1670; x_wconf 89' lang='lat' dir='ltr'><strong>territus</strong></span> <span class='ocrx_word' id='word_1_103' title='bbox 606 1610 967 1682; x_wconf 81' lang='lat' dir='ltr'><strong>magnitudine</strong></span> <span class='ocrx_word' id='word_1_104' title='bbox 989 1607 1205 1664; x_wconf 85' lang='lat' dir='ltr'><strong>visionis</strong></span> <span class='ocrx_word' id='word_1_105' title='bbox 1225 1605 1456 1662; x_wconf 82' lang='lat' dir='ltr'><strong>Joannes</strong></span> <span class='ocrx_word' id='word_1_106' title='bbox 1480 1601 1667 1658; x_wconf 89' lang='lat' dir='ltr'><strong>cccidit</strong></span> <span class='ocrx_word' id='word_1_107' title='bbox 1696 1600 1760 1653; x_wconf 91' lang='lat' dir='ltr'><strong>ad</strong></span> <span class='ocrx_word' id='word_1_108' title='bbox 1793 1598 1952 1668; x_wconf 87' lang='lat' dir='ltr'><strong>pedes</strong></span> 
     </span>
    </p>
   </div>
   <div class='ocr_carea' id='block_1_15' title="bbox 362 1688 1952 1774">
    <p class='ocr_par' dir='ltr' id='par_1_15' title="bbox 362 1688 1952 1774">
     <span class='ocr_line' id='line_1_15' title="bbox 362 1688 1952 1774; baseline -0.012 -15"><span class='ocrx_word' id='word_1_109' title='bbox 362 1705 576 1774; x_wconf 80' lang='lat' dir='ltr'><strong>Angeli.</strong></span> <span class='ocrx_word' id='word_1_110' title='bbox 615 1703 684 1758; x_wconf 89' lang='lat' dir='ltr'><strong>Et</strong></span> <span class='ocrx_word' id='word_1_111' title='bbox 717 1702 804 1757; x_wconf 90' lang='lat' dir='ltr'><strong>ille</strong></span> <span class='ocrx_word' id='word_1_112' title='bbox 829 1719 842 1755; x_wconf 89' lang='lat'><strong>:</strong></span> <span class='ocrx_word' id='word_1_113' title='bbox 867 1700 1033 1770; x_wconf 85' lang='lat' dir='ltr'><strong>Surge</strong></span> <span class='ocrx_word' id='word_1_114' title='bbox 1054 1741 1068 1766; x_wconf 89' lang='lat'><strong>,</strong></span> <span class='ocrx_word' id='word_1_115' title='bbox 1099 1697 1212 1752; x_wconf 84' lang='lat' dir='ltr'><strong>vide</strong></span> <span class='ocrx_word' id='word_1_116' title='bbox 1239 1713 1301 1750; x_wconf 88' lang='lat' dir='ltr'><strong>ne</strong></span> <span class='ocrx_word' id='word_1_117' title='bbox 1319 1695 1492 1768; x_wconf 79' lang='lat' dir='ltr'><strong>feceris</strong></span> <span class='ocrx_word' id='word_1_118' title='bbox 1521 1693 1648 1756; x_wconf 85' lang='lat' dir='ltr'><strong>hoc;</strong></span> <span class='ocrx_word' id='word_1_119' title='bbox 1687 1691 1844 1745; x_wconf 86' lang='lat' dir='ltr'><strong>Deum</strong></span> <span class='ocrx_word' id='word_1_120' title='bbox 1861 1688 1952 1741; x_wconf 51' lang='lat' dir='ltr'><strong>ad»</strong></span> 
     </span>
    </p>
   </div>
   <div class='ocr_carea' id='block_1_16' title="bbox 331 1789 1954 1868">
    <p class='ocr_par' dir='ltr' id='par_1_16' title="bbox 331 1789 1954 1868">
     <span class='ocr_line' id='line_1_16' title="bbox 331 1789 1954 1868; baseline -0.011 -18"><span class='ocrx_word' id='word_1_121' title='bbox 331 1797 496 1868; x_wconf 70' lang='lat' dir='ltr'><strong>_ora‘</strong></span> <span class='ocrx_word' id='word_1_122' title='bbox 521 1811 639 1848; x_wconf 84' lang='lat' dir='ltr'><strong>nam</strong></span> <span class='ocrx_word' id='word_1_123' title='bbox 681 1809 772 1863; x_wconf 87' lang='lat' dir='ltr'><strong>ego</strong></span> <span class='ocrx_word' id='word_1_124' title='bbox 799 1807 1064 1846; x_wconf 78' lang='lat' dir='ltr'><strong>conservus</strong></span> <span class='ocrx_word' id='word_1_125' title='bbox 1089 1799 1204 1842; x_wconf 88' lang='lat' dir='ltr'><strong>tuus</strong></span> <span class='ocrx_word' id='word_1_126' title='bbox 1247 1803 1358 1842; x_wconf 84' lang='lat' dir='ltr'><strong>sum</strong></span> <span class='ocrx_word' id='word_1_127' title='bbox 1402 1794 1448 1839; x_wconf 86' lang='lat' dir='ltr'><strong>et</strong></span> <span class='ocrx_word' id='word_1_128' title='bbox 1493 1789 1708 1856; x_wconf 80' lang='lat' dir='ltr'><strong>fratrum</strong></span> <span class='ocrx_word' id='word_1_129' title='bbox 1755 1791 1954 1835; x_wconf 84' lang='lat' dir='ltr'><strong>tuorum</strong></span> 
     </span>
    </p>
   </div>
   <div class='ocr_carea' id='block_1_17' title="bbox 317 1871 1954 1956">
    <p class='ocr_par' dir='ltr' id='par_1_17' title="bbox 317 1871 1954 1956">
     <span class='ocr_line' id='line_1_17' title="bbox 317 1871 1954 1956; baseline -0.008 -17"><span class='ocrx_word' id='word_1_130' title='bbox 317 1875 553 1956; x_wconf 61' lang='grc' dir='ltr'><strong>ᾚροε.</strong></span> <span class='ocrx_word' id='word_1_131' title='bbox 579 1899 717 1949; x_wconf 80' lang='lat' dir='ltr'><strong>xm,</strong></span> <span class='ocrx_word' id='word_1_132' title='bbox 757 1883 811 1948; x_wconf 92' lang='lat'><strong>8,</strong></span> <span class='ocrx_word' id='word_1_133' title='bbox 838 1881 915 1952; x_wconf 92' lang='lat'><strong>9).</strong></span> <span class='ocrx_word' id='word_1_134' title='bbox 961 1879 1164 1936; x_wconf 83' lang='lat' dir='ltr'><strong>Cadere</strong></span> <span class='ocrx_word' id='word_1_135' title='bbox 1205 1893 1334 1948; x_wconf 85' lang='lat' dir='ltr'><strong>ergo</strong></span> <span class='ocrx_word' id='word_1_136' title='bbox 1363 1877 1460 1931; x_wconf 88' lang='lat' dir='ltr'><strong>sibi</strong></span> <span class='ocrx_word' id='word_1_137' title='bbox 1486 1875 1557 1928; x_wconf 88' lang='lat' dir='ltr'><strong>ad</strong></span> <span class='ocrx_word' id='word_1_138' title='bbox 1584 1873 1744 1944; x_wconf 87' lang='lat' dir='ltr'><strong>pedes</strong></span> <span class='ocrx_word' id='word_1_139' title='bbox 1785 1871 1954 1926; x_wconf 83' lang='lat' dir='ltr'><strong>homi-</strong></span> 
     </span>
    </p>
   </div>
   <div class='ocr_carea' id='block_1_18' title="bbox 359 1956 1954 2046">
    <p class='ocr_par' dir='ltr' id='par_1_18' title="bbox 359 1956 1954 2046">
     <span class='ocr_line' id='line_1_18' title="bbox 359 1956 1954 2046; baseline -0.009 -14"><span class='ocrx_word' id='word_1_140' title='bbox 359 1992 489 2032; x_wconf 86' lang='lat' dir='ltr'><strong>nem</strong></span> <span class='ocrx_word' id='word_1_141' title='bbox 533 1975 751 2046; x_wconf 84' lang='lat' dir='ltr'><strong>angelus</strong></span> <span class='ocrx_word' id='word_1_142' title='bbox 798 1972 1084 2043; x_wconf 87' lang='lat' dir='ltr'><strong>prohibuit.</strong></span> <span class='ocrx_word' id='word_1_143' title='bbox 1129 1970 1313 2025; x_wconf 84' lang='lat' dir='ltr'><strong>Nonne</strong></span> <span class='ocrx_word' id='word_1_144' title='bbox 1358 1966 1696 2023; x_wconf 82' lang='lat' dir='ltr'><strong>manifestum</strong></span> <span class='ocrx_word' id='word_1_145' title='bbox 1725 1972 1806 2020; x_wconf 91' lang='lat' dir='ltr'><strong>est</strong></span> <span class='ocrx_word' id='word_1_146' title='bbox 1833 1956 1954 2034; x_wconf 78' lang='lat' dir='ltr'><strong>quia</strong></span> 
     </span>
    </p>
   </div>
   <div class='ocr_carea' id='block_1_19' title="bbox 361 2053 1956 2136">
    <p class='ocr_par' dir='ltr' id='par_1_19' title="bbox 361 2053 1956 2136">
     <span class='ocr_line' id='line_1_19' title="bbox 361 2053 1956 2136; baseline -0.01 -15"><span class='ocrx_word' id='word_1_147' title='bbox 361 2081 532 2136; x_wconf 83' lang='lat' dir='ltr'><strong>super</strong></span> <span class='ocrx_word' id='word_1_148' title='bbox 569 2079 756 2120; x_wconf 91' lang='lat' dir='ltr'><strong>omnes</strong></span> <span class='ocrx_word' id='word_1_149' title='bbox 795 2064 1027 2135; x_wconf 78' lang='lat' dir='ltr'><strong>Angelos</strong></span> <span class='ocrx_word' id='word_1_150' title='bbox 1050 2071 1150 2127; x_wconf 91' lang='lat' dir='ltr'><strong>est,</strong></span> <span class='ocrx_word' id='word_1_151' title='bbox 1183 2061 1266 2116; x_wconf 84' lang='lat' dir='ltr'><strong>cui</strong></span> <span class='ocrx_word' id='word_1_152' title='bbox 1298 2059 1416 2114; x_wconf 90' lang='lat' dir='ltr'><strong>talis</strong></span> <span class='ocrx_word' id='word_1_153' title='bbox 1442 2058 1623 2121; x_wconf 91' lang='lat' dir='ltr'><strong>homo,</strong></span> <span class='ocrx_word' id='word_1_154' title='bbox 1654 2069 1759 2125; x_wconf 86' lang='lat' dir='ltr'><strong>quo</strong></span> <span class='ocrx_word' id='word_1_155' title='bbox 1787 2053 1956 2122; x_wconf 86' lang='lat' dir='ltr'><strong>major</strong></span> 
     </span>
    </p>
   </div>
   <div class='ocr_carea' id='block_1_20' title="bbox 363 2146 1956 2217">
    <p class='ocr_par' dir='ltr' id='par_1_20' title="bbox 363 2146 1956 2217">
     <span class='ocr_line' id='line_1_20' title="bbox 363 2146 1956 2217; baseline -0.009 -4"><span class='ocrx_word' id='word_1_156' title='bbox 363 2172 530 2213; x_wconf 87' lang='lat' dir='ltr'><strong>nemo</strong></span> <span class='ocrx_word' id='word_1_157' title='bbox 556 2156 785 2211; x_wconf 79' lang='lat' dir='ltr'><strong>surrexit</strong></span> <span class='ocrx_word' id='word_1_158' title='bbox 813 2155 864 2210; x_wconf 91' lang='lat' dir='ltr'><strong>in</strong></span> <span class='ocrx_word' id='word_1_159' title='bbox 893 2155 1029 2208; x_wconf 86' lang='lat' dir='ltr'><strong>natis</strong></span> <span class='ocrx_word' id='word_1_160' title='bbox 1071 2152 1377 2216; x_wconf 89' lang='lat' dir='ltr'><strong>mulierum,</strong></span> <span class='ocrx_word' id='word_1_161' title='bbox 1422 2149 1550 2205; x_wconf 92' lang='lat' dir='ltr'><strong>dicit</strong></span> <span class='ocrx_word' id='word_1_162' title='bbox 1577 2146 1848 2217; x_wconf 87' lang='lat' dir='ltr'><strong>indignum</strong></span> <span class='ocrx_word' id='word_1_163' title='bbox 1897 2159 1956 2199; x_wconf 88' lang='lat' dir='ltr'><strong>se</strong></span> 
     </span>
    </p>
   </div>
   <div class='ocr_carea' id='block_1_21' title="bbox 362 2239 1436 2313">
    <p class='ocr_par' dir='ltr' id='par_1_21' title="bbox 362 2239 1436 2313">
     <span class='ocr_line' id='line_1_21' title="bbox 362 2239 1436 2313; baseline -0.008 -12"><span class='ocrx_word' id='word_1_164' title='bbox 362 2262 488 2302; x_wconf 86' lang='lat' dir='ltr'><strong>esse</strong></span> <span class='ocrx_word' id='word_1_165' title='bbox 514 2247 720 2301; x_wconf 84' lang='lat' dir='ltr'><strong>solvere</strong></span> <span class='ocrx_word' id='word_1_166' title='bbox 743 2243 1024 2313; x_wconf 84' lang='lat' dir='ltr'><strong>corrigiam</strong></span> <span class='ocrx_word' id='word_1_167' title='bbox 1053 2239 1436 2296; x_wconf 86' lang='lat' dir='ltr'><strong>calceamenti?</strong></span> 
     </span>
    </p>
   </div>
   <div class='ocr_carea' id='block_1_22' title="bbox 439 2328 1963 2406">
    <p class='ocr_par' dir='ltr' id='par_1_22' title="bbox 439 2328 1963 2406">
     <span class='ocr_line' id='line_1_22' title="bbox 439 2328 1963 2406; baseline -0.007 -13"><span class='ocrx_word' id='word_1_168' title='bbox 439 2340 494 2394; x_wconf 78' lang='lat'><strong>3.</strong></span> <span class='ocrx_word' id='word_1_169' title='bbox 525 2337 722 2390; x_wconf 86' lang='lat' dir='ltr'><strong>Tamen</strong></span> <span class='ocrx_word' id='word_1_170' title='bbox 761 2333 957 2406; x_wconf 88' lang='lat' dir='ltr'><strong>aliquid</strong></span> <span class='ocrx_word' id='word_1_171' title='bbox 994 2331 1295 2388; x_wconf 81' lang='lat' dir='ltr'><strong>evidentius</strong></span> <span class='ocrx_word' id='word_1_172' title='bbox 1343 2332 1486 2386; x_wconf 86' lang='lat' dir='ltr'><strong>dicat</strong></span> <span class='ocrx_word' id='word_1_173' title='bbox 1526 2329 1778 2395; x_wconf 80' lang='lat' dir='ltr'><strong>Joannes,</strong></span> <span class='ocrx_word' id='word_1_174' title='bbox 1833 2328 1963 2398; x_wconf 78' lang='lat' dir='ltr'><strong>quia</strong></span> 
     </span>
    </p>
   </div>
   <div class='ocr_carea' id='block_1_23' title="bbox 365 2419 1956 2483">
    <p class='ocr_par' dir='ltr' id='par_1_23' title="bbox 365 2419 1956 2483">
     <span class='ocr_line' id='line_1_23' title="bbox 365 2419 1956 2483; baseline -0.007 0"><span class='ocrx_word' id='word_1_175' title='bbox 365 2429 516 2483; x_wconf 89' lang='lat' dir='ltr'><strong>Deus</strong></span> <span class='ocrx_word' id='word_1_176' title='bbox 543 2435 634 2482; x_wconf 90' lang='lat' dir='ltr'><strong>est-</strong></span> <span class='ocrx_word' id='word_1_177' title='bbox 655 2426 906 2480; x_wconf 89' lang='lat' dir='ltr'><strong>Dominus</strong></span> <span class='ocrx_word' id='word_1_178' title='bbox 927 2433 1109 2479; x_wconf 82' lang='lat' dir='ltr'><strong>noster</strong></span> <span class='ocrx_word' id='word_1_179' title='bbox 1131 2423 1286 2479; x_wconf 84' lang='lat' dir='ltr'><strong>Jcsus</strong></span> <span class='ocrx_word' id='word_1_180' title='bbox 1311 2421 1574 2476; x_wconf 83' lang='lat' dir='ltr'><strong>Christus.</strong></span> <span class='ocrx_word' id='word_1_181' title='bbox 1618 2419 1956 2473; x_wconf 83' lang='lat' dir='ltr'><strong>lnveniamus</strong></span> 
     </span>
    </p>
   </div>
   <div class='ocr_carea' id='block_1_24' title="bbox 370 2510 1956 2588">
    <p class='ocr_par' dir='ltr' id='par_1_24' title="bbox 370 2510 1956 2588">
     <span class='ocr_line' id='line_1_24' title="bbox 370 2510 1956 2588; baseline -0.006 -16"><span class='ocrx_word' id='word_1_182' title='bbox 370 2519 476 2574; x_wconf 88' lang='lat' dir='ltr'><strong>hoc</strong></span> <span class='ocrx_word' id='word_1_183' title='bbox 527 2519 579 2572; x_wconf 92' lang='lat' dir='ltr'><strong>in</strong></span> <span class='ocrx_word' id='word_1_184' title='bbox 625 2517 871 2588; x_wconf 63' lang='lat' dir='ltr'><strong>prtesenti</strong></span> <span class='ocrx_word' id='word_1_185' title='bbox 907 2516 1170 2582; x_wconf 83' lang='lat' dir='ltr'><strong>lectione,</strong></span> <span class='ocrx_word' id='word_1_186' title='bbox 1198 2517 1318 2585; x_wconf 89' lang='lat' dir='ltr'><strong>quia</strong></span> <span class='ocrx_word' id='word_1_187' title='bbox 1349 2513 1484 2567; x_wconf 83' lang='lat' dir='ltr'><strong>forte</strong></span> <span class='ocrx_word' id='word_1_188' title='bbox 1527 2520 1579 2567; x_wconf 89' lang='lat' dir='ltr'><strong>et</strong></span> <span class='ocrx_word' id='word_1_189' title='bbox 1612 2510 1678 2567; x_wconf 91' lang='lat' dir='ltr'><strong>de</strong></span> <span class='ocrx_word' id='word_1_190' title='bbox 1711 2511 1802 2564; x_wconf 92' lang='lat' dir='ltr'><strong>illo</strong></span> <span class='ocrx_word' id='word_1_191' title='bbox 1828 2525 1956 2564; x_wconf 83' lang='lat' dir='ltr'><strong>can-</strong></span> 
     </span>
    </p>
   </div>
   <div class='ocr_carea' id='block_1_25' title="bbox 365 2605 1961 2677">
    <p class='ocr_par' dir='ltr' id='par_1_25' title="bbox 365 2605 1961 2677">
     <span class='ocr_line' id='line_1_25' title="bbox 365 2605 1961 2677; baseline -0.006 -15"><span class='ocrx_word' id='word_1_192' title='bbox 365 2609 637 2674; x_wconf 85' lang='lat' dir='ltr'><strong>tavimus,</strong></span> <span class='ocrx_word' id='word_1_193' title='bbox 669 2606 914 2677; x_wconf 73' lang='lat' dir='ltr'><strong>Regnavit</strong></span> <span class='ocrx_word' id='word_1_194' title='bbox 958 2605 1094 2660; x_wconf 92' lang='lat' dir='ltr'><strong>Deus</strong></span> <span class='ocrx_word' id='word_1_195' title='bbox 1141 2622 1290 2676; x_wconf 79' lang='lat' dir='ltr'><strong>super</strong></span> <span class='ocrx_word' id='word_1_196' title='bbox 1333 2619 1527 2660; x_wconf 85' lang='lat' dir='ltr'><strong>onmem</strong></span> <span class='ocrx_word' id='word_1_197' title='bbox 1574 2610 1806 2656; x_wconf 84' lang='lat' dir='ltr'><strong>terram:</strong></span> <span class='ocrx_word' id='word_1_198' title='bbox 1830 2617 1961 2656; x_wconf 75' lang='lat' dir='ltr'><strong>con-</strong></span> 
     </span>
    </p>
   </div>
   <div class='ocr_carea' id='block_1_26' title="bbox 364 2693 1956 2768">
    <p class='ocr_par' dir='ltr' id='par_1_26' title="bbox 364 2693 1956 2768">
     <span class='ocr_line' id='line_1_26' title="bbox 364 2693 1956 2768; baseline -0.005 -14"><span class='ocrx_word' id='word_1_199' title='bbox 364 2708 447 2754; x_wconf 86' lang='lat' dir='ltr'><strong>tra</strong></span> <span class='ocrx_word' id='word_1_200' title='bbox 474 2698 615 2768; x_wconf 90' lang='lat' dir='ltr'><strong>quod</strong></span> <span class='ocrx_word' id='word_1_201' title='bbox 635 2697 778 2752; x_wconf 89' lang='lat' dir='ltr'><strong>surdi</strong></span> <span class='ocrx_word' id='word_1_202' title='bbox 809 2706 952 2765; x_wconf 91' lang='lat' dir='ltr'><strong>sunt,</strong></span> <span class='ocrx_word' id='word_1_203' title='bbox 983 2697 1072 2766; x_wconf 87' lang='lat' dir='ltr'><strong>qui</strong></span> <span class='ocrx_word' id='word_1_204' title='bbox 1097 2705 1285 2767; x_wconf 91' lang='lat' dir='ltr'><strong>putant</strong></span> <span class='ocrx_word' id='word_1_205' title='bbox 1307 2711 1425 2750; x_wconf 89' lang='lat' dir='ltr'><strong>eum</strong></span> <span class='ocrx_word' id='word_1_206' title='bbox 1459 2695 1509 2748; x_wconf 92' lang='lat' dir='ltr'><strong>in</strong></span> <span class='ocrx_word' id='word_1_207' title='bbox 1536 2693 1713 2748; x_wconf 81' lang='lat' dir='ltr'><strong>Africa</strong></span> <span class='ocrx_word' id='word_1_208' title='bbox 1736 2694 1847 2748; x_wconf 89' lang='lat' dir='ltr'><strong>sola</strong></span> <span class='ocrx_word' id='word_1_209' title='bbox 1872 2708 1956 2746; x_wconf 83' lang='lat' dir='ltr'><strong>re-</strong></span> 
     </span>
    </p>
   </div>
   <div class='ocr_carea' id='block_1_27' title="bbox 363 2785 1954 2861">
    <p class='ocr_par' dir='ltr' id='par_1_27' title="bbox 363 2785 1954 2861">
     <span class='ocr_line' id='line_1_27' title="bbox 363 2785 1954 2861; baseline -0.002 -17"><span class='ocrx_word' id='word_1_210' title='bbox 363 2806 551 2861; x_wconf 83' lang='lat' dir='ltr'><strong>gnare.</strong></span> <span class='ocrx_word' id='word_1_211' title='bbox 581 2790 696 2844; x_wconf 80' lang='lat' dir='ltr'><strong>Non</strong></span> <span class='ocrx_word' id='word_1_212' title='bbox 715 2790 856 2844; x_wconf 88' lang='lat' dir='ltr'><strong>enim</strong></span> <span class='ocrx_word' id='word_1_213' title='bbox 880 2805 982 2843; x_wconf 91' lang='lat' dir='ltr'><strong>non</strong></span> <span class='ocrx_word' id='word_1_214' title='bbox 1006 2789 1204 2843; x_wconf 91' lang='lat' dir='ltr'><strong>dictum</strong></span> <span class='ocrx_word' id='word_1_215' title='bbox 1232 2797 1312 2842; x_wconf 91' lang='lat' dir='ltr'><strong>est</strong></span> <span class='ocrx_word' id='word_1_216' title='bbox 1341 2788 1407 2842; x_wconf 91' lang='lat' dir='ltr'><strong>de</strong></span> <span class='ocrx_word' id='word_1_217' title='bbox 1441 2787 1676 2851; x_wconf 85' lang='lat' dir='ltr'><strong>Christo,</strong></span> <span class='ocrx_word' id='word_1_218' title='bbox 1708 2801 1827 2841; x_wconf 91' lang='lat' dir='ltr'><strong>cum</strong></span> <span class='ocrx_word' id='word_1_219' title='bbox 1870 2785 1954 2841; x_wconf 84' lang='lat' dir='ltr'><strong>di-</strong></span> 
     </span>
    </p>
   </div>
   <div class='ocr_carea' id='block_1_28' title="bbox 363 2877 1958 2951">
    <p class='ocr_par' dir='ltr' id='par_1_28' title="bbox 363 2877 1958 2951">
     <span class='ocr_line' id='line_1_28' title="bbox 363 2877 1958 2951; baseline -0.003 -17"><span class='ocrx_word' id='word_1_220' title='bbox 363 2891 512 2936; x_wconf 89' lang='lat' dir='ltr'><strong>ctum</strong></span> <span class='ocrx_word' id='word_1_221' title='bbox 543 2889 644 2943; x_wconf 86' lang='lat' dir='ltr'><strong>est,</strong></span> <span class='ocrx_word' id='word_1_222' title='bbox 671 2880 915 2951; x_wconf 81' lang='lat' dir='ltr'><strong>Regnavit</strong></span> <span class='ocrx_word' id='word_1_223' title='bbox 945 2878 1081 2934; x_wconf 85' lang='lat' dir='ltr'><strong>Deus</strong></span> <span class='ocrx_word' id='word_1_224' title='bbox 1105 2895 1256 2950; x_wconf 82' lang='lat' dir='ltr'><strong>super</strong></span> <span class='ocrx_word' id='word_1_225' title='bbox 1280 2895 1476 2932; x_wconf 87' lang='lat' dir='ltr'><strong>onmem</strong></span> <span class='ocrx_word' id='word_1_226' title='bbox 1501 2887 1703 2930; x_wconf 87' lang='lat' dir='ltr'><strong>terram.</strong></span> <span class='ocrx_word' id='word_1_227' title='bbox 1728 2877 1855 2944; x_wconf 72' lang='lat' dir='ltr'><strong>Quis</strong></span> <span class='ocrx_word' id='word_1_228' title='bbox 1876 2885 1958 2931; x_wconf 90' lang='lat' dir='ltr'><strong>est</strong></span> 
     </span>
    </p>
   </div>
   <div class='ocr_carea' id='block_1_29' title="bbox 365 2966 1956 3034">
    <p class='ocr_par' dir='ltr' id='par_1_29' title="bbox 365 2966 1956 3034">
     <span class='ocr_line' id='line_1_29' title="bbox 365 2966 1956 3034; baseline -0.004 -8"><span class='ocrx_word' id='word_1_229' title='bbox 365 2973 512 3030; x_wconf 89' lang='lat' dir='ltr'><strong>enim</strong></span> <span class='ocrx_word' id='word_1_230' title='bbox 533 2972 670 3025; x_wconf 89' lang='lat' dir='ltr'><strong>alius</strong></span> <span class='ocrx_word' id='word_1_231' title='bbox 691 2986 782 3025; x_wconf 88' lang='lat' dir='ltr'><strong>rex</strong></span> <span class='ocrx_word' id='word_1_232' title='bbox 810 2979 1010 3034; x_wconf 90' lang='lat' dir='ltr'><strong>noster,</strong></span> <span class='ocrx_word' id='word_1_233' title='bbox 1033 2969 1134 3022; x_wconf 92' lang='lat' dir='ltr'><strong>nisi</strong></span> <span class='ocrx_word' id='word_1_234' title='bbox 1157 2968 1408 3023; x_wconf 84' lang='lat' dir='ltr'><strong>Dominus</strong></span> <span class='ocrx_word' id='word_1_235' title='bbox 1432 2976 1616 3022; x_wconf 88' lang='lat' dir='ltr'><strong>noster</strong></span> <span class='ocrx_word' id='word_1_236' title='bbox 1633 2967 1786 3022; x_wconf 88' lang='lat' dir='ltr'><strong>Jesus</strong></span> <span class='ocrx_word' id='word_1_237' title='bbox 1801 2966 1956 3022; x_wconf 86' lang='lat' dir='ltr'><strong>Chri-</strong></span> 
     </span>
    </p>
   </div>
   <div class='ocr_carea' id='block_1_30' title="bbox 365 3060 1959 3134">
    <p class='ocr_par' dir='ltr' id='par_1_30' title="bbox 365 3060 1959 3134">
     <span class='ocr_line' id='line_1_30' title="bbox 365 3060 1959 3134; baseline -0.003 -16"><span class='ocrx_word' id='word_1_238' title='bbox 365 3066 520 3120; x_wconf 84' lang='lat' dir='ltr'><strong>stus?</strong></span> <span class='ocrx_word' id='word_1_239' title='bbox 544 3064 660 3134; x_wconf 88' lang='lat' dir='ltr'><strong>lpse</strong></span> <span class='ocrx_word' id='word_1_240' title='bbox 679 3072 761 3118; x_wconf 88' lang='lat' dir='ltr'><strong>est</strong></span> <span class='ocrx_word' id='word_1_241' title='bbox 775 3079 870 3117; x_wconf 88' lang='lat' dir='ltr'><strong>rex</strong></span> <span class='ocrx_word' id='word_1_242' title='bbox 889 3071 1088 3117; x_wconf 89' lang='lat' dir='ltr'><strong>noster.</strong></span> <span class='ocrx_word' id='word_1_243' title='bbox 1113 3061 1180 3116; x_wconf 88' lang='lat' dir='ltr'><strong>Et</strong></span> <span class='ocrx_word' id='word_1_244' title='bbox 1200 3061 1323 3131; x_wconf 91' lang='lat' dir='ltr'><strong>quid</strong></span> <span class='ocrx_word' id='word_1_245' title='bbox 1350 3060 1574 3114; x_wconf 87' lang='lat' dir='ltr'><strong>audistis</strong></span> <span class='ocrx_word' id='word_1_246' title='bbox 1602 3061 1652 3114; x_wconf 91' lang='lat' dir='ltr'><strong>in</strong></span> <span class='ocrx_word' id='word_1_247' title='bbox 1681 3060 1796 3130; x_wconf 92' lang='lat' dir='ltr'><strong>ipso</strong></span> <span class='ocrx_word' id='word_1_248' title='bbox 1811 3060 1959 3115; x_wconf 90' lang='lat' dir='ltr'><strong>Psal-</strong></span> 
     </span>
    </p>
   </div>
   <div class='ocr_carea' id='block_1_31' title="bbox 364 3149 1951 3220">
    <p class='ocr_par' dir='ltr' id='par_1_31' title="bbox 364 3149 1951 3220">
     <span class='ocr_line' id='line_1_31' title="bbox 364 3149 1951 3220; baseline -0.003 -12"><span class='ocrx_word' id='word_1_249' title='bbox 364 3168 480 3220; x_wconf 88' lang='lat' dir='ltr'><strong>mo,</strong></span> <span class='ocrx_word' id='word_1_250' title='bbox 512 3153 712 3208; x_wconf 85' lang='lat' dir='ltr'><strong>recenti</strong></span> <span class='ocrx_word' id='word_1_251' title='bbox 737 3167 892 3207; x_wconf 87' lang='lat' dir='ltr'><strong>ver-su</strong></span> <span class='ocrx_word' id='word_1_252' title='bbox 932 3151 1093 3207; x_wconf 89' lang='lat' dir='ltr'><strong>modo</strong></span> <span class='ocrx_word' id='word_1_253' title='bbox 1117 3151 1362 3206; x_wconf 89' lang='lat' dir='ltr'><strong>cantato?</strong></span> <span class='ocrx_word' id='word_1_254' title='bbox 1390 3149 1608 3205; x_wconf 83' lang='lat' dir='ltr'><strong>P-saltite</strong></span> <span class='ocrx_word' id='word_1_255' title='bbox 1632 3149 1742 3206; x_wconf 90' lang='lat' dir='ltr'><strong>Deo</strong></span> <span class='ocrx_word' id='word_1_256' title='bbox 1765 3159 1951 3217; x_wconf 84' lang='lat' dir='ltr'><strong>nostro,</strong></span> 
     </span>
    </p>
   </div>
   <div class='ocr_carea' id='block_1_32' title="bbox 366 3241 1953 3316">
    <p class='ocr_par' dir='ltr' id='par_1_32' title="bbox 366 3241 1953 3316">
     <span class='ocr_line' id='line_1_32' title="bbox 366 3241 1953 3316; baseline -0.003 -17"><span class='ocrx_word' id='word_1_257' title='bbox 366 3245 613 3316; x_wconf 72' lang='lat' dir='ltr'><strong>psallite:</strong></span> <span class='ocrx_word' id='word_1_258' title='bbox 634 3244 832 3316; x_wconf 85' lang='lat' dir='ltr'><strong>psallite</strong></span> <span class='ocrx_word' id='word_1_259' title='bbox 853 3245 958 3314; x_wconf 89' lang='lat' dir='ltr'><strong>regi</strong></span> <span class='ocrx_word' id='word_1_260' title='bbox 975 3252 1166 3307; x_wconf 83' lang='lat' dir='ltr'><strong>nostro,</strong></span> <span class='ocrx_word' id='word_1_261' title='bbox 1189 3241 1405 3313; x_wconf 79' lang='lat' dir='ltr'><strong>psallite.</strong></span> <span class='ocrx_word' id='word_1_262' title='bbox 1435 3243 1602 3310; x_wconf 85' lang='lat' dir='ltr'><strong>Quem</strong></span> <span class='ocrx_word' id='word_1_263' title='bbox 1620 3242 1752 3296; x_wconf 82' lang='lat' dir='ltr'><strong>dixit</strong></span> <span class='ocrx_word' id='word_1_264' title='bbox 1770 3243 1953 3304; x_wconf 86' lang='lat' dir='ltr'><strong>Deum,</strong></span> 
     </span>
    </p>
   </div>
   <div class='ocr_carea' id='block_1_33' title="bbox 368 3331 1959 3406">
    <p class='ocr_par' dir='ltr' id='par_1_33' title="bbox 368 3331 1959 3406">
     <span class='ocr_line' id='line_1_33' title="bbox 368 3331 1959 3406; baseline -0.003 -15"><span class='ocrx_word' id='word_1_265' title='bbox 368 3338 548 3406; x_wconf 89' lang='lat' dir='ltr'><strong>ipsum</strong></span> <span class='ocrx_word' id='word_1_266' title='bbox 577 3337 708 3390; x_wconf 80' lang='lat' dir='ltr'><strong>dixit</strong></span> <span class='ocrx_word' id='word_1_267' title='bbox 735 3351 912 3405; x_wconf 81' lang='lat' dir='ltr'><strong>regem</strong></span> <span class='ocrx_word' id='word_1_268' title='bbox 937 3342 1176 3388; x_wconf 89' lang='lat' dir='ltr'><strong>nostrum</strong></span> <span class='ocrx_word' id='word_1_269' title='bbox 1203 3351 1216 3387; x_wconf 90' lang='lat'><strong>:</strong></span> <span class='ocrx_word' id='word_1_270' title='bbox 1242 3332 1454 3386; x_wconf 87' lang='lat' dir='ltr'><strong>Psallite</strong></span> <span class='ocrx_word' id='word_1_271' title='bbox 1481 3331 1585 3386; x_wconf 88' lang='lat' dir='ltr'><strong>Deo</strong></span> <span class='ocrx_word' id='word_1_272' title='bbox 1607 3343 1797 3398; x_wconf 88' lang='lat' dir='ltr'><strong>nostro,</strong></span> <span class='ocrx_word' id='word_1_273' title='bbox 1822 3333 1959 3403; x_wconf 84' lang='lat' dir='ltr'><strong>psal-</strong></span> 
     </span>
    </p>
   </div>
   <div class='ocr_carea' id='block_1_34' title="bbox 370 3423 1958 3498">
    <p class='ocr_par' dir='ltr' id='par_1_34' title="bbox 370 3423 1958 3498">
     <span class='ocr_line' id='line_1_34' title="bbox 370 3423 1958 3498; baseline -0.002 -16"><span class='ocrx_word' id='word_1_274' title='bbox 370 3428 459 3482; x_wconf 86' lang='lat' dir='ltr'><strong>lite</strong></span> <span class='ocrx_word' id='word_1_275' title='bbox 477 3444 496 3482; x_wconf 92' lang='lat'><strong><em>:</em></strong></span> <span class='ocrx_word' id='word_1_276' title='bbox 521 3428 722 3498; x_wconf 80' lang='lat' dir='ltr'><strong>psallite</strong></span> <span class='ocrx_word' id='word_1_277' title='bbox 747 3427 852 3497; x_wconf 83' lang='lat' dir='ltr'><strong>regi</strong></span> <span class='ocrx_word' id='word_1_278' title='bbox 875 3435 1068 3490; x_wconf 87' lang='lat' dir='ltr'><strong>nostro,</strong></span> <span class='ocrx_word' id='word_1_279' title='bbox 1091 3424 1292 3496; x_wconf 86' lang='lat' dir='ltr'><strong>psallite</strong></span> <span class='ocrx_word' id='word_1_280' title='bbox 1311 3424 1665 3496; x_wconf 86' lang='lat' dir='ltr'><strong>intelligenter.</strong></span> <span class='ocrx_word' id='word_1_281' title='bbox 1685 3423 1761 3479; x_wconf 90' lang='lat' dir='ltr'><strong>Ne</strong></span> <span class='ocrx_word' id='word_1_282' title='bbox 1781 3424 1833 3478; x_wconf 88' lang='lat' dir='ltr'><strong>in</strong></span> <span class='ocrx_word' id='word_1_283' title='bbox 1854 3440 1958 3480; x_wconf 86' lang='lat' dir='ltr'><strong>una</strong></span> 
     </span>
    </p>
   </div>
   <div class='ocr_carea' id='block_1_35' title="bbox 370 3513 1960 3588">
    <p class='ocr_par' dir='ltr' id='par_1_35' title="bbox 370 3513 1960 3588">
     <span class='ocr_line' id='line_1_35' title="bbox 370 3513 1960 3588; baseline -0.002 -17"><span class='ocrx_word' id='word_1_284' title='bbox 370 3527 522 3588; x_wconf 87' lang='lat' dir='ltr'><strong>parte</strong></span> <span class='ocrx_word' id='word_1_285' title='bbox 548 3517 679 3571; x_wconf 81' lang='lat' dir='ltr'><strong>velis</strong></span> <span class='ocrx_word' id='word_1_286' title='bbox 706 3516 998 3586; x_wconf 82' lang='lat' dir='ltr'><strong>intelligere</strong></span> <span class='ocrx_word' id='word_1_287' title='bbox 1024 3514 1111 3570; x_wconf 91' lang='lat' dir='ltr'><strong>cui</strong></span> <span class='ocrx_word' id='word_1_288' title='bbox 1154 3514 1364 3584; x_wconf 88' lang='lat' dir='ltr'><strong>psallis:</strong></span> <span class='ocrx_word' id='word_1_289' title='bbox 1397 3513 1650 3580; x_wconf 82' lang='lat' dir='ltr'><strong>Quoniam</strong></span> <span class='ocrx_word' id='word_1_290' title='bbox 1680 3529 1770 3568; x_wconf 77' lang='lat' dir='ltr'><strong>rex</strong></span> <span class='ocrx_word' id='word_1_291' title='bbox 1798 3515 1960 3568; x_wconf 88' lang='lat' dir='ltr'><strong>omnis</strong></span> 
     </span>
    </p>
   </div>
   <div class='ocr_carea' id='block_1_36' title="bbox 373 3604 1960 3680">
    <p class='ocr_par' dir='ltr' id='par_1_36' title="bbox 373 3604 1960 3680">
     <span class='ocr_line' id='line_1_36' title="bbox 373 3604 1960 3680; baseline -0.003 -16"><span class='ocrx_word' id='word_1_292' title='bbox 373 3619 518 3664; x_wconf 81' lang='lat' dir='ltr'><strong>teme</strong></span> <span class='ocrx_word' id='word_1_293' title='bbox 542 3609 683 3662; x_wconf 88' lang='lat' dir='ltr'><strong>Deus</strong></span> <span class='ocrx_word' id='word_1_294' title='bbox 705 3608 874 3680; x_wconf 88' lang='lat' dir='ltr'><strong>(Psal.</strong></span> <span class='ocrx_word' id='word_1_295' title='bbox 895 3622 1038 3673; x_wconf 76' lang='lat' dir='ltr'><strong>xLVI,</strong></span> <span class='ocrx_word' id='word_1_296' title='bbox 1058 3607 1111 3670; x_wconf 79' lang='lat'><strong>3,</strong></span> <span class='ocrx_word' id='word_1_297' title='bbox 1138 3607 1190 3673; x_wconf 87' lang='lat'><strong>7,</strong></span> <span class='ocrx_word' id='word_1_298' title='bbox 1219 3604 1298 3678; x_wconf 91' lang='lat'><strong>8).</strong></span> <span class='ocrx_word' id='word_1_299' title='bbox 1332 3607 1397 3660; x_wconf 87' lang='lat' dir='ltr'><strong>Et</strong></span> <span class='ocrx_word' id='word_1_300' title='bbox 1413 3605 1676 3676; x_wconf 92' lang='lat' dir='ltr'><strong>quomodo</strong></span> <span class='ocrx_word' id='word_1_301' title='bbox 1692 3606 1960 3660; x_wconf 88' lang='lat' dir='ltr'><strong>estomnis</strong></span> 
     </span>
    </p>
   </div>
   <div class='ocr_carea' id='block_1_37' title="bbox 374 3697 1959 3771">
    <p class='ocr_par' dir='ltr' id='par_1_37' title="bbox 374 3697 1959 3771">
     <span class='ocr_line' id='line_1_37' title="bbox 374 3697 1959 3771; baseline -0.004 -15"><span class='ocrx_word' id='word_1_302' title='bbox 374 3709 536 3756; x_wconf 66' lang='lat' dir='ltr'><strong>terra:</strong></span> <span class='ocrx_word' id='word_1_303' title='bbox 559 3716 672 3767; x_wconf 85' lang='lat' dir='ltr'><strong>rex,</strong></span> <span class='ocrx_word' id='word_1_304' title='bbox 705 3700 792 3771; x_wconf 87' lang='lat' dir='ltr'><strong>qui</strong></span> <span class='ocrx_word' id='word_1_305' title='bbox 825 3700 967 3754; x_wconf 87' lang='lat' dir='ltr'><strong>visus</strong></span> <span class='ocrx_word' id='word_1_306' title='bbox 997 3698 1153 3755; x_wconf 91' lang='lat' dir='ltr'><strong>estin</strong></span> <span class='ocrx_word' id='word_1_307' title='bbox 1181 3713 1283 3752; x_wconf 91' lang='lat' dir='ltr'><strong>una</strong></span> <span class='ocrx_word' id='word_1_308' title='bbox 1306 3706 1455 3768; x_wconf 89' lang='lat' dir='ltr'><strong>parte</strong></span> <span class='ocrx_word' id='word_1_309' title='bbox 1481 3705 1763 3762; x_wconf 86' lang='lat' dir='ltr'><strong>terrarum,</strong></span> <span class='ocrx_word' id='word_1_310' title='bbox 1788 3697 1840 3751; x_wconf 92' lang='lat' dir='ltr'><strong>in</strong></span> <span class='ocrx_word' id='word_1_311' title='bbox 1868 3697 1959 3752; x_wconf 87' lang='lat' dir='ltr'><strong>Je-</strong></span> 
     </span>
    </p>
   </div>
   <div class='ocr_carea' id='block_1_38' title="bbox 373 3787 1957 3862">
    <p class='ocr_par' dir='ltr' id='par_1_38' title="bbox 373 3787 1957 3862">
     <span class='ocr_line' id='line_1_38' title="bbox 373 3787 1957 3862; baseline -0.004 -16"><span class='ocrx_word' id='word_1_312' title='bbox 373 3791 664 3862; x_wconf 87' lang='lat' dir='ltr'><strong>rosolyma,</strong></span> <span class='ocrx_word' id='word_1_313' title='bbox 691 3791 742 3844; x_wconf 93' lang='lat' dir='ltr'><strong>in</strong></span> <span class='ocrx_word' id='word_1_314' title='bbox 770 3789 973 3856; x_wconf 73' lang='lat' dir='ltr'><strong>Judzea,</strong></span> <span class='ocrx_word' id='word_1_315' title='bbox 1003 3788 1284 3844; x_wconf 88' lang='lat' dir='ltr'><strong>ambulans</strong></span> <span class='ocrx_word' id='word_1_316' title='bbox 1323 3787 1461 3842; x_wconf 90' lang='lat' dir='ltr'><strong>inter</strong></span> <span class='ocrx_word' id='word_1_317' title='bbox 1488 3787 1752 3854; x_wconf 90' lang='lat' dir='ltr'><strong>homines,</strong></span> <span class='ocrx_word' id='word_1_318' title='bbox 1782 3795 1957 3853; x_wconf 90' lang='lat' dir='ltr'><strong>natus,</strong></span> 
     </span>
    </p>
   </div>
   <div class='ocr_carea' id='block_1_39' title="bbox 374 3879 1962 3952">
    <p class='ocr_par' dir='ltr' id='par_1_39' title="bbox 374 3879 1962 3952">
     <span class='ocr_line' id='line_1_39' title="bbox 374 3879 1962 3952; baseline -0.001 -16"><span class='ocrx_word' id='word_1_319' title='bbox 374 3897 594 3952; x_wconf 82' lang='lat' dir='ltr'><strong>sugens,</strong></span> <span class='ocrx_word' id='word_1_320' title='bbox 634 3895 903 3947; x_wconf 88' lang='lat' dir='ltr'><strong>crescens,</strong></span> <span class='ocrx_word' id='word_1_321' title='bbox 943 3880 1294 3948; x_wconf 88' lang='lat' dir='ltr'><strong>manducans,</strong></span> <span class='ocrx_word' id='word_1_322' title='bbox 1325 3879 1532 3946; x_wconf 89' lang='lat' dir='ltr'><strong>bibens,</strong></span> <span class='ocrx_word' id='word_1_323' title='bbox 1563 3880 1803 3950; x_wconf 84' lang='lat' dir='ltr'><strong>vigilans,</strong></span> <span class='ocrx_word' id='word_1_324' title='bbox 1832 3880 1962 3934; x_wconf 92' lang='lat' dir='ltr'><strong>dor-</strong></span> 
     </span>
    </p>
   </div>
   <div class='ocr_carea' id='block_1_40' title="bbox 374 3970 1957 4044">
    <p class='ocr_par' dir='ltr' id='par_1_40' title="bbox 374 3970 1957 4044">
     <span class='ocr_line' id='line_1_40' title="bbox 374 3970 1957 4044; baseline -0.003 -16"><span class='ocrx_word' id='word_1_325' title='bbox 374 3976 570 4038; x_wconf 88' lang='lat' dir='ltr'><strong>miens,</strong></span> <span class='ocrx_word' id='word_1_326' title='bbox 619 3973 862 4044; x_wconf 82' lang='lat' dir='ltr'><strong>fatigatus</strong></span> <span class='ocrx_word' id='word_1_327' title='bbox 899 3972 966 4027; x_wconf 90' lang='lat' dir='ltr'><strong>ad</strong></span> <span class='ocrx_word' id='word_1_328' title='bbox 1012 3980 1230 4043; x_wconf 88' lang='lat' dir='ltr'><strong>puteum</strong></span> <span class='ocrx_word' id='word_1_329' title='bbox 1274 3971 1489 4034; x_wconf 89' lang='lat' dir='ltr'><strong>sedens,</strong></span> <span class='ocrx_word' id='word_1_330' title='bbox 1523 3970 1957 4039; x_wconf 83' lang='lat' dir='ltr'><strong>comprehensus,</strong></span> 
     </span>
    </p>
   </div>
   <div class='ocr_carea' id='block_1_41' title="bbox 375 4061 1960 4134">
    <p class='ocr_par' dir='ltr' id='par_1_41' title="bbox 375 4061 1960 4134">
     <span class='ocr_line' id='line_1_41' title="bbox 375 4061 1960 4134; baseline -0.002 -16"><span class='ocrx_word' id='word_1_331' title='bbox 375 4063 695 4134; x_wconf 79' lang='lat' dir='ltr'><strong>ﬂagellatus,</strong></span> <span class='ocrx_word' id='word_1_332' title='bbox 723 4064 891 4133; x_wconf 89' lang='lat' dir='ltr'><strong>sputis</strong></span> <span class='ocrx_word' id='word_1_333' title='bbox 920 4064 1104 4127; x_wconf 92' lang='lat' dir='ltr'><strong>illitus,</strong></span> <span class='ocrx_word' id='word_1_334' title='bbox 1139 4062 1306 4132; x_wconf 82' lang='lat' dir='ltr'><strong>spinis</strong></span> <span class='ocrx_word' id='word_1_335' title='bbox 1327 4072 1634 4125; x_wconf 87' lang='lat' dir='ltr'><strong>corona-tus,</strong></span> <span class='ocrx_word' id='word_1_336' title='bbox 1667 4061 1810 4131; x_wconf 90' lang='lat' dir='ltr'><strong>ligno</strong></span> <span class='ocrx_word' id='word_1_337' title='bbox 1837 4076 1960 4116; x_wconf 90' lang='lat' dir='ltr'><strong>sus-</strong></span> 
     </span>
    </p>
   </div>
   <div class='ocr_carea' id='block_1_42' title="bbox 376 4154 1966 4227">
    <p class='ocr_par' dir='ltr' id='par_1_42' title="bbox 376 4154 1966 4227">
     <span class='ocr_line' id='line_1_42' title="bbox 376 4154 1966 4227; baseline -0.003 -15"><span class='ocrx_word' id='word_1_338' title='bbox 376 4171 604 4227; x_wconf 79' lang='lat' dir='ltr'><strong>pensus,</strong></span> <span class='ocrx_word' id='word_1_339' title='bbox 641 4157 822 4211; x_wconf 85' lang='lat' dir='ltr'><strong>lancea</strong></span> <span class='ocrx_word' id='word_1_340' title='bbox 868 4169 1167 4225; x_wconf 89' lang='lat' dir='ltr'><strong>percussus,</strong></span> <span class='ocrx_word' id='word_1_341' title='bbox 1213 4163 1473 4220; x_wconf 89' lang='lat' dir='ltr'><strong>mortuus,</strong></span> <span class='ocrx_word' id='word_1_342' title='bbox 1521 4154 1790 4222; x_wconf 88' lang='lat' dir='ltr'><strong>sepultus?</strong></span> <span class='ocrx_word' id='word_1_343' title='bbox 1831 4168 1966 4223; x_wconf 84' lang='lat' dir='ltr'><strong>quo-</strong></span> 
     </span>
    </p>
   </div>
   <div class='ocr_carea' id='block_1_43' title="bbox 378 4245 1975 4318">
    <p class='ocr_par' dir='ltr' id='par_1_43' title="bbox 378 4245 1975 4318">
     <span class='ocr_line' id='line_1_43' title="bbox 378 4245 1975 4318; baseline -0.004 -14"><span class='ocrx_word' id='word_1_344' title='bbox 378 4248 542 4304; x_wconf 90' lang='lat' dir='ltr'><strong>modo</strong></span> <span class='ocrx_word' id='word_1_345' title='bbox 568 4264 693 4318; x_wconf 88' lang='lat' dir='ltr'><strong>ergo</strong></span> <span class='ocrx_word' id='word_1_346' title='bbox 719 4263 812 4303; x_wconf 88' lang='lat' dir='ltr'><strong>rex</strong></span> <span class='ocrx_word' id='word_1_347' title='bbox 841 4249 1014 4302; x_wconf 91' lang='lat' dir='ltr'><strong>omnis</strong></span> <span class='ocrx_word' id='word_1_348' title='bbox 1044 4247 1234 4302; x_wconf 81' lang='lat' dir='ltr'><strong>terrae?</strong></span> <span class='ocrx_word' id='word_1_349' title='bbox 1259 4245 1408 4313; x_wconf 87' lang='lat' dir='ltr'><strong>Quod</strong></span> <span class='ocrx_word' id='word_1_350' title='bbox 1436 4245 1712 4301; x_wconf 85' lang='lat' dir='ltr'><strong>videbatur</strong></span> <span class='ocrx_word' id='word_1_351' title='bbox 1736 4245 1786 4299; x_wconf 91' lang='lat' dir='ltr'><strong>in</strong></span> <span class='ocrx_word' id='word_1_352' title='bbox 1823 4245 1975 4313; x_wconf 56' lang='lat' dir='ltr'><strong>loco,-</strong></span> 
     </span>
    </p>
   </div>
   <div class='ocr_carea' id='block_1_44' title="bbox 378 4336 1967 4406">
    <p class='ocr_par' dir='ltr' id='par_1_44' title="bbox 378 4336 1967 4406">
     <span class='ocr_line' id='line_1_44' title="bbox 378 4336 1967 4406; baseline -0.001 -12"><span class='ocrx_word' id='word_1_353' title='bbox 378 4353 505 4394; x_wconf 88' lang='lat' dir='ltr'><strong>caro</strong></span> <span class='ocrx_word' id='word_1_354' title='bbox 552 4338 896 4394; x_wconf 89' lang='lat' dir='ltr'><strong>erat:oculis</strong></span> <span class='ocrx_word' id='word_1_355' title='bbox 939 4337 1148 4392; x_wconf 90' lang='lat' dir='ltr'><strong>carneis</strong></span> <span class='ocrx_word' id='word_1_356' title='bbox 1192 4351 1317 4391; x_wconf 88' lang='lat' dir='ltr'><strong>caro</strong></span> <span class='ocrx_word' id='word_1_357' title='bbox 1355 4336 1672 4406; x_wconf 87' lang='lat' dir='ltr'><strong>apparebat;</strong></span> <span class='ocrx_word' id='word_1_358' title='bbox 1707 4336 1759 4390; x_wconf 92' lang='lat' dir='ltr'><strong>in</strong></span> <span class='ocrx_word' id='word_1_359' title='bbox 1807 4351 1967 4392; x_wconf 89' lang='lat' dir='ltr'><strong>carne</strong></span> 
     </span>
    </p>
   </div>
   <div class='ocr_carea' id='block_1_45' title="bbox 378 4427 1968 4508">
    <p class='ocr_par' dir='ltr' id='par_1_45' title="bbox 378 4427 1968 4508">
     <span class='ocr_line' id='line_1_45' title="bbox 378 4427 1968 4508; baseline -0.001 -23"><span class='ocrx_word' id='word_1_360' title='bbox 378 4429 592 4485; x_wconf 86' lang='lat' dir='ltr'><strong>mortali</strong></span> <span class='ocrx_word' id='word_1_361' title='bbox 629 4429 878 4498; x_wconf 87' lang='lat' dir='ltr'><strong>majestas</strong></span> <span class='ocrx_word' id='word_1_362' title='bbox 921 4428 1234 4508; x_wconf 80' lang='lat' dir='ltr'><strong>immortalis</strong></span> <span class='ocrx_word' id='word_1_363' title='bbox 1273 4428 1652 4484; x_wconf 86' lang='lat' dir='ltr'><strong>occultabatur.</strong></span> <span class='ocrx_word' id='word_1_364' title='bbox 1683 4428 1752 4483; x_wconf 85' lang='lat' dir='ltr'><strong>Et</strong></span> <span class='ocrx_word' id='word_1_365' title='bbox 1779 4427 1968 4498; x_wconf 85' lang='lat' dir='ltr'><strong>quibus</strong></span> 
     </span>
    </p>
   </div>
   <div class='ocr_carea' id='block_1_46' title="bbox 378 4519 1968 4590">
    <p class='ocr_par' dir='ltr' id='par_1_46' title="bbox 378 4519 1968 4590">
     <span class='ocr_line' id='line_1_46' title="bbox 378 4519 1968 4590; baseline -0.003 -14"><span class='ocrx_word' id='word_1_366' title='bbox 378 4522 550 4576; x_wconf 90' lang='lat' dir='ltr'><strong>oculis</strong></span> <span class='ocrx_word' id='word_1_367' title='bbox 587 4521 837 4590; x_wconf 90' lang='lat' dir='ltr'><strong>majestas</strong></span> <span class='ocrx_word' id='word_1_368' title='bbox 874 4519 1188 4576; x_wconf 88' lang='lat' dir='ltr'><strong>immortalis</strong></span> <span class='ocrx_word' id='word_1_369' title='bbox 1217 4527 1489 4589; x_wconf 89' lang='lat' dir='ltr'><strong>penetrata</strong></span> <span class='ocrx_word' id='word_1_370' title='bbox 1514 4533 1769 4589; x_wconf 84' lang='lat' dir='ltr'><strong>compage</strong></span> <span class='ocrx_word' id='word_1_371' title='bbox 1791 4521 1968 4575; x_wconf 86' lang='lat' dir='ltr'><strong>carnis</strong></span> 
     </span>
    </p>
   </div>
   <div class='ocr_carea' id='block_1_47' title="bbox 380 4609 1965 4682">
    <p class='ocr_par' dir='ltr' id='par_1_47' title="bbox 380 4609 1965 4682">
     <span class='ocr_line' id='line_1_47' title="bbox 380 4609 1965 4682; baseline -0.001 -18"><span class='ocrx_word' id='word_1_372' title='bbox 380 4611 580 4682; x_wconf 89' lang='lat' dir='ltr'><strong>poterit</strong></span> <span class='ocrx_word' id='word_1_373' title='bbox 603 4611 833 4665; x_wconf 89' lang='lat' dir='ltr'><strong>intueri?</strong></span> <span class='ocrx_word' id='word_1_374' title='bbox 855 4610 949 4665; x_wconf 88' lang='lat' dir='ltr'><strong>Est</strong></span> <span class='ocrx_word' id='word_1_375' title='bbox 973 4611 1106 4665; x_wconf 92' lang='lat' dir='ltr'><strong>alius</strong></span> <span class='ocrx_word' id='word_1_376' title='bbox 1129 4611 1337 4678; x_wconf 89' lang='lat' dir='ltr'><strong>oculus,</strong></span> <span class='ocrx_word' id='word_1_377' title='bbox 1382 4617 1466 4665; x_wconf 86' lang='lat' dir='ltr'><strong>est</strong></span> <span class='ocrx_word' id='word_1_378' title='bbox 1504 4609 1726 4664; x_wconf 85' lang='lat' dir='ltr'><strong>interior</strong></span> <span class='ocrx_word' id='word_1_379' title='bbox 1761 4610 1965 4665; x_wconf 90' lang='lat' dir='ltr'><strong>oculus.</strong></span> 
     </span>
    </p>
   </div>
   <div class='ocr_carea' id='block_1_48' title="bbox 376 4701 1973 4774">
    <p class='ocr_par' dir='ltr' id='par_1_48' title="bbox 376 4701 1973 4774">
     <span class='ocr_line' id='line_1_48' title="bbox 376 4701 1973 4774; baseline 0.001 -16"><span class='ocrx_word' id='word_1_380' title='bbox 376 4703 499 4758; x_wconf 82' lang='lat' dir='ltr'><strong>Non</strong></span> <span class='ocrx_word' id='word_1_381' title='bbox 526 4704 670 4758; x_wconf 91' lang='lat' dir='ltr'><strong>enim</strong></span> <span class='ocrx_word' id='word_1_382' title='bbox 699 4703 876 4758; x_wconf 90' lang='lat' dir='ltr'><strong>nullos</strong></span> <span class='ocrx_word' id='word_1_383' title='bbox 901 4703 1082 4758; x_wconf 87' lang='lat' dir='ltr'><strong>oculos</strong></span> <span class='ocrx_word' id='word_1_384' title='bbox 1131 4701 1359 4759; x_wconf 85' lang='lat' dir='ltr'><strong>habebat</strong></span> <span class='ocrx_word' id='word_1_385' title='bbox 1399 4712 1454 4759; x_wconf 88' lang='lat' dir='ltr'><strong>et</strong></span> <span class='ocrx_word' id='word_1_386' title='bbox 1497 4703 1712 4772; x_wconf 88' lang='lat' dir='ltr'><strong>Tobias,</strong></span> <span class='ocrx_word' id='word_1_387' title='bbox 1759 4704 1973 4774; x_wconf 87' lang='lat' dir='ltr'><strong>quando</strong></span> 
     </span>
    </p>
   </div>
   <div class='ocr_carea' id='block_1_49' title="bbox 376 4794 1970 4866">
    <p class='ocr_par' dir='ltr' id='par_1_49' title="bbox 376 4794 1970 4866">
     <span class='ocr_line' id='line_1_49' title="bbox 376 4794 1970 4866; baseline 0.001 -16"><span class='ocrx_word' id='word_1_388' title='bbox 376 4809 559 4850; x_wconf 59' lang='lat' dir='ltr'><strong>caecus</strong></span> <span class='ocrx_word' id='word_1_389' title='bbox 601 4796 772 4850; x_wconf 89' lang='lat' dir='ltr'><strong>oculis</strong></span> <span class='ocrx_word' id='word_1_390' title='bbox 823 4795 1097 4865; x_wconf 88' lang='lat' dir='ltr'><strong>corporeis</strong></span> <span class='ocrx_word' id='word_1_391' title='bbox 1149 4794 1258 4849; x_wconf 86' lang='lat' dir='ltr'><strong>ﬁlio</strong></span> <span class='ocrx_word' id='word_1_392' title='bbox 1313 4794 1472 4850; x_wconf 88' lang='lat' dir='ltr'><strong>dabat</strong></span> <span class='ocrx_word' id='word_1_393' title='bbox 1528 4805 1792 4866; x_wconf 60' lang='lat' dir='ltr'><strong>praecepta</strong></span> <span class='ocrx_word' id='word_1_394' title='bbox 1849 4797 1970 4852; x_wconf 62' lang='lat' dir='ltr'><strong>vitae</strong></span> 
     </span>
    </p>
   </div>
   <div class='ocr_carea' id='block_1_50' title="bbox 381 4885 1973 4957">
    <p class='ocr_par' dir='ltr' id='par_1_50' title="bbox 381 4885 1973 4957">
     <span class='ocr_line' id='line_1_50' title="bbox 381 4885 1973 4957; baseline 0.001 -17"><span class='ocrx_word' id='word_1_395' title='bbox 381 4885 536 4956; x_wconf 69' lang='grc' dir='ltr'><strong>(Τοῦ.</strong></span> <span class='ocrx_word' id='word_1_396' title='bbox 571 4886 666 4957; x_wconf 88' lang='lat' dir='ltr'><strong>tv).</strong></span> <span class='ocrx_word' id='word_1_397' title='bbox 693 4886 788 4941; x_wconf 89' lang='lat' dir='ltr'><strong>lllc</strong></span> <span class='ocrx_word' id='word_1_398' title='bbox 833 4886 966 4955; x_wconf 88' lang='lat' dir='ltr'><strong>patri</strong></span> <span class='ocrx_word' id='word_1_399' title='bbox 998 4901 1216 4941; x_wconf 88' lang='lat' dir='ltr'><strong>manum</strong></span> <span class='ocrx_word' id='word_1_400' title='bbox 1261 4887 1492 4953; x_wconf 90' lang='lat' dir='ltr'><strong>tenebat,</strong></span> <span class='ocrx_word' id='word_1_401' title='bbox 1524 4895 1579 4941; x_wconf 87' lang='grc' dir='ltr'><strong>ιιι</strong></span> <span class='ocrx_word' id='word_1_402' title='bbox 1610 4886 1833 4957; x_wconf 89' lang='lat' dir='ltr'><strong>pedibus</strong></span> <span class='ocrx_word' id='word_1_403' title='bbox 1860 4903 1973 4941; x_wconf 85' lang='lat' dir='ltr'><strong>am-</strong></span> 
     </span>
    </p>
   </div>
   <div class='ocr_carea' id='block_1_51' title="bbox 379 4977 1973 5050">
    <p class='ocr_par' dir='ltr' id='par_1_51' title="bbox 379 4977 1973 5050">
     <span class='ocr_line' id='line_1_51' title="bbox 379 4977 1973 5050; baseline 0.001 -17"><span class='ocrx_word' id='word_1_404' title='bbox 379 4978 627 5034; x_wconf 87' lang='lat' dir='ltr'><strong>bularet:</strong></span> <span class='ocrx_word' id='word_1_405' title='bbox 655 4977 741 5032; x_wconf 87' lang='lat' dir='ltr'><strong>ille</strong></span> <span class='ocrx_word' id='word_1_406' title='bbox 773 4977 879 5033; x_wconf 88' lang='lat' dir='ltr'><strong>ﬁlio</strong></span> <span class='ocrx_word' id='word_1_407' title='bbox 903 4979 1181 5034; x_wconf 89' lang='lat' dir='ltr'><strong>consilium</strong></span> <span class='ocrx_word' id='word_1_408' title='bbox 1198 4979 1377 5046; x_wconf 84' lang='lat' dir='ltr'><strong>dabat,</strong></span> <span class='ocrx_word' id='word_1_409' title='bbox 1409 4989 1464 5033; x_wconf 93' lang='lat' dir='ltr'><strong>ut</strong></span> <span class='ocrx_word' id='word_1_410' title='bbox 1493 4978 1629 5033; x_wconf 89' lang='lat' dir='ltr'><strong>viam</strong></span> <span class='ocrx_word' id='word_1_411' title='bbox 1655 4979 1872 5050; x_wconf 66' lang='lat' dir='ltr'><strong>justitiae</strong></span> <span class='ocrx_word' id='word_1_412' title='bbox 1892 4987 1973 5035; x_wconf 89' lang='lat' dir='ltr'><strong>te-</strong></span> 
     </span>
    </p>
   </div>
   <div class='ocr_carea' id='block_1_52' title="bbox 380 5070 1970 5141">
    <p class='ocr_par' dir='ltr' id='par_1_52' title="bbox 380 5070 1970 5141">
     <span class='ocr_line' id='line_1_52' title="bbox 380 5070 1970 5141; baseline -0.001 -14"><span class='ocrx_word' id='word_1_413' title='bbox 380 5080 558 5127; x_wconf 87' lang='lat' dir='ltr'><strong>neret.</strong></span> <span class='ocrx_word' id='word_1_414' title='bbox 591 5070 660 5126; x_wconf 89' lang='lat' dir='ltr'><strong>Et</strong></span> <span class='ocrx_word' id='word_1_415' title='bbox 701 5073 799 5126; x_wconf 86' lang='lat' dir='ltr'><strong>hac</strong></span> <span class='ocrx_word' id='word_1_416' title='bbox 842 5071 1025 5126; x_wconf 86' lang='lat' dir='ltr'><strong>oculos</strong></span> <span class='ocrx_word' id='word_1_417' title='bbox 1053 5071 1227 5137; x_wconf 89' lang='lat' dir='ltr'><strong>video,</strong></span> <span class='ocrx_word' id='word_1_418' title='bbox 1255 5079 1309 5126; x_wconf 93' lang='lat' dir='ltr'><strong>et</strong></span> <span class='ocrx_word' id='word_1_419' title='bbox 1337 5071 1433 5125; x_wconf 88' lang='lat' dir='ltr'><strong>hac</strong></span> <span class='ocrx_word' id='word_1_420' title='bbox 1478 5071 1660 5125; x_wconf 90' lang='lat' dir='ltr'><strong>oculos</strong></span> <span class='ocrx_word' id='word_1_421' title='bbox 1711 5070 1970 5141; x_wconf 90' lang='lat' dir='ltr'><strong>intelligo.</strong></span> 
     </span>
    </p>
   </div>
   <div class='ocr_carea' id='block_1_53' title="bbox 381 5163 1970 5233">
    <p class='ocr_par' dir='ltr' id='par_1_53' title="bbox 381 5163 1970 5233">
     <span class='ocr_line' id='line_1_53' title="bbox 381 5163 1970 5233; baseline -0.001 -15"><span class='ocrx_word' id='word_1_422' title='bbox 381 5163 458 5218; x_wconf 85' lang='lat' dir='ltr'><strong>Et</strong></span> <span class='ocrx_word' id='word_1_423' title='bbox 482 5163 736 5219; x_wconf 88' lang='lat' dir='ltr'><strong>meliores</strong></span> <span class='ocrx_word' id='word_1_424' title='bbox 761 5163 902 5218; x_wconf 88' lang='lat' dir='ltr'><strong>oculi</strong></span> <span class='ocrx_word' id='word_1_425' title='bbox 942 5163 1116 5217; x_wconf 85' lang='lat' dir='ltr'><strong>dantis</strong></span> <span class='ocrx_word' id='word_1_426' title='bbox 1141 5164 1260 5217; x_wconf 78' lang='lat' dir='ltr'><strong>vitae</strong></span> <span class='ocrx_word' id='word_1_427' title='bbox 1287 5163 1588 5228; x_wconf 85' lang='lat' dir='ltr'><strong>consilium,</strong></span> <span class='ocrx_word' id='word_1_428' title='bbox 1633 5179 1792 5233; x_wconf 90' lang='lat' dir='ltr'><strong>quam</strong></span> <span class='ocrx_word' id='word_1_429' title='bbox 1831 5163 1970 5219; x_wconf 92' lang='lat' dir='ltr'><strong>oculi</strong></span> 
     </span>
    </p>
   </div>
   <div class='ocr_carea' id='block_1_54' title="bbox 385 5253 1966 5325">
    <p class='ocr_par' dir='ltr' id='par_1_54' title="bbox 385 5253 1966 5325">
     <span class='ocr_line' id='line_1_54' title="bbox 385 5253 1966 5325; baseline -0.001 -16"><span class='ocrx_word' id='word_1_430' title='bbox 385 5255 622 5310; x_wconf 87' lang='lat' dir='ltr'><strong>tenentis</strong></span> <span class='ocrx_word' id='word_1_431' title='bbox 669 5270 904 5310; x_wconf 89' lang='lat' dir='ltr'><strong>mamtm.</strong></span> <span class='ocrx_word' id='word_1_432' title='bbox 948 5254 1104 5311; x_wconf 81' lang='lat' dir='ltr'><strong>Tales</strong></span> <span class='ocrx_word' id='word_1_433' title='bbox 1151 5255 1333 5310; x_wconf 92' lang='lat' dir='ltr'><strong>oculos</strong></span> <span class='ocrx_word' id='word_1_434' title='bbox 1379 5255 1652 5325; x_wconf 74' lang='lat' dir='ltr'><strong>quzcrebat</strong></span> <span class='ocrx_word' id='word_1_435' title='bbox 1693 5265 1748 5310; x_wconf 92' lang='lat' dir='ltr'><strong>et</strong></span> <span class='ocrx_word' id='word_1_436' title='bbox 1790 5253 1966 5321; x_wconf 88' lang='lat' dir='ltr'><strong>Jesus,</strong></span> 
     </span>
    </p>
   </div>
   <div class='ocr_carea' id='block_1_55' title="bbox 383 5344 1973 5416">
    <p class='ocr_par' dir='ltr' id='par_1_55' title="bbox 383 5344 1973 5416">
     <span class='ocr_line' id='line_1_55' title="bbox 383 5344 1973 5416; baseline 0 -18"><span class='ocrx_word' id='word_1_437' title='bbox 383 5345 602 5416; x_wconf 85' lang='lat' dir='ltr'><strong>quando</strong></span> <span class='ocrx_word' id='word_1_438' title='bbox 630 5346 703 5400; x_wconf 87' lang='lat' dir='ltr'><strong>ait</strong></span> <span class='ocrx_word' id='word_1_439' title='bbox 733 5344 1000 5415; x_wconf 84' lang='lat' dir='ltr'><strong>Philippo,</strong></span> <span class='ocrx_word' id='word_1_440' title='bbox 1032 5345 1196 5400; x_wconf 81' lang='lat' dir='ltr'><strong>Tanto</strong></span> <span class='ocrx_word' id='word_1_441' title='bbox 1234 5354 1456 5416; x_wconf 75' lang='lat' dir='ltr'><strong>tempore</strong></span> <span class='ocrx_word' id='word_1_442' title='bbox 1479 5345 1730 5400; x_wconf 80' lang='lat' dir='ltr'><strong>vobiscum</strong></span> <span class='ocrx_word' id='word_1_443' title='bbox 1762 5361 1896 5410; x_wconf 86' lang='lat' dir='ltr'><strong>sum,</strong></span> <span class='ocrx_word' id='word_1_444' title='bbox 1930 5355 1973 5399; x_wconf 87' lang='lat' dir='ltr'><strong>et</strong></span> 
     </span>
    </p>
   </div>
   <div class='ocr_carea' id='block_1_56' title="bbox 386 5437 1973 5507">
    <p class='ocr_par' dir='ltr' id='par_1_56' title="bbox 386 5437 1973 5507">
     <span class='ocr_line' id='line_1_56' title="bbox 386 5437 1973 5507; baseline 0 -18"><span class='ocrx_word' id='word_1_445' title='bbox 386 5453 488 5490; x_wconf 83' lang='lat' dir='ltr'><strong>non</strong></span> <span class='ocrx_word' id='word_1_446' title='bbox 517 5437 820 5507; x_wconf 85' lang='lat' dir='ltr'><strong>cognovistis</strong></span> <span class='ocrx_word' id='word_1_447' title='bbox 847 5437 961 5490; x_wconf 86' lang='lat' dir='ltr'><strong>me?</strong></span> <span class='ocrx_word' id='word_1_448' title='bbox 987 5437 1142 5491; x_wconf 85' lang='lat' dir='ltr'><strong>Tales</strong></span> <span class='ocrx_word' id='word_1_449' title='bbox 1181 5437 1364 5492; x_wconf 91' lang='lat' dir='ltr'><strong>oculos</strong></span> <span class='ocrx_word' id='word_1_450' title='bbox 1407 5437 1702 5507; x_wconf 67' lang='lat' dir='ltr'><strong>quterebat,</strong></span> <span class='ocrx_word' id='word_1_451' title='bbox 1729 5451 1849 5491; x_wconf 90' lang='lat' dir='ltr'><strong>cum</strong></span> <span class='ocrx_word' id='word_1_452' title='bbox 1880 5437 1973 5500; x_wconf 91' lang='lat' dir='ltr'><strong>ait,</strong></span> 
     </span>
    </p>
   </div>
   <div class='ocr_carea' id='block_1_57' title="bbox 390 5526 1972 5601">
    <p class='ocr_par' dir='ltr' id='par_1_57' title="bbox 390 5526 1972 5601">
     <span class='ocr_line' id='line_1_57' title="bbox 390 5526 1972 5601; baseline 0 -19"><span class='ocrx_word' id='word_1_453' title='bbox 390 5526 654 5599; x_wconf 83' lang='lat' dir='ltr'><strong>Philippe,</strong></span> <span class='ocrx_word' id='word_1_454' title='bbox 687 5529 772 5597; x_wconf 84' lang='lat' dir='ltr'><strong>qui</strong></span> <span class='ocrx_word' id='word_1_455' title='bbox 797 5527 927 5581; x_wconf 87' lang='lat' dir='ltr'><strong>videt</strong></span> <span class='ocrx_word' id='word_1_456' title='bbox 954 5544 1049 5592; x_wconf 89' lang='lat' dir='ltr'><strong>me,</strong></span> <span class='ocrx_word' id='word_1_457' title='bbox 1073 5527 1202 5582; x_wconf 83' lang='lat' dir='ltr'><strong>videt</strong></span> <span class='ocrx_word' id='word_1_458' title='bbox 1228 5538 1274 5582; x_wconf 88' lang='lat' dir='ltr'><strong>et</strong></span> <span class='ocrx_word' id='word_1_459' title='bbox 1301 5527 1506 5582; x_wconf 87' lang='lat' dir='ltr'><strong>Patrem</strong></span> <span class='ocrx_word' id='word_1_460' title='bbox 1534 5526 1712 5601; x_wconf 80' lang='lat' dir='ltr'><strong>(Joan.</strong></span> <span class='ocrx_word' id='word_1_461' title='bbox 1747 5543 1864 5595; x_wconf 70' lang='lat' dir='ltr'><strong>11v,</strong></span> <span class='ocrx_word' id='word_1_462' title='bbox 1895 5527 1972 5599; x_wconf 89' lang='lat'><strong>9).</strong></span> 
     </span>
    </p>
   </div>
   <div class='ocr_carea' id='block_1_58' title="bbox 389 5615 1972 5688">
    <p class='ocr_par' dir='ltr' id='par_1_58' title="bbox 389 5615 1972 5688">
     <span class='ocr_line' id='line_1_58' title="bbox 389 5615 1972 5688; baseline 0.003 -18"><span class='ocrx_word' id='word_1_463' title='bbox 389 5615 480 5671; x_wconf 79' lang='lat' dir='ltr'><strong>isti</strong></span> <span class='ocrx_word' id='word_1_464' title='bbox 509 5617 648 5671; x_wconf 91' lang='lat' dir='ltr'><strong>oculi</strong></span> <span class='ocrx_word' id='word_1_465' title='bbox 679 5619 731 5671; x_wconf 83' lang='lat' dir='ltr'><strong>in</strong></span> <span class='ocrx_word' id='word_1_466' title='bbox 759 5617 1104 5688; x_wconf 84' lang='lat' dir='ltr'><strong>intelligentia</strong></span> <span class='ocrx_word' id='word_1_467' title='bbox 1127 5628 1270 5684; x_wconf 90' lang='lat' dir='ltr'><strong>sunt,</strong></span> <span class='ocrx_word' id='word_1_468' title='bbox 1297 5617 1382 5673; x_wconf 91' lang='lat' dir='ltr'><strong>isti</strong></span> <span class='ocrx_word' id='word_1_469' title='bbox 1409 5620 1547 5674; x_wconf 93' lang='lat' dir='ltr'><strong>oculi</strong></span> <span class='ocrx_word' id='word_1_470' title='bbox 1565 5620 1615 5674; x_wconf 90' lang='lat' dir='ltr'><strong>in</strong></span> <span class='ocrx_word' id='word_1_471' title='bbox 1634 5627 1811 5676; x_wconf 87' lang='lat' dir='ltr'><strong>mente</strong></span> <span class='ocrx_word' id='word_1_472' title='bbox 1831 5615 1972 5676; x_wconf 86' lang='lat' dir='ltr'><strong>sunt.</strong></span> 
     </span>
    </p>
   </div>
   <div class='ocr_carea' id='block_1_59' title="bbox 389 5707 1977 5775">
    <p class='ocr_par' dir='ltr' id='par_1_59' title="bbox 389 5707 1977 5775">
     <span class='ocr_line' id='line_1_59' title="bbox 389 5707 1977 5775; baseline 0.004 -15"><span class='ocrx_word' id='word_1_473' title='bbox 389 5707 518 5763; x_wconf 84' lang='lat' dir='ltr'><strong>Ideo</strong></span> <span class='ocrx_word' id='word_1_474' title='bbox 555 5722 676 5762; x_wconf 91' lang='lat' dir='ltr'><strong>cum</strong></span> <span class='ocrx_word' id='word_1_475' title='bbox 707 5707 930 5763; x_wconf 83' lang='lat' dir='ltr'><strong>dixisset</strong></span> <span class='ocrx_word' id='word_1_476' title='bbox 959 5707 1220 5775; x_wconf 82' lang='lat' dir='ltr'><strong>Psalmus,</strong></span> <span class='ocrx_word' id='word_1_477' title='bbox 1250 5707 1502 5773; x_wconf 84' lang='lat' dir='ltr'><strong>Quoniam</strong></span> <span class='ocrx_word' id='word_1_478' title='bbox 1528 5726 1618 5764; x_wconf 72' lang='lat' dir='ltr'><strong>rex</strong></span> <span class='ocrx_word' id='word_1_479' title='bbox 1642 5712 1802 5767; x_wconf 83' lang='lat' dir='ltr'><strong>omnis</strong></span> <span class='ocrx_word' id='word_1_480' title='bbox 1834 5721 1977 5767; x_wconf 75' lang='lat' dir='ltr'><strong>terra</strong></span> 
     </span>
    </p>
   </div>
   <div class='ocr_carea' id='block_1_60' title="bbox 456 5817 1618 5886">
    <p class='ocr_par' dir='ltr' id='par_1_60' title="bbox 456 5817 1618 5886">
     <span class='ocr_line' id='line_1_60' title="bbox 456 5817 1618 5886; baseline 0.001 -16"><span class='ocrx_word' id='word_1_481' title='bbox 456 5821 470 5852; x_wconf 80' lang='grc'>³</span> <span class='ocrx_word' id='word_1_482' title='bbox 498 5818 724 5884; x_wconf 83' lang='lat' dir='ltr'><strong>Plerique</strong></span> <span class='ocrx_word' id='word_1_483' title='bbox 746 5827 875 5884; x_wconf 70' lang='lat' dir='ltr'><strong>Mss,</strong></span> <span class='ocrx_word' id='word_1_484' title='bbox 896 5817 1035 5872; x_wconf 86' lang='lat' dir='ltr'><strong>illum</strong></span> <span class='ocrx_word' id='word_1_485' title='bbox 1056 5819 1340 5886; x_wconf 83' lang='lat' dir='ltr'><strong>adora,hoc</strong></span> <span class='ocrx_word' id='word_1_486' title='bbox 1355 5827 1425 5874; x_wconf 83' lang='lat' dir='ltr'><strong>est</strong></span> <span class='ocrx_word' id='word_1_487' title='bbox 1455 5829 1618 5874; x_wconf 71' lang='lat' dir='ltr'><strong>Dem.</strong></span> 
     </span>
    </p>
   </div>
   <div class='ocr_carea' id='block_1_61' title="bbox 1525 385 2501 446">
    <p class='ocr_par' dir='ltr' id='par_1_61' title="bbox 1525 385 2501 446">
     <span class='ocr_line' id='line_1_61' title="bbox 1525 385 2501 446; baseline -0.006 0"><span class='ocrx_word' id='word_1_488' title='bbox 1525 388 1929 446; x_wconf 72' lang='lat' dir='ltr'><strong>TRACTATUS</strong></span> <span class='ocrx_word' id='word_1_489' title='bbox 1971 387 2106 442; x_wconf 72' lang='lat' dir='ltr'><strong>Xlll.</strong></span> <span class='ocrx_word' id='word_1_490' title='bbox 2149 385 2372 443; x_wconf 79' lang='lat' dir='ltr'><strong>CAPUT</strong></span> <span class='ocrx_word' id='word_1_491' title='bbox 2412 387 2501 442; x_wconf 90' lang='grc'><strong>111.</strong></span> 
     </span>
    </p>
   </div>
   <div class='ocr_carea' id='block_1_62' title="bbox 3478 386 3631 441">
    <p class='ocr_par' dir='ltr' id='par_1_62' title="bbox 3478 386 3631 441">
     <span class='ocr_line' id='line_1_62' title="bbox 3478 386 3631 441; baseline 0.007 -1"><span class='ocrx_word' id='word_1_492' title='bbox 3478 386 3631 441; x_wconf 68' lang='grc' dir='ltr'>-Μθι</span> 
     </span>
    </p>
   </div>
   <div class='ocr_carea' id='block_1_63' title="bbox 2054 498 3632 570">
    <p class='ocr_par' dir='ltr' id='par_1_63' title="bbox 2054 498 3632 570">
     <span class='ocr_line' id='line_1_63' title="bbox 2054 498 3632 570; baseline -0.002 -16"><span class='ocrx_word' id='word_1_493' title='bbox 2054 499 2188 554; x_wconf 85' lang='lat' dir='ltr'><strong>Deus</strong></span> <span class='ocrx_word' id='word_1_494' title='bbox 2205 517 2223 560; x_wconf 85' lang='lat'><strong><em>:</em></strong></span> <span class='ocrx_word' id='word_1_495' title='bbox 2241 500 2464 570; x_wconf 85' lang='lat' dir='ltr'><strong>subjecit</strong></span> <span class='ocrx_word' id='word_1_496' title='bbox 2486 501 2684 562; x_wconf 80' lang='lat' dir='ltr'><strong>statim,</strong></span> <span class='ocrx_word' id='word_1_497' title='bbox 2720 498 2928 554; x_wconf 84' lang='lat' dir='ltr'><strong>Psallite</strong></span> <span class='ocrx_word' id='word_1_498' title='bbox 2954 499 3293 570; x_wconf 69' lang='lat' dir='ltr'><strong>intelligenter.</strong></span> <span class='ocrx_word' id='word_1_499' title='bbox 3315 498 3464 564; x_wconf 87' lang='lat' dir='ltr'><strong>Quod</strong></span> <span class='ocrx_word' id='word_1_500' title='bbox 3489 499 3632 552; x_wconf 83' lang='lat' dir='ltr'><strong>enim</strong></span> 
     </span>
    </p>
   </div>
   <div class='ocr_carea' id='block_1_64' title="bbox 2051 586 3630 658">
    <p class='ocr_par' dir='ltr' id='par_1_64' title="bbox 2051 586 3630 658">
     <span class='ocr_line' id='line_1_64' title="bbox 2051 586 3630 658; baseline -0.003 -15"><span class='ocrx_word' id='word_1_501' title='bbox 2051 590 2190 654; x_wconf 88' lang='lat' dir='ltr'><strong>dico,</strong></span> <span class='ocrx_word' id='word_1_502' title='bbox 2229 589 2440 643; x_wconf 88' lang='lat' dir='ltr'><strong>Psallite</strong></span> <span class='ocrx_word' id='word_1_503' title='bbox 2467 588 2572 642; x_wconf 84' lang='lat' dir='ltr'><strong>Deo</strong></span> <span class='ocrx_word' id='word_1_504' title='bbox 2600 597 2788 654; x_wconf 83' lang='lat' dir='ltr'><strong>nostra,</strong></span> <span class='ocrx_word' id='word_1_505' title='bbox 2814 587 3038 658; x_wconf 82' lang='lat' dir='ltr'><strong>psallite;</strong></span> <span class='ocrx_word' id='word_1_506' title='bbox 3082 589 3245 640; x_wconf 87' lang='lat' dir='ltr'><strong>Deum</strong></span> <span class='ocrx_word' id='word_1_507' title='bbox 3289 586 3409 640; x_wconf 89' lang='lat' dir='ltr'><strong>dico</strong></span> <span class='ocrx_word' id='word_1_508' title='bbox 3450 593 3630 654; x_wconf 80' lang='lat' dir='ltr'><strong>regem</strong></span> 
     </span>
    </p>
   </div>
   <div class='ocr_carea' id='block_1_65' title="bbox 2052 675 3634 749">
    <p class='ocr_par' dir='ltr' id='par_1_65' title="bbox 2052 675 3634 749">
     <span class='ocr_line' id='line_1_65' title="bbox 2052 675 3634 749; baseline -0.004 -14"><span class='ocrx_word' id='word_1_509' title='bbox 2052 691 2311 735; x_wconf 88' lang='lat' dir='ltr'><strong>nostrum.</strong></span> <span class='ocrx_word' id='word_1_510' title='bbox 2344 680 2450 734; x_wconf 88' lang='lat' dir='ltr'><strong>Sed</strong></span> <span class='ocrx_word' id='word_1_511' title='bbox 2488 695 2665 749; x_wconf 86' lang='lat' dir='ltr'><strong>regem</strong></span> <span class='ocrx_word' id='word_1_512' title='bbox 2710 689 2945 732; x_wconf 83' lang='lat' dir='ltr'><strong>nostrum</strong></span> <span class='ocrx_word' id='word_1_513' title='bbox 2977 678 3114 731; x_wconf 84' lang='lat' dir='ltr'><strong>inter</strong></span> <span class='ocrx_word' id='word_1_514' title='bbox 3143 676 3386 730; x_wconf 86' lang='lat' dir='ltr'><strong>homines</strong></span> <span class='ocrx_word' id='word_1_515' title='bbox 3427 675 3634 732; x_wconf 85' lang='lat' dir='ltr'><strong>vidistis</strong></span> 
     </span>
    </p>
   </div>
   <div class='ocr_carea' id='block_1_66' title="bbox 2020 767 3634 840">
    <p class='ocr_par' dir='ltr' id='par_1_66' title="bbox 2020 767 3634 840">
     <span class='ocr_line' id='line_1_66' title="bbox 2020 767 3634 840; baseline -0.004 -16"><span class='ocrx_word' id='word_1_516' title='bbox 2020 773 2023 776; x_wconf 84' lang='grc'><em>’</em></span> <span class='ocrx_word' id='word_1_517' title='bbox 2051 778 2304 840; x_wconf 90' lang='lat' dir='ltr'><strong>tauquam</strong></span> <span class='ocrx_word' id='word_1_518' title='bbox 2337 769 2626 834; x_wconf 87' lang='lat' dir='ltr'><strong>hominem,</strong></span> <span class='ocrx_word' id='word_1_519' title='bbox 2649 768 2852 822; x_wconf 85' lang='lat' dir='ltr'><strong>vidistis</strong></span> <span class='ocrx_word' id='word_1_520' title='bbox 2879 783 3110 837; x_wconf 88' lang='lat' dir='ltr'><strong>passutn,</strong></span> <span class='ocrx_word' id='word_1_521' title='bbox 3135 767 3464 831; x_wconf 80' lang='lat' dir='ltr'><strong>cruciﬁxum,</strong></span> <span class='ocrx_word' id='word_1_522' title='bbox 3489 780 3634 818; x_wconf 81' lang='lat' dir='ltr'><strong>mor-</strong></span> 
     </span>
    </p>
   </div>
   <div class='ocr_carea' id='block_1_67' title="bbox 2053 853 3636 928">
    <p class='ocr_par' dir='ltr' id='par_1_67' title="bbox 2053 853 3636 928">
     <span class='ocr_line' id='line_1_67' title="bbox 2053 853 3636 928; baseline -0.007 -11"><span class='ocrx_word' id='word_1_523' title='bbox 2053 866 2236 917; x_wconf 68' lang='lat' dir='ltr'><strong>tuum:</strong></span> <span class='ocrx_word' id='word_1_524' title='bbox 2267 859 2461 914; x_wconf 87' lang='lat' dir='ltr'><strong>latebat</strong></span> <span class='ocrx_word' id='word_1_525' title='bbox 2481 859 2677 928; x_wconf 89' lang='lat' dir='ltr'><strong>aliquid</strong></span> <span class='ocrx_word' id='word_1_526' title='bbox 2707 859 2756 910; x_wconf 92' lang='lat' dir='ltr'><strong>iu</strong></span> <span class='ocrx_word' id='word_1_527' title='bbox 2782 858 2865 911; x_wconf 90' lang='lat' dir='ltr'><strong>illa</strong></span> <span class='ocrx_word' id='word_1_528' title='bbox 2887 873 3046 911; x_wconf 84' lang='lat' dir='ltr'><strong>carne</strong></span> <span class='ocrx_word' id='word_1_529' title='bbox 3067 870 3220 925; x_wconf 89' lang='lat' dir='ltr'><strong>quam</strong></span> <span class='ocrx_word' id='word_1_530' title='bbox 3242 857 3408 909; x_wconf 90' lang='lat' dir='ltr'><strong>oculis</strong></span> <span class='ocrx_word' id='word_1_531' title='bbox 3429 853 3636 908; x_wconf 90' lang='lat' dir='ltr'><strong>carneis</strong></span> 
     </span>
    </p>
   </div>
   <div class='ocr_carea' id='block_1_68' title="bbox 2055 944 3638 1017">
    <p class='ocr_par' dir='ltr' id='par_1_68' title="bbox 2055 944 3638 1017">
     <span class='ocr_line' id='line_1_68' title="bbox 2055 944 3638 1017; baseline -0.003 -17"><span class='ocrx_word' id='word_1_532' title='bbox 2055 947 2234 1002; x_wconf 88' lang='lat' dir='ltr'><strong>videre</strong></span> <span class='ocrx_word' id='word_1_533' title='bbox 2263 948 2506 1017; x_wconf 87' lang='lat' dir='ltr'><strong>potuistis</strong></span> <span class='ocrx_word' id='word_1_534' title='bbox 2525 948 2563 999; x_wconf 81' lang='grc'><strong>¹.</strong></span> <span class='ocrx_word' id='word_1_535' title='bbox 2596 946 2730 1014; x_wconf 86' lang='lat' dir='ltr'><strong>Quid</strong></span> <span class='ocrx_word' id='word_1_536' title='bbox 2765 947 2833 1002; x_wconf 85' lang='lat' dir='ltr'><strong>ibi</strong></span> <span class='ocrx_word' id='word_1_537' title='bbox 2864 946 3090 1000; x_wconf 85' lang='lat' dir='ltr'><strong>latebat?</strong></span> <span class='ocrx_word' id='word_1_538' title='bbox 3117 944 3328 998; x_wconf 78' lang='lat' dir='ltr'><strong>Psallite</strong></span> <span class='ocrx_word' id='word_1_539' title='bbox 3354 944 3638 1012; x_wconf 80' lang='lat' dir='ltr'><strong>intelligen-</strong></span> 
     </span>
    </p>
   </div>
   <div class='ocr_carea' id='block_1_69' title="bbox 2057 1021 3632 1109">
    <p class='ocr_par' dir='ltr' id='par_1_69' title="bbox 2057 1021 3632 1109">
     <span class='ocr_line' id='line_1_69' title="bbox 2057 1021 3632 1109; baseline -0.001 -18"><span class='ocrx_word' id='word_1_540' title='bbox 2057 1047 2163 1101; x_wconf 84' lang='lat' dir='ltr'><strong>ter;</strong></span> <span class='ocrx_word' id='word_1_541' title='bbox 2195 1039 2357 1094; x_wconf 88' lang='lat' dir='ltr'><strong>nolite</strong></span> <span class='ocrx_word' id='word_1_542' title='bbox 2391 1038 2560 1093; x_wconf 87' lang='lat' dir='ltr'><strong>oculis</strong></span> <span class='ocrx_word' id='word_1_543' title='bbox 2599 1054 2837 1108; x_wconf 65' lang='lat' dir='ltr'><strong>quaerere</strong></span> <span class='ocrx_word' id='word_1_544' title='bbox 2883 1037 3023 1109; x_wconf 87' lang='lat' dir='ltr'><strong>quod</strong></span> <span class='ocrx_word' id='word_1_545' title='bbox 3069 1047 3245 1092; x_wconf 86' lang='lat' dir='ltr'><strong>mente</strong></span> <span class='ocrx_word' id='word_1_546' title='bbox 3287 1021 3632 1105; x_wconf 81' lang='lat' dir='ltr'><strong>conspicitur.</strong></span> 
     </span>
    </p>
   </div>
   <div class='ocr_carea' id='block_1_70' title="bbox 2059 1125 3640 1198">
    <p class='ocr_par' dir='ltr' id='par_1_70' title="bbox 2059 1125 3640 1198">
     <span class='ocr_line' id='line_1_70' title="bbox 2059 1125 3640 1198; baseline -0.002 -17"><span class='ocrx_word' id='word_1_547' title='bbox 2059 1127 2271 1182; x_wconf 83' lang='lat' dir='ltr'><strong>Psallite</strong></span> <span class='ocrx_word' id='word_1_548' title='bbox 2298 1129 2496 1198; x_wconf 87' lang='lat' dir='ltr'><strong>lingua,</strong></span> <span class='ocrx_word' id='word_1_549' title='bbox 2527 1128 2649 1198; x_wconf 88' lang='lat' dir='ltr'><strong>quia</strong></span> <span class='ocrx_word' id='word_1_550' title='bbox 2680 1128 2816 1182; x_wconf 89' lang='lat' dir='ltr'><strong>inter</strong></span> <span class='ocrx_word' id='word_1_551' title='bbox 2846 1143 2938 1181; x_wconf 80' lang='lat' dir='ltr'><strong>vos</strong></span> <span class='ocrx_word' id='word_1_552' title='bbox 2965 1141 3119 1188; x_wconf 88' lang='lat' dir='ltr'><strong>caro;</strong></span> <span class='ocrx_word' id='word_1_553' title='bbox 3151 1127 3242 1181; x_wconf 90' lang='lat' dir='ltr'><strong>sed</strong></span> <span class='ocrx_word' id='word_1_554' title='bbox 3269 1127 3390 1196; x_wconf 85' lang='lat' dir='ltr'><strong>quia</strong></span> <span class='ocrx_word' id='word_1_555' title='bbox 3427 1125 3640 1179; x_wconf 85' lang='lat' dir='ltr'><strong>Verbum</strong></span> 
     </span>
    </p>
   </div>
   <div class='ocr_carea' id='block_1_71' title="bbox 2054 1217 3638 1289">
    <p class='ocr_par' dir='ltr' id='par_1_71' title="bbox 2054 1217 3638 1289">
     <span class='ocr_line' id='line_1_71' title="bbox 2054 1217 3638 1289; baseline -0.003 -16"><span class='ocrx_word' id='word_1_556' title='bbox 2054 1236 2174 1273; x_wconf 82' lang='lat' dir='ltr'><strong>caro</strong></span> <span class='ocrx_word' id='word_1_557' title='bbox 2202 1219 2388 1289; x_wconf 76' lang='lat' dir='ltr'><strong>factum</strong></span> <span class='ocrx_word' id='word_1_558' title='bbox 2417 1227 2509 1285; x_wconf 88' lang='lat' dir='ltr'><strong>est,</strong></span> <span class='ocrx_word' id='word_1_559' title='bbox 2555 1226 2604 1272; x_wconf 87' lang='lat' dir='ltr'><strong>et</strong></span> <span class='ocrx_word' id='word_1_560' title='bbox 2645 1218 2884 1272; x_wconf 84' lang='lat' dir='ltr'><strong>habitavit</strong></span> <span class='ocrx_word' id='word_1_561' title='bbox 2920 1219 2972 1272; x_wconf 86' lang='lat' dir='ltr'><strong>in</strong></span> <span class='ocrx_word' id='word_1_562' title='bbox 3003 1219 3165 1281; x_wconf 87' lang='lat' dir='ltr'><strong>nobis,</strong></span> <span class='ocrx_word' id='word_1_563' title='bbox 3198 1217 3407 1272; x_wconf 85' lang='lat' dir='ltr'><strong>reddite</strong></span> <span class='ocrx_word' id='word_1_564' title='bbox 3447 1231 3638 1270; x_wconf 87' lang='lat' dir='ltr'><strong>sonum</strong></span> 
     </span>
    </p>
   </div>
   <div class='ocr_carea' id='block_1_72' title="bbox 2055 1307 3635 1376">
    <p class='ocr_par' dir='ltr' id='par_1_72' title="bbox 2055 1307 3635 1376">
     <span class='ocr_line' id='line_1_72' title="bbox 2055 1307 3635 1376; baseline -0.004 -11"><span class='ocrx_word' id='word_1_565' title='bbox 2055 1312 2224 1375; x_wconf 90' lang='lat' dir='ltr'><strong>carni,</strong></span> <span class='ocrx_word' id='word_1_566' title='bbox 2252 1309 2456 1364; x_wconf 89' lang='lat' dir='ltr'><strong>reddite</strong></span> <span class='ocrx_word' id='word_1_567' title='bbox 2481 1309 2591 1365; x_wconf 90' lang='lat' dir='ltr'><strong>Deo</strong></span> <span class='ocrx_word' id='word_1_568' title='bbox 2612 1309 2805 1363; x_wconf 91' lang='lat' dir='ltr'><strong>mentis</strong></span> <span class='ocrx_word' id='word_1_569' title='bbox 2826 1309 3086 1363; x_wconf 90' lang='lat' dir='ltr'><strong>obtutum.</strong></span> <span class='ocrx_word' id='word_1_570' title='bbox 3115 1307 3324 1360; x_wconf 84' lang='lat' dir='ltr'><strong>Psalh’te</strong></span> <span class='ocrx_word' id='word_1_571' title='bbox 3345 1307 3635 1376; x_wconf 82' lang='lat' dir='ltr'><strong>intelligen-</strong></span> 
     </span>
    </p>
   </div>
   <div class='ocr_carea' id='block_1_73' title="bbox 2057 1395 3640 1471">
    <p class='ocr_par' dir='ltr' id='par_1_73' title="bbox 2057 1395 3640 1471">
     <span class='ocr_line' id='line_1_73' title="bbox 2057 1395 3640 1471; baseline -0.006 -15"><span class='ocrx_word' id='word_1_572' title='bbox 2057 1412 2147 1467; x_wconf 87' lang='lat' dir='ltr'><strong>ter,</strong></span> <span class='ocrx_word' id='word_1_573' title='bbox 2180 1410 2234 1456; x_wconf 89' lang='lat' dir='ltr'><strong>et</strong></span> <span class='ocrx_word' id='word_1_574' title='bbox 2259 1400 2450 1456; x_wconf 83' lang='lat' dir='ltr'><strong>videtis</strong></span> <span class='ocrx_word' id='word_1_575' title='bbox 2469 1401 2591 1470; x_wconf 86' lang='lat' dir='ltr'><strong>quia</strong></span> <span class='ocrx_word' id='word_1_576' title='bbox 2629 1399 2845 1454; x_wconf 86' lang='lat' dir='ltr'><strong>Verbum</strong></span> <span class='ocrx_word' id='word_1_577' title='bbox 2865 1414 2983 1452; x_wconf 89' lang='lat' dir='ltr'><strong>caro</strong></span> <span class='ocrx_word' id='word_1_578' title='bbox 3002 1403 3189 1471; x_wconf 73' lang='lat' dir='ltr'><strong>factum</strong></span> <span class='ocrx_word' id='word_1_579' title='bbox 3210 1406 3299 1464; x_wconf 86' lang='lat' dir='ltr'><strong>est,</strong></span> <span class='ocrx_word' id='word_1_580' title='bbox 3329 1406 3374 1450; x_wconf 87' lang='lat' dir='ltr'><strong>et</strong></span> <span class='ocrx_word' id='word_1_581' title='bbox 3402 1395 3640 1450; x_wconf 81' lang='lat' dir='ltr'><strong>habitavit</strong></span> 
     </span>
    </p>
   </div>
   <div class='ocr_carea' id='block_1_74' title="bbox 2053 1494 2296 1550">
    <p class='ocr_par' dir='ltr' id='par_1_74' title="bbox 2053 1494 2296 1550">
     <span class='ocr_line' id='line_1_74' title="bbox 2053 1494 2296 1550; baseline 0.004 -1"><span class='ocrx_word' id='word_1_582' title='bbox 2053 1495 2106 1549; x_wconf 87' lang='lat' dir='ltr'><strong>in</strong></span> <span class='ocrx_word' id='word_1_583' title='bbox 2136 1494 2296 1550; x_wconf 83' lang='lat' dir='ltr'><strong>nobis.</strong></span> 
     </span>
    </p>
   </div>
   <div class='ocr_carea' id='block_1_75' title="bbox 2126 1577 3640 1639">
    <p class='ocr_par' dir='ltr' id='par_1_75' title="bbox 2126 1577 3640 1639">
     <span class='ocr_line' id='line_1_75' title="bbox 2126 1577 3640 1639; baseline -0.007 -1"><span class='ocrx_word' id='word_1_584' title='bbox 2126 1585 2181 1639; x_wconf 79' lang='grc'><strong>4.</strong></span> <span class='ocrx_word' id='word_1_585' title='bbox 2223 1585 2376 1639; x_wconf 85' lang='lat' dir='ltr'><strong>Dicat</strong></span> <span class='ocrx_word' id='word_1_586' title='bbox 2417 1592 2472 1639; x_wconf 89' lang='lat' dir='ltr'><strong>et</strong></span> <span class='ocrx_word' id='word_1_587' title='bbox 2518 1582 2749 1638; x_wconf 80' lang='lat' dir='ltr'><strong>Joannes</strong></span> <span class='ocrx_word' id='word_1_588' title='bbox 2798 1578 3340 1637; x_wconf 87' lang='lat' dir='ltr'><strong>testimonium:Post</strong></span> <span class='ocrx_word' id='word_1_589' title='bbox 3369 1580 3475 1633; x_wconf 79' lang='lat' dir='ltr'><strong>hth</strong></span> <span class='ocrx_word' id='word_1_590' title='bbox 3509 1577 3640 1631; x_wconf 82' lang='lat' dir='ltr'><strong>venit</strong></span> 
     </span>
    </p>
   </div>
   <div class='ocr_carea' id='block_1_76' title="bbox 2055 1669 3640 1745">
    <p class='ocr_par' dir='ltr' id='par_1_76' title="bbox 2055 1669 3640 1745">
     <span class='ocr_line' id='line_1_76' title="bbox 2055 1669 3640 1745; baseline -0.004 -16"><span class='ocrx_word' id='word_1_591' title='bbox 2055 1675 2204 1730; x_wconf 86' lang='lat' dir='ltr'><strong>Jesus</strong></span> <span class='ocrx_word' id='word_1_592' title='bbox 2224 1690 2269 1730; x_wconf 87' lang='lat' dir='ltr'><strong>et</strong></span> <span class='ocrx_word' id='word_1_593' title='bbox 2297 1676 2534 1745; x_wconf 79' lang='lat' dir='ltr'><strong>discipuli</strong></span> <span class='ocrx_word' id='word_1_594' title='bbox 2561 1677 2669 1744; x_wconf 85' lang='lat' dir='ltr'><strong>ejus</strong></span> <span class='ocrx_word' id='word_1_595' title='bbox 2689 1676 2742 1728; x_wconf 86' lang='lat' dir='ltr'><strong>in</strong></span> <span class='ocrx_word' id='word_1_596' title='bbox 2768 1673 3003 1726; x_wconf 77' lang='lat' dir='ltr'><strong>Judteam</strong></span> <span class='ocrx_word' id='word_1_597' title='bbox 3025 1681 3234 1737; x_wconf 86' lang='lat' dir='ltr'><strong>terram,</strong></span> <span class='ocrx_word' id='word_1_598' title='bbox 3262 1681 3308 1725; x_wconf 89' lang='lat' dir='ltr'><strong>et</strong></span> <span class='ocrx_word' id='word_1_599' title='bbox 3333 1671 3437 1724; x_wconf 84' lang='lat' dir='ltr'><strong>illic</strong></span> <span class='ocrx_word' id='word_1_600' title='bbox 3463 1669 3640 1722; x_wconf 83' lang='lat' dir='ltr'><strong>demo-</strong></span> 
     </span>
    </p>
   </div>
   <div class='ocr_carea' id='block_1_77' title="bbox 2055 1760 3639 1834">
    <p class='ocr_par' dir='ltr' id='par_1_77' title="bbox 2055 1760 3639 1834">
     <span class='ocr_line' id='line_1_77' title="bbox 2055 1760 3639 1834; baseline -0.004 -15"><span class='ocrx_word' id='word_1_601' title='bbox 2055 1765 2265 1819; x_wconf 87' lang='lat' dir='ltr'><strong>rabatur</strong></span> <span class='ocrx_word' id='word_1_602' title='bbox 2305 1782 2422 1819; x_wconf 87' lang='lat' dir='ltr'><strong>cum</strong></span> <span class='ocrx_word' id='word_1_603' title='bbox 2451 1766 2543 1832; x_wconf 87' lang='lat' dir='ltr'><strong>eis,</strong></span> <span class='ocrx_word' id='word_1_604' title='bbox 2573 1775 2619 1819; x_wconf 89' lang='lat' dir='ltr'><strong>et</strong></span> <span class='ocrx_word' id='word_1_605' title='bbox 2648 1761 2953 1834; x_wconf 80' lang='lat' dir='ltr'><strong>baptizabat.</strong></span> <span class='ocrx_word' id='word_1_606' title='bbox 2986 1763 3288 1832; x_wconf 80' lang='lat' dir='ltr'><strong>Baptizatus</strong></span> <span class='ocrx_word' id='word_1_607' title='bbox 3317 1760 3639 1830; x_wconf 79' lang='lat' dir='ltr'><strong>baptizabat.</strong></span> 
     </span>
    </p>
   </div>
   <div class='ocr_carea' id='block_1_78' title="bbox 2056 1853 3643 1927">
    <p class='ocr_par' dir='ltr' id='par_1_78' title="bbox 2056 1853 3643 1927">
     <span class='ocr_line' id='line_1_78' title="bbox 2056 1853 3643 1927; baseline -0.004 -15"><span class='ocrx_word' id='word_1_608' title='bbox 2056 1857 2171 1912; x_wconf 87' lang='lat' dir='ltr'><strong>Non</strong></span> <span class='ocrx_word' id='word_1_609' title='bbox 2197 1873 2270 1912; x_wconf 88' lang='lat' dir='ltr'><strong>eo.</strong></span> <span class='ocrx_word' id='word_1_610' title='bbox 2287 1858 2548 1927; x_wconf 88' lang='lat' dir='ltr'><strong>baptismo</strong></span> <span class='ocrx_word' id='word_1_611' title='bbox 2588 1857 2889 1927; x_wconf 77' lang='lat' dir='ltr'><strong>baptizabat</strong></span> <span class='ocrx_word' id='word_1_612' title='bbox 2933 1869 3040 1926; x_wconf 92' lang='lat' dir='ltr'><strong>quo</strong></span> <span class='ocrx_word' id='word_1_613' title='bbox 3079 1855 3374 1923; x_wconf 86' lang='lat' dir='ltr'><strong>baptizatus</strong></span> <span class='ocrx_word' id='word_1_614' title='bbox 3413 1862 3512 1908; x_wconf 89' lang='lat' dir='ltr'><strong>cst.</strong></span> <span class='ocrx_word' id='word_1_615' title='bbox 3543 1853 3643 1906; x_wconf 90' lang='lat' dir='ltr'><strong>Dat</strong></span> 
     </span>
    </p>
   </div>
   <div class='ocr_carea' id='block_1_79' title="bbox 2057 1942 3642 2018">
    <p class='ocr_par' dir='ltr' id='par_1_79' title="bbox 2057 1942 3642 2018">
     <span class='ocr_line' id='line_1_79' title="bbox 2057 1942 3642 2018; baseline -0.003 -15"><span class='ocrx_word' id='word_1_616' title='bbox 2057 1948 2377 2018; x_wconf 87' lang='lat' dir='ltr'><strong>baptismum</strong></span> <span class='ocrx_word' id='word_1_617' title='bbox 2433 1950 2687 2003; x_wconf 87' lang='lat' dir='ltr'><strong>Dominus</strong></span> <span class='ocrx_word' id='word_1_618' title='bbox 2730 1949 3025 2017; x_wconf 87' lang='lat' dir='ltr'><strong>baptizatus</strong></span> <span class='ocrx_word' id='word_1_619' title='bbox 3067 1961 3096 1999; x_wconf 89' lang='lat' dir='ltr'><strong>a</strong></span> <span class='ocrx_word' id='word_1_620' title='bbox 3140 1961 3312 2008; x_wconf 89' lang='lat' dir='ltr'><strong>servo,</strong></span> <span class='ocrx_word' id='word_1_621' title='bbox 3348 1942 3642 1999; x_wconf 85' lang='lat' dir='ltr'><strong>ostendens</strong></span> 
     </span>
    </p>
   </div>
   <div class='ocr_carea' id='block_1_80' title="bbox 2059 2033 3639 2110">
    <p class='ocr_par' dir='ltr' id='par_1_80' title="bbox 2059 2033 3639 2110">
     <span class='ocr_line' id='line_1_80' title="bbox 2059 2033 3639 2110; baseline -0.003 -18"><span class='ocrx_word' id='word_1_622' title='bbox 2059 2039 2368 2095; x_wconf 87' lang='lat' dir='ltr'><strong>humilitatis</strong></span> <span class='ocrx_word' id='word_1_623' title='bbox 2391 2041 2549 2103; x_wconf 89' lang='lat' dir='ltr'><strong>viam,</strong></span> <span class='ocrx_word' id='word_1_624' title='bbox 2573 2048 2627 2094; x_wconf 84' lang='lat' dir='ltr'><strong>et</strong></span> <span class='ocrx_word' id='word_1_625' title='bbox 2656 2040 2950 2110; x_wconf 86' lang='lat' dir='ltr'><strong>perducens</strong></span> <span class='ocrx_word' id='word_1_626' title='bbox 2971 2037 3036 2090; x_wconf 92' lang='lat' dir='ltr'><strong>ad</strong></span> <span class='ocrx_word' id='word_1_627' title='bbox 3060 2036 3378 2105; x_wconf 87' lang='lat' dir='ltr'><strong>baptismum</strong></span> <span class='ocrx_word' id='word_1_628' title='bbox 3406 2033 3639 2101; x_wconf 89' lang='lat' dir='ltr'><strong>Domini,</strong></span> 
     </span>
    </p>
   </div>
   <div class='ocr_carea' id='block_1_81' title="bbox 2059 2127 3645 2200">
    <p class='ocr_par' dir='ltr' id='par_1_81' title="bbox 2059 2127 3645 2200">
     <span class='ocr_line' id='line_1_81' title="bbox 2059 2127 3645 2200; baseline -0.003 -16"><span class='ocrx_word' id='word_1_629' title='bbox 2059 2129 2160 2184; x_wconf 83' lang='lat' dir='ltr'><strong>hoc</strong></span> <span class='ocrx_word' id='word_1_630' title='bbox 2183 2139 2266 2185; x_wconf 91' lang='lat' dir='ltr'><strong>est</strong></span> <span class='ocrx_word' id='word_1_631' title='bbox 2290 2131 2609 2200; x_wconf 88' lang='lat' dir='ltr'><strong>baptismum</strong></span> <span class='ocrx_word' id='word_1_632' title='bbox 2631 2144 2814 2197; x_wconf 82' lang='lat' dir='ltr'><strong>suum,</strong></span> <span class='ocrx_word' id='word_1_633' title='bbox 2831 2127 3115 2199; x_wconf 80' lang='lat' dir='ltr'><strong>praebendo</strong></span> <span class='ocrx_word' id='word_1_634' title='bbox 3131 2127 3440 2181; x_wconf 90' lang='lat' dir='ltr'><strong>humilitatis</strong></span> <span class='ocrx_word' id='word_1_635' title='bbox 3463 2141 3645 2181; x_wconf 85' lang='lat' dir='ltr'><strong>exent-</strong></span> 
     </span>
    </p>
   </div>
   <div class='ocr_carea' id='block_1_82' title="bbox 2061 2217 3646 2292">
    <p class='ocr_par' dir='ltr' id='par_1_82' title="bbox 2061 2217 3646 2292">
     <span class='ocr_line' id='line_1_82' title="bbox 2061 2217 3646 2292; baseline -0.003 -18"><span class='ocrx_word' id='word_1_636' title='bbox 2061 2222 2224 2292; x_wconf 89' lang='lat' dir='ltr'><strong>plum,</strong></span> <span class='ocrx_word' id='word_1_637' title='bbox 2251 2221 2373 2292; x_wconf 90' lang='lat' dir='ltr'><strong>quia</strong></span> <span class='ocrx_word' id='word_1_638' title='bbox 2403 2222 2515 2290; x_wconf 91' lang='lat' dir='ltr'><strong>ipse</strong></span> <span class='ocrx_word' id='word_1_639' title='bbox 2557 2235 2664 2276; x_wconf 87' lang='lat' dir='ltr'><strong>non</strong></span> <span class='ocrx_word' id='word_1_640' title='bbox 2709 2220 2916 2289; x_wconf 87' lang='lat' dir='ltr'><strong>respuit</strong></span> <span class='ocrx_word' id='word_1_641' title='bbox 2962 2218 3280 2288; x_wconf 86' lang='lat' dir='ltr'><strong>baptismum</strong></span> <span class='ocrx_word' id='word_1_642' title='bbox 3313 2217 3471 2273; x_wconf 90' lang='lat' dir='ltr'><strong>servi.</strong></span> <span class='ocrx_word' id='word_1_643' title='bbox 3501 2217 3568 2271; x_wconf 85' lang='lat' dir='ltr'><strong>Et</strong></span> <span class='ocrx_word' id='word_1_644' title='bbox 3593 2217 3646 2270; x_wconf 87' lang='lat' dir='ltr'><strong>in</strong></span> 
     </span>
    </p>
   </div>
   <div class='ocr_carea' id='block_1_83' title="bbox 2057 2305 3646 2383">
    <p class='ocr_par' dir='ltr' id='par_1_83' title="bbox 2057 2305 3646 2383">
     <span class='ocr_line' id='line_1_83' title="bbox 2057 2305 3646 2383; baseline -0.004 -16"><span class='ocrx_word' id='word_1_645' title='bbox 2057 2313 2324 2383; x_wconf 89' lang='lat' dir='ltr'><strong>baptismo</strong></span> <span class='ocrx_word' id='word_1_646' title='bbox 2345 2313 2484 2367; x_wconf 86' lang='lat' dir='ltr'><strong>servi</strong></span> <span class='ocrx_word' id='word_1_647' title='bbox 2508 2313 2592 2366; x_wconf 86' lang='lat' dir='ltr'><strong>via</strong></span> <span class='ocrx_word' id='word_1_648' title='bbox 2623 2312 3018 2382; x_wconf 55' lang='lat' dir='ltr'><strong>purpura-batur</strong></span> <span class='ocrx_word' id='word_1_649' title='bbox 3043 2309 3289 2374; x_wconf 91' lang='lat' dir='ltr'><strong>Domino,</strong></span> <span class='ocrx_word' id='word_1_650' title='bbox 3319 2315 3372 2364; x_wconf 91' lang='lat' dir='ltr'><strong>ct</strong></span> <span class='ocrx_word' id='word_1_651' title='bbox 3409 2305 3646 2376; x_wconf 83' lang='lat' dir='ltr'><strong>baptiza-</strong></span> 
     </span>
    </p>
   </div>
   <div class='ocr_carea' id='block_1_84' title="bbox 2060 2399 3648 2471">
    <p class='ocr_par' dir='ltr' id='par_1_84' title="bbox 2060 2399 3648 2471">
     <span class='ocr_line' id='line_1_84' title="bbox 2060 2399 3648 2471; baseline -0.003 -12"><span class='ocrx_word' id='word_1_652' title='bbox 2060 2413 2144 2460; x_wconf 78' lang='lat' dir='ltr'><strong>tus</strong></span> <span class='ocrx_word' id='word_1_653' title='bbox 2169 2406 2425 2459; x_wconf 87' lang='lat' dir='ltr'><strong>Dominus</strong></span> <span class='ocrx_word' id='word_1_654' title='bbox 2453 2405 2593 2460; x_wconf 86' lang='lat' dir='ltr'><strong>viam</strong></span> <span class='ocrx_word' id='word_1_655' title='bbox 2623 2419 2681 2459; x_wconf 90' lang='lat' dir='ltr'><strong>se</strong></span> <span class='ocrx_word' id='word_1_656' title='bbox 2702 2403 2829 2458; x_wconf 77' lang='lat' dir='ltr'><strong>fecit</strong></span> <span class='ocrx_word' id='word_1_657' title='bbox 2852 2403 3187 2458; x_wconf 90' lang='lat' dir='ltr'><strong>venientibus</strong></span> <span class='ocrx_word' id='word_1_658' title='bbox 3203 2403 3246 2456; x_wconf 80' lang='grc'><strong>⁸.</strong></span> <span class='ocrx_word' id='word_1_659' title='bbox 3267 2399 3442 2471; x_wconf 79' lang='lat' dir='ltr'><strong>Ipsum</strong></span> <span class='ocrx_word' id='word_1_660' title='bbox 3459 2399 3648 2455; x_wconf 85' lang='lat' dir='ltr'><strong>audia-</strong></span> 
     </span>
    </p>
   </div>
   <div class='ocr_carea' id='block_1_85' title="bbox 2057 2489 3650 2568">
    <p class='ocr_par' dir='ltr' id='par_1_85' title="bbox 2057 2489 3650 2568">
     <span class='ocr_line' id='line_1_85' title="bbox 2057 2489 3650 2568; baseline -0.003 -17"><span class='ocrx_word' id='word_1_661' title='bbox 2057 2513 2210 2552; x_wconf 89' lang='lat' dir='ltr'><strong>mus:</strong></span> <span class='ocrx_word' id='word_1_662' title='bbox 2238 2495 2351 2568; x_wconf 85' lang='lat' dir='ltr'><strong>Ego</strong></span> <span class='ocrx_word' id='word_1_663' title='bbox 2375 2513 2488 2550; x_wconf 86' lang='lat' dir='ltr'><strong>sum</strong></span> <span class='ocrx_word' id='word_1_664' title='bbox 2513 2497 2614 2563; x_wconf 88' lang='lat' dir='ltr'><strong>via,</strong></span> <span class='ocrx_word' id='word_1_665' title='bbox 2637 2497 2815 2550; x_wconf 87' lang='lat' dir='ltr'><strong>veritas</strong></span> <span class='ocrx_word' id='word_1_666' title='bbox 2835 2504 2882 2550; x_wconf 87' lang='lat' dir='ltr'><strong>et</strong></span> <span class='ocrx_word' id='word_1_667' title='bbox 2907 2495 3006 2548; x_wconf 81' lang='lat' dir='ltr'><strong>vita</strong></span> <span class='ocrx_word' id='word_1_668' title='bbox 3033 2493 3208 2565; x_wconf 82' lang='lat' dir='ltr'><strong>(Joan.</strong></span> <span class='ocrx_word' id='word_1_669' title='bbox 3229 2508 3341 2559; x_wconf 80' lang='lat' dir='ltr'><strong>xw,</strong></span> <span class='ocrx_word' id='word_1_670' title='bbox 3370 2491 3444 2562; x_wconf 86' lang='lat'><strong>6).</strong></span> <span class='ocrx_word' id='word_1_671' title='bbox 3476 2489 3532 2547; x_wconf 88' lang='lat' dir='ltr'><strong>Si</strong></span> <span class='ocrx_word' id='word_1_672' title='bbox 3557 2505 3650 2546; x_wconf 83' lang='lat' dir='ltr'><strong>vo-</strong></span> 
     </span>
    </p>
   </div>
   <div class='ocr_carea' id='block_1_86' title="bbox 2059 2584 3653 2658">
    <p class='ocr_par' dir='ltr' id='par_1_86' title="bbox 2059 2584 3653 2658">
     <span class='ocr_line' id='line_1_86' title="bbox 2059 2584 3653 2658; baseline -0.004 -16"><span class='ocrx_word' id='word_1_673' title='bbox 2059 2589 2274 2643; x_wconf 84' lang='lat' dir='ltr'><strong>ritatem</strong></span> <span class='ocrx_word' id='word_1_674' title='bbox 2302 2589 2516 2658; x_wconf 80' lang='lat' dir='ltr'><strong>quzeris,</strong></span> <span class='ocrx_word' id='word_1_675' title='bbox 2561 2589 2699 2642; x_wconf 86' lang='lat' dir='ltr'><strong>viam</strong></span> <span class='ocrx_word' id='word_1_676' title='bbox 2730 2597 2881 2642; x_wconf 86' lang='lat' dir='ltr'><strong>tene:</strong></span> <span class='ocrx_word' id='word_1_677' title='bbox 2912 2600 3032 2640; x_wconf 89' lang='lat' dir='ltr'><strong>nam</strong></span> <span class='ocrx_word' id='word_1_678' title='bbox 3060 2585 3173 2654; x_wconf 85' lang='lat' dir='ltr'><strong>ipsa</strong></span> <span class='ocrx_word' id='word_1_679' title='bbox 3199 2594 3281 2640; x_wconf 91' lang='lat' dir='ltr'><strong>est</strong></span> <span class='ocrx_word' id='word_1_680' title='bbox 3310 2584 3393 2638; x_wconf 88' lang='lat' dir='ltr'><strong>via</strong></span> <span class='ocrx_word' id='word_1_681' title='bbox 3421 2598 3539 2654; x_wconf 71' lang='lat' dir='ltr'><strong>qua:</strong></span> <span class='ocrx_word' id='word_1_682' title='bbox 3567 2591 3653 2636; x_wconf 85' lang='lat' dir='ltr'><strong>est</strong></span> 
     </span>
    </p>
   </div>
   <div class='ocr_carea' id='block_1_87' title="bbox 2060 2674 3650 2748">
    <p class='ocr_par' dir='ltr' id='par_1_87' title="bbox 2060 2674 3650 2748">
     <span class='ocr_line' id='line_1_87' title="bbox 2060 2674 3650 2748; baseline -0.003 -16"><span class='ocrx_word' id='word_1_683' title='bbox 2060 2679 2276 2734; x_wconf 87' lang='lat' dir='ltr'><strong>veritas.</strong></span> <span class='ocrx_word' id='word_1_684' title='bbox 2303 2678 2419 2748; x_wconf 89' lang='lat' dir='ltr'><strong>Ipsa</strong></span> <span class='ocrx_word' id='word_1_685' title='bbox 2441 2688 2522 2733; x_wconf 88' lang='lat' dir='ltr'><strong>est</strong></span> <span class='ocrx_word' id='word_1_686' title='bbox 2549 2695 2654 2748; x_wconf 88' lang='lat' dir='ltr'><strong>quo</strong></span> <span class='ocrx_word' id='word_1_687' title='bbox 2684 2679 2749 2744; x_wconf 87' lang='lat' dir='ltr'><strong>is,</strong></span> <span class='ocrx_word' id='word_1_688' title='bbox 2781 2677 2890 2747; x_wconf 86' lang='lat' dir='ltr'><strong>ipsa</strong></span> <span class='ocrx_word' id='word_1_689' title='bbox 2918 2685 2998 2732; x_wconf 91' lang='lat' dir='ltr'><strong>est</strong></span> <span class='ocrx_word' id='word_1_690' title='bbox 3019 2691 3118 2747; x_wconf 92' lang='lat' dir='ltr'><strong>qua</strong></span> <span class='ocrx_word' id='word_1_691' title='bbox 3151 2675 3224 2741; x_wconf 93' lang='lat' dir='ltr'><strong>is;</strong></span> <span class='ocrx_word' id='word_1_692' title='bbox 3254 2692 3359 2731; x_wconf 92' lang='lat' dir='ltr'><strong>non</strong></span> <span class='ocrx_word' id='word_1_693' title='bbox 3387 2689 3482 2745; x_wconf 89' lang='lat' dir='ltr'><strong>per</strong></span> <span class='ocrx_word' id='word_1_694' title='bbox 3507 2674 3650 2730; x_wconf 87' lang='lat' dir='ltr'><strong>aliud</strong></span> 
     </span>
    </p>
   </div>
   <div class='ocr_carea' id='block_1_88' title="bbox 2059 2765 3652 2837">
    <p class='ocr_par' dir='ltr' id='par_1_88' title="bbox 2059 2765 3652 2837">
     <span class='ocr_line' id='line_1_88' title="bbox 2059 2765 3652 2837; baseline -0.004 -13"><span class='ocrx_word' id='word_1_695' title='bbox 2059 2770 2106 2824; x_wconf 89' lang='lat' dir='ltr'><strong>is</strong></span> <span class='ocrx_word' id='word_1_696' title='bbox 2147 2769 2212 2823; x_wconf 89' lang='lat' dir='ltr'><strong>ad</strong></span> <span class='ocrx_word' id='word_1_697' title='bbox 2257 2769 2422 2836; x_wconf 89' lang='lat' dir='ltr'><strong>aliud,</strong></span> <span class='ocrx_word' id='word_1_698' title='bbox 2455 2783 2558 2822; x_wconf 91' lang='lat' dir='ltr'><strong>non</strong></span> <span class='ocrx_word' id='word_1_699' title='bbox 2595 2784 2686 2837; x_wconf 91' lang='lat' dir='ltr'><strong>per</strong></span> <span class='ocrx_word' id='word_1_700' title='bbox 2725 2766 2866 2822; x_wconf 91' lang='lat' dir='ltr'><strong>aliud</strong></span> <span class='ocrx_word' id='word_1_701' title='bbox 2911 2766 3062 2820; x_wconf 88' lang='lat' dir='ltr'><strong>venis</strong></span> <span class='ocrx_word' id='word_1_702' title='bbox 3107 2765 3174 2819; x_wconf 92' lang='lat' dir='ltr'><strong>ad</strong></span> <span class='ocrx_word' id='word_1_703' title='bbox 3223 2765 3525 2819; x_wconf 88' lang='lat' dir='ltr'><strong>Christum:</strong></span> <span class='ocrx_word' id='word_1_704' title='bbox 3555 2776 3652 2834; x_wconf 86' lang='lat' dir='ltr'><strong>per</strong></span> 
     </span>
    </p>
   </div>
   <div class='ocr_carea' id='block_1_89' title="bbox 2059 2853 3644 2924">
    <p class='ocr_par' dir='ltr' id='par_1_89' title="bbox 2059 2853 3644 2924">
     <span class='ocr_line' id='line_1_89' title="bbox 2059 2853 3644 2924; baseline -0.004 -9"><span class='ocrx_word' id='word_1_705' title='bbox 2059 2859 2327 2915; x_wconf 82' lang='lat' dir='ltr'><strong>Christum</strong></span> <span class='ocrx_word' id='word_1_706' title='bbox 2358 2859 2423 2912; x_wconf 93' lang='lat' dir='ltr'><strong>ad</strong></span> <span class='ocrx_word' id='word_1_707' title='bbox 2443 2859 2715 2913; x_wconf 91' lang='lat' dir='ltr'><strong>Christum</strong></span> <span class='ocrx_word' id='word_1_708' title='bbox 2745 2858 2915 2913; x_wconf 77' lang='lat' dir='ltr'><strong>venis.</strong></span> <span class='ocrx_word' id='word_1_709' title='bbox 2951 2855 3232 2923; x_wconf 90' lang='lat' dir='ltr'><strong>Quomodo</strong></span> <span class='ocrx_word' id='word_1_710' title='bbox 3258 2871 3353 2924; x_wconf 91' lang='lat' dir='ltr'><strong>per</strong></span> <span class='ocrx_word' id='word_1_711' title='bbox 3371 2853 3644 2911; x_wconf 87' lang='lat' dir='ltr'><strong>Christum</strong></span> 
     </span>
    </p>
   </div>
   <div class='ocr_carea' id='block_1_90' title="bbox 2060 2944 3648 3026">
    <p class='ocr_par' dir='ltr' id='par_1_90' title="bbox 2060 2944 3648 3026">
     <span class='ocr_line' id='line_1_90' title="bbox 2060 2944 3648 3026; baseline -0.004 -23"><span class='ocrx_word' id='word_1_712' title='bbox 2060 2950 2128 3003; x_wconf 90' lang='lat' dir='ltr'><strong>ad</strong></span> <span class='ocrx_word' id='word_1_713' title='bbox 2153 2949 2458 3005; x_wconf 85' lang='lat' dir='ltr'><strong>Christum?</strong></span> <span class='ocrx_word' id='word_1_714' title='bbox 2488 2949 2590 3026; x_wconf 83' lang='lat' dir='ltr'><strong>Per</strong></span> <span class='ocrx_word' id='word_1_715' title='bbox 2635 2947 2909 3002; x_wconf 89' lang='lat' dir='ltr'><strong>Christum</strong></span> <span class='ocrx_word' id='word_1_716' title='bbox 2960 2946 3233 3001; x_wconf 88' lang='lat' dir='ltr'><strong>hominem</strong></span> <span class='ocrx_word' id='word_1_717' title='bbox 3262 2944 3329 3000; x_wconf 90' lang='lat' dir='ltr'><strong>ad</strong></span> <span class='ocrx_word' id='word_1_718' title='bbox 3372 2944 3648 3000; x_wconf 86' lang='lat' dir='ltr'><strong>Christum</strong></span> 
     </span>
    </p>
   </div>
   <div class='ocr_carea' id='block_1_91' title="bbox 2061 3032 3652 3108">
    <p class='ocr_par' dir='ltr' id='par_1_91' title="bbox 2061 3032 3652 3108">
     <span class='ocr_line' id='line_1_91' title="bbox 2061 3032 3652 3108; baseline -0.004 -16"><span class='ocrx_word' id='word_1_719' title='bbox 2061 3039 2264 3093; x_wconf 86' lang='lat' dir='ltr'><strong>Deum:</strong></span> <span class='ocrx_word' id='word_1_720' title='bbox 2294 3054 2390 3108; x_wconf 92' lang='lat' dir='ltr'><strong>per</strong></span> <span class='ocrx_word' id='word_1_721' title='bbox 2406 3038 2638 3093; x_wconf 85' lang='lat' dir='ltr'><strong>Verbum</strong></span> <span class='ocrx_word' id='word_1_722' title='bbox 2666 3051 2881 3092; x_wconf 91' lang='lat' dir='ltr'><strong>carnem</strong></span> <span class='ocrx_word' id='word_1_723' title='bbox 2912 3034 3134 3102; x_wconf 81' lang='lat' dir='ltr'><strong>factum,</strong></span> <span class='ocrx_word' id='word_1_724' title='bbox 3163 3034 3231 3088; x_wconf 90' lang='lat' dir='ltr'><strong>ad</strong></span> <span class='ocrx_word' id='word_1_725' title='bbox 3260 3032 3491 3089; x_wconf 85' lang='lat' dir='ltr'><strong>Verbum</strong></span> <span class='ocrx_word' id='word_1_726' title='bbox 3509 3032 3652 3104; x_wconf 90' lang='lat' dir='ltr'><strong>quod</strong></span> 
     </span>
    </p>
   </div>
   <div class='ocr_carea' id='block_1_92' title="bbox 2062 3122 3651 3198">
    <p class='ocr_par' dir='ltr' id='par_1_92' title="bbox 2062 3122 3651 3198">
     <span class='ocr_line' id='line_1_92' title="bbox 2062 3122 3651 3198; baseline -0.005 -14"><span class='ocrx_word' id='word_1_727' title='bbox 2062 3129 2116 3184; x_wconf 91' lang='lat' dir='ltr'><strong>in</strong></span> <span class='ocrx_word' id='word_1_728' title='bbox 2149 3128 2408 3198; x_wconf 90' lang='lat' dir='ltr'><strong>principio</strong></span> <span class='ocrx_word' id='word_1_729' title='bbox 2428 3136 2544 3184; x_wconf 90' lang='lat' dir='ltr'><strong>erat</strong></span> <span class='ocrx_word' id='word_1_730' title='bbox 2573 3128 2714 3182; x_wconf 87' lang='lat' dir='ltr'><strong>Deus</strong></span> <span class='ocrx_word' id='word_1_731' title='bbox 2739 3125 2881 3196; x_wconf 85' lang='lat' dir='ltr'><strong>apud</strong></span> <span class='ocrx_word' id='word_1_732' title='bbox 2913 3126 3110 3191; x_wconf 90' lang='lat' dir='ltr'><strong>Deum;</strong></span> <span class='ocrx_word' id='word_1_733' title='bbox 3141 3123 3211 3179; x_wconf 88' lang='lat' dir='ltr'><strong>ab</strong></span> <span class='ocrx_word' id='word_1_734' title='bbox 3235 3137 3302 3179; x_wconf 84' lang='lat' dir='ltr'><strong>eo</strong></span> <span class='ocrx_word' id='word_1_735' title='bbox 3327 3122 3470 3194; x_wconf 83' lang='lat' dir='ltr'><strong>quod</strong></span> <span class='ocrx_word' id='word_1_736' title='bbox 3496 3138 3651 3177; x_wconf 86' lang='lat' dir='ltr'><strong>man-</strong></span> 
     </span>
    </p>
   </div>
   <div class='ocr_carea' id='block_1_93' title="bbox 2062 3213 3654 3288">
    <p class='ocr_par' dir='ltr' id='par_1_93' title="bbox 2062 3213 3654 3288">
     <span class='ocr_line' id='line_1_93' title="bbox 2062 3213 3654 3288; baseline -0.006 -12"><span class='ocrx_word' id='word_1_737' title='bbox 2062 3221 2276 3276; x_wconf 88' lang='lat' dir='ltr'><strong>ducavit</strong></span> <span class='ocrx_word' id='word_1_738' title='bbox 2305 3223 2495 3286; x_wconf 84' lang='lat' dir='ltr'><strong>homo,</strong></span> <span class='ocrx_word' id='word_1_739' title='bbox 2520 3219 2587 3274; x_wconf 88' lang='lat' dir='ltr'><strong>ad</strong></span> <span class='ocrx_word' id='word_1_740' title='bbox 2617 3217 2746 3272; x_wconf 90' lang='lat' dir='ltr'><strong>illud</strong></span> <span class='ocrx_word' id='word_1_741' title='bbox 2775 3215 2917 3288; x_wconf 90' lang='lat' dir='ltr'><strong>quod</strong></span> <span class='ocrx_word' id='word_1_742' title='bbox 2949 3215 3187 3285; x_wconf 88' lang='lat' dir='ltr'><strong>quotidie</strong></span> <span class='ocrx_word' id='word_1_743' title='bbox 3208 3213 3530 3270; x_wconf 85' lang='lat' dir='ltr'><strong>manducaut</strong></span> <span class='ocrx_word' id='word_1_744' title='bbox 3545 3214 3654 3267; x_wconf 86' lang='lat' dir='ltr'><strong>An-</strong></span> 
     </span>
    </p>
   </div>
   <div class='ocr_carea' id='block_1_94' title="bbox 2061 3303 3654 3384">
    <p class='ocr_par' dir='ltr' id='par_1_94' title="bbox 2061 3303 3654 3384">
     <span class='ocr_line' id='line_1_94' title="bbox 2061 3303 3654 3384; baseline -0.007 -17"><span class='ocrx_word' id='word_1_745' title='bbox 2061 3312 2184 3384; x_wconf 86' lang='lat' dir='ltr'><strong>geli.</strong></span> <span class='ocrx_word' id='word_1_746' title='bbox 2209 3311 2298 3366; x_wconf 89' lang='lat' dir='ltr'><strong>Sic</strong></span> <span class='ocrx_word' id='word_1_747' title='bbox 2325 3311 2465 3366; x_wconf 91' lang='lat' dir='ltr'><strong>enim</strong></span> <span class='ocrx_word' id='word_1_748' title='bbox 2494 3309 2751 3379; x_wconf 89' lang='lat' dir='ltr'><strong>scriptum</strong></span> <span class='ocrx_word' id='word_1_749' title='bbox 2783 3315 2885 3374; x_wconf 89' lang='lat' dir='ltr'><strong>est,</strong></span> <span class='ocrx_word' id='word_1_750' title='bbox 2915 3305 3113 3362; x_wconf 86' lang='lat' dir='ltr'><strong>Panem</strong></span> <span class='ocrx_word' id='word_1_751' title='bbox 3136 3306 3248 3361; x_wconf 64' lang='lat' dir='ltr'><strong>coeli</strong></span> <span class='ocrx_word' id='word_1_752' title='bbox 3276 3303 3412 3359; x_wconf 87' lang='lat' dir='ltr'><strong>dedit</strong></span> <span class='ocrx_word' id='word_1_753' title='bbox 3432 3303 3502 3358; x_wconf 85' lang='lat' dir='ltr'><strong>eis</strong></span> <span class='ocrx_word' id='word_1_754' title='bbox 3520 3318 3541 3357; x_wconf 91' lang='lat'><strong><em>:</em></strong></span> <span class='ocrx_word' id='word_1_755' title='bbox 3559 3319 3654 3373; x_wconf 38' lang='lat' dir='ltr'><strong>pas</strong></span> 
     </span>
    </p>
   </div>
   <div class='ocr_carea' id='block_1_95' title="bbox 2061 3393 3651 3472">
    <p class='ocr_par' dir='ltr' id='par_1_95' title="bbox 2061 3393 3651 3472">
     <span class='ocr_line' id='line_1_95' title="bbox 2061 3393 3651 3472; baseline -0.007 -14"><span class='ocrx_word' id='word_1_756' title='bbox 2061 3420 2175 3458; x_wconf 77' lang='lat' dir='ltr'><strong>nem</strong></span> <span class='ocrx_word' id='word_1_757' title='bbox 2190 3399 2823 3472; x_wconf 84' lang='lat' dir='ltr'><strong>Angelorummanducavit</strong></span> <span class='ocrx_word' id='word_1_758' title='bbox 2837 3401 2986 3451; x_wconf 90' lang='lat' dir='ltr'><strong>homo</strong></span> <span class='ocrx_word' id='word_1_759' title='bbox 3001 3393 3467 3469; x_wconf 58' lang='lat' dir='ltr'><strong>(Psalmxxvnﬂtl</strong></span> <span class='ocrx_word' id='word_1_760' title='bbox 3477 3405 3522 3448; x_wconf 89' lang='lat' dir='ltr'><strong>et</strong></span> <span class='ocrx_word' id='word_1_761' title='bbox 3534 3393 3625 3465; x_wconf 76' lang='lat'><strong>25)</strong></span> <span class='ocrx_word' id='word_1_762' title='bbox 3635 3431 3651 3447; x_wconf 95' lang='lat'><strong>.</strong></span> 
     </span>
    </p>
   </div>
   <div class='ocr_carea' id='block_1_96' title="bbox 2063 3485 3652 3562">
    <p class='ocr_par' dir='ltr' id='par_1_96' title="bbox 2063 3485 3652 3562">
     <span class='ocr_line' id='line_1_96' title="bbox 2063 3485 3652 3562; baseline -0.006 -14"><span class='ocrx_word' id='word_1_763' title='bbox 2063 3493 2193 3562; x_wconf 89' lang='lat' dir='ltr'><strong>Quis</strong></span> <span class='ocrx_word' id='word_1_764' title='bbox 2221 3499 2303 3547; x_wconf 85' lang='lat' dir='ltr'><strong>est</strong></span> <span class='ocrx_word' id='word_1_765' title='bbox 2329 3492 2480 3561; x_wconf 88' lang='lat' dir='ltr'><strong>panis</strong></span> <span class='ocrx_word' id='word_1_766' title='bbox 2519 3489 2882 3560; x_wconf 84' lang='lat' dir='ltr'><strong>Angelorum?</strong></span> <span class='ocrx_word' id='word_1_767' title='bbox 2911 3487 2978 3543; x_wconf 81' lang='lat' dir='ltr'><strong>In</strong></span> <span class='ocrx_word' id='word_1_768' title='bbox 3001 3488 3250 3559; x_wconf 87' lang='lat' dir='ltr'><strong>principio</strong></span> <span class='ocrx_word' id='word_1_769' title='bbox 3276 3496 3383 3542; x_wconf 86' lang='lat' dir='ltr'><strong>erat</strong></span> <span class='ocrx_word' id='word_1_770' title='bbox 3419 3485 3652 3553; x_wconf 82' lang='lat' dir='ltr'><strong>Verbum,</strong></span> 
     </span>
    </p>
   </div>
   <div class='ocr_carea' id='block_1_97' title="bbox 2064 3577 3656 3649">
    <p class='ocr_par' dir='ltr' id='par_1_97' title="bbox 2064 3577 3656 3649">
     <span class='ocr_line' id='line_1_97' title="bbox 2064 3577 3656 3649; baseline -0.007 -6"><span class='ocrx_word' id='word_1_771' title='bbox 2064 3598 2124 3643; x_wconf 86' lang='lat' dir='ltr'><strong>et</strong></span> <span class='ocrx_word' id='word_1_772' title='bbox 2143 3586 2362 3642; x_wconf 85' lang='lat' dir='ltr'><strong>Verbum</strong></span> <span class='ocrx_word' id='word_1_773' title='bbox 2387 3593 2495 3640; x_wconf 88' lang='lat' dir='ltr'><strong>erat</strong></span> <span class='ocrx_word' id='word_1_774' title='bbox 2515 3584 2654 3649; x_wconf 81' lang='lat' dir='ltr'><strong>apud</strong></span> <span class='ocrx_word' id='word_1_775' title='bbox 2680 3582 2865 3649; x_wconf 87' lang='lat' dir='ltr'><strong>Deum,</strong></span> <span class='ocrx_word' id='word_1_776' title='bbox 2891 3590 2936 3636; x_wconf 88' lang='lat' dir='ltr'><strong>et</strong></span> <span class='ocrx_word' id='word_1_777' title='bbox 2962 3581 3100 3636; x_wconf 86' lang='lat' dir='ltr'><strong>Deus</strong></span> <span class='ocrx_word' id='word_1_778' title='bbox 3121 3589 3227 3636; x_wconf 87' lang='lat' dir='ltr'><strong>erat</strong></span> <span class='ocrx_word' id='word_1_779' title='bbox 3251 3577 3490 3634; x_wconf 83' lang='lat' dir='ltr'><strong>Verbum.</strong></span> <span class='ocrx_word' id='word_1_780' title='bbox 3511 3577 3656 3645; x_wconf 86' lang='lat' dir='ltr'><strong>Quo-</strong></span> 
     </span>
    </p>
   </div>
   <div class='ocr_carea' id='block_1_98' title="bbox 2066 3669 3653 3746">
    <p class='ocr_par' dir='ltr' id='par_1_98' title="bbox 2066 3669 3653 3746">
     <span class='ocr_line' id='line_1_98' title="bbox 2066 3669 3653 3746; baseline -0.006 -13"><span class='ocrx_word' id='word_1_781' title='bbox 2066 3678 2228 3733; x_wconf 94' lang='lat' dir='ltr'><strong>modo</strong></span> <span class='ocrx_word' id='word_1_782' title='bbox 2255 3692 2447 3746; x_wconf 89' lang='lat' dir='ltr'><strong>panem</strong></span> <span class='ocrx_word' id='word_1_783' title='bbox 2471 3675 2791 3746; x_wconf 87' lang='lat' dir='ltr'><strong>Angelorum</strong></span> <span class='ocrx_word' id='word_1_784' title='bbox 2835 3671 3174 3728; x_wconf 85' lang='lat' dir='ltr'><strong>manducavit</strong></span> <span class='ocrx_word' id='word_1_785' title='bbox 3195 3671 3392 3727; x_wconf 87' lang='lat' dir='ltr'><strong>homo?</strong></span> <span class='ocrx_word' id='word_1_786' title='bbox 3421 3669 3488 3724; x_wconf 88' lang='lat' dir='ltr'><strong>Et</strong></span> <span class='ocrx_word' id='word_1_787' title='bbox 3529 3669 3653 3724; x_wconf 82' lang='lat' dir='ltr'><strong>Ver-</strong></span> 
     </span>
    </p>
   </div>
   <div class='ocr_carea' id='block_1_99' title="bbox 2065 3761 3652 3840">
    <p class='ocr_par' dir='ltr' id='par_1_99' title="bbox 2065 3761 3652 3840">
     <span class='ocr_line' id='line_1_99' title="bbox 2065 3761 3652 3840; baseline -0.006 -15"><span class='ocrx_word' id='word_1_788' title='bbox 2065 3769 2182 3826; x_wconf 78' lang='lat' dir='ltr'><strong>bum</strong></span> <span class='ocrx_word' id='word_1_789' title='bbox 2198 3786 2315 3823; x_wconf 88' lang='lat' dir='ltr'><strong>caro</strong></span> <span class='ocrx_word' id='word_1_790' title='bbox 2334 3773 2522 3840; x_wconf 78' lang='lat' dir='ltr'><strong>factum</strong></span> <span class='ocrx_word' id='word_1_791' title='bbox 2539 3777 2631 3833; x_wconf 87' lang='lat' dir='ltr'><strong>est,</strong></span> <span class='ocrx_word' id='word_1_792' title='bbox 2654 3777 2700 3819; x_wconf 81' lang='lat' dir='ltr'><strong>et</strong></span> <span class='ocrx_word' id='word_1_793' title='bbox 2717 3765 2956 3819; x_wconf 85' lang='lat' dir='ltr'><strong>habitavit</strong></span> <span class='ocrx_word' id='word_1_794' title='bbox 2977 3765 3029 3818; x_wconf 86' lang='lat' dir='ltr'><strong>in</strong></span> <span class='ocrx_word' id='word_1_795' title='bbox 3054 3762 3195 3818; x_wconf 81' lang='lat' dir='ltr'><strong>nobis</strong></span> <span class='ocrx_word' id='word_1_796' title='bbox 3219 3761 3398 3834; x_wconf 80' lang='lat' dir='ltr'><strong>(Joan.</strong></span> <span class='ocrx_word' id='word_1_797' title='bbox 3415 3777 3456 3827; x_wconf 86' lang='grc' dir='ltr'>ι,</span> <span class='ocrx_word' id='word_1_798' title='bbox 3473 3762 3525 3828; x_wconf 77' lang='grc'><strong>1,</strong></span> <span class='ocrx_word' id='word_1_799' title='bbox 3541 3761 3652 3831; x_wconf 69' lang='lat' dir='ltr'><strong>ﬂ).</strong></span> 
     </span>
    </p>
   </div>
   <div class='ocr_carea' id='block_1_100' title="bbox 2137 3848 3649 3927">
    <p class='ocr_par' dir='ltr' id='par_1_100' title="bbox 2137 3848 3649 3927">
     <span class='ocr_line' id='line_1_100' title="bbox 2137 3848 3649 3927; baseline -0.007 -11"><span class='ocrx_word' id='word_1_800' title='bbox 2137 3861 2191 3916; x_wconf 84' lang='lat'><strong>5.</strong></span> <span class='ocrx_word' id='word_1_801' title='bbox 2223 3858 2331 3914; x_wconf 91' lang='lat' dir='ltr'><strong>Sed</strong></span> <span class='ocrx_word' id='word_1_802' title='bbox 2356 3858 2477 3927; x_wconf 89' lang='lat' dir='ltr'><strong>quia</strong></span> <span class='ocrx_word' id='word_1_803' title='bbox 2509 3857 2736 3910; x_wconf 84' lang='lat' dir='ltr'><strong>diximus</strong></span> <span class='ocrx_word' id='word_1_804' title='bbox 2762 3853 3083 3909; x_wconf 88' lang='lat' dir='ltr'><strong>manducare</strong></span> <span class='ocrx_word' id='word_1_805' title='bbox 3121 3852 3388 3922; x_wconf 86' lang='lat' dir='ltr'><strong>Angelos,</strong></span> <span class='ocrx_word' id='word_1_806' title='bbox 3420 3848 3649 3919; x_wconf 80' lang='lat' dir='ltr'><strong>fratres,</strong></span> 
     </span>
    </p>
   </div>
   <div class='ocr_carea' id='block_1_101' title="bbox 2066 3941 3654 4018">
    <p class='ocr_par' dir='ltr' id='par_1_101' title="bbox 2066 3941 3654 4018">
     <span class='ocr_line' id='line_1_101' title="bbox 2066 3941 3654 4018; baseline -0.007 -12"><span class='ocrx_word' id='word_1_807' title='bbox 2066 3966 2136 4006; x_wconf 89' lang='lat' dir='ltr'><strong>ne</strong></span> <span class='ocrx_word' id='word_1_808' title='bbox 2163 3949 2358 4018; x_wconf 90' lang='lat' dir='ltr'><strong>putetis</strong></span> <span class='ocrx_word' id='word_1_809' title='bbox 2391 3946 2656 4002; x_wconf 88' lang='lat' dir='ltr'><strong>morsibus</strong></span> <span class='ocrx_word' id='word_1_810' title='bbox 2697 3945 2832 4001; x_wconf 87' lang='lat' dir='ltr'><strong>ﬁeri.</strong></span> <span class='ocrx_word' id='word_1_811' title='bbox 2860 3943 2997 4001; x_wconf 86' lang='lat' dir='ltr'><strong>Nam</strong></span> <span class='ocrx_word' id='word_1_812' title='bbox 3030 3943 3079 4000; x_wconf 90' lang='lat' dir='ltr'><strong>si</strong></span> <span class='ocrx_word' id='word_1_813' title='bbox 3117 3942 3220 4000; x_wconf 83' lang='lat' dir='ltr'><strong>hoc</strong></span> <span class='ocrx_word' id='word_1_814' title='bbox 3247 3941 3654 4010; x_wconf 72' lang='lat' dir='ltr'><strong>intellexeritis,</strong></span> 
     </span>
    </p>
   </div>
   <div class='ocr_carea' id='block_1_102' title="bbox 2067 4031 3658 4112">
    <p class='ocr_par' dir='ltr' id='par_1_102' title="bbox 2067 4031 3658 4112">
     <span class='ocr_line' id='line_1_102' title="bbox 2067 4031 3658 4112; baseline -0.007 -16"><span class='ocrx_word' id='word_1_815' title='bbox 2067 4041 2219 4112; x_wconf 92' lang='lat' dir='ltr'><strong>quasi</strong></span> <span class='ocrx_word' id='word_1_816' title='bbox 2245 4039 2531 4094; x_wconf 87' lang='lat' dir='ltr'><strong>dilaniatur</strong></span> <span class='ocrx_word' id='word_1_817' title='bbox 2557 4039 2702 4092; x_wconf 90' lang='lat' dir='ltr'><strong>Deus</strong></span> <span class='ocrx_word' id='word_1_818' title='bbox 2739 4051 2898 4107; x_wconf 91' lang='lat' dir='ltr'><strong>quem</strong></span> <span class='ocrx_word' id='word_1_819' title='bbox 2941 4034 3265 4090; x_wconf 76' lang='lat' dir='ltr'><strong>manducent</strong></span> <span class='ocrx_word' id='word_1_820' title='bbox 3289 4032 3498 4103; x_wconf 84' lang='lat' dir='ltr'><strong>Angeli.</strong></span> <span class='ocrx_word' id='word_1_821' title='bbox 3527 4031 3658 4099; x_wconf 85' lang='lat' dir='ltr'><strong>Quis</strong></span> 
     </span>
    </p>
   </div>
   <div class='ocr_carea' id='block_1_103' title="bbox 2069 4121 3662 4201">
    <p class='ocr_par' dir='ltr' id='par_1_103' title="bbox 2069 4121 3662 4201">
     <span class='ocr_line' id='line_1_103' title="bbox 2069 4121 3662 4201; baseline -0.009 -12"><span class='ocrx_word' id='word_1_822' title='bbox 2069 4133 2287 4189; x_wconf 91' lang='lat' dir='ltr'><strong>dilaniat</strong></span> <span class='ocrx_word' id='word_1_823' title='bbox 2309 4130 2612 4201; x_wconf 84' lang='lat' dir='ltr'><strong>justitiam?</strong></span> <span class='ocrx_word' id='word_1_824' title='bbox 2643 4128 2747 4183; x_wconf 89' lang='lat' dir='ltr'><strong>Sed</strong></span> <span class='ocrx_word' id='word_1_825' title='bbox 2777 4142 2988 4183; x_wconf 92' lang='lat' dir='ltr'><strong>rursum</strong></span> <span class='ocrx_word' id='word_1_826' title='bbox 3020 4124 3147 4180; x_wconf 88' lang='lat' dir='ltr'><strong>mihi</strong></span> <span class='ocrx_word' id='word_1_827' title='bbox 3175 4122 3364 4192; x_wconf 85' lang='lat' dir='ltr'><strong>aliquis</strong></span> <span class='ocrx_word' id='word_1_828' title='bbox 3391 4121 3521 4177; x_wconf 88' lang='lat' dir='ltr'><strong>dicit</strong></span> <span class='ocrx_word' id='word_1_829' title='bbox 3547 4138 3562 4175; x_wconf 92' lang='lat'><strong>:</strong></span> <span class='ocrx_word' id='word_1_830' title='bbox 3592 4122 3662 4176; x_wconf 89' lang='lat' dir='ltr'><strong>Et</strong></span> 
     </span>
    </p>
   </div>
   <div class='ocr_carea' id='block_1_104' title="bbox 2069 4211 3662 4294">
    <p class='ocr_par' dir='ltr' id='par_1_104' title="bbox 2069 4211 3662 4294">
     <span class='ocr_line' id='line_1_104' title="bbox 2069 4211 3662 4294; baseline -0.009 -16"><span class='ocrx_word' id='word_1_831' title='bbox 2069 4224 2188 4294; x_wconf 87' lang='lat' dir='ltr'><strong>quis</strong></span> <span class='ocrx_word' id='word_1_832' title='bbox 2207 4231 2288 4276; x_wconf 86' lang='lat' dir='ltr'><strong>est</strong></span> <span class='ocrx_word' id='word_1_833' title='bbox 2312 4220 2403 4291; x_wconf 90' lang='lat' dir='ltr'><strong>qui</strong></span> <span class='ocrx_word' id='word_1_834' title='bbox 2427 4217 2980 4288; x_wconf 87' lang='lat' dir='ltr'><strong>manducatjustitiam</strong></span> <span class='ocrx_word' id='word_1_835' title='bbox 3002 4215 3026 4269; x_wconf 81' lang='lat'><strong>?</strong></span> <span class='ocrx_word' id='word_1_836' title='bbox 3052 4214 3204 4271; x_wconf 89' lang='lat' dir='ltr'><strong>Unde</strong></span> <span class='ocrx_word' id='word_1_837' title='bbox 3223 4227 3372 4284; x_wconf 85' lang='lat' dir='ltr'><strong>ergo,</strong></span> <span class='ocrx_word' id='word_1_838' title='bbox 3400 4211 3548 4266; x_wconf 87' lang='lat' dir='ltr'><strong>Beati</strong></span> <span class='ocrx_word' id='word_1_839' title='bbox 3571 4211 3662 4283; x_wconf 82' lang='lat' dir='ltr'><strong>qui</strong></span> 
     </span>
    </p>
   </div>
   <div class='ocr_carea' id='block_1_105' title="bbox 2071 4303 3662 4382">
    <p class='ocr_par' dir='ltr' id='par_1_105' title="bbox 2071 4303 3662 4382">
     <span class='ocr_line' id='line_1_105' title="bbox 2071 4303 3662 4382; baseline -0.006 -16"><span class='ocrx_word' id='word_1_840' title='bbox 2071 4313 2295 4368; x_wconf 75' lang='lat' dir='ltr'><strong>esuriant</strong></span> <span class='ocrx_word' id='word_1_841' title='bbox 2322 4321 2368 4364; x_wconf 90' lang='lat' dir='ltr'><strong>et</strong></span> <span class='ocrx_word' id='word_1_842' title='bbox 2394 4311 2568 4364; x_wconf 87' lang='lat' dir='ltr'><strong>sitiunt</strong></span> <span class='ocrx_word' id='word_1_843' title='bbox 2583 4309 2838 4382; x_wconf 83' lang='lat' dir='ltr'><strong>justitiam</strong></span> <span class='ocrx_word' id='word_1_844' title='bbox 2859 4348 2874 4372; x_wconf 94' lang='lat'><strong>,</strong></span> <span class='ocrx_word' id='word_1_845' title='bbox 2901 4306 3139 4378; x_wconf 86' lang='lat' dir='ltr'><strong>quoniam</strong></span> <span class='ocrx_word' id='word_1_846' title='bbox 3165 4303 3266 4377; x_wconf 86' lang='lat' dir='ltr'><strong>ipsi</strong></span> <span class='ocrx_word' id='word_1_847' title='bbox 3297 4303 3662 4358; x_wconf 85' lang='lat' dir='ltr'><strong>saturabunlttr</strong></span> 
     </span>
    </p>
   </div>
   <div class='ocr_carea' id='block_1_106' title="bbox 2074 4395 3663 4473">
    <p class='ocr_par' dir='ltr' id='par_1_106' title="bbox 2074 4395 3663 4473">
     <span class='ocr_line' id='line_1_106' title="bbox 2074 4395 3663 4473; baseline -0.006 -18"><span class='ocrx_word' id='word_1_848' title='bbox 2074 4401 2286 4473; x_wconf 81' lang='lat' dir='ltr'><strong>(Matth.</strong></span> <span class='ocrx_word' id='word_1_849' title='bbox 2318 4417 2370 4467; x_wconf 92' lang='lat' dir='ltr'><strong>v,</strong></span> <span class='ocrx_word' id='word_1_850' title='bbox 2399 4400 2452 4473; x_wconf 88' lang='lat'><strong>6)</strong></span> <span class='ocrx_word' id='word_1_851' title='bbox 2477 4399 2499 4453; x_wconf 86' lang='lat'><strong>?</strong></span> <span class='ocrx_word' id='word_1_852' title='bbox 2524 4397 2686 4454; x_wconf 90' lang='lat' dir='ltr'><strong>Cibus</strong></span> <span class='ocrx_word' id='word_1_853' title='bbox 2714 4411 2871 4468; x_wconf 86' lang='lat' dir='ltr'><strong>quem</strong></span> <span class='ocrx_word' id='word_1_854' title='bbox 2900 4395 3188 4450; x_wconf 89' lang='lat' dir='ltr'><strong>manducas</strong></span> <span class='ocrx_word' id='word_1_855' title='bbox 3212 4408 3308 4463; x_wconf 90' lang='lat' dir='ltr'><strong>per</strong></span> <span class='ocrx_word' id='word_1_856' title='bbox 3336 4407 3574 4455; x_wconf 87' lang='lat' dir='ltr'><strong>carnem,</strong></span> <span class='ocrx_word' id='word_1_857' title='bbox 3603 4399 3663 4447; x_wconf 86' lang='lat' dir='ltr'><strong>ut</strong></span> 
     </span>
    </p>
   </div>
   <div class='ocr_carea' id='block_1_107' title="bbox 2073 4485 3658 4557">
    <p class='ocr_par' dir='ltr' id='par_1_107' title="bbox 2073 4485 3658 4557">
     <span class='ocr_line' id='line_1_107' title="bbox 2073 4485 3658 4557; baseline -0.005 -9"><span class='ocrx_word' id='word_1_858' title='bbox 2073 4493 2330 4548; x_wconf 89' lang='lat' dir='ltr'><strong>reﬁciaris</strong></span> <span class='ocrx_word' id='word_1_859' title='bbox 2361 4500 2445 4557; x_wconf 91' lang='lat' dir='ltr'><strong>tu,</strong></span> <span class='ocrx_word' id='word_1_860' title='bbox 2477 4491 2568 4546; x_wconf 90' lang='lat' dir='ltr'><strong>ille</strong></span> <span class='ocrx_word' id='word_1_861' title='bbox 2600 4489 2811 4553; x_wconf 90' lang='lat' dir='ltr'><strong>deﬁcit;</strong></span> <span class='ocrx_word' id='word_1_862' title='bbox 2843 4497 2896 4542; x_wconf 89' lang='lat' dir='ltr'><strong>ut</strong></span> <span class='ocrx_word' id='word_1_863' title='bbox 2927 4495 3138 4557; x_wconf 90' lang='lat' dir='ltr'><strong>reparet</strong></span> <span class='ocrx_word' id='word_1_864' title='bbox 3163 4495 3249 4552; x_wconf 90' lang='lat' dir='ltr'><strong>te,</strong></span> <span class='ocrx_word' id='word_1_865' title='bbox 3280 4485 3612 4541; x_wconf 90' lang='lat' dir='ltr'><strong>consumitur</strong></span> <span class='ocrx_word' id='word_1_866' title='bbox 3639 4500 3658 4540; x_wconf 89' lang='lat'><strong>:</strong></span> 
     </span>
    </p>
   </div>
   <div class='ocr_carea' id='block_1_108' title="bbox 2073 4575 3663 4651">
    <p class='ocr_par' dir='ltr' id='par_1_108' title="bbox 2073 4575 3663 4651">
     <span class='ocr_line' id='line_1_108' title="bbox 2073 4575 3663 4651; baseline -0.005 -14"><span class='ocrx_word' id='word_1_867' title='bbox 2073 4583 2334 4638; x_wconf 88' lang='lat' dir='ltr'><strong>manduca</strong></span> <span class='ocrx_word' id='word_1_868' title='bbox 2356 4583 2634 4651; x_wconf 87' lang='lat' dir='ltr'><strong>justitiam,</strong></span> <span class='ocrx_word' id='word_1_869' title='bbox 2667 4588 2722 4635; x_wconf 92' lang='lat' dir='ltr'><strong>et</strong></span> <span class='ocrx_word' id='word_1_870' title='bbox 2748 4588 2803 4634; x_wconf 90' lang='lat' dir='ltr'><strong>tu</strong></span> <span class='ocrx_word' id='word_1_871' title='bbox 2827 4579 3084 4644; x_wconf 86' lang='lat' dir='ltr'><strong>reﬁceris,</strong></span> <span class='ocrx_word' id='word_1_872' title='bbox 3111 4585 3165 4633; x_wconf 87' lang='lat' dir='ltr'><strong>et</strong></span> <span class='ocrx_word' id='word_1_873' title='bbox 3190 4577 3277 4631; x_wconf 90' lang='lat' dir='ltr'><strong>illa</strong></span> <span class='ocrx_word' id='word_1_874' title='bbox 3305 4575 3507 4647; x_wconf 84' lang='lat' dir='ltr'><strong>integra</strong></span> <span class='ocrx_word' id='word_1_875' title='bbox 3537 4589 3663 4645; x_wconf 85' lang='lat' dir='ltr'><strong>per-</strong></span> 
     </span>
    </p>
   </div>
   <div class='ocr_carea' id='block_1_109' title="bbox 2074 4667 3662 4740">
    <p class='ocr_par' dir='ltr' id='par_1_109' title="bbox 2074 4667 3662 4740">
     <span class='ocr_line' id='line_1_109' title="bbox 2074 4667 3662 4740; baseline -0.007 -11"><span class='ocrx_word' id='word_1_876' title='bbox 2074 4681 2302 4729; x_wconf 82' lang='lat' dir='ltr'><strong>severat.</strong></span> <span class='ocrx_word' id='word_1_877' title='bbox 2351 4670 2629 4740; x_wconf 89' lang='lat' dir='ltr'><strong>Quomodo</strong></span> <span class='ocrx_word' id='word_1_878' title='bbox 2671 4667 2896 4724; x_wconf 89' lang='lat' dir='ltr'><strong>videndo</strong></span> <span class='ocrx_word' id='word_1_879' title='bbox 2939 4668 3094 4722; x_wconf 90' lang='lat' dir='ltr'><strong>istam</strong></span> <span class='ocrx_word' id='word_1_880' title='bbox 3141 4668 3310 4722; x_wconf 90' lang='lat' dir='ltr'><strong>lucem</strong></span> <span class='ocrx_word' id='word_1_881' title='bbox 3350 4678 3662 4734; x_wconf 83' lang='lat' dir='ltr'><strong>corpoream</strong></span> 
     </span>
    </p>
   </div>
   <div class='ocr_carea' id='block_1_110' title="bbox 2074 4759 3663 4826">
    <p class='ocr_par' dir='ltr' id='par_1_110' title="bbox 2074 4759 3663 4826">
     <span class='ocr_line' id='line_1_110' title="bbox 2074 4759 3663 4826; baseline -0.007 -8"><span class='ocrx_word' id='word_1_882' title='bbox 2074 4764 2385 4819; x_wconf 89' lang='lat' dir='ltr'><strong>reﬁciuntur</strong></span> <span class='ocrx_word' id='word_1_883' title='bbox 2412 4762 2498 4817; x_wconf 91' lang='lat' dir='ltr'><strong>isti</strong></span> <span class='ocrx_word' id='word_1_884' title='bbox 2534 4760 2673 4816; x_wconf 93' lang='lat' dir='ltr'><strong>oculi</strong></span> <span class='ocrx_word' id='word_1_885' title='bbox 2703 4759 2902 4824; x_wconf 87' lang='lat' dir='ltr'><strong>nostri,</strong></span> <span class='ocrx_word' id='word_1_886' title='bbox 2932 4767 2988 4812; x_wconf 88' lang='lat' dir='ltr'><strong>ct</strong></span> <span class='ocrx_word' id='word_1_887' title='bbox 3027 4774 3114 4814; x_wconf 87' lang='lat' dir='ltr'><strong>res</strong></span> <span class='ocrx_word' id='word_1_888' title='bbox 3143 4765 3227 4812; x_wconf 89' lang='lat' dir='ltr'><strong>est</strong></span> <span class='ocrx_word' id='word_1_889' title='bbox 3250 4769 3506 4826; x_wconf 88' lang='lat' dir='ltr'><strong>corporea</strong></span> <span class='ocrx_word' id='word_1_890' title='bbox 3542 4767 3663 4824; x_wconf 75' lang='lat' dir='ltr'><strong>qua:</strong></span> 
     </span>
    </p>
   </div>
   <div class='ocr_carea' id='block_1_111' title="bbox 2076 4842 3663 4925">
    <p class='ocr_par' dir='ltr' id='par_1_111' title="bbox 2076 4842 3663 4925">
     <span class='ocr_line' id='line_1_111' title="bbox 2076 4842 3663 4925; baseline -0.006 -16"><span class='ocrx_word' id='word_1_891' title='bbox 2076 4855 2284 4925; x_wconf 82' lang='lat' dir='ltr'><strong>videtur</strong></span> <span class='ocrx_word' id='word_1_892' title='bbox 2308 4854 2476 4910; x_wconf 89' lang='lat' dir='ltr'><strong>oculis</strong></span> <span class='ocrx_word' id='word_1_893' title='bbox 2500 4853 2790 4922; x_wconf 88' lang='lat' dir='ltr'><strong>corporeis.</strong></span> <span class='ocrx_word' id='word_1_894' title='bbox 2821 4850 2966 4905; x_wconf 87' lang='lat' dir='ltr'><strong>Multi</strong></span> <span class='ocrx_word' id='word_1_895' title='bbox 2993 4849 3135 4903; x_wconf 91' lang='lat' dir='ltr'><strong>enim</strong></span> <span class='ocrx_word' id='word_1_896' title='bbox 3168 4863 3290 4904; x_wconf 89' lang='lat' dir='ltr'><strong>cum</strong></span> <span class='ocrx_word' id='word_1_897' title='bbox 3317 4846 3516 4902; x_wconf 80' lang='lat' dir='ltr'><strong>fuerint</strong></span> <span class='ocrx_word' id='word_1_898' title='bbox 3540 4842 3663 4900; x_wconf 90' lang='lat' dir='ltr'><strong>diu-</strong></span> 
     </span>
    </p>
   </div>
   <div class='ocr_carea' id='block_1_112' title="bbox 2077 4934 3665 5009">
    <p class='ocr_par' dir='ltr' id='par_1_112' title="bbox 2077 4934 3665 5009">
     <span class='ocr_line' id='line_1_112' title="bbox 2077 4934 3665 5009; baseline -0.006 -9"><span class='ocrx_word' id='word_1_899' title='bbox 2077 4948 2182 5000; x_wconf 89' lang='lat' dir='ltr'><strong>tius</strong></span> <span class='ocrx_word' id='word_1_900' title='bbox 2210 4947 2260 4999; x_wconf 90' lang='lat' dir='ltr'><strong>in</strong></span> <span class='ocrx_word' id='word_1_901' title='bbox 2289 4944 2540 5009; x_wconf 89' lang='lat' dir='ltr'><strong>tenebris,</strong></span> <span class='ocrx_word' id='word_1_902' title='bbox 2571 4942 2866 4997; x_wconf 87' lang='lat' dir='ltr'><strong>inﬁrmatur</strong></span> <span class='ocrx_word' id='word_1_903' title='bbox 2889 4940 3032 4995; x_wconf 86' lang='lat' dir='ltr'><strong>acies</strong></span> <span class='ocrx_word' id='word_1_904' title='bbox 3059 4940 3322 5009; x_wconf 88' lang='lat' dir='ltr'><strong>ipsorum,</strong></span> <span class='ocrx_word' id='word_1_905' title='bbox 3351 4937 3500 5006; x_wconf 87' lang='lat' dir='ltr'><strong>quasi</strong></span> <span class='ocrx_word' id='word_1_906' title='bbox 3519 4934 3665 5005; x_wconf 85' lang='lat' dir='ltr'><strong>jeju-</strong></span> 
     </span>
    </p>
   </div>
   <div class='ocr_carea' id='block_1_113' title="bbox 2078 5027 3671 5099">
    <p class='ocr_par' dir='ltr' id='par_1_113' title="bbox 2078 5027 3671 5099">
     <span class='ocr_line' id='line_1_113' title="bbox 2078 5027 3671 5099; baseline -0.006 -8"><span class='ocrx_word' id='word_1_907' title='bbox 2078 5037 2166 5092; x_wconf 93' lang='lat' dir='ltr'><strong>nio</strong></span> <span class='ocrx_word' id='word_1_908' title='bbox 2196 5037 2345 5091; x_wconf 89' lang='lat' dir='ltr'><strong>lucis.</strong></span> <span class='ocrx_word' id='word_1_909' title='bbox 2392 5033 2645 5090; x_wconf 85' lang='lat' dir='ltr'><strong>Fraudati</strong></span> <span class='ocrx_word' id='word_1_910' title='bbox 2681 5032 2820 5089; x_wconf 91' lang='lat' dir='ltr'><strong>oculi</strong></span> <span class='ocrx_word' id='word_1_911' title='bbox 2858 5031 2978 5088; x_wconf 90' lang='lat' dir='ltr'><strong>cibo</strong></span> <span class='ocrx_word' id='word_1_912' title='bbox 3017 5046 3117 5086; x_wconf 88' lang='lat' dir='ltr'><strong>suo</strong></span> <span class='ocrx_word' id='word_1_913' title='bbox 3153 5031 3296 5099; x_wconf 90' lang='lat' dir='ltr'><strong>(luce</strong></span> <span class='ocrx_word' id='word_1_914' title='bbox 3339 5027 3534 5098; x_wconf 89' lang='lat' dir='ltr'><strong>quippe</strong></span> <span class='ocrx_word' id='word_1_915' title='bbox 3568 5043 3671 5098; x_wconf 79' lang='lat' dir='ltr'><strong>pa-</strong></span> 
     </span>
    </p>
   </div>
   <div class='ocr_carea' id='block_1_114' title="bbox 2079 5119 3668 5200">
    <p class='ocr_par' dir='ltr' id='par_1_114' title="bbox 2079 5119 3668 5200">
     <span class='ocr_line' id='line_1_114' title="bbox 2079 5119 3668 5200; baseline -0.007 -15"><span class='ocrx_word' id='word_1_916' title='bbox 2079 5127 2330 5200; x_wconf 85' lang='lat' dir='ltr'><strong>scuntur)</strong></span> <span class='ocrx_word' id='word_1_917' title='bbox 2352 5170 2366 5194; x_wconf 94' lang='lat'><strong>,</strong></span> <span class='ocrx_word' id='word_1_918' title='bbox 2395 5127 2746 5198; x_wconf 79' lang='lat' dir='ltr'><strong>defatigantur</strong></span> <span class='ocrx_word' id='word_1_919' title='bbox 2774 5124 2980 5195; x_wconf 84' lang='lat' dir='ltr'><strong>jejunio</strong></span> <span class='ocrx_word' id='word_1_920' title='bbox 3005 5133 3058 5178; x_wconf 93' lang='lat' dir='ltr'><strong>et</strong></span> <span class='ocrx_word' id='word_1_921' title='bbox 3083 5122 3425 5178; x_wconf 89' lang='lat' dir='ltr'><strong>debilitantur</strong></span> <span class='ocrx_word' id='word_1_922' title='bbox 3449 5159 3464 5184; x_wconf 93' lang='lat'><strong>,</strong></span> <span class='ocrx_word' id='word_1_923' title='bbox 3497 5119 3567 5174; x_wconf 90' lang='lat' dir='ltr'><strong>ita</strong></span> <span class='ocrx_word' id='word_1_924' title='bbox 3608 5129 3668 5174; x_wconf 88' lang='lat' dir='ltr'><strong>ut</strong></span> 
     </span>
    </p>
   </div>
   <div class='ocr_carea' id='block_1_115' title="bbox 2081 5211 3663 5291">
    <p class='ocr_par' dir='ltr' id='par_1_115' title="bbox 2081 5211 3663 5291">
     <span class='ocr_line' id='line_1_115' title="bbox 2081 5211 3663 5291; baseline -0.004 -18"><span class='ocrx_word' id='word_1_925' title='bbox 2081 5222 2248 5291; x_wconf 90' lang='lat' dir='ltr'><strong>ipsam</strong></span> <span class='ocrx_word' id='word_1_926' title='bbox 2276 5220 2448 5275; x_wconf 88' lang='lat' dir='ltr'><strong>lucem</strong></span> <span class='ocrx_word' id='word_1_927' title='bbox 2485 5234 2584 5289; x_wconf 87' lang='lat' dir='ltr'><strong>qua</strong></span> <span class='ocrx_word' id='word_1_928' title='bbox 2611 5216 2939 5282; x_wconf 90' lang='lat' dir='ltr'><strong>reﬁciuntur,</strong></span> <span class='ocrx_word' id='word_1_929' title='bbox 2974 5214 3152 5269; x_wconf 88' lang='lat' dir='ltr'><strong>videre</strong></span> <span class='ocrx_word' id='word_1_930' title='bbox 3179 5226 3286 5268; x_wconf 92' lang='lat' dir='ltr'><strong>non</strong></span> <span class='ocrx_word' id='word_1_931' title='bbox 3315 5211 3520 5282; x_wconf 87' lang='lat' dir='ltr'><strong>possint</strong></span> <span class='ocrx_word' id='word_1_932' title='bbox 3549 5228 3564 5266; x_wconf 89' lang='lat'><strong>:</strong></span> <span class='ocrx_word' id='word_1_933' title='bbox 3606 5221 3663 5268; x_wconf 87' lang='lat' dir='ltr'><strong>et</strong></span> 
     </span>
    </p>
   </div>
   <div class='ocr_carea' id='block_1_116' title="bbox 2079 5302 3666 5377">
    <p class='ocr_par' dir='ltr' id='par_1_116' title="bbox 2079 5302 3666 5377">
     <span class='ocr_line' id='line_1_116' title="bbox 2079 5302 3666 5377; baseline -0.006 -11"><span class='ocrx_word' id='word_1_934' title='bbox 2079 5312 2123 5366; x_wconf 87' lang='lat' dir='ltr'><strong>si</strong></span> <span class='ocrx_word' id='word_1_935' title='bbox 2154 5311 2353 5366; x_wconf 91' lang='lat' dir='ltr'><strong>diutius</strong></span> <span class='ocrx_word' id='word_1_936' title='bbox 2373 5308 2621 5374; x_wconf 84' lang='lat' dir='ltr'><strong>abfuerit,</strong></span> <span class='ocrx_word' id='word_1_937' title='bbox 2650 5307 3077 5377; x_wconf 79' lang='lat' dir='ltr'><strong>exstinguuntur,</strong></span> <span class='ocrx_word' id='word_1_938' title='bbox 3115 5311 3169 5358; x_wconf 90' lang='lat' dir='ltr'><strong>et</strong></span> <span class='ocrx_word' id='word_1_939' title='bbox 3211 5311 3460 5373; x_wconf 88' lang='lat' dir='ltr'><strong>tanquam</strong></span> <span class='ocrx_word' id='word_1_940' title='bbox 3499 5302 3666 5357; x_wconf 88' lang='lat' dir='ltr'><strong>mori-</strong></span> 
     </span>
    </p>
   </div>
   <div class='ocr_carea' id='block_1_117' title="bbox 2083 5394 3667 5472">
    <p class='ocr_par' dir='ltr' id='par_1_117' title="bbox 2083 5394 3667 5472">
     <span class='ocr_line' id='line_1_117' title="bbox 2083 5394 3667 5472; baseline -0.004 -16"><span class='ocrx_word' id='word_1_941' title='bbox 2083 5412 2167 5457; x_wconf 91' lang='lat' dir='ltr'><strong>tur</strong></span> <span class='ocrx_word' id='word_1_942' title='bbox 2192 5401 2350 5458; x_wconf 81' lang='lat' dir='ltr'><strong>ineis</strong></span> <span class='ocrx_word' id='word_1_943' title='bbox 2377 5401 2492 5472; x_wconf 87' lang='lat' dir='ltr'><strong>ipsa</strong></span> <span class='ocrx_word' id='word_1_944' title='bbox 2517 5400 2659 5456; x_wconf 88' lang='lat' dir='ltr'><strong>acies</strong></span> <span class='ocrx_word' id='word_1_945' title='bbox 2683 5399 2836 5455; x_wconf 90' lang='lat' dir='ltr'><strong>lucis.</strong></span> <span class='ocrx_word' id='word_1_946' title='bbox 2861 5397 2996 5466; x_wconf 91' lang='lat' dir='ltr'><strong>Quid</strong></span> <span class='ocrx_word' id='word_1_947' title='bbox 3033 5394 3204 5467; x_wconf 81' lang='lat' dir='ltr'><strong>ergo?</strong></span> <span class='ocrx_word' id='word_1_948' title='bbox 3243 5395 3365 5462; x_wconf 88' lang='lat' dir='ltr'><strong>quia</strong></span> <span class='ocrx_word' id='word_1_949' title='bbox 3410 5402 3490 5449; x_wconf 85' lang='lat' dir='ltr'><strong>tot</strong></span> <span class='ocrx_word' id='word_1_950' title='bbox 3525 5394 3667 5450; x_wconf 89' lang='lat' dir='ltr'><strong>oculi</strong></span> 
     </span>
    </p>
   </div>
   <div class='ocr_carea' id='block_1_118' title="bbox 2083 5485 3671 5566">
    <p class='ocr_par' dir='ltr' id='par_1_118' title="bbox 2083 5485 3671 5566">
     <span class='ocr_line' id='line_1_118' title="bbox 2083 5485 3671 5566; baseline -0.007 -16"><span class='ocrx_word' id='word_1_951' title='bbox 2083 5494 2319 5566; x_wconf 88' lang='lat' dir='ltr'><strong>quotidie</strong></span> <span class='ocrx_word' id='word_1_952' title='bbox 2348 5495 2446 5549; x_wconf 86' lang='lat' dir='ltr'><strong>ista</strong></span> <span class='ocrx_word' id='word_1_953' title='bbox 2492 5494 2612 5549; x_wconf 88' lang='lat' dir='ltr'><strong>lucc</strong></span> <span class='ocrx_word' id='word_1_954' title='bbox 2650 5499 2938 5563; x_wconf 89' lang='lat' dir='ltr'><strong>pascuntur</strong></span> <span class='ocrx_word' id='word_1_955' title='bbox 2960 5528 2974 5552; x_wconf 89' lang='lat'><strong>,</strong></span> <span class='ocrx_word' id='word_1_956' title='bbox 3007 5488 3182 5542; x_wconf 90' lang='lat' dir='ltr'><strong>minor</strong></span> <span class='ocrx_word' id='word_1_957' title='bbox 3214 5486 3307 5541; x_wconf 87' lang='lat' dir='ltr'><strong>ﬁt?</strong></span> <span class='ocrx_word' id='word_1_958' title='bbox 3336 5486 3405 5541; x_wconf 87' lang='lat' dir='ltr'><strong>Et</strong></span> <span class='ocrx_word' id='word_1_959' title='bbox 3433 5486 3507 5542; x_wconf 94' lang='lat' dir='ltr'><strong>illi</strong></span> <span class='ocrx_word' id='word_1_960' title='bbox 3544 5485 3671 5542; x_wconf 79' lang='lat' dir='ltr'><strong>reﬁ-</strong></span> 
     </span>
    </p>
   </div>
   <div class='ocr_carea' id='block_1_119' title="bbox 2084 5579 3668 5658">
    <p class='ocr_par' dir='ltr' id='par_1_119' title="bbox 2084 5579 3668 5658">
     <span class='ocr_line' id='line_1_119' title="bbox 2084 5579 3668 5658; baseline -0.009 -13"><span class='ocrx_word' id='word_1_961' title='bbox 2084 5589 2313 5652; x_wconf 81' lang='lat' dir='ltr'><strong>ciuutur,</strong></span> <span class='ocrx_word' id='word_1_962' title='bbox 2347 5595 2400 5643; x_wconf 92' lang='lat' dir='ltr'><strong>et</strong></span> <span class='ocrx_word' id='word_1_963' title='bbox 2429 5587 2542 5658; x_wconf 91' lang='lat' dir='ltr'><strong>ipsa</strong></span> <span class='ocrx_word' id='word_1_964' title='bbox 2567 5586 2767 5655; x_wconf 85' lang='lat' dir='ltr'><strong>integra</strong></span> <span class='ocrx_word' id='word_1_965' title='bbox 2801 5589 3089 5652; x_wconf 86' lang='lat' dir='ltr'><strong>permanet.</strong></span> <span class='ocrx_word' id='word_1_966' title='bbox 3123 5579 3178 5635; x_wconf 88' lang='lat' dir='ltr'><strong>Si</strong></span> <span class='ocrx_word' id='word_1_967' title='bbox 3207 5580 3304 5635; x_wconf 91' lang='lat' dir='ltr'><strong>hoc</strong></span> <span class='ocrx_word' id='word_1_968' title='bbox 3327 5579 3496 5650; x_wconf 92' lang='lat' dir='ltr'><strong>potuit</strong></span> <span class='ocrx_word' id='word_1_969' title='bbox 3528 5579 3668 5633; x_wconf 77' lang='lat' dir='ltr'><strong>Deus</strong></span> 
     </span>
    </p>
   </div>
   <div class='ocr_carea' id='block_1_120' title="bbox 2149 5673 3720 5756">
    <p class='ocr_par' dir='ltr' id='par_1_120' title="bbox 2149 5673 3720 5756">
     <span class='ocr_line' id='line_1_120' title="bbox 2149 5673 3720 5756; baseline -0.01 -7"><span class='ocrx_word' id='word_1_970' title='bbox 2149 5701 2166 5732; x_wconf 75' lang='grc'>¹</span> <span class='ocrx_word' id='word_1_971' title='bbox 2192 5699 2265 5750; x_wconf 85' lang='lat' dir='ltr'><strong>sic</strong></span> <span class='ocrx_word' id='word_1_972' title='bbox 2282 5704 2388 5748; x_wconf 77' lang='lat' dir='ltr'><strong>Mss.</strong></span> <span class='ocrx_word' id='word_1_973' title='bbox 2407 5703 2462 5746; x_wconf 84' lang='lat' dir='ltr'><strong>Al.</strong></span> <span class='ocrx_word' id='word_1_974' title='bbox 2477 5696 2610 5751; x_wconf 88' lang='lat' dir='ltr'><strong>editi,</strong></span> <span class='ocrx_word' id='word_1_975' title='bbox 2629 5692 2755 5756; x_wconf 79' lang='lat' dir='ltr'><strong>quod</strong></span> <span class='ocrx_word' id='word_1_976' title='bbox 2772 5690 2924 5756; x_wconf 72' lang='lat' dir='ltr'><strong>oculis</strong></span> <span class='ocrx_word' id='word_1_977' title='bbox 2945 5688 3131 5756; x_wconf 72' lang='lat' dir='ltr'><strong>carneis</strong></span> <span class='ocrx_word' id='word_1_978' title='bbox 3145 5691 3309 5756; x_wconf 70' lang='lat' dir='ltr'><strong>videre</strong></span> <span class='ocrx_word' id='word_1_979' title='bbox 3322 5701 3414 5739; x_wconf 81' lang='lat' dir='ltr'><strong>non</strong></span> <span class='ocrx_word' id='word_1_980' title='bbox 3437 5685 3666 5756; x_wconf 67' lang='lat' dir='ltr'><strong>potuistis.</strong></span> <span class='ocrx_word' id='word_1_981' title='bbox 3709 5673 3720 5683; x_wconf 86' lang='grc'><em>’</em></span> 
     </span>
    </p>
   </div>
   <div class='ocr_carea' id='block_1_121' title="bbox 2148 5749 3670 5823">
    <p class='ocr_par' dir='ltr' id='par_1_121' title="bbox 2148 5749 3670 5823">
     <span class='ocr_line' id='line_1_121' title="bbox 2148 5749 3670 5823; baseline -0.009 -12"><span class='ocrx_word' id='word_1_982' title='bbox 2148 5762 2296 5811; x_wconf 71' lang='lat' dir='ltr'><strong>’llss.</strong></span> <span class='ocrx_word' id='word_1_983' title='bbox 2323 5765 2558 5823; x_wconf 79' lang='lat' dir='ltr'><strong>quatuor.</strong></span> <span class='ocrx_word' id='word_1_984' title='bbox 2593 5749 2721 5823; x_wconf 79' lang='lat' dir='ltr'><strong>viam</strong></span> <span class='ocrx_word' id='word_1_985' title='bbox 2757 5753 2867 5823; x_wconf 65' lang='lat' dir='ltr'><strong>[erit</strong></span> <span class='ocrx_word' id='word_1_986' title='bbox 2889 5753 2953 5805; x_wconf 85' lang='lat' dir='ltr'><strong>ad</strong></span> <span class='ocrx_word' id='word_1_987' title='bbox 2990 5767 3039 5806; x_wconf 89' lang='lat' dir='ltr'><strong>se</strong></span> <span class='ocrx_word' id='word_1_988' title='bbox 3063 5751 3367 5805; x_wconf 71' lang='lat' dir='ltr'><strong>venientibus.</strong></span> <span class='ocrx_word' id='word_1_989' title='bbox 3411 5749 3529 5800; x_wconf 77' lang='lat' dir='ltr'><strong>Tres</strong></span> <span class='ocrx_word' id='word_1_990' title='bbox 3567 5749 3670 5807; x_wconf 77' lang='lat' dir='ltr'><strong>alii,</strong></span> 
     </span>
    </p>
   </div>
   <div class='ocr_carea' id='block_1_122' title="bbox 2091 5814 2897 5886">
    <p class='ocr_par' dir='ltr' id='par_1_122' title="bbox 2091 5814 2897 5886">
     <span class='ocr_line' id='line_1_122' title="bbox 2091 5814 2897 5886; baseline -0.012 -10"><span class='ocrx_word' id='word_1_991' title='bbox 2091 5823 2213 5876; x_wconf 80' lang='lat' dir='ltr'><strong>riam</strong></span> <span class='ocrx_word' id='word_1_992' title='bbox 2235 5835 2283 5874; x_wconf 83' lang='lat' dir='ltr'><strong>se</strong></span> <span class='ocrx_word' id='word_1_993' title='bbox 2305 5814 2416 5886; x_wconf 71' lang='lat' dir='ltr'><strong>fecit</strong></span> <span class='ocrx_word' id='word_1_994' title='bbox 2438 5819 2502 5870; x_wconf 89' lang='lat' dir='ltr'><strong>ad</strong></span> <span class='ocrx_word' id='word_1_995' title='bbox 2525 5814 2572 5871; x_wconf 81' lang='lat' dir='ltr'><strong>se</strong></span> <span class='ocrx_word' id='word_1_996' title='bbox 2595 5814 2897 5869; x_wconf 59' lang='lat' dir='ltr'><strong>tenien&#39;tibus.</strong></span> 
     </span>
    </p>
   </div>
  </div>
