4118 6478
475 367 610 425 H95

412 469 425 488 ”
454 481 544 542 de
560 478 677 533 luce
692 492 944 547 corporea
967 476 1233 547 corporeis
1259 477 1424 534 oculis
1448 476 1736 540 exhibere;
1765 490 1869 528 non
1894 473 2049 530 exhi-

473 569 564 626 bet
593 569 802 627 mundis
823 568 1070 624 cordibus
1096 569 1264 622 lucem
1306 567 1446 620 illam
1491 566 1887 637 infatigabilem.
1913 565 2051 622 inte-

454 675 620 728 ,ιιι-ειη
636 658 1316 729 perseverantem,nullaex
1340 665 1485 724 parte
1505 655 1862 734 deficientem?
1877 655 2047 724 Quam

469 749 684 816 lucem?
705 748 771 804 In
800 749 1045 819 principio
1074 757 1180 800 erat
1220 745 1448 809 Verbum,
1469 755 1514 798 et
1546 745 1754 800 Verbum
1776 756 1880 799 erat
1907 745 2046 814 apud

452 838 656 896 .Deunt.
688 839 970 895 Videamus
999 839 1044 892 si
1071 839 1158 892 lux
1184 844 1283 890 est.
1325 833 1575 900 Quoniam
1602 835 1740 901 apud
1765 843 1812 888 te
1836 844 1907 888 est
1934 837 2048 904 fons

469 929 618 996 vita,
643 937 690 983 et
727 931 780 982 in
805 929 992 983 lumine
1027 938 1112 981 tuo
1153 926 1426 984 videbimus
1459 923 1627 994 iumen
1658 922 1823 994 (Psal.
1864 940 2005 978 xxxv
2029 964 2044 988 ,

468 1018 660 1088 10).1ιι
684 1028 823 1076 terra
852 1019 994 1073 aliud
1023 1029 1105 1074 est
1128 1018 1269 1084 fons,
1297 1019 1438 1074 aliud
1461 1019 1661 1080 lumen.
1687 1017 1884 1078 Sitiens
1903 1031 2048 1086 qua:-

466 1113 544 1166 ris
569 1111 790 1180 fontem,
819 1121 873 1167 et
894 1120 949 1166 ut
970 1112 1243 1181 pervenias
1266 1111 1579 1179 adfontem,
1608 1111 2000 1181 qtueris-lucem
2028 1127 2042 1164 :

467 1212 521 1260 et
549 1202 596 1258 si
623 1202 738 1258 dies
760 1219 866 1257 non
891 1210 972 1256 est
993 1244 1009 1268 ,
1040 1202 1286 1258 accendis
1317 1204 1613 1270 lucernam,
1654 1213 1712 1259 ut
1737 1202 1806 1258 ad
1844 1202 2046 1260 fontem

465 1293 766 1364 pervenias.
811 1291 966 1350 Fons.
985 1293 1070 1351 ille
1093 1333 1108 1358 ,
1141 1294 1252 1364 ipsa
1282 1303 1363 1348 est
1392 1293 1510 1356 lux;
1543 1294 1742 1348 sitienti
1771 1293 1888 1349 fons
1913 1301 2033 1360 est,

469 1397 616 1441 caeco
637 1384 726 1439 lux
752 1391 836 1438 est
863 1401 877 1437 :
900 1383 1207 1453 aperiantur
1227 1385 1362 1439 oculi
1392 1394 1447 1440 ut
1469 1384 1680 1441 videant
1700 1385 1895 1451 lucem,
1915 1399 2044 1454 ape-

465 1476 673 1530 riantur
699 1473 879 1530 fauces
902 1475 1081 1530 cordis
1119 1484 1178 1529 ut
1207 1475 1389 1530 bibant
1425 1475 1658 1542 fontem;
1689 1476 1830 1546 quod
1862 1475 2000 1531 bibis
2023 1517 2040 1543 ,

467 1566 572 1622 hoc
591 1566 760 1633 vides,
783 1565 884 1624 hoc
912 1567 1082 1623 audis.
1107 1567 1298 1623 Totum
1323 1568 1415 1622 tibi
1436 1567 1492 1622 ﬁt
1509 1569 1682 1634 Deus;
1705 1569 1826 1638 quia
1853 1569 2044 1623 horum

464 1672 584 1727 qua:
609 1657 814 1728 diligis,
842 1665 1011 1718 totum
1044 1657 1137 1716 tibi
1173 1667 1273 1713 est.
1315 1658 1370 1713 Si
1402 1658 1625 1714 visibilia
1655 1659 1915 1726 attendis,
1946 1673 2045 1713 nec

463 1748 619 1819 panis
646 1757 732 1805 est
771 1749 909 1810 Deus
928 1791 942 1814 ,
972 1765 1070 1806 nec
1097 1765 1232 1821 aqua
1271 1759 1355 1806 est
1389 1750 1560 1818 Deus,
1590 1766 1690 1806 nec
1713 1751 1802 1806 lux
1834 1753 1929 1807 ista
1961 1761 2044 1808 est

463 1836 641 1906 Deus,
698 1853 797 1894 nec
839 1840 1004 1894 vestis
1047 1849 1130 1895 est
1171 1839 1312 1898 Deus
1336 1880 1351 1904 ,
1384 1854 1482 1895 nec
1523 1839 1714 1896 domus
1758 1850 1840 1896 est
1879 1842 2039 1897 Deus.

463 1928 655 1988 Omnia
678 1930 820 1986 enim
841 1929 956 1986 haec
982 1931 1204 1986 visibilia
1227 1940 1368 1997 sunt,
1391 1940 1446 1987 et
1473 1932 1677 2001 singula
1703 1941 1827 1988 sunt
1857 1950 1870 1986 :
1902 1932 2043 2003 quod

458 2030 550 2086 est
575 2022 745 2092 panis,
774 2038 880 2078 non
910 2023 1012 2095 hoc
1040 2031 1124 2078 εει
1150 2038 1322 2093 aqua;
1352 2032 1404 2079 et
1433 2024 1574 2094 quod
1607 2033 1689 2080 est
1722 2026 1906 2088 vestis,
1936 2040 2042 2080 non

463 2114 567 2172 hoc
595 2123 677 2170 est
695 2114 912 2181 domus;
942 2123 997 2170 et
1021 2114 1162 2186 quod
1187 2126 1310 2178 sunt
1336 2117 1456 2183 ista,
1489 2131 1594 2172 non
1619 2117 1720 2172 hoc
1749 2127 1832 2173 est
1857 2118 1998 2172 Deus
2025 2133 2038 2171 :

462 2203 690 2262 visibilia
715 2205 859 2260 enim
901 2214 1044 2260 sunt.
1090 2205 1230 2260 Deus
1259 2206 1351 2260 tibi
1395 2215 1561 2261 letum
1595 2215 1679 2262 est
1709 2223 1722 2259 :
1755 2207 1799 2262 si
1829 2207 2000 2263 esuris
2023 2249 2040 2275 ,

460 2297 616 2367 panis
645 2296 740 2352 tibi
764 2305 880 2363 est;
909 2298 952 2354 si
973 2297 1108 2362 sitis,
1135 2312 1268 2368 aqua
1291 2298 1382 2357 tibi
1403 2308 1483 2354 εει
1506 2315 1524 2366 ;
1551 2297 1598 2354 si
1625 2299 1676 2352 in
1706 2298 1938 2353 tenebris
1960 2314 2038 2365 es,

460 2386 646 2444 lumen
677 2387 772 2444 tibi
800 2396 882 2448 est
901 2429 914 2452 ,
943 2387 1066 2458 quia
1091 2388 1506 2458 incorruptibilis
1541 2400 1756 2456 manet;
1787 2391 1833 2446 si
1869 2389 2042 2447 nudus

449 2493 558 2544 es,
602 2478 1019 2540 immortalitatis
1049 2479 1213 2538 vestis
1254 2479 1344 2534 tibi
1375 2488 1493 2546 est,
1539 2494 1660 2536 cum
1701 2480 2042 2550 corruptibile

459 2569 567 2627 hoc
589 2569 822 2648 induerit
847 2570 1318 2641 incorruptionem,
1349 2580 1403 2626 et
1437 2571 1661 2630 mortale
1686 2571 1788 2627 hoc
1813 2571 2043 2630 induerit

458 2662 912 2738 immortalitatem
945 2661 984 2737 (1
1013 2662 1130 2737 Cor.
1165 2679 1271 2728 xv,
1299 2663 1406 2727 55,
1446 2660 1559 2735 54).
1599 2661 1785 2720 Omnia
1823 2673 2043 2733 possunt

461 2753 566 2810 dici
587 2753 655 2810 de
680 2754 810 2818 Deo,
838 2763 891 2809 et
914 2753 1048 2813 nihil
1064 2753 1221 2824 digne
1241 2753 1436 2809 dicitur
1461 2751 1529 2808 de
1555 2753 1684 2808 Deo.
1722 2753 1864 2809 Nihil
1886 2753 2042 2810 latius

459 2844 562 2902 hac
604 2845 799 2915 inopia.
828 2844 1034 2912 Quaeris
1068 2859 1358 2914 congruum
1397 2859 1613 2911 nomen,
1650 2859 1754 2899 non
1800 2845 2038 2913 invenis;

461 2939 658 3008 quatris
683 2951 896 3008 quoquo
927 2937 1086 2992 modo
1122 2937 1319 3004 dicere,
1343 2937 1521 2991 omnia
1547 2938 1772 2993 invenis.
1807 2937 1944 3006 Quid
1969 2939 2040 2994 si-

383 3034 385 3036 ’
455 3029 609 3096 mile,
633 3043 801 3100 agnus
819 3039 872 3084 et
898 3028 1025 3086 leo?
1053 3028 1127 3083 De
1149 3027 1364 3083 Christo
1385 3037 1668 3098 utrumque
1695 3028 1892 3084 dictum
1915 3036 1997 3084 est
2023 3045 2036 3083 :

457 3120 592 3175 Ecce
618 3137 780 3191 agnus
800 3119 894 3174 Dei
922 3119 1098 3191 (Joan.
1126 3134 1164 3186 ι,
1192 3117 1308 3190 29).
1338 3118 1616 3186 Quomodo
1643 3119 1772 3174 leo?
1814 3117 1944 3183 Vicit
1963 3119 2040 3174 leo

457 3211 522 3266 de
547 3212 679 3266 tribu
701 3209 845 3265 Juda
873 3209 1052 3283 (Apoc.
1076 3225 1108 3266 v
1131 3252 1147 3278 ,
1180 3207 1258 3282 5).
1432 3216 1435 3223 ‘

528 3303 584 3362 6.
616 3304 905 3359 Audiamus
928 3303 1186 3359 Joannem
1218 3320 1230 3357 :
1261 3302 1563 3374 Baptizatur!
1596 3302 1768 3358 Iesus.
1799 3293 2064 3360 Diximus.

455 3395 580 3465 quia
609 3393 908 3465 baptizabat
926 3394 1100 3449 Jesus.
1120 3392 1399 3461 Quomodo
1423 3393 1617 3448 Jesus?
1637 3393 1904 3463 quomodo
1934 3393 2039 3447 Do—

453 3487 632 3541 minus
645 3486 950 3558 ⁸ἔ-(ιιιοιιιιιιιο
979 3486 1073 3542 Dei
1102 3486 1302 3540 Filius?
1331 3485 1596 3556 quomodo
1626 3485 1904 3541 Verbum?
1931 3483 2036 3542 Sed

456 3575 688 3631 Verbum
720 3590 844 3631 caro
874 3575 1069 3631 factum
1095 3585 1196 3631 est.
1221 3575 1344 3629 Erat
1364 3585 1530 3629 autetu
1553 3584 1600 3629 et
1625 3573 1850 3630 Joannes
1872 3575 2038 3647 bapti-

454 3683 581 3721 sans
613 3667 668 3722 in
714 3665 897 3722 Enon‘
920 3668 1092 3738 juxta.
1119 3666 1508 3722 Salim.~Lacus
1535 3665 1748 3736 quidam
1787 3665 1968 3731 zEnon
1995 3669 2035 3722 ί.

455 3757 610 3816 Unde
653 3758 960 3830 intelligitur
996 3759 1116 3829 quia
1154 3759 1298 3813 lacus
1339 3757 1489 3814 erat?
1521 3758 1653 3824 Quia
1677 3774 1837 3830 aqua:
1863 3757 2037 3812 multa:

451 3858 598 3910 erant
623 3848 712 3914 ibi,
748 3858 800 3905 et
817 3849 1112 3914 ueniebant,
1135 3857 1182 3903 et
1205 3849 1608 3920 baptizabantur.
1636 3847 1885 3905 Nondum
1904 3851 2037 3905 enint

453 3942 641 3996 missus
660 3952 772 3996 erat
795 3942 848 3995 in
886 3957 1135 3996 carcerem
1167 3940 1412 3995 Joannes.
1434 3941 1489 3997 Si
1529 3942 1844 4018 meministis
1883 3943 2037 4012 (ecce

449 4033 644 4088 iterum
697 4032 862 4100 dico),
911 4032 1018 4090 dixi
1056 4047 1222 4102 quare
1264 4032 1562 4101 baptizabat
1603 4031 1879 4087 Joannes:
1913 4032 2035 4102 quia

451 4121 730 4192 oportebat
758 4130 818 4176 ut
845 4122 1104 4177 Dominus
1133 4122 1511 4191 baptizaretur.
1537 4123 1604 4178 Et
1628 4138 1793 4193 quare
1821 4130 2037 4192 oporte-

452 4213 545 4277 bat
570 4221 627 4268 ut
653 4212 906 4276 Dominus
927 4213 1318 4283 baptizaretur?
1345 4213 1487 4281 Quia’
1507 4214 1660 4268 multi
1680 4213 2039 4285 contempturi

455 4313 612 4358 erant
640 4303 988 4374 Baptismum,
1011 4319 1076 4359 eo
1098 4303 1243 4374 quod.
1264 4303 1375 4373 jam
1411 4303 1612 4374 majore
1636 4306 1803 4375 gratia
1831 4305 2036 4374 praediti

453 4393 784 4462 viderentur,
807 4411 962 4465 quam
991 4395 1236 4450 viderent
1260 4395 1392 4450 alios
1420 4395 1622 4451 ﬁdeles.
1655 4394 1816 4451 Verbi
1843 4396 2034 4467 gratia,

448 4483 561 4555 jam
614 4485 948 4542 mntinonter
989 4485 1174 4541 vivens
1201 4486 1632 4553 catechumenos,
1672 4494 2040 4543 contemneret

451 4573 818 4647 coniugatum,
845 4585 900 4631 et
935 4576 1135 4640 diceret
1161 4591 1222 4636 se
1247 4578 1519 4653 meliorem
1548 4574 1705 4648 quam
1739 4577 1827 4632 ille
1865 4577 1935 4632 sit
1969 4575 2037 4630 ﬁ-

453 4669 616 4727 delis.
647 4669 738 4725 ille
766 4669 1180 4729 catechumenus
1207 4679 1390 4740 posset
1424 4671 1603 4729 dicere
1632 4671 1684 4725 in
1711 4670 1874 4729 cerdo
1893 4685 1990 4725 suo
2021 4687 2035 4723 :

449 4760 591 4830 Quid
619 4761 749 4816 mihi
785 4775 922 4832 opus
958 4771 1042 4816 est
1084 4759 1409 4831 Baptismum
1435 4763 1696 4831 accipere,
1729 4770 1786 4816 ut
1812 4761 1913 4817 hoc
1941 4760 2040 4815 ha-

447 4857 612 4913 beam
643 4854 789 4927 quod
823 4863 879 4911 et
923 4855 1024 4911 iste
1045 4895 1061 4920 ,
1108 4869 1215 4926 quo
1257 4854 1368 4924 jam
1407 4853 1598 4909 melior
1625 4855 1776 4910 sum?
1806 4854 1883 4909 Ne
1911 4869 2040 4924 ergo

454 4949 635 5004 cervix
677 4948 776 5004 ista
820 4948 1177 5019 prmcipitaret
1209 4947 1466 5018 quosdam
1495 4947 1562 5004 de
1591 4949 1796 5004 meritis
1820 4948 2040 5018 jllSliliiB

456 5039 891 5111 suteplurimum
935 5038 1102 5094 elatos
1132 5079 1147 5106 ,
1198 5038 1457 5108 baptizari
1505 5039 1672 5095 voluit
1715 5040 1970 5094 Dominus
2007 5053 2038 5094 a

457 5145 646 5193 servo;
676 5141 927 5203 tanquam
953 5130 1227 5200 alloquens
1269 5131 1406 5185 ﬁlios
1445 5131 1696 5200 capitales
1729 5149 1742 5185 :
1775 5130 1912 5198 Quid
1945 5146 2042 5186 vos

459 5223 750 5278 extollitis?
773 5222 904 5294 quid
919 5221 1142 5293 erigitis,
1170 5222 1290 5292 quia
1324 5222 1548 5287 habetis,
1569 5223 1657 5278 ille
1684 5223 2038 5291 prudentiam,

461 5313 550 5370 ille
577 5314 891 5382 doctrinam,
922 5316 1011 5372 ille
1029 5317 1363 5381 castitatem,
1417 5316 1504 5370 ille
1543 5314 1907 5370 fortitudinem
1945 5331 2039 5385 pa-

463 5404 701 5460 tientiae?
728 5406 993 5477 Numquid
1037 5415 1243 5462 tantum
1284 5406 1479 5460 habere
1510 5407 1748 5474 potestis,
1787 5392 2042 5473 quantum

459 5512 562 5568 ego
580 5496 669 5568 qui
699 5497 858 5552 dedi?
888 5499 954 5553 Et
982 5508 1159 5555 tamen
1199 5513 1300 5570 ego
1324 5498 1617 5568 baptizatus
1647 5514 1762 5553 sum
1788 5514 1816 5551 a
1848 5512 2004 5553 servo
2023 5539 2040 5566 ,

459 5605 558 5646 vos
602 5588 960 5660 dedignamiui
989 5606 1018 5644 a
1048 5593 1295 5648 Domino.
1346 5591 1458 5648 lloc
1495 5602 1577 5648 est
1605 5633 1618 5659 ,
1663 5591 1731 5648 Ut
1773 5592 2044 5662 impleatur

462 5681 625 5739 omnis
644 5682 844 5753 justitia
878 5681 1086 5753 (Matth.
1111 5701 1187 5749 ιιι,
1213 5685 1327 5755 15).

536 5795 552 5828 ι
575 5801 622 5844 tn
646 5793 828 5858 aliquot
850 5800 976 5855 Mss,
1001 5792 1144 5846 Salim
1167 5793 1297 5856 locus
1321 5795 1538 5862 quidam,
1575 5806 1710 5849 {non
1726 5793 1881 5850 Jccu..

1400 366 1464 420 ΙΝ
1501 362 1780 421 ΙΟᾸΝΝΙΞ
1819 359 2288 428 EVANGELIUM,
2327 361 2384 420 S.
2409 363 2788 440 'AUGUSTINI

3585 371 3723 431 14915

2230 477 2280 530 7.
2309 475 2412 535 Sed
2431 479 2570 534 dicet
2595 481 2784 552 aliquis
2815 498 2827 534 :
2867 481 3170 540 Sufﬁcicbat
3197 497 3324 556 ergo
3351 495 3405 540 ut
3432 484 3726 557 baptizaret

2156 567 2438 623 Dominum
2464 570 2725 637 Joannes;
2756 574 2879 643 quid
2907 590 3038 646 opus
3058 585 3170 630 erat
3189 587 3245 631 ut
3279 577 3368 631 alii
3397 577 3716 648 baptizaren

2155 664 2241 710 tur
2268 673 2295 710 a
2317 659 2552 714 Joanne?
2580 661 2644 715 Et
2669 661 2770 717 hoc
2789 664 3016 719 diximus
3037 706 3049 728 ,
3081 667 3203 735 quia
3232 667 3275 720 si
3303 668 3448 724 solus
3471 668 3724 727 Dominus

2154 747 2508 818 baptizaretur
2533 767 2562 805 a
2588 751 2811 820 Joanne,
2836 771 2942 814 non
2965 755 3174 813 deesset
3208 756 3305 814 ista
3339 760 3587 828 cogitatio
3622 760 3694 815 ho

2154 839 2401 903 minibus,
2429 842 2568 909 quod
2592 843 2865 904 meliorem
2894 844 3122 902 habebat
3145 847 3461 916 baptismum
3491 849 3722 905 Joannes

2153 943 2309 996 quam
2339 930 2611 996 Dominus.
2648 934 2894 990 Dicerent
2919 937 3059 990 enim
3090 955 3104 992 :
3131 937 3308 1008 Usque
3331 940 3464 996 adeo
3502 957 3726 1013 magnus

2152 1028 2268 1072 erat
2290 1019 2581 1089 baptismus
2595 1039 2752 1093 quem
2769 1024 2951 1086 habuit
2969 1027 3220 1096 Joannes,
3244 1039 3299 1084 ut
3317 1031 3463 1086 solus
3481 1032 3726 1092 Christus

2154 1107 2244 1168 illo
2281 1108 2651 1182 fueritdignus
2680 1116 2954 1184 baptizari.
2982 1116 3124 1189 Ergo
3145 1128 3201 1174 ut
3221 1120 3588 1183 ostenderetur
3610 1139 3725 1186 me?

2152 1196 2254 1252 lior
2281 1198 2573 1269 baptismus
2613 1219 2770 1273 quem
2811 1205 3027 1262 daturus
3071 1217 3186 1264 erat
3227 1210 3499 1280 Dominus,
3545 1223 3599 1269 et
3639 1215 3730 1272 ille

2153 1296 2397 1357 tanquam
2427 1293 2571 1346 servi
2611 1294 3016 1366 intelligeretur,
3056 1300 3142 1355 ille
3179 1308 3427 1370 tanquam
3473 1302 3724 1372 Domini,

2149 1375 2450 1447 baptizatus
2493 1390 2576 1435 est
2623 1383 2876 1439 Dominus
2907 1425 2922 1452 ,
2990 1397 3048 1441 ut
3103 1390 3364 1458 przebcret
3416 1391 3728 1453 humilitatis

2149 1470 2456 1540 exemplum
2488 1489 2502 1526 :
2531 1488 2634 1526 non
2667 1475 2811 1531 solus
2837 1487 3010 1532 autem
3037 1479 3330 1549 baptizatus
3355 1491 3436 1537 est
3460 1483 3526 1538 ab
3550 1498 3633 1550 eo,
3659 1499 3730 1541 ne

2147 1558 2442 1632 baptismus
2461 1562 2678 1619 Joannis
2705 1569 2892 1621 melior
2919 1569 3180 1638 baptismo
3203 1572 3407 1626 Domini
3430 1573 3722 1631 videretur.

2149 1650 2230 1705 Ad
2276 1650 2376 1707 hoc
2403 1663 2579 1729 autem
2608 1656 2746 1714 viam
2787 1659 3008 1727 praebuit
3053 1662 3305 1726 Dominus
3346 1673 3528 1731 noster
3569 1665 3726 1723 Jesus

2147 1742 2409 1818 Christus,
2437 1748 2572 1802 sicut
2590 1750 2832 1818 audistis,
2858 1751 3064 1820 fratres,
3090 1771 3155 1815 ne
3175 1756 3293 1824 quis
3313 1771 3565 1827 arrogans
3586 1760 3727 1828 quod

2149 1833 2343 1898 habeat
2369 1837 2746 1903 abundantiam
2775 1843 2998 1913 alicujus
3022 1846 3227 1915 gratiae,
3273 1847 3588 1919 dedignetur
3631 1848 3750 1904 ba-‘

2149 1925 2332 1993 ptizari
2370 1927 2632 1997 baptismo
2660 1931 2889 1986 Domini.
2922 1933 3414 2006 Quantumcumque
3451 1938 3591 1992 enim
3636 1953 3729 1996 ca.

2150 2014 2499 2074 tecltumenus
2526 2020 2784 2089 proﬁciat,
2814 2022 2988 2080 adhuc
3016 2025 3276 2085 sarcinam
3305 2027 3596 2097 iniquitatis
3614 2044 3728 2084 suae

2148 2115 2321 2175 portat
2355 2124 2367 2159 :
2401 2124 2505 2164 non
2536 2111 2611 2176 illi
2648 2111 2952 2181 dimittitur,
2989 2115 3089 2178 nisi
3129 2131 3247 2170 cum
3291 2119 3498 2172 venerit
3524 2119 3590 2174 ad
3621 2119 3727 2173 Ba-

2148 2197 2422 2266 ptismum.
2453 2199 2729 2267 Quomodo
2769 2219 2873 2258 non
2899 2205 3068 2260 caruit
3094 2207 3318 2275 populus
3345 2208 3501 2264 lsrael
3529 2210 3726 2279 populo

2148 2286 2518 2356 Egyptiorum
2548 2331 2565 2358 ,
2603 2292 2708 2346 nisi
2744 2307 2864 2347 cum
2918 2296 3153 2358 venisset
3200 2296 3270 2351 ad
3311 2312 3459 2358 mare
3504 2301 3726 2364 rubrum

2151 2376 2344 2450 (Exod.
2389 2382 2537 2451 xrv);
2589 2382 2666 2437 sic
2716 2399 2961 2453 pressura
3007 2395 3344 2457 peccatorum
3373 2403 3530 2445 nemo
3557 2399 3722 2460 caret,

2146 2472 2247 2527 nisi
2273 2487 2393 2527 cum
2420 2474 2485 2529 ad
2516 2473 2713 2532 fontem
2743 2478 2996 2547 Baptismi
3017 2480 3239 2534 venerit.
3718 2463 3724 2468 ’

2217 2563 2271 2619 8.
2300 2563 2465 2620 Facta
2491 2576 2561 2620 est
2589 2584 2708 2638 ergo
2743 2571 2951 2639 quwstio
2979 2587 3044 2624 ea:
3079 2571 3342 2641 discipulis
3367 2570 3584 2628 Joannis
3608 2589 3728 2634 cum

2145 2653 2341 2717 Judwis
2368 2657 2430 2709 de
2454 2658 2821 2727 puriﬁcatione.
2856 2660 3160 2729 Baptizabat
3194 2661 3446 2727 Joannes,
3487 2663 3727 2734 baptiza-

2146 2745 2237 2804 bat
2261 2746 2504 2802 Christus
2537 2766 2549 2800 :
2581 2749 2707 2824 moti
2736 2757 2860 2804 sunt
2896 2751 3138 2820 discipuli
3157 2751 3406 2816 Joannis;
3440 2744 3728 2812 concurre-

2144 2835 2300 2892 batur
2322 2839 2389 2893 ad
2428 2839 2718 2916 Christum,
2767 2843 3075 2902 vcniebatur
3122 2844 3188 2898 ad
3230 2845 3488 2901 Joannem
3535 2848 3575 2900 ⁸.
3622 2847 3726 2915 Qui

2145 2929 2289 2991 enim
2317 2930 2598 2987 veniebant
2624 2933 2688 2987 ad
2715 2933 2996 3001 Joannem,
3024 2937 3266 3002 mittebat
3297 2937 3418 2996 illos
3447 2938 3514 2993 ad
3538 2939 3723 2996 Jesum

2143 3023 2430 3094 baptizari;
2459 3042 2564 3080 non
2585 3027 2932 3088 mittebantur
2948 3029 3013 3084 ad
3033 3029 3312 3094 Joannem,
3343 3031 3431 3102 qui
3456 3047 3486 3086 a
3511 3032 3724 3088 Christo

2143 3115 2564 3186 baptizabantur.
2594 3119 2811 3182 Turbati
2837 3131 2959 3174 sunt
2983 3121 3226 3192 discipuli
3251 3112 3494 3189 Joannis,
3525 3133 3580 3179 et
3605 3139 3722 3181 cat-

2141 3215 2335 3282 perunt
2358 3209 2704 3277 quaestionem
2753 3219 2980 3266 tractare
3024 3226 3142 3266 cum
3191 3211 3411 3278 Judaeis,
3453 3215 3722 3284 quomodo

2141 3298 2278 3364 solet
2308 3299 2453 3376 ﬁeri.
2509 3299 2773 3369 Intelligas
2817 3299 3020 3356 dixisse
3056 3301 3268 3358 Judaeos
3307 3303 3562 3373 majorem
3601 3321 3724 3363 esse

2141 3387 2508 3458 Christum,et
2536 3389 2605 3444 ad
2629 3390 2748 3459 ejus~
2769 3391 3088 3459 baptismum
3117 3393 3313 3450 debere
3337 3396 3602 3451 concurri.
3638 3395 3721 3452 llli

2141 3479 2375 3534 nondum
2405 3479 2782 3557 intelligen'tes,
2813 3481 3166 3539 defendebant
3195 3483 3513 3556 baptismum
3551 3486 3718 3542 Joan-

2140 3571 2244 3625 nis.
2287 3571 2515 3627 Ventum
2561 3581 2644 3629 est
2695 3572 2761 3626 ad
2814 3573 2986 3643 ipsum
3037 3574 3336 3643 Joannem,
3384 3577 3722 3634 utselveret

2138 3661 2508 3732 quarstionem.
2537 3661 2796 3734 lntelligat
2827 3663 3073 3724 Charitas
3102 3675 3298 3723 vestra.
3323 3669 3388 3726 Et
3412 3668 3498 3724 hic
3521 3669 3721 3726 utilitas

2139 3752 2253 3823 ipsa
2299 3752 2610 3809 humilitatis
2655 3755 2973 3825 agnoscitur,
3023 3757 3410 3821 et-ostenditur
3450 3770 3626 3815 utrum
3666 3761 3720 3816 in

2139 3845 2253 3916 ipsa
2295 3847 2588 3917 quaestione
2625 3861 2744 3902 cum
2772 3858 3011 3903 errarent
3045 3849 3308 3918 homines,
3336 3852 3550 3922 gloriari
3579 3852 3720 3923 apud

2138 3951 2198 3992 se
2227 3937 2452 3992 voluerit
2477 3936 2728 3991 Joannes.
2761 3939 3009 3993 Fortasse
3037 3940 3178 3993 enim
3207 3937 3340 3995 dixit
3369 3958 3381 3994 :
3419 3941 3611 3996 Verum
3641 3942 3722 3997 di-

2138 4029 2279 4096 citis,
2322 4037 2465 4084 recte
2501 4029 2839 4096 contenditis,
2889 4029 3182 4099 baptismus
3223 4047 3372 4088 meus
3401 4040 3483 4088 est
3511 4033 3717 4088 melior.

2138 4119 2272 4176 Nam
2301 4128 2359 4175 ut
2389 4120 2641 4174 noveritis
2686 4121 2825 4190 quod
2871 4121 3161 4190 baptismus
3203 4138 3354 4177 meus
3381 4132 3463 4181 est
3492 4123 3680 4178 melior
3700 4163 3718 4190 ,

2140 4208 2313 4280 ipsum
2356 4209 2625 4274 Christum
2673 4225 2771 4282 ego
2819 4211 3100 4281 baptizavi.
3145 4213 3358 4268 Poterat
3395 4216 3495 4269 hoc
3540 4213 3722 4270 dicere

2139 4302 2412 4369 Joannes,
2450 4302 2713 4372 baptizato
2741 4301 2975 4366 Christo.
3033 4303 3320 4372 Quantum,
3364 4319 3424 4360 se
3467 4306 3513 4359 si
3560 4305 3722 4361 vellet

2141 4393 2450 4462 extendere,
2477 4393 2706 4462 habebat
2761 4394 2848 4454 ubi
2895 4409 2954 4450 se
2999 4395 3343 4451 extenderet?
3377 4395 3480 4452 Sed
3527 4396 3721 4453 melius

2142 4497 2367 4543 noverat
2409 4487 2548 4557 apud
2590 4503 2748 4558 quem
2796 4502 2854 4542 se
2895 4487 3201 4546 humiliaret
3248 4505 3262 4544 :
3309 4504 3467 4558 quem
3507 4503 3567 4544 se
3617 4503 3721 4545 no-

2141 4587 2292 4634 verat
2331 4579 2595 4634 nascendo
2631 4579 2967 4646 antecedere,
2997 4580 3072 4634 illi
3101 4580 3268 4635 voluit
3291 4579 3596 4636 conﬁtendo
3632 4595 3723 4636 ce-

2141 4669 2302 4735 dere;
2333 4669 2557 4741 salutem
2585 4685 2730 4730 suam
2759 4671 3082 4741 intelligebat
3123 4672 3174 4726 in
3200 4671 3414 4726 Christo
3439 4685 3579 4726 esse.
3603 4670 3722 4727 Iam

2142 4761 2350 4818 dixerat
2385 4761 2659 4830 superius,
2708 4759 2819 4821 Nos
2853 4779 3020 4823 attines
3062 4765 3125 4816 de
3159 4760 3472 4832 plenitudine
3498 4762 3607 4832 ejus
3632 4777 3723 4814 ac-

2142 4853 2365 4923 cepimus
2395 4852 2580 4923 (Joan.
2632 4868 2668 4917 ι,
2719 4853 2828 4922 16)
2868 4869 2880 4905 :
2923 4861 2976 4908 et
3013 4853 3113 4909 hoc
3155 4852 3393 4907 conﬁteri
3424 4853 3591 4907 Deum
3619 4859 3722 4907 est.

2144 4943 2422 5015 Quomodo
2447 4943 2588 4998 enim
2616 4959 2802 4998 onmes
2847 4942 3089 5002 homines
3133 4945 3198 4998 de
3243 4943 3571 5011 plenitudine
3607 4942 3726 5012 ejus

2144 5033 2428 5102 accipiunt,
2453 5033 2554 5088 nisi
2586 5033 2671 5087 ille
2701 5033 2768 5087 sit
2797 5034 2935 5088 Deus
2955 5035 2976 5088 ?
3000 5033 3132 5090 Nam
3172 5034 3216 5088 si
3247 5035 3324 5090 sic
3357 5035 3448 5088 ille
3480 5033 3641 5088 homo
3667 5041 3726 5088 ut

2146 5141 2252 5179 non
2280 5125 2441 5190 Deus,
2459 5124 2527 5179 de
2548 5123 2871 5194 plenitudine
2894 5124 2984 5178 Dei
3012 5125 3201 5194 accipit
3226 5125 3384 5196 etiam
3412 5125 3543 5194 ipse,
3571 5133 3624 5178 et
3649 5125 3728 5179 sic

2145 5233 2251 5272 non
2297 5217 2435 5285 Deus
2469 5226 2567 5270 est.
2599 5216 2655 5271 Si
2683 5226 2856 5271 autem
2887 5231 3072 5271 omnes
3102 5216 3344 5278 homines
3387 5215 3455 5271 de
3495 5215 3728 5284 plenitu-

2145 5310 2269 5365 dine
2296 5310 2412 5379 ejus
2439 5309 2725 5378 accipiunt,
2770 5310 2856 5364 ille
2883 5318 2966 5365 est
3008 5307 3148 5373 fons,
3197 5309 3274 5362 illi
3320 5309 3581 5363 bibentes.
3627 5307 3731 5374 Qui

2146 5400 2332 5456 bibunt
2358 5399 2576 5461 fontem,
2605 5409 2659 5455 et
2697 5400 2842 5456 sitire
2869 5408 3093 5470 possunt
3119 5408 3173 5454 et
3203 5399 3413 5465 bibere;
3447 5397 3564 5452 fons
3590 5414 3729 5452 nun-

2147 5511 2304 5566 quam
2324 5497 2453 5561 sitit,
2470 5495 2588 5558 l'ons
2601 5509 2658 5548 se
2671 5495 2784 5562 ipso
2802 5508 2906 5557 non
2927 5500 3065 5561 eget.
3086 5493 3253 5547 Fonte
3269 5499 3425 5562 egent
3450 5489 3694 5544 homines
3713 5503 3730 5554 ;

2148 5588 2311 5652 aridis
2325 5587 2635 5651 visceribus,
2672 5585 2832 5640 aridis
2856 5583 3092 5639 faucibus
3112 5594 3330 5640 currunt
3356 5582 3423 5638 ad
3442 5580 3641 5637 fontem
3672 5590 3730 5636 ut

2146 5682 2450 5740 reficiantur
2478 5698 2493 5734 :
2523 5679 2639 5734 fons
2682 5676 2796 5732 ﬂuit
2821 5685 2875 5731 ut
2901 5675 3151 5741 reﬁciat;
3177 5675 3248 5731 ita
3275 5673 3526 5731 Dominus
3554 5671 3712 5728 Jcsus

2214 5799 2231 5830 ι
2257 5802 2355 5845 Duo
2373 5800 2502 5854 Mss,
2528 5789 2798 5843 renitebatur
2824 5803 2854 5840 a
2875 5796 3071 5858 Joanne.
3235 5829 3258 5858 .,
