4118 6472
259 369 398 429 "97

329 481 382 537 9.
412 474 700 531 Videamus
731 483 860 541 ergo
897 466 1020 538 quid
1050 464 1385 536 responderit
1418 464 1652 518 Joannes
1683 479 1697 516 :
1732 461 1834 516 Ve-

257 579 441 626 nerunt
469 567 538 620 ad
570 563 855 628 Joannem,
896 568 942 615 et
984 557 1217 622 dixerunt
1251 557 1298 610 ei
1325 569 1342 608 :
1370 551 1529 608 Rabbi
1549 594 1562 620 ,
1607 553 1692 623 qui
1730 560 1838 606 erat

257 673 423 719 tecum
455 670 594 715 trans
618 655 897 712 Iordanem
916 695 930 718 ,
950 653 1035 706 oui
1057 660 1111 704 tu
1138 648 1470 704 testimonium
1505 646 1798 717 perhibuisti
1815 685 1836 712 ,

256 772 370 810 ecce
397 753 477 806 hic
500 750 743 818 baptisat,
773 755 819 800 et
842 761 1012 799 omnes
1047 743 1249 797 veniunt
1277 741 1349 794 ad
1373 739 1523 794 illum
1549 754 1567 793 :
1589 738 1691 793 hoc
1715 745 1797 792 est
1819 776 1834 804 ,

255 844 395 914 Quid
419 841 594 898 dicis?-
621 855 727 893 non
755 847 896 892 sunt
924 833 1256 904 prohibendi,
1289 840 1348 885 ut
1372 831 1438 884 ad
1468 838 1518 884 te
1546 829 1722 899 potius
1742 843 1837 882 ve-

257 937 448 994 niant?
475 929 856 1001 Raspoudit,et
877 927 1004 981 dixit
1035 942 1054 979 :
1074 924 1196 979 Non
1218 931 1376 995 potest
1395 923 1543 976 homo
1568 921 1839 990 quidquam

257 1029 507 1102 occipere,
551 1024 649 1078 nisi
687 1021 734 1075 ei
771 1021 946 1074 datum
975 1016 1126 1085 fuerit
1155 1014 1216 1068 de
1246 1014 1389 1067 omlo.
1417 1013 1493 1067 De
1516 1025 1621 1081 quo
1645 1008 1839 1080 putatis

260 1122 359 1178 hoc
401 1118 603 1174 dixisse
642 1112 938 1172 Joannem?
984 1111 1057 1164 De
1086 1107 1264 1178 seipso
1295 1124 1308 1159 :
1337 1105 1496 1172 Quasi
1540 1103 1699 1156 homo
1745 1115 1838 1154 ae-

256 1209 397 1282 cepi,
416 1209 511 1273 ait,
536 1207 604 1262 de
626 1205 782 1260 caelo.
805 1199 1044 1257 Intendat
1063 1198 1304 1253 Charitas
1323 1205 1518 1251 vestra.
1540 1192 1660 1246 Non
1683 1199 1842 1262 potest

257 1280 411 1356 hoino
434 1297 711 1369 quidquam
738 1293 984 1364 accipere,
1025 1289 1123 1342 nisi
1156 1287 1304 1358 fuerit
1326 1285 1371 1338 ei
1398 1286 1570 1336 datum
1599 1283 1660 1334 de
1693 1280 1837 1334 caelo.

262 1391 373 1462 Ipsi
393 1407 481 1444 nos
507 1389 632 1442 mihi
658 1385 994 1441 testimonium
1019 1378 1288 1451 perhibetis
1314 1375 1446 1446 quod
1477 1374 1710 1432 dixerim,
1735 1371 1840 1456 Ego

258 1454 359 1538 non
386 1497 500 1536 sum
523 1479 772 1535 Christus.
801 1476 1072 1542 Tanquam
1099 1471 1302 1532 dicens,
1333 1467 1457 1538 quid
1502 1481 1597 1522 vos
1624 1454 1841 1518 fallitis?

257 1589 355 1632 vos
401 1573 502 1642 ipsi
549 1569 678 1624 mihi
719 1565 985 1637 quomodo
1025 1561 1376 1633 proposuistis
1412 1559 1564 1614 istam
1597 1557 1845 1627 quaestio-

261 1666 425 1721 nem?
451 1661 588 1730 Quid
632 1659 759 1714 mihi
789 1656 1031 1712 dixistis?
1059 1653 1240 1717 Rabbi,
1271 1652 1353 1720 qui
1379 1660 1486 1704 erat
1512 1659 1672 1704 tecum
1705 1658 1844 1702 trans

260 1756 564 1818 Iordanem,
592 1753 754 1806 cuitu
784 1749 1120 1803 testimonium
1151 1743 1463 1814 perhibuisti.
1504 1741 1680 1795 Nostis
1717 1753 1845 1810 ergo

261 1849 421 1920 quale
444 1843 810 1900 testimonium
846 1840 918 1893 illi
949 1836 1190 1907 pcrbibui
1231 1853 1244 1889 :
1275 1833 1434 1888 modo
1468 1832 1704 1888 dicturus
1727 1846 1844 1884 sum

262 1919 369 1995 non
395 1951 518 1992 esse
541 1935 688 1989 illum
715 1946 872 2002 quem
914 1929 1019 1982 dixi
1059 1926 1216 1982 esse?
1255 1925 1394 1993 Ergo
1436 1923 1557 1992 quia
1599 1922 1616 1953 ⁸
1647 1919 1845 1989 aliquid

261 2029 444 2098 sccepi
470 2027 541 2082 de
569 2025 706 2080 cmlo
745 2030 806 2076 ut
843 2018 1040 2089 aliquid
1069 2031 1265 2082 essem,
1309 2016 1517 2068 inanem
1562 2027 1648 2067 me
1687 2011 1846 2066 vultis

262 2136 422 2183 esse,
462 2126 524 2172 ut
558 2117 745 2184 loquar
783 2121 966 2166 contra
1009 2106 1322 2162 veritatem?
1349 2103 1469 2157 Non
1498 2110 1656 2173 potest
1697 2102 1847 2154 homo

261 2212 494 2276 accipere
517 2207 792 2278 quidquam
817 2244 831 2264 ,
861 2201 958 2255 nisi
986 2199 1135 2268 fuerit
1162 2198 1237 2250 illi
1265 2195 1439 2248 datum
1471 2193 1534 2246 de
1561 2192 1704 2246 cazlo.
1735 2189 1848 2259 Ipsi

262 2318 348 2356 eos
374 2299 504 2354 mihi
531 2294 867 2351 testimonium
898 2288 1161 2361 perhibetis
1188 2285 1322 2356 quod
1351 2283 1586 2348 dixerim,
1620 2281 1729 2351 Ego
1747 2297 1849 2334 non

262 2408 375 2446 sum
403 2389 655 2446 Christus.
685 2384 798 2438 Non
840 2397 898 2436 es
937 2389 991 2434 tu
1014 2377 1256 2434 Christus
1282 2393 1294 2428 :
1319 2373 1412 2428 scd
1442 2372 1589 2442 quid,
1611 2371 1656 2426 si
1681 2371 1851 2439 major

266 2484 379 2549 illo,
408 2480 534 2551 quia
559 2488 613 2531 tu
635 2477 780 2530 illum
810 2469 1124 2542 baptizasti?
1157 2467 1344 2522 Missus
1373 2481 1484 2519 sum
1512 2479 1530 2517 :
1555 2478 1656 2534 ego
1676 2475 1851 2532 primo

263 2553 407 2635 sum,
434 2571 524 2624 ille
550 2567 706 2637 iudex
733 2572 835 2620 est.

336 2664 427 2718 i0.
457 2662 526 2715 Et
553 2658 673 2714 audi
703 2652 1060 2710 testimonium
1083 2649 1251 2704 multo
1274 2645 1662 2712 vehementius,
1686 2643 1854 2698 multo

264 2753 595 2826 expressius.
625 2749 814 2803 Videte
846 2745 966 2816 quid
993 2743 1269 2797 nobiscum
1296 2740 1500 2810 agitur;
1528 2737 1703 2792 videte
1727 2734 1854 2804 quid

265 2861 450 2903 amare
507 2843 842 2906 debeamus;
891 2837 1066 2890 videte
1116 2834 1237 2903 quia
1303 2833 1534 2900 aliquem
1585 2827 1855 2883 hominem

266 2953 450 3005 amare
477 2947 577 3004 pro
605 2932 822 2987 Christo
842 2969 857 2994 ,
886 2926 1200 2980 adulterium
1227 2930 1327 2977 est.
1357 2922 1530 2989 Quare
1559 2920 1661 2974 hoc
1687 2917 1851 2972 dico?

267 3023 626 3083 Attendamus
669 3034 855 3076 vocem
903 3015 1161 3072 Joannis:
1193 3019 1401 3082 poterat
1445 3011 1498 3064 iu
1529 3009 1618 3063 illo
1640 3008 1811 3063 errari
1836 3048 1852 3074 ,

268 3125 481 3189 poterat
507 3115 620 3183 ipse
651 3109 824 3183 putari
848 3107 936 3176 qui
960 3120 1066 3160 non
1095 3111 1241 3172 erat;
1269 3100 1470 3169 respuit
1501 3114 1532 3153 a
1566 3112 1625 3152 se
1663 3094 1854 3150 falsum

270 3186 556 3274 honorem,
605 3213 667 3261 ut
705 3210 883 3260 teneat
923 3198 1143 3255 solidam
1183 3194 1480 3250 veritatem.
1507 3190 1696 3246 Videte
1729 3186 1857 3258 quid

272 3303 415 3358 dicat
438 3299 732 3358 Christum,
764 3293 890 3364 quid
920 3306 978 3346 se
1011 3308 1024 3344 :
1055 3287 1153 3354 Qui
1174 3285 1317 3338 habet
1349 3297 1606 3352 sponsam,
1637 3293 1852 3349 sponsus

275 3400 365 3447 est.
395 3388 545 3445 Casu
571 3393 766 3448 estote,
801 3395 1052 3451 sponsum
1082 3385 1274 3430 amate.
1305 3372 1441 3440 Quid
1469 3380 1648 3432 autem
1674 3378 1730 3422 tu
1767 3381 1852 3432 es,

273 3481 360 3553 qui
379 3479 540 3535 nobis
558 3476 712 3539 dicis,
733 3472 834 3538 Qui
858 3471 1002 3525 habet
1021 3483 1286 3539 sponsam,
1318 3478 1532 3533 sponsus
1575 3461 1681 3514 est?
1709 3458 1858 3512 Ami-

274 3548 363 3626 cus
389 3578 563 3624 autem
592 3564 784 3635 sponsi,
815 3562 904 3629 qui.
919 3570 1016 3614 stat
1037 3568 1084 3613 et
1111 3557 1252 3610 audit
1281 3571 1392 3613 eum
1412 3595 1425 3616 ,
1457 3549 1642 3623 gaudio
1669 3548 1856 3620 gaudet

276 3673 483 3735 propter
509 3675 678 3714 vocem
698 3654 889 3726 sponsi.
919 3651 1102 3707 Aderit
1124 3648 1375 3707 Dominus
1399 3647 1536 3699 Deus
1561 3651 1743 3697 noster
1761 3656 1860 3711 pro

276 3731 420 3810 motu
459 3749 640 3808 cordis
682 3746 807 3811 mei,
835 3743 1002 3798 multo
1028 3741 1168 3796 enim
1193 3737 1390 3809 getnitu
1417 3735 1626 3804 plenum
1649 3741 1752 3798 est,
1781 3731 1862 3786 die

261 3860 398 3900 cere
448 3839 595 3912 quod
637 3838 793 3892 doleo
822 3854 836 3889 :
865 3833 958 3888 sed
999 3832 1221 3886 obsecro
1248 3841 1342 3880 vos
1369 3840 1462 3894 per
1497 3824 1668 3892 ipsum
1707 3820 1863 3876 Chri-

277 3945 438 3997 stum,
457 3942 516 3986 ut
531 3929 674 4001 quod
699 3929 876 3982 dicere
903 3939 1008 3978 non
1040 3929 1281 3992 potuero,
1311 3932 1405 3972 vos
1432 3915 1710 3986 cogitetis;
1739 3913 1861 3969 novi

275 4027 417 4082 enim
447 4023 689 4078 dolorem
719 4032 899 4072 meum
928 4012 1154 4083 exprimi
1181 4009 1310 4066 satis
1337 4009 1494 4078 digne
1535 4021 1640 4060 non
1681 4018 1858 4076 posse.

277 4115 476 4170 Multos
503 4111 648 4166 enim
674 4107 944 4162 adulteros
968 4101 1142 4168 video,
1173 4100 1260 4170 qui
1289 4111 1537 4169 sponsam
1568 4104 1713 4149 tanto
1742 4107 1863 4164 prc-

279 4207 353 4262 tio
379 4211 618 4272 emptam
641 4240 658 4265 ,
708 4206 940 4251 amatam
973 4193 1167 4249 fmdam
1196 4201 1254 4246 ut
1282 4189 1501 4260 pulchra
1534 4187 1684 4240 ﬁeret
1709 4227 1723 4252 ,
1772 4185 1863 4240 illo

277 4303 542 4364 emptore,
561 4291 650 4346 illo
674 4289 974 4351 liberatore,
991 4285 1079 4338 illo
1107 4283 1437 4345 decoratore,
1461 4277 1732 4348 possidere
1760 4291 1860 4330 vo-

279 4386 426 4448 lunt;
454 4392 511 4438 et
539 4381 605 4436 id.
622 4387 782 4450 agunt
805 4377 982 4434 verbis
1009 4373 1140 4438 suis,
1161 4380 1219 4426 ut
1253 4386 1346 4441 pro
1373 4383 1568 4438 sponso
1596 4375 1860 4421 amentur.

282 4478 357 4532 De
386 4477 484 4530 illo
507 4475 706 4531 dictum
735 4469 944 4536 est,Hie
972 4477 1042 4524 est
1066 4468 1149 4536 qui
1185 4465 1412 4535 baptizat.
1443 4461 1620 4534 (Joan.
1661 4476 1700 4527 l,
1748 4457 1862 4530 55).

275 4569 407 4636 Quis
434 4567 543 4622 huc
565 4567 675 4622 exit
701 4575 756 4620 et
781 4563 946 4629 dicit,
986 4561 1098 4630 Ego
1125 4556 1367 4627 baptizo?
1395 4556 1512 4625 quis
1542 4554 1643 4608 huc
1669 4552 1778 4608 exit
1806 4559 1861 4606 et

275 4661 442 4726 dicit,
475 4660 590 4730 Ego
616 4657 756 4728 quod
787 4656 1003 4719 dedero,
1036 4653 1138 4706 hoc
1161 4660 1244 4706 est
1281 4648 1562 4705 sanctum?
1603 4645 1718 4722 quis
1761 4643 1864 4698 huc

277 4753 522 4825 procedit
545 4751 634 4821 qui
665 4749 813 4815 dicit,
846 4749 1044 4802 Bonum
1072 4753 1151 4800 est
1183 4743 1274 4798 tibi
1299 4751 1359 4797 ιιι
1383 4742 1615 4795 nascaris
1643 4755 1707 4793 ex
1737 4738 1863 4793 me?

277 4847 524 4902 Amicum
555 4843 735 4914 sponsi
765 4840 1059 4901 audiamus,
1090 4854 1193 4892 non
1223 4836 1492 4891 adulteros
1520 4834 1699 4904 sponsi
1733 4851 1746 4889 :
1771 4848 1865 4886 au—

277 4937 490 4992 diamus
517 4936 798 4997 zelantem,
827 4931 921 4986 sed
950 4946 1052 4985 non
1079 4927 1200 4982 sibi.

347 5025 440 5082 ιι.
475 5026 718 5087 Fratres,
751 5020 1089 5092 regredimini
1116 5017 1279 5072 corde
1304 5015 1368 5070 ad
1397 5024 1601 5070 vestras
1627 5013 1814 5068 domos
1843 5055 1860 5080 ,

278 5118 512 5174 carnalia
539 5117 746 5185 loquor,
767 5122 977 5168 terrena
1006 5112 1227 5180 loquor;
1258 5108 1544 5162 humanum
1571 5107 1709 5168 dico,
1741 5121 1865 5174 pro-

278 5218 396 5278 pter
438 5206 799 5261 inlirmitatem
834 5203 1011 5257 carnis
1047 5209 1236 5255 vestra:
1264 5199 1438 5264 (Rom.
1461 5213 1536 5259 vt,
1571 5195 1680 5268 l9).
1716 5195 1862 5250 Multi

280 5297 490 5353 habetis
512 5295 789 5365 coniuges,
821 5293 969 5346 multi
1000 5291 1196 5346 habere
1223 5289 1408 5354 vultis,
1441 5287 1586 5341 multi
1622 5288 1721 5347 etsi
1758 5302 1862 5340 non

281 5388 474 5454 vultis,
500 5386 795 5450 habuistis;
823 5383 970 5438 multi
1001 5381 1094 5452 qui
1121 5380 1339 5435 omnino
1375 5379 1626 5447 coniuges
1667 5376 1864 5434 habere

282 5494 388 5534 non
437 5477 618 5539 vultis.
673 5475 742 5532 de
787 5472 1097 5544 conjugibus
1145 5480 1353 5541 patrum
1408 5479 1703 5523 vestrorum
1758 5467 1865 5521 nati

283 5573 414 5627 estis
446 5589 462 5627 :
492 5570 698 5626 nullum
727 5583 822 5624 cor
846 5576 930 5622 est
957 5564 1097 5636 quod
1125 5578 1230 5618 non
1269 5561 1368 5619 iste
1398 5569 1576 5631 tangat
1603 5557 1823 5614 affectus
1847 5573 1862 5624 ;

284 5663 464 5718 nullus
491 5661 548 5716 in
576 5659 737 5716 rebus
765 5656 1011 5713 humanis
1032 5665 1138 5728 tam
1162 5654 1314 5714 avius
1342 5668 1370 5709 ει
1398 5667 1592 5726 genere
1636 5651 1867 5706 humano

352 5776 368 5809 ⁸
393 5782 441 5826 tn
466 5773 688 5839 pluribus
708 5779 837 5832 Mss,
860 5782 945 5836 ego
967 5768 1064 5833 qui.

1383 349 1792 410 TRACTATUS
1828 347 1965 406 XIII.
2007 349 2229 408 CAPUT
2267 353 2354 409 III.

3379 361 3516 420 “98

1940 472 2041 527 est,
2072 464 2158 534 qui
2186 465 2324 534 quod
2350 465 2468 521 dico
2504 479 2612 521 non
2645 467 2856 522 sentiat.
2886 467 3074 524 Ponite
3120 468 3348 540 aliquem
3393 485 3519 540 per-

1941 568 2068 623 egre
2119 555 2408 623 profectum
2436 597 2450 621 ,
2479 556 2880 612 commendasse
2908 557 3078 614 amico
3117 573 3215 613 suo
3267 573 3516 628 sponsam

1941 659 2090 700 suam
2124 663 2137 698 :
2167 646 2320 713 Vide,
2349 662 2528 717 quaeso
2557 658 2626 714 te,
2655 649 2845 702 charos
2872 663 3023 703 meus
3051 663 3130 712 es.
3169 664 3235 704 ne
3263 649 3396 704 forte
3430 665 3516 704 me

1941 737 2160 792 absente
2189 752 2286 803 pro
2310 754 2394 793 me
2421 739 2610 809 aliquis
2640 748 2865 794 ametur.
2891 739 3072 805 Qualis
3097 755 3224 809 ergo
3263 740 3349 794 ille
3373 781 3388 804 ,
3428 740 3518 809 qui

1941 829 2246 888 custodiens
2270 845 2517 906 sponsam
2541 831 2619 884 vel
2638 846 2852 885 uxorem
2880 830 3033 884 amici
3063 831 3166 896 sui,
3192 829 3280 883 dat
3301 829 3516 899 quidem

1942 935 2156 989 operam
2175 931 2228 973 ut
2242 919 2561 976 nullusalius
2581 931 2804 987 ametur,
2819 920 2910 974 sed
2928 921 2970 975 si
2985 934 3044 976 se
3059 920 3222 974 amari
3239 935 3334 992 pro
3347 920 3520 974 amico

1941 1011 2201 1078 voluerit,
2233 1019 2287 1066 et
2316 1011 2390 1064 uti
2418 1012 2646 1075 voluerit
2670 1012 3038 1072 commendata
3066 1011 3199 1075 sibi,
3233 1025 3390 1080 quam
3418 1008 3518 1064 de-

1942 1104 2216 1163 testandus
2259 1104 2506 1160 universo
2553 1103 2784 1158 humano
2829 1104 3006 1174 generi
3037 1104 3290 1174 apparet?
3331 1101 3522 1158 Videat

1943 1196 2088 1250 illam
2119 1196 2388 1264 aliquanto
2427 1195 2746 1264 petulantius
2784 1210 2880 1265 per
2914 1195 3194 1252 fenestram
3243 1194 3522 1249 attendere

1945 1298 2033 1342 aut
2055 1288 2222 1358 jocari
2253 1303 2372 1343 cum
2397 1288 2595 1358 aliquo,
2619 1289 2864 1358 prohibet
2885 1296 3128 1360 tanquam
3159 1288 3298 1350 zelet
3327 1306 3340 1342 :
3364 1287 3520 1342 video

1944 1379 2201 1434 zelantem
2222 1420 2237 1444 ,
2267 1379 2360 1434 sed
2388 1379 2592 1434 videam
2619 1380 2732 1443 cui;
2773 1389 2946 1433 utrum
2976 1381 3146 1434 amico
3173 1380 3417 1447 absenti,
3449 1396 3520 1435 an

1945 1472 2044 1526 sibi
2070 1473 2338 1541 prmsenti.
2373 1473 2559 1528 Putate
2600 1472 2702 1527 hoc
2748 1473 3026 1526 Dominum
3074 1481 3312 1527 nostrum
3338 1472 3520 1528 Jesum

1947 1561 2213 1624 Christum
2255 1563 2462 1617 fecisse.
2495 1563 2897 1618 Commendavit
2924 1563 3092 1616 amico
3135 1577 3232 1617 suo
3269 1577 3521 1633 sponsam

1947 1668 2096 1710 suam
2122 1693 2136 1716 ,
2178 1668 2397 1722 peregre
2443 1653 2707 1723 profectus
2732 1661 2816 1708 est
2841 1654 3082 1722 accipere
3119 1667 3360 1722 regnum,
3390 1653 3527 1708 sicut

1947 1744 2075 1798 dicit
2100 1745 2214 1817 ipse
2243 1745 2295 1798 in
2326 1745 2615 1815 Evangelio
2645 1745 2796 1816 (Luc.
2829 1761 2948 1812 xix,
2973 1743 3085 1817 ιε),
3117 1753 3171 1800 et
3191 1753 3366 1798 tamen
3387 1759 3525 1811 pra:-

1948 1850 2071 1891 sens
2099 1843 2180 1889 est
2208 1836 2498 1904 majestate.
2539 1836 2775 1899 Fallatur
2816 1837 3018 1896 amicus
3050 1836 3140 1905 qui
3187 1842 3334 1889 trans
3383 1832 3529 1888 mare

1950 1926 2215 1995 profectus
2241 1935 2349 1992 est;
2381 1936 2435 1981 et
2476 1927 2518 1982 si
2564 1926 2796 1994 fallitur,
2827 1943 2907 1981 va:
2948 1926 3026 1989 illi
3069 1926 3158 1995 qui
3205 1923 3368 1978 fallit!
3401 1921 3530 1993 quid

1950 2018 2115 2079 Deum
2171 2017 2353 2072 fallere
2402 2024 2680 2083 conantur,
2729 2018 2891 2071 Deum
2949 2017 3242 2071 intuentem
3294 2015 3530 2070 omnium

1951 2108 2133 2170 corda,
2165 2117 2219 2162 et
2246 2108 2484 2162 omnium
2529 2117 2730 2162 secreta
2762 2106 3081 2162 rimantem?
3121 2105 3312 2160 Existit
3339 2104 3531 2174 aliquis

1951 2197 2254 2263 hmreticus,
2286 2207 2340 2253 et
2367 2198 2492 2253 dicit
2525 2215 2538 2252 :
2571 2198 2684 2268 Ego
2711 2198 2801 2266 do,
2820 2213 2919 2268 ego
2940 2189 3234 2264 sanctiﬁéo,
3264 2195 3532 2268 egojosti—

1953 2291 2074 2360 ilco,
2098 2291 2224 2360 nolo
2248 2305 2340 2356 eas
2367 2289 2433 2345 ad
2461 2290 2604 2357 illam
2632 2299 2858 2357 sectam.
2895 2290 3038 2358 Bene
3084 2289 3298 2359 quidem
3347 2287 3485 2354 zeiat
3507 2327 3524 2353 ,

1953 2382 2046 2437 sed
2080 2381 2196 2436 vide
2222 2382 2328 2436 cui.
2359 2381 2472 2436 Non
2504 2396 2595 2436 eas
2618 2381 2683 2434 ad
2714 2380 2884 2451 idola,
2926 2381 3064 2435 bene
3098 2380 3237 2448 zelat
3268 2397 3282 2433 :
3321 2393 3426 2435 non
3464 2377 3532 2436 ad

1953 2476 2256 2546 sortilegos,
2286 2476 2425 2532 bene
2449 2474 2603 2530 zelat.
2631 2473 2916 2530 Videamus
2939 2473 3024 2528 cui
3053 2473 3187 2527 zelat
3216 2490 3230 2526 :
3261 2472 3370 2541 Ego
3394 2468 3536 2541 quod

1955 2565 2025 2622 do
2053 2575 2294 2622 sanctum
2324 2574 2424 2630 est,
2455 2567 2576 2636 quia
2606 2581 2704 2636 ego
2741 2564 2842 2628 do;
2889 2579 2987 2636 ego
3017 2580 3172 2634 quem
3199 2562 3410 2632 baptizo
3439 2561 3536 2616 ba-

1957 2659 2182 2729 ptizatus
2211 2666 2312 2723 est,
2353 2673 2508 2728 quem
2555 2673 2659 2713 non
2697 2656 2908 2727 baptizo
2947 2671 3051 2710 non
3096 2663 3178 2710 est
3216 2654 3535 2724 baptizatus.

1957 2751 2094 2806 Audi
2137 2751 2365 2805 amicum
2408 2750 2623 2819 sponsi,
2661 2748 2807 2803 disce
2843 2748 3017 2802 zelare
3055 2747 3226 2801 amico
3253 2754 3342 2800 tuo
3373 2763 3388 2800 :
3415 2743 3539 2799 audi

1957 2857 2140 2898 vocem
2168 2842 2330 2910 illius,
2363 2841 2461 2895 Hic
2483 2850 2553 2895 est
2586 2842 2670 2910 qui
2703 2839 2942 2910 baptizat.
2973 2840 3147 2907 Quare
3177 2837 3269 2892 tibi
3291 2838 3368 2892 vis
3387 2851 3539 2892 arro-

1957 2947 2084 3004 gare
2116 2933 2256 3003 quod
2290 2941 2566 2988 tuumnon
2593 2932 2713 2987 est?
2754 2931 2927 3000 Usque
2954 2931 3087 2985 adeo
3122 2929 3314 2984 absens
3341 2935 3427 2987 est
3451 2927 3539 2996 qui

1960 3023 2049 3078 hic
2095 3023 2306 3093 reliquit
2349 3037 2599 3092 sponsam
2651 3021 2840 3078 suam?
2881 3020 3067 3092 Nescis
3107 3019 3228 3090 quia
3276 3018 3366 3072 ille
3393 3017 3544 3087 quia
3569 3067 3584 3076 _

1961 3115 2187 3169 mortuis
2212 3114 2521 3177 resurrexit,
2548 3112 2614 3166 ad
2635 3112 2908 3168 dexteram
2931 3110 3104 3164 Patris
3121 3107 3305 3165 sedet?
3331 3106 3387 3167 Si
3408 3121 3541 3162 con-

1963 3213 2294 3276 tempserunt
2321 3220 2443 3260 eum
2481 3203 2649 3258 Judaei
2678 3202 2728 3256 in
2757 3203 2898 3271 ligno
2924 3200 3242 3270 pendentem
3269 3239 3284 3264 ,
3311 3205 3366 3252 tu
3410 3211 3543 3252 con-

1965 3297 2158 3352 temnis
2197 3297 2248 3355 in
2291 3296 2431 3352 cmlo
2474 3294 2788 3350 sedentem?
2831 3292 3046 3346 Noverit
3091 3288 3332 3344 Charitas
3370 3296 3546 3341 vestra

1962 3404 2211 3460 maguum
2243 3387 2481 3442 dolorem
2513 3401 2599 3441 me
2627 3385 2735 3456 pati
2776 3383 2844 3438 de
2887 3382 2987 3436 hac
3029 3397 3087 3436 re
3118 3400 3132 3436 :
3159 3379 3276 3447 sed,
3301 3386 3360 3433 ut
3394 3376 3501 3432 dixi
3527 3416 3543 3442 ,

1964 3481 2171 3537 dimitto
2198 3489 2392 3536 caetera
2421 3477 2828 3549 cogitationibus
2855 3476 3066 3530 vestris.
3097 3474 3212 3529 Non
3240 3471 3382 3529 enim
3405 3471 3545 3535 dico,

1963 3571 2009 3626 si
2038 3572 2224 3642 loquar
2253 3578 2359 3625 tota
2385 3570 2503 3636 die;
2525 3569 2571 3622 si
2599 3568 2840 3638 plangam
2869 3575 2973 3620 tota
3013 3565 3116 3629 die,
3161 3580 3266 3618 non
3288 3561 3499 3627 sufﬁcio
3529 3577 3544 3615 :

1963 3676 2071 3716 non
2097 3661 2238 3733 dico,
2260 3661 2304 3715 si
2333 3659 2574 3721 habeam,
2605 3657 2741 3733 sicut
2777 3655 2904 3713 dicit
2939 3655 3217 3725 propheta,
3241 3658 3431 3724 fontem
3466 3650 3548 3706 ια-

1964 3767 2247 3822 crymat'um
2269 3749 2477 3820 (lerant.
2503 3764 2578 3813 lx,
2609 3749 2694 3816 l);
2725 3747 2817 3802 sed
2830 3747 2873 3799 si
2891 3754 3169 3806 convertar
3189 3745 3240 3798 in
3263 3743 3545 3815 lacrymas,

1963 3851 2018 3898 et
2035 3842 2280 3914 lacrymae
2297 3841 2417 3894 liam
2438 3841 2477 3906 ί,
2497 3841 2546 3893 in
2570 3839 2794 3908 linguas,
2814 3846 2866 3892 et
2883 3837 3072 3906 lingum
3087 3836 3228 3902 (iam,
3245 3851 3426 3905 parum
3442 3844 3547 3891 est.

2037 3933 2128 3987 12.
2153 3931 2474 3996 Redeamus,
2503 3930 2774 3997 videamus
2813 3927 2938 3998 quid
2964 3927 3094 3991 dicit
3125 3926 3255 3981 iste:
3286 3926 3382 3992 Qui
3403 3925 3548 3980 habet

1965 4044 2223 4100 sponsam,
2276 4041 2492 4095 sponsus
2521 4031 2595 4076 est
2616 4039 2634 4088 ,'
2669 4037 2774 4075 non
2817 4027 2901 4076 est
2946 4035 3063 4074 mea
3089 4032 3304 4088 sponsa.
3336 4018 3402 4072 Et
3441 4033 3548 4072 non

1965 4119 2165 4191 gaudes
2219 4117 2269 4170 in
2317 4113 2554 4185 nuptiis?
2580 4114 2688 4167 lmo
2733 4111 2954 4182 gaudeo,
2989 4111 3064 4164 ait
3096 4127 3110 4163 :
3144 4109 3344 4162 Amicus
3385 4117 3550 4161 autem

1965 4213 2154 4284 sponsi,
2185 4211 2270 4282 qui
2296 4218 2393 4263 stat
2422 4218 2467 4261 et
2495 4206 2634 4259 audit
2660 4221 2796 4266 eum,
2822 4203 3006 4272 gaudio
3030 4200 3218 4272 gaudet
3245 4209 3447 4271 prapter
3471 4215 3551 4254 vo-

1966 4321 2074 4359 cem
2101 4302 2290 4373 sponsi.
2314 4300 2452 4366 Non,
2477 4297 2665 4367 inquit,
2684 4295 2890 4365 gaudeo
2917 4301 3134 4363 preplcr
3159 4307 3339 4346 vocem
3354 4305 3551 4356 meam,

1967 4394 2060 4449 sed
2084 4400 2296 4462 propter
2322 4405 2505 4445 vocem
2528 4387 2706 4458 sponsi
2732 4384 2956 4455 gaudeo.
2987 4383 3099 4449 Ego
3120 4397 3234 4436 sum
3257 4381 3310 4434 in
3335 4379 3554 4435 audien-

1967 4486 2056 4551 do,
2094 4485 2180 4539 ille
2205 4484 2257 4537 in
2285 4481 2540 4537 dicendo:
2573 4494 2672 4549 ego
2696 4493 2811 4532 sum
2840 4475 2980 4529 enim
3024 4471 3427 4536 illuminandus,
3464 4471 3554 4525 ille

1967 4578 2187 4642 lumen;
2218 4590 2316 4645 ego
2346 4589 2462 4628 smn
2495 4572 2545 4626 in
2573 4586 2722 4635 aure,
2771 4569 2862 4622 ille
2886 4565 3142 4621 Verbum.
3175 4565 3314 4635 Ergo
3353 4563 3554 4631 amicus

1967 4669 2152 4739 Sponsi
2175 4676 2279 4722 stat
2303 4674 2356 4721 et
2376 4665 2523 4718 audit
2547 4678 2688 4716 cum.
2713 4662 2887 4728 Quare
2927 4659 3067 4714 stat?
3093 4657 3224 4724 Quia
3257 4672 3362 4710 non
3393 4655 3552 4710 cadit.

1971 4759 2148 4828 Quare
2179 4773 2280 4810 non
2303 4755 2487 4809 cadit?
2517 4753 2649 4820 Quia
2680 4751 2893 4818 humilis
2918 4762 3018 4805 est.
3063 4749 3194 4805 Vide
3225 4745 3454 4802 stantem
3501 4747 3553 4799 in

1967 4851 2171 4906 solido:
2208 4847 2327 4901 Non
2376 4863 2488 4900 sum
2532 4846 2714 4916 dignus
2761 4843 3030 4914 corrigiam
3085 4840 3411 4894 calceamenti
3443 4839 3554 4910 ejus

1972 4943 2162 4997 solvere
2191 4938 2209 5012 (
2233 4938 2390 4994 Joan.
2419 4954 2458 5003 1,
2482 4937 2549 4990 27
2572 4937 2612 5007 ).
2647 4936 2788 4990 Bene
2819 4943 2870 4988 te
2915 4932 3179 4997 humilius,
3227 4931 3418 4985 merito
3446 4943 3552 4980 non

1965 5033 2130 5098 cadis,
2166 5031 2354 5084 merito
2380 5037 2508 5093 stas,
2533 5027 2724 5083 merito
2776 5023 2928 5079 audis
2953 5039 3096 5089 eum,
3129 5030 3180 5076 et
3205 5020 3394 5090 gaudio
3421 5033 3551 5087 gau-

1970 5127 2066 5182 des
2114 5132 2328 5194 propter
2361 5136 2542 5176 voccm
2591 5117 2791 5188 sponsi.
2821 5117 2909 5172 Sic
2937 5124 2991 5171 et
3038 5113 3320 5183 Apostolus
3347 5110 3548 5165 amicus

1971 5215 2182 5286 sponsi,
2213 5213 2348 5267 zelat
2393 5218 2446 5266 et
2477 5211 2615 5279 ipse,
2649 5222 2754 5260 non
2781 5207 2900 5273 sibi,
2925 5205 3018 5260 sed
3046 5218 3262 5273 sponso.
3288 5201 3421 5255 Audi
3447 5216 3548 5256 νο⁶

1971 5322 2087 5368 cem
2117 5303 2339 5372 zelantis
2369 5320 2381 5356 :
2413 5301 2534 5354 Zeto
2562 5299 2655 5352 Dei
2681 5313 2765 5352 vos
2789 5299 2917 5364 zelo,
2945 5296 3107 5359 dixit;
3141 5310 3243 5347 non
3272 5307 3411 5357 meo,
3442 5308 3548 5346 non

1973 5398 2127 5461 mihi,
2151 5393 2247 5450 sed
2271 5393 2388 5447 zelo
2417 5393 2526 5446 Dei.
2553 5390 2742 5446 Unde?
2771 5385 3073 5459 quomodo?
3101 5399 3259 5454 quam
3287 5383 3448 5450 zelas,
3471 5383 3559 5437 vel

1975 5489 2058 5544 cui
2088 5485 2271 5542 zelas?
2299 5481 2612 5554 Desponsavi
2631 5482 2761 5536 enim
2788 5495 2872 5533 vos
2909 5477 2996 5530 uni
3032 5477 3159 5542 viro,
3204 5476 3443 5548 virginem
3468 5491 3559 5527 ca-

1983 5592 2114 5636 stam
2144 5576 2374 5634 exhibere
2400 5575 2617 5631 Christo.
2643 5571 2776 5641 Quid
2806 5585 2933 5642 ergo
2964 5569 3162 5624 times?
3189 5585 3352 5641 quare
3377 5565 3558 5623 zelus?

2036 5760 2053 5791 ι
2072 5765 2176 5809 uss.
2197 5769 2346 5820 prope
2373 5767 2542 5806 omnes
2557 5753 2796 5813 omittunt,
2807 5749 2855 5802 in
2876 5748 3116 5814 tacrymas
3130 5758 3174 5802 et
3184 5748 3412 5813 tacryma‘
3421 5713 3553 5812 (tam.
