4118 6474
612 347 761 424 uos

610 465 806 530 Timeo,
840 462 1030 534 inquit,
1056 477 1116 515 ne
1142 461 1268 515 sicut
1316 473 1522 528 serpens
1551 453 1750 510 seduxit
1792 449 1952 505 Evam
1994 446 2182 501 astutia

605 574 720 622 sua,
742 556 814 611 sic
841 565 888 609 et
925 555 1075 610 vestri
1117 569 1288 607 sensus
1328 553 1720 615 corrumpantur
1743 559 1774 596 a
1799 540 2025 597 castitate
2072 552 2184 606 qua:

603 657 678 702 est
699 649 749 701 in
777 646 973 702 Christo
1001 644 1019 715 (
1042 644 1084 698 ll
1113 643 1229 697 Cor.
1281 657 1356 704 ιι,
1382 640 1439 704 2,
1471 637 1562 707 5).
1589 635 1778 690 Omnis
1805 633 2047 688 Ecclesia
2069 631 2181 683 vir-

603 757 671 811 go
699 741 959 810 appellata
986 745 1089 792 est.
1114 737 1327 790 Diversa
1353 747 1473 788 esse
1517 732 1754 787 membra
1797 729 2070 810 Ecclesize,
2095 725 2180 780 die

601 834 771 888 versis
799 831 956 888 donis
983 831 1184 901 pollere
1214 826 1404 882 videtis
1429 833 1590 896 atque
1621 823 1854 895 gaudere
1882 839 1896 876 :
1927 821 2016 876 alii
2045 835 2178 874 con-

599 923 782 994 iugati,
817 923 934 976 aliae
954 920 1267 988 conjugataa,
1293 916 1381 972 alii
1411 915 1609 971 viduali
1653 928 1845 976 uxores
1885 913 2023 968 ultra
2069 925 2177 966 non

600 1022 866 1084 quaerunt,
895 1011 1014 1066 alia:
1038 1009 1266 1064 viduata:
1313 1009 1532 1063 maritos
1579 1007 1718 1062 ultra
1770 1020 1875 1059 non
1907 1009 2169 1073 quierunt,

597 1104 688 1158 alii
732 1104 1084 1173 integritatem
1113 1099 1181 1155 ab
1221 1099 1436 1155 ineunte
1472 1107 1628 1154 aetate
1674 1104 2010 1160 conservant,
2060 1095 2178 1149 aliae

598 1195 953 1265 virginitatem
980 1207 1130 1246 suam
1152 1191 1261 1246 Deo
1282 1198 1573 1253 voverunt;
1607 1190 1817 1244 diversa
1844 1195 1966 1242 sunt
1983 1200 2175 1245 mune-

597 1301 676 1353 ra,
705 1287 797 1341 sed
815 1300 998 1340 omnes
1021 1285 1105 1340 isti
1132 1299 1234 1339 una
1263 1285 1411 1355 virgo
1439 1294 1537 1340 est.
1567 1283 1668 1340 Ubi
1697 1293 1780 1339 est
1818 1284 1917 1338 ista
1957 1281 2178 1351 virgini-

597 1378 856 1433 tas?non
913 1377 1055 1432 enim
1104 1377 1158 1432 in
1205 1377 1486 1445 corporei.
1516 1377 1807 1431 Paucarum
1856 1375 2173 1429 feminarum

597 1476 696 1532 est,
727 1476 780 1522 et
803 1467 848 1521 si
887 1467 988 1522 dici
1019 1467 1292 1537 virginitas
1315 1467 1365 1520 in
1393 1466 1523 1521 viris
1557 1475 1750 1536 potest,
1780 1479 2071 1536 paucorum
2097 1463 2178 1518 νὶ-

593 1575 776 1614 rerum
797 1568 975 1614 sancta
997 1559 1272 1630 integritas
1284 1560 1443 1614 etiam
1462 1559 1703 1629 corporis
1726 1567 1809 1614 est
1833 1559 1884 1612 in
1913 1555 2171 1622 Ecclesia,

593 1664 647 1709 et
675 1654 1032 1710 honorabilius
1082 1654 1379 1709 membrum
1409 1661 1488 1708 est
1519 1669 1532 1706 :
1565 1653 1668 1706 alia
1713 1660 1890 1706 autem
1935 1650 2173 1706 membra

595 1759 701 1798 non
737 1744 788 1798 in
814 1759 1054 1815 corpore,
1088 1743 1185 1799 sed
1213 1744 1390 1798 omnia
1423 1743 1472 1797 in
1499 1751 1675 1798 mente
1701 1751 1916 1798 servant
1947 1741 2169 1813 virgini-

592 1844 777 1895 tatem.
806 1836 934 1903 Qua:
963 1843 1045 1891 est
1063 1836 1338 1907 virginitas
1366 1835 1601 1891 mentis?
1629 1834 1838 1906 integra
1861 1835 2012 1900 ﬁdes,
2037 1835 2168 1889 soli-

591 1926 662 1982 da
687 1942 830 1998 spes,
861 1928 1065 1983 sincera
1087 1928 1337 1983 cbaritas.
1391 1927 1539 1982 Hanc
1567 1926 1923 2000 virginitatem
1953 1927 2173 1984 timebat

591 2017 704 2082 ille,
735 2019 823 2086 qui
849 2018 1056 2073 zelabat
1093 2033 1310 2088 sponso,
1340 2035 1368 2073 a
1405 2026 1652 2087 serpente
1698 2020 1988 2089 corrumpi.
2018 2018 2171 2076 Sicut

591 2107 735 2162 enim
763 2108 1060 2163 membrum
1085 2108 1324 2179 corporis
1346 2109 1572 2163 violatur
1591 2109 1641 2162 in
1668 2109 1896 2179 quodam
1927 2111 2065 2175 loco,
2091 2111 2168 2166 sic

591 2197 834 2252 seductio
859 2198 1051 2269 linguae
1083 2199 1245 2253 violat
1282 2199 1640 2268 virginitatem
1661 2200 1857 2254 cordis.
1905 2200 1961 2254 ln
1990 2210 2171 2257 mente

591 2303 696 2342 non
750 2297 1137 2358 corrumpatur,
1182 2303 1301 2359 quae
1338 2305 1443 2350 non
1493 2289 1607 2348 vult
1655 2289 1771 2346 sine
1797 2305 1956 2346 causa
1987 2300 2171 2353 tenere

602 2383 844 2450 corporis
870 2381 1247 2452 virginitatem.

663 2474 749 2528 15.
783 2473 917 2541 Quid
942 2489 1068 2544 ergo
1116 2474 1306 2540 dicam,
1333 2473 1566 2531 fratres?
1591 2475 1654 2530 Et
1705 2475 1940 2530 haeretici
1971 2475 2178 2532 habent

593 2565 847 2636 virgines,
879 2566 1131 2621 ctmultae
1159 2567 1528 2637 suntvirgines
1552 2567 1946 2623 haereticorum.
1977 2569 2168 2624 Videa-

589 2671 708 2710 mus
738 2657 782 2710 si
811 2671 1063 2725 sponsum
1085 2666 1285 2722 amant,
1308 2660 1658 2729 utvirgiuitas
1695 2659 1794 2714 ista
1817 2659 2164 2715 custodiatur.

586 2749 683 2805 Cui
713 2748 1053 2805 custoditur?
1088 2748 1307 2818 Christo,
1338 2750 1528 2822 inquit.
1553 2750 1839 2807 Videamus
1867 2753 1910 2807 si
1932 2752 2163 2818 Christo,

587 2855 696 2895 non
741 2841 946 2895 Donato
979 2857 992 2894 :
1031 2841 1306 2897 videamus
1329 2843 1413 2897 cui
1443 2852 1686 2899 servetur
1725 2844 1824 2899 ista
1849 2845 2163 2915 virginitas;

583 2932 691 2986 cito
717 2933 942 3001 probare
990 2934 1248 3002 poteritis.
1279 2933 1420 2988 Ecce
1449 2934 1673 2989 ostendo
1726 2949 2006 3004 sponsum,
2036 2936 2160 3006 quia

585 3023 698 3091 ipse
727 3037 786 3077 se
812 3022 1044 3078 ostendit
1077 3042 1090 3078 :
1136 3025 1377 3093 perbibet
1405 3025 1481 3079 illi
1523 3025 1878 3079 testimonium
1909 3027 2160 3091 Joannes,

583 3110 685 3166 Hic
709 3122 780 3166 est
805 3115 891 3184 qui
917 3113 1154 3184 baptizat.
1185 3115 1230 3169 Ο
1256 3123 1310 3168 tu
1337 3117 1504 3185 virgo,
1533 3115 1575 3170 si
1606 3130 1801 3185 sponso
1835 3115 1958 3171 huic
1984 3131 2165 3175 servas

582 3209 935 3280 virginitatem
966 3221 1131 3278 tuam,
1160 3227 1321 3282 quare
1345 3214 1514 3267 curris
1539 3213 1602 3267 ad
1626 3229 1746 3269 eum
1770 3215 1858 3284 qui
1881 3215 2024 3282 dicit,
2052 3215 2166 3285 Ego

581 3299 822 3369 baptizo;
854 3316 973 3355 cum
999 3302 1204 3357 amicus
1232 3303 1411 3372 sponsi
1444 3304 1514 3357 tui
1544 3303 1704 3369 dicat,
1738 3303 1840 3358 Hic
1865 3315 1934 3360 est
1961 3308 2048 3376 qui
2077 3308 2164 3360 ba-

581 3390 735 3458 ptizat
752 3391 778 3444 .9
801 3390 998 3446 Deinde
1019 3406 1247 3461 Sponsus
1269 3401 1388 3447 tuus
1409 3402 1574 3447 totum
1597 3394 1780 3449 orbem
1805 3403 1974 3462 tenet;
2000 3412 2164 3467 quare

582 3489 638 3535 tu
668 3482 719 3536 in
753 3490 899 3552 parte
924 3483 1320 3552 corrumperis?
1355 3484 1483 3552 Quis
1512 3493 1592 3540 est
1618 3486 1882 3554 sponsus?
1910 3487 2163 3552 Quoniam

580 3584 673 3626 res:
692 3574 853 3628 omnis
873 3585 1019 3628 terrae
1039 3573 1174 3627 Deus
1196 3573 1362 3644 (Psal.
1381 3589 1522 3642 XLVI,
1545 3574 1621 3648 8).
1653 3576 1770 3646 Ipse
1792 3592 2018 3647 sponsus
2041 3568 2162 3634 tuus

582 3672 750 3719 totum
779 3674 940 3730 tenet,
969 3666 1090 3735 quia
1122 3675 1286 3720 totum
1314 3667 1457 3721 emit.
1491 3665 1625 3722 Vide
1651 3667 1833 3738 quanti
1863 3670 2070 3734 emerit,
2104 3677 2172 3724 ut.

577 3757 840 3827 intelligas
866 3757 991 3827 quid
1021 3757 1210 3812 emerit
1247 3774 1260 3812 :
1295 3757 1437 3828 quod
1476 3759 1698 3828 pretium
1729 3759 1910 3814 dedit?
1934 3759 2160 3830 Sangui-

577 3865 700 3903 nem
729 3849 894 3905 dedit.
928 3850 1024 3906 Ubi
1058 3849 1228 3917 dedit,
1260 3851 1347 3905 ubi
1379 3851 1510 3905 fudit.
1539 3852 1848 3923 sanguinem
1878 3854 2072 3908 suum?
2103 3852 2158 3909 In

575 3942 845 4012 passione.
891 3941 1079 3996 Nonne
1121 3957 1317 4013 sponso
1361 3951 1449 3996 tuo
1487 3952 1702 4002 cantas.
1742 3952 1835 3998 aut
1864 3953 2079 3999 cantare
2109 3954 2160 4001 te

577 4032 754 4101 lingis,
786 4032 997 4101 quando
1025 4041 1234 4101 emptus
1263 4043 1342 4086 est
1370 4040 1510 4087 totus
1539 4032 1683 4087 orbis
1713 4052 1726 4087 :
1757 4033 2018 4090 Foderunt
2045 4053 2158 4090 ma-

576 4139 671 4175 nus
691 4139 825 4176 meas
845 4131 891 4176 et
913 4123 1080 4193 pedes,
1109 4124 1546 4177 dinumeraverunt
1570 4125 1737 4178 omnia
1756 4141 1870 4179 ossa
1892 4143 2001 4180 mea
2023 4143 2043 4181 :
2061 4129 2158 4198 ipsi

575 4228 689 4266 vero
717 4213 1188 4278 consideraverunt,
1233 4222 1280 4267 et
1321 4224 1683 4282 conspexerunt
1725 4231 1838 4281 me;
1884 4216 2157 4273 diviserunt

573 4303 670 4355 sibi
715 4302 1003 4355 vestimenta
1041 4318 1181 4369 mea,
1224 4310 1269 4356 et
1306 4318 1456 4372 super
1492 4311 1671 4357 vestem
1712 4319 1872 4358 meam
1917 4307 2157 4362 miserunt

573 4393 798 4446 sortem?
827 4391 1032 4462 Sponsa
1059 4409 1147 4460 es,
1175 4408 1402 4463 agnosce
1428 4403 1628 4449 vestem
1658 4396 1842 4465 sponsi
1863 4398 1956 4451 tui.
1985 4398 2156 4468 Super

573 4502 732 4556 quam
761 4495 960 4542 vestem
989 4487 1147 4542 missa
1179 4497 1254 4541 est
1286 4487 1440 4541 sors?
1470 4485 1736 4558 Interroga
1771 4482 2150 4560 Evangelium;

569 4579 693 4634 vide
729 4579 813 4634 cui
859 4579 1177 4649 desponsata
1206 4580 1313 4644 sis,
1345 4579 1463 4634 vide
1491 4595 1520 4633 a
1548 4596 1654 4650 quo
1682 4580 1868 4636 arrhas
1901 4583 2150 4652 accipias.

570 4671 838 4742 Interroga
861 4670 1237 4742 Evangelium;
1268 4671 1386 4726 vide
1409 4671 1535 4741 quid
1559 4671 1650 4726 tibi
1671 4671 1810 4727 dicat
1833 4672 1884 4726 in
1907 4674 2155 4743 passione

570 4765 803 4821 Domini.
835 4763 963 4820 Erat
1000 4765 1071 4820 ibi
1109 4765 1276 4818 tunica
1312 4781 1331 4820 :
1369 4764 1639 4819 videamus
1673 4766 1844 4836 qualis
1882 4784 1895 4820 :
1937 4768 2152 4837 desuper

568 4866 723 4911 texta.
757 4857 995 4927 Desuper
1024 4865 1164 4912 texta
1193 4857 1362 4911 tunica
1393 4855 1518 4926 quid
1545 4858 1824 4928 signiﬁcat,
1854 4859 1952 4914 nisi
1977 4859 2151 4915 cbari-

571 4949 772 5004 tatem?
799 4948 1029 5017 desuper
1058 4956 1194 5002 texta
1225 4947 1397 5002 tunica
1428 4948 1550 5018 quid
1583 4948 1872 5018 signiﬁcat,
1903 4952 2002 5006 nisi
2033 4953 2150 5007 uni-

569 5040 764 5096 tatem?
796 5040 940 5094 llane
969 5039 1195 5093 tunicam
1221 5039 1453 5104 attende,
1479 5056 1634 5110 quam
1659 5057 1757 5096 nec
1781 5053 2149 5111 persecutores

566 5131 758 5185 Christi
790 5131 1101 5185 diviserunt.
1132 5130 1219 5184 Ait
1250 5130 1390 5185 enim
1430 5147 1442 5184 :
1480 5129 1729 5185 Dixerunt
1757 5133 1888 5186 inter
1911 5149 1985 5199 se,
2025 5133 2146 5188 Non

563 5219 847 5273 dividamus
867 5237 998 5286 eam,
1026 5220 1113 5274 sed
1137 5231 1319 5274 sortem
1348 5237 1500 5290 super
1531 5237 1642 5274 eam
1675 5223 1928 5276 mittamus
1967 5221 2142 5295 (Joan.

567 5326 597 5365 ι
624 5327 684 5376 κ,
711 5312 817 5379 23,
847 5312 962 5385 24).
997 5313 1134 5368 Ecce
1174 5313 1314 5368 unde
1351 5314 1570 5369 audistis
1609 5315 1896 5368 Psalmum.
1934 5315 2145 5372 Vestem

564 5413 932 5471 persecutores
967 5420 1072 5458 non
1107 5403 1481 5460 consciderunt
1509 5422 1522 5458 :
1549 5404 1822 5461 christiani
1850 5405 2146 5462 Ecclesiam

563 5492 822 5548 dividunt.

627 5607 643 5638 ¹
668 5609 741 5655 Sic
761 5605 940 5674 aliquot
949 5614 1062 5674 μεθ.
1087 5616 1137 5660 At
1161 5609 1302 5661 editi:
1320 5615 1416 5659 Non
1435 5609 1556 5674 enim
1575 5608 1623 5659 in
1641 5623 1853 5674 corpore.
1873 5620 1923 5660 In
1946 5625 2145 5674 corpore

560 5679 824 5778 ganearum
847 5669 1130 5740 [cntinarum
1149 5678 1235 5742 pst.
1260 5679 1312 5723 Et
1330 5681 1436 5736 post
1451 5671 1574 5736 loco,
1590 5669 1752 5724 sancta
1771 5669 2039 5737 integritas,
2056 5674 2142 5726 ha-

597 5738 697 5778 ent.
725 5735 968 5778 sanctitas.
986 5737 1246 5778 talearum.

597 5738 697 5786 ent,
725 5735 968 5786 conditas,
986 5735 1246 5794 uttegritus.

1537 339 1603 395 ΙΝ
1639 334 1917 394 ,ιυΑΝΝιθ
1956 325 2429 398 EVANGELIUM,
2470 329 2526 386 S.
2569 333 2935 393 AUGUSTINI

3723 346 3865 403 £500

2365 445 2452 500 14.
2485 445 2733 519 Sedquid
2757 451 2949 516 dicam,
2975 450 3203 513 fratres?
3228 451 3426 525 Aperte
3451 455 3720 515 videamus
3743 463 3870 530 quid

2291 537 2498 591 emerit.
2529 537 2600 592 lbi
2625 540 2765 594 enim
2789 542 2938 608 emit,
2961 542 3046 597 ubi
3072 544 3089 576 ¹
3110 545 3336 614 pretium
3357 545 3522 602 dedit.
3551 547 3653 604 Pro
3672 562 3871 620 quanto

2289 627 2472 682 dedit?
2499 628 2554 683 Si
2586 645 2682 700 pro
2712 631 2888 685 Africa
2914 632 3092 699 dedit,
3130 635 3294 690 simus
3332 637 3650 704 Donatistae,
3681 649 3736 695 et
3764 656 3871 698 non

2288 719 2615 787 appellentur
2652 721 2975 790 Donatistre,
3005 724 3098 778 sed
3133 725 3452 794 Christiani;
3480 729 3604 798 quia
3629 729 3870 788 Christus

2289 811 2459 865 solam
2493 810 2729 866 Africam
2757 815 2885 868 emit
2911 831 2924 867 :
2953 829 3250 886 quanquam
3283 827 3338 872 et
3370 816 3456 878 hic
3493 834 3600 874 non
3634 822 3731 876 soli
3761 823 3868 877 Do-

2287 902 2518 968 natistre.
2543 902 2648 958 Sed
2667 919 2771 960 non
2795 906 2956 960 tacuit
2977 907 3026 960 in
3049 909 3367 964 commercio
3387 924 3485 965 suo
3505 910 3630 981 quid
3654 916 3867 970 emerit.

2285 992 2434 1056 Fecit
2461 995 2666 1051 tabulas
2697 1014 2710 1050 :
2741 998 2852 1052 Deo
2877 998 3094 1070 gratias,
3123 1015 3226 1053 non
3257 1015 3354 1055 nos
3379 1001 3581 1057 fefellit.
3612 1003 3756 1074 Opus
3784 1016 3866 1063 est

2285 1095 2341 1141 ut
2360 1087 2540 1142 audiat
2563 1089 2648 1143 illa
2673 1105 2866 1159 sponsa
2889 1132 2904 1158 ,
2942 1099 3000 1145 et
3035 1091 3102 1146 ibi
3131 1091 3390 1162 intelligat
3418 1093 3503 1148 cui
3529 1096 3732 1150 voverit
3755 1097 3868 1152 vir-

2282 1179 2579 1250 ginitatem.
2609 1180 2682 1236 lbi
2707 1181 2758 1236 in
2782 1183 2896 1252 ipso
2921 1183 3123 1253 psalmo
3148 1184 3236 1238 ubi
3258 1183 3453 1240 dictum
3474 1196 3574 1254 est,
3605 1185 3866 1244 Foderunt

2283 1287 2464 1326 manus
2490 1289 2626 1327 meas
2651 1283 2696 1327 et
2725 1275 2895 1345 pedes,
2927 1276 3362 1331 dinumerarerunt
3387 1280 3555 1333 omnia
3579 1296 3692 1335 ossa
3715 1299 3867 1349 mea;

2281 1361 2371 1416 ubi
2393 1363 2571 1432 passio
2587 1364 2793 1418 Domini
2814 1366 3147 1434 apertissime
3165 1366 3462 1422 declaratur
3483 1385 3495 1422 :
3519 1370 3608 1438 qui
3632 1371 3868 1438 psalmus

2281 1455 2425 1507 omni
2453 1469 2595 1507 anno
2633 1454 2823 1524 legitur
2851 1457 3137 1512 novissima
3166 1458 3495 1514 bebdomada
3522 1461 3722 1518 intento
3746 1465 3866 1520 uni-

2282 1558 2441 1598 verso
2482 1545 2708 1615 populo,
2742 1547 3053 1606 imminente
3086 1548 3334 1617 passione
3360 1548 3586 1619 Christi,
3630 1560 3685 1608 et
3722 1554 3864 1623 apud

2279 1649 2399 1699 nos,
2427 1643 2482 1690 et
2505 1636 2642 1705 apud
2670 1637 3052 1706 illospsalmus
3083 1639 3181 1693 iste
3211 1639 3420 1710 legitur.
3448 1640 3728 1708 intendite,
3756 1644 3866 1700 fra-

2279 1733 2410 1791 tres,
2441 1726 2564 1795 quid
2596 1727 2667 1781 ibi
2697 1728 2856 1793 emit;
2891 1730 3180 1784 recitantur
3203 1729 3392 1785 tabula:
3426 1734 3860 1800 eommerciales;

2278 1816 2404 1885 quid
2432 1817 2500 1870 ibi
2527 1817 2674 1882 emit,
2706 1818 2883 1873 audite
2907 1835 2920 1873 :
2947 1818 3478 1875 Cominemorabuntur
3502 1833 3546 1876 et
3572 1834 3864 1879 converten-

2277 1916 2360 1960 tur
2381 1907 2450 1960 ad
2472 1907 2746 1962 Dominum
2787 1909 3005 1964 universi
3036 1911 3163 1978 ﬁnes
3203 1919 3384 1977 terra;
3416 1921 3464 1966 et
3500 1911 3778 1969 adorabunt
3808 1915 3865 1970 in

2277 2010 2544 2070 conspectu
2567 2001 2676 2072 ejus
2699 2001 2944 2057 universte
2964 2003 3140 2073 patria:
3157 2003 3378 2073 gentium
3403 2019 3423 2058 :
3442 2005 3681 2075 quoniam
3703 2007 3865 2077 ipsius

2276 2098 2348 2143 est
2388 2105 2630 2162 regnum,
2673 2097 2718 2144 et
2760 2090 2868 2161 ipse
2909 2091 3248 2145 dominabitur
3286 2093 3508 2164 gentium
3555 2092 3859 2164 (Psal.xx1,

2278 2177 2488 2252 17-29).
2517 2180 2655 2235 Ecce
2674 2181 2801 2250 quid
2825 2182 2974 2236 emit.
3008 2181 3145 2237 Ecce
3160 2183 3397 2252 quoniam
3421 2200 3511 2240 rex
3532 2186 3695 2240 omnis
3715 2196 3864 2242 terra:

2277 2266 2416 2321 Deus
2435 2279 2518 2324 est
2537 2284 2763 2338 sponsus
2789 2277 2927 2325 tuus.
2955 2270 3092 2339 Quid
3113 2287 3238 2341 ergo
3263 2271 3327 2326 ad
3349 2288 3552 2342 pannos
3573 2274 3652 2330 vis
3671 2275 3862 2333 deduci

2278 2356 2437 2413 talem
2478 2357 2736 2413 divitem?
2778 2360 3022 2430 Agnosce
3051 2378 3064 2416 :
3095 2370 3267 2421 totum
3304 2363 3465 2428 emit,
3508 2372 3561 2419 et
3604 2374 3661 2432 tu
3703 2365 3859 2436 dicis,

2275 2445 2485 2504 Partem
2517 2447 2600 2502 hic
2625 2448 2811 2504 habes.
2842 2448 2886 2504 Ο
2913 2449 2957 2504 si
2985 2449 3223 2520 placeres
3250 2466 3468 2520 sponso,
3499 2468 3532 2509 ο
3555 2455 3599 2508 si
3622 2470 3725 2510 non
3749 2471 3862 2512 eor-

2275 2546 2426 2606 rupta
2458 2539 2750 2608 loquereris
2768 2580 2781 2603 ,
2809 2546 2864 2594 et
2887 2548 3134 2609 corrupta
3155 2581 3169 2607 ,
3199 2541 3339 2610 quod
3366 2544 3516 2612 pejus
3536 2553 3646 2614 est,
3673 2546 3858 2613 corde,

2273 2644 2380 2683 non
2406 2632 2664 2699 corpore!
2698 2632 2860 2686 Amas
2888 2630 3158 2687 hominem
3199 2648 3296 2702 pro
3330 2633 3544 2690 Christo
3563 2677 3578 2702 ,
3605 2651 3754 2692 amas
3780 2637 3862 2692 di-

2272 2733 2503 2786 centem,
2527 2723 2638 2792 Ego
2664 2723 2872 2792 baptizo
2896 2740 2909 2777 :
2933 2724 3161 2778 amicum
3186 2725 3365 2794 sponsi
3389 2741 3494 2781 non
3515 2727 3666 2782 audis
3685 2728 3861 2784 dicen-

2273 2821 2398 2879 tem,
2421 2814 2518 2868 Hic
2536 2825 2607 2870 est
2622 2816 2706 2886 qui
2719 2815 2935 2886 baptizat
2952 2833 2973 2882 ;
2993 2832 3096 2871 non
3117 2817 3268 2872 audis
3289 2817 3694 2886 dicentem,Qui
3711 2821 3860 2876 habet

2269 2921 2528 2975 sponsam,
2559 2923 2772 2977 sponsus
2797 2915 2887 2961 est.
2919 2908 3030 2978 Ego
3048 2923 3152 2962 non
3182 2908 3352 2964 habeo
3381 2925 3653 2980 sponsam,
3677 2911 3815 2967 dixit
3841 2931 3856 2969 :

2270 2996 2364 3050 sed
2391 2995 2516 3066 quid
2541 2997 2699 3050 sum?
2727 2997 2930 3052 Amicus
2981 3008 3148 3052 autem
3176 3000 3384 3069 sponsi,
3409 3001 3494 3070 qui
3515 3010 3611 3056 stat
3636 3011 3695 3058 et-
3712 3003 3860 3060 audit

2270 3105 2402 3150 eum.
2429 3087 2615 3159 gaudio
2631 3089 2814 3160 gaudet
2844 3098 3045 3160 propter
3068 3107 3236 3144 vocem
3260 3092 3434 3161 sponsi
3453 3091 3494 3164 (Ι
3509 3092 3623 3148 Cor.
3643 3095 3796 3160 xum
3812 3095 3855 3165 ).

2345 3181 2429 3235 l5.
2461 3179 2749 3236 Evidenter
2775 3197 2919 3252 ergo,
2956 3182 3144 3238 fratres
3175 3184 3301 3249 mei,
3332 3185 3461 3239 nihil
3492 3186 3708 3254 prodest
3737 3188 3858 3243 istis

2269 3284 2483 3325 servare
2504 3270 2878 3340 virginitatem,
2909 3272 3105 3329 habere
3124 3274 3523 3338 continentiam,
3556 3276 3856 3348 eleemosy-

2268 3377 2365 3416 nas
2389 3363 2546 3430 dare;
2574 3364 2750 3418 omnia
2779 3364 2866 3418 illa
2894 3380 3012 3434 qua:
3039 3365 3319 3420 laudantur
3347 3367 3398 3420 in
3429 3367 3687 3435 Ecclesia,
3717 3367 3852 3424 nihil

2269 3455 2369 3510 illis
2401 3465 2620 3525 prosunt
2643 3473 2656 3510 :
2679 3457 2801 3526 quia
2823 3457 3174 3512 conscindunt
3203 3458 3480 3524 unitatem,
3507 3459 3558 3514 id
3581 3469 3682 3526 est,
3713 3461 3855 3518 tuni~

2266 3548 2544 3602 camillam
2561 3547 2852 3602 cbaritatis.
2867 3548 3002 3615 Quid
3022 3549 3249 3604 faciunt?
3267 3551 3457 3605 Diserti
3473 3559 3598 3611 sunt
3612 3553 3761 3609 multi
3779 3555 3837 3612 in

2266 3647 2349 3693 ter
2374 3639 2512 3705 illos,
2532 3655 2735 3709 magna:
2761 3640 2981 3710 linguzn,
3013 3640 3227 3695 ﬁumina
3253 3642 3851 3716 Iinguamm.Numquid

2264 3729 2504 3799 angelice
2533 3729 2850 3798 loquuntur?
2875 3730 3104 3784 Audiant
3127 3731 3352 3785 amicum
3379 3733 3558 3800 sponsi
3586 3734 3849 3791 zelantem

2265 3834 2482 3889 sponso,
2507 3835 2614 3874 non
2636 3820 2735 3875 sibi
2760 3837 2772 3873 :
2801 3820 2860 3875 Si
2886 3821 3071 3892 linguis
3095 3821 3356 3874 hominum
3373 3822 3552 3891 loquar
3571 3834 3617 3878 et
3637 3825 3850 3896 Angelo-

2263 3928 2378 3966 rum
2393 3955 2406 3978 ,
2438 3912 2734 3970 charitatem
2757 3922 2923 3966 autem
2943 3929 3043 3966 non
3063 3913 3290 3976 habeam,
3316 3915 3481 3983 factus
3499 3931 3611 3968 sum
3637 3926 3690 3970 ut
3717 3933 3850 3972 tera-

2262 4013 2482 4058 mentum
2511 4020 2716 4070 sonans,
2747 4013 2832 4057 aut
2860 4004 3145 4074 cymbalum
3173 4004 3388 4059 tinniens
3407 4003 3466 4077 (l
3490 4004 3606 4062 Cor.
3627 4023 3740 4073 xm,
3764 4008 3845 4079 i).

2334 4096 2419 4152 16.
2451 4095 2556 4151 Sed
2585 4097 2709 4166 quid
2737 4097 2956 4150 dicunt?
2987 4097 3252 4151 Habemus
3271 4097 3621 4166 Baptismum.
3645 4100 3844 4167 Habes,

2260 4185 2356 4241 sed
2401 4201 2508 4244 non
2551 4195 2719 4239 tuum.
2769 4185 2924 4239 Aliud
2972 4194 3054 4240 est
3101 4185 3324 4251 habere,
3373 4188 3514 4243 aliud
3557 4189 3843 4246 dominari.

2261 4276 2586 4346 Baptismum
2619 4276 2814 4341 habes,
2855 4277 2974 4345 quia
3009 4261 3266 4346 accepisti
3313 4286 3370 4332 ut
3411 4277 3703 4350 baptizatus
3742 4279 3841 4346 sis,

2259 4369 2508 4438 accepisti
2560 4378 2807 4439 tanquam
2854 4367 3212 4435 illuminatus;
3261 4369 3307 4424 si
3353 4379 3529 4424 tamen
3571 4386 3601 4424 a
3645 4379 3694 4424 te
3732 4386 3840 4426 non

2260 4461 2563 4516 tenebratus
2595 4477 2607 4513 :
2639 4468 2693 4515 et
2721 4459 2931 4529 quando
2968 4459 3098 4527 das,
3141 4460 3382 4515 minister
3417 4460 3540 4526 das,
3583 4477 3687 4515 non
3720 4475 3846 4530 pos-

2256 4565 2469 4616 sessor;
2505 4564 2679 4620 praeco
2701 4550 2932 4616 clamas,
2962 4565 3066 4604 non
3087 4549 3271 4620 judex.
3302 4550 3404 4605 Per
3433 4565 3730 4619 praeconem
3755 4551 3840 4606 lo-

2255 4645 2435 4712 quitur
2458 4641 2652 4712 judex,
2686 4651 2741 4697 et
2767 4643 2818 4696 in
2844 4643 2978 4698 actis
3001 4652 3176 4698 tamen
3209 4659 3312 4696 non
3340 4643 3620 4711 scribitur,
3657 4644 3840 4700 Pramo

2255 4733 2420 4798 dixit;
2450 4733 2565 4796 sed,
2589 4732 2758 4790 Judex
2778 4732 2929 4787 dixit.
2961 4733 3192 4788 Proinde
3213 4734 3334 4788 vide
3357 4734 3403 4788 si
3429 4744 3572 4789 tuum
3595 4746 3670 4790 est
3693 4736 3839 4806 quod

2253 4822 2371 4890 das,
2395 4831 2684 4896 potestate:
2694 4821 2748 4877 Si
2767 4831 2945 4877 autem
2963 4823 3230 4892 accepisti,
3245 4825 3504 4879 conﬁtere
3523 4839 3643 4880 cum
3662 4824 3842 4884 amico

2253 4913 2434 4984 Sponsi
2453 4955 2466 4978 ,
2498 4912 2618 4966 Non
2645 4923 2802 4984 potest
2829 4912 2978 4968 homo
3015 4895 3240 4984 accipere
3271 4915 3578 4984 quidquam,
3610 4914 3709 4969 nisi
3735 4915 3834 4969 da-

2252 5015 2357 5060 tum
2378 5006 2527 5076 fuerit
2557 5005 2603 5059 ei
2627 5006 2690 5060 de
2715 5005 2856 5059 cwlo.
2881 5005 3148 5062 Conﬁtere
3171 5022 3291 5060 cum
3314 5008 3488 5061 amico
3509 5007 3706 5077 sponsi,
3732 5006 3836 5074 Qui

2253 5098 2397 5150 habet
2426 5112 2684 5166 sponsam,
2709 5114 2924 5167 sponsus
2943 5109 3048 5163 est;
3077 5099 3266 5152 amicus
3286 5109 3450 5152 autem
3470 5100 3644 5170 sponsi
3663 5108 3762 5155 stat
3783 5113 3834 5155 et

2250 5188 2390 5241 audit
2420 5204 2552 5241 eum.
2587 5187 2690 5242 Sed
2723 5202 2756 5242 ο
2781 5188 2823 5240 si
2855 5198 3022 5242 stares
3045 5198 3096 5243 et
3116 5188 3330 5244 audires
3355 5205 3498 5255 eum,
3526 5198 3582 5244 et
3609 5204 3712 5244 non
3741 5205 3833 5244 αι·-

2247 5281 2404 5336 deres
2432 5287 2491 5334 ut
2514 5280 2728 5335 audires
2755 5281 2836 5335 te!
2883 5279 3160 5337 Audienda
3199 5282 3342 5336 enim
3382 5297 3504 5336 eum
3525 5323 3540 5348 ,
3569 5291 3740 5336 stares
3775 5291 3833 5338 et

2247 5371 2460 5429 audires
2487 5389 2501 5427 :
2527 5386 2645 5425 nam
2676 5371 2938 5441 loqueris,
2967 5379 3020 5425 et
3059 5371 3152 5425 tibi
3184 5380 3344 5441 caput
3370 5370 3539 5425 iuﬁas.
3573 5371 3720 5442 Ego,
3746 5373 3831 5428 in-

2197 5470 2213 5500 ‘~
2247 5465 2361 5534 quit
2385 5463 2656 5530 Ecclesia,
2686 5464 2731 5517 si
2772 5477 2964 5531 sponsa
3006 5477 3120 5517 sum
3143 5504 3159 5531 ,
3197 5463 3242 5518 si
3288 5463 3473 5520 arrhas
3517 5465 3739 5534 accepi,
3778 5465 3828 5521 si

2248 5556 2420 5626 pretio
2457 5554 2727 5624 sanguinis
2769 5555 2910 5609 illius
2949 5554 3218 5624 redempta
3249 5571 3364 5609 sum
3387 5597 3399 5620 ,
3443 5555 3601 5611 audio
3637 5571 3825 5611 vocem

2247 5646 2461 5716 sponsi;
2492 5657 2544 5699 et
2572 5660 2756 5701 vocem
2783 5645 2937 5703 amici
2967 5645 3147 5716 sponsi
3179 5655 3302 5701 tunc
3327 5644 3484 5702 audio
3502 5685 3516 5714 ,
3544 5647 3590 5712 si
3626 5661 3828 5717 sponso

2351 5741 2448 5801 En,
2469 5732 2552 5793 ibi.
2617 5742 2671 5783 δι.
