4118 6486
243 391 366 452 1501

239 519 356 565 meo
384 500 478 558 det
503 494 726 569 gloriam
748 530 762 555 ,
792 501 898 543 non
925 483 1047 540 sibi.
1077 479 1228 534 Dicat
1261 474 1462 531 amicus
1483 512 1498 538 ,
1545 470 1646 538 Qui
1675 467 1819 521 habet

237 563 476 670 sponsam
497 563 532 658 ,v
545 599 760 658 sponsus
785 589 856 635 est
880 593 898 633 :
921 577 1112 630 anticus
1137 579 1304 624 autem
1330 563 1504 636 sponsi
1527 571 1631 661 stat
1652 568 1820 670 cian-

337 647 583 748 ειιηι,ἐι⁵
602 674 787 749 gaudio
824 667 1006 742 gaudet
1036 670 1239 736 propter
1266 671 1434 713 uocem
1458 650 1652 749 sponsi.
1679 647 1821 702 Ecce

237 780 403 836 habes
432 740 775 828 Sacramenta
795 805 810 828 ,
829 740 895 816 ret
931 772 1031 828 ego
1069 749 1325 809 concedo.
1366 745 1542 801 Habes
1571 740 1818 802 formam,

237 869 330 926 sed
378 870 706 921 sarmentum
761 869 822 910 es
869 850 936 906 de
979 847 1089 908 vite
1131 840 1446 912 prmcisum;
1495 841 1550 887 tu
1598 831 1823 884 formam

240 958 479 1019 ostendis
497 998 512 1020 ,
541 967 640 1023 ego
663 947 900 1004 radicem
928 951 1111 1011 qnzero
1135 952 1148 988 :
1186 932 1253 987 de
1292 929 1458 984 forma
1486 924 1688 978 fructus
1716 933 1823 972 non

240 1055 378 1119 exit,
411 1048 517 1104 nisi
539 1045 625 1100 ubi
647 1049 730 1097 est
750 1036 933 1098 radix;
965 1031 1054 1088 ubi
1084 1034 1261 1082 autem
1291 1029 1373 1076 est
1411 1015 1594 1080 radix,
1638 1009 1740 1066 nisi
1770 1009 1824 1062 in

240 1102 534 1203 that-itote?
559 1137 627 1192 Et
652 1132 775 1189 audi
810 1127 1036 1184 formam
1074 1123 1500 1176 sarmentorum;
1531 1106 1722 1162 Paulus
1747 1102 1827 1156 lo-

241 1247 433 1310 quatur
457 1250 472 1288 :
498 1231 556 1287 Si
582 1229 758 1290 sciam,
786 1218 976 1290 iuqttit,
1000 1213 1168 1273 omnia
1188 1214 1520 1266 sacramenta,
1547 1208 1594 1254 et
1617 1195 1826 1251 habeam

239 1295 437 1388 timnem
490 1317 805 1394 prophetiam
865 1321 909 1365 et
971 1320 1168 1362 omnem
1227 1299 1378 1371 ﬁdem
1441 1295 1521 1366 (ει
1575 1295 1826 1362 quantam

241 1391 510 1491 fidem?),
539 1391 611 1471 ita
652 1421 708 1466 ut
743 1417 934 1464 montes
974 1399 1307 1470 transferant,
1345 1391 1637 1470 charilatem
1663 1392 1830 1439 autent

240 1533 338 1578 non
366 1483 602 1574 traheam,
632 1501 766 1560 nihil
789 1516 898 1556 sum
930 1497 983 1568 (l
1012 1492 1128 1551 Cor.
1154 1505 1242 1545 ιιιιι
1263 1529 1276 1551 ,
1311 1487 1370 1578 ll,
1394 1483 1472 1556 2).

445 1566 621 1659 Nemo
649 1608 776 1666 ergo
818 1566 970 1646 vobis
996 1584 1201 1641 fabulas
1237 1576 1450 1633 vendat.
1501 1572 1568 1626 Et
1610 1566 1829 1666 Pontius

242 1701 370 1758 fecit
415 1657 738 1751 miraculum
760 1704 774 1752 ;
805 1693 860 1739 et
891 1683 1121 1736 Donatus
1164 1670 1362 1736 oravit,
1390 1675 1443 1722 et
1481 1659 1754 1732 respondit
1780 1657 1831 1712 ei

538 1783 694 1840 ctelo.
723 1748 902 1833 Primo
922 1813 937 1837 ,
969 1775 1060 1823 aut
1095 1765 1348 1820 falluntur
1386 1765 1476 1811 aut
1501 1753 1706 1808 fallunt.
1731 1748 1833 1803 Po-

244 1847 449 1940 strcmo
469 1922 484 1946 ,
515 1876 597 1930 fac
626 1872 774 1928 illum
800 1873 1008 1922 montes
1046 1856 1333 1916 transferre
1357 1868 1372 1906 :
1394 1847 1700 1908 Charitatem
1739 1858 1832 1894 au-

247 1937 342 2030 tem
362 2013 380 2038 ,
414 1937 606 2037 inquit,
637 1977 737 2015 non
763 1955 972 2012 habeam
994 1991 1008 2015 ,
1038 1947 1166 2004 nihil
1194 1959 1325 1999 sum.
1353 1937 1637 1992 Videamus
1659 1941 1832 1986 utrum

248 2024 506 2122 habuerit.
522 2053 857 2112 charitatem.
879 2044 1164 2103 Crederem
1187 2080 1201 2105 ,
1233 2036 1277 2091 si
1303 2049 1408 2089 non
1427 2029 1694 2086 divisisset
1717 2024 1836 2078 uni-

247 2168 433 2214 tatcm.
456 2152 590 2208 Nam
630 2156 684 2204 et
710 2150 897 2199 contra
920 2138 1080 2200 istos,
1111 2128 1273 2186 utsic
1313 2125 1520 2194 loquar,
1550 2115 1840 2173 mirabilia-

249 2253 359 2305 rios
392 2253 606 2301 cautum
634 2253 720 2293 me
750 2233 880 2289 fecit
905 2231 1045 2284 Deus
1072 2237 1222 2280 meus
1245 2262 1258 2286 ,
1289 2217 1510 2273 dicens:
1535 2210 1600 2265 In
1630 2208 1841 2264 novissi—

251 2345 344 2400 mis
399 2335 709 2406 temporibus
753 2330 1019 2395 exsurgant
1077 2309 1555 2390 pseudoprophetaz,
1603 2304 1840 2378 facientes

249 2439 397 2507 signa
424 2440 472 2484 et
500 2424 752 2500 prodigia,
775 2427 829 2474 ut
854 2419 906 2471 in
927 2428 1144 2470 errorem
1161 2407 1428 2469 inducant,
1455 2401 1497 2456 si
1525 2398 1637 2469 ﬁeri
1659 2402 1838 2467 potest,

943 2506 948 2507 ,
1015 2505 1023 2507 Α
1123 2501 1164 2507 η
1225 2497 1300 2507 ,η
1593 2489 1662 2507 Μ
1725 2484 1814 2507 Μ

430 2484 614 2576 electos
641 2484 786 2569 ecce
811 2505 1025 2581 prwdixi
1055 2501 1188 2566 vobis
1219 2497 1409 2569 (Marc.
1442 2508 1534 2554 xm
1555 2535 1569 2559 ,
1587 2489 1664 2584 29.
1681 2529 1698 2554 ,
1725 2484 1838 2557 23).

251 2620 398 2686 Ergo
416 2620 605 2669 cautos
625 2621 721 2663 nos
742 2578 868 2659 fecit
887 2610 1134 2668 sponsus,
1159 2590 1281 2662 quia
1303 2598 1355 2644 et
1383 2583 1648 2641 miraculis
1675 2578 1845 2648 decipi

253 2678 360 2766 non
385 2705 665 2762 debemus.
697 2689 992 2765 Aliquando
1021 2687 1162 2741 enim
1193 2692 1246 2736 ct
1271 2678 1514 2734 desertor
1541 2681 1702 2728 terret
1726 2683 1848 2739 pro-

252 2760 577 2857 vitici—alem;
606 2789 702 2846 sed
747 2760 923 2841 unum
967 2781 1022 2837 in
1066 2774 1254 2831 castris
1299 2770 1400 2834 sit,
1433 2775 1488 2823 et
1528 2762 1726 2833 aliquid
1772 2760 1847 2814 illi

254 2892 432 2966 prosit
453 2851 733 2942 character
758 2876 847 2932 ille
876 2876 927 2929 in
955 2885 1060 2944 quo
1085 2868 1323 2936 signatus
1348 2868 1461 2922 est,
1494 2857 1595 2911 hoc
1624 2851 1852 2908 attendit

257 2945 350 3058 qui
384 2977 585 3038 terreri
613 2984 663 3030 ct
693 2968 874 3027 seduci
903 2980 1006 3020 non
1035 2960 1167 3014 vult.
1199 2957 1498 3011 'l‘cncamus
1527 2964 1653 3019 ergo
1681 2945 1852 3002 unito-

261 3037 375 3134 t‘em
400 3117 414 3141 ,
451 3073 646 3126 fratres
676 3063 781 3120 mei
808 3079 820 3114 :
848 3065 1042 3131 przeter
1065 3052 1322 3110 unitatem
1341 3089 1355 3112 ,
1388 3055 1441 3100 et
1485 3042 1572 3112 qui
1600 3041 1721 3094 facit
1749 3037 1852 3092 uti...

260 3167 444 3223 racula
474 3159 610 3216 nihil
646 3165 746 3210 est.
777 3152 832 3206 lu
865 3152 1063 3203 unitate
1089 3143 1229 3198 enim
1259 3146 1374 3194 erat
1403 3133 1629 3206 populus
1656 3128 1814 3185 lsracl
1834 3169 1851 3195 ,

263 3271 317 3317 ει
348 3271 458 3310 non
485 3249 710 3306 faciebat
733 3239 986 3298 miracula
1017 3253 1032 3290 :
1055 3241 1247 3304 printer
1273 3228 1527 3283 unitatem
1549 3227 1703 3278 erant
1718 3218 1856 3288 magi

263 3309 568 3405 Pharaonis
589 3381 603 3405 ,
633 3346 687 3392 ct
712 3331 976 3393 faciebant
1003 3323 1195 3381 similia
1224 3317 1388 3390 Moysi
1417 3313 1610 3390 (Exod.
1635 3327 1730 3374 vn,
1765 3309 1854 3373 12,

263 3403 359 3504 C2,
387 3447 432 3492 et
467 3403 598 3498 vin,
625 3430 700 3501 7).
725 3425 962 3495 Populus
988 3417 1176 3482 Israel,
1202 3422 1262 3467 ut
1290 3411 1432 3476 dixi,
1462 3422 1568 3463 non
1594 3403 1855 3459 faciebat:

266 3497 358 3605 qui
381 3539 538 3586 crant
565 3497 695 3580 salvi
723 3518 859 3590 apud
880 3517 1077 3576 Deum;
1105 3508 1194 3580 qui
1222 3504 1502 3563 faciebant,
1539 3515 1606 3553 an
1631 3497 1719 3568 qui
1752 3510 1861 3549 non

271 3591 582 3680 faciebant?
638 3615 829 3669 Petrus
872 3603 1146 3677 apostolus
1204 3591 1538 3652 resuscitavit
1591 3596 1861 3642 mortuum

275 3676 416 3792 (iet.
451 3729 528 3776 ix,
561 3708 650 3778 40)
673 3724 686 3771 ;
713 3704 895 3759 Simon
911 3676 1104 3765 Magos
1127 3691 1248 3746 fecit
1272 3682 1558 3755 multa(fd.
1589 3697 1700 3742 vnt,
1731 3676 1818 3749 l0)
1847 3695 1860 3732 :

275 3774 433 3866 erant
483 3804 554 3858 ibi
585 3798 796 3869 quidam
828 3787 1101 3847 christiani
1135 3784 1222 3855 qui
1247 3797 1351 3836 non
1380 3784 1625 3849 poterant
1654 3774 1827 3826 facere
1848 3811 1864 3836 ,

404 3893 548 3966 quod
581 3863 801 3944 faciebat
827 3884 1017 3938 Petrus
1037 3921 1050 3943 ,
1083 3890 1183 3930 nec
1211 3869 1350 3942 quod
1382 3867 1604 3922 faciebat
1647 3863 1864 3924 Simon;

277 3992 371 4046 sed
391 3955 534 4043 unde
555 3975 888 4054 gaudebant?
905 3973 1036 4040 Quia
1064 3967 1274 4024 nomina
1292 3977 1474 4019 eorum
1499 3965 1649 4014 erant
1674 3955 1867 4023 scripta

279 4085 336 4139 in
383 4047 585 4135 creto.“
603 4074 734 4129 Nam
779 4078 833 4124 et
873 4061 1216 4122 redeuntibus
1267 4052 1573 4123 discipulis,
1617 4047 1870 4103 Dominus

283 4185 474 4230 noster
499 4169 656 4225 Jesus
684 4163 926 4219 Christus
952 4163 1167 4226 propter
1195 4149 1352 4203 (idem
1382 4145 1617 4215 gentium
1642 4140 1740 4193 hoc
1766 4138 1860 4190 ait.

285 4229 554 4320 Dixerunt
573 4257 713 4312 enim
740 4249 1026 4323 gloriantes
1051 4242 1152 4314 ipsi
1175 4235 1440 4306 discipuli,
1462 4233 1611 4298 Ecce,
1636 4229 1869 4294 Domine,

287 4357 342 4410 in
370 4351 578 4407 nomine
605 4357 688 4401 tuo
711 4321 859 4397 etiam
880 4331 1296 4405 dtemonia'nobis
1321 4328 1543 4397 subjecta
1568 4331 1705 4376 sunt.
1733 4321 1876 4374 Bene

288 4446 509 4518 quidem
553 4435 783 4495 confessi
831 4441 985 4495 sunt,
1015 4425 1317 4482 detulerunt
1372 4420 1629 4472 honorem
1674 4411 1874 4467 nomini

293 4505 539 4600 Christi;
568 4541 622 4588 ει
651 4539 825 4585 tamen
857 4521 981 4596 quid
1005 4524 1076 4574 ait
1102 4516 1216 4572 eis?
1249 4513 1425 4568 Nolite
1449 4512 1500 4565 in
1529 4509 1621 4562 hoc
1646 4505 1878 4578 gloriari,

245 4623 252 4628 ’
293 4631 417 4701 quia
446 4598 699 4681 daemonia
736 4619 872 4673 nobis
915 4614 1136 4683 subjecta
1182 4615 1329 4671 sunt;
1358 4604 1446 4659 sed
1487 4601 1733 4673 gaudete,
1764 4598 1884 4666 quia

297 4688 507 4776 nomina
529 4724 692 4771 vestra
716 4710 905 4779 scripta
925 4702 1115 4760 suntin
1140 4699 1262 4754 caelo
1290 4694 1436 4770 (Luc.
1465 4710 1520 4759 ιι,
1555 4690 1760 4760 ιτ-εο).
1786 4688 1887 4742 Ρε-

299 4824 416 4870 trus
465 4804 728 4864 dtcmonia
777 4797 1038 4860 exclusit;
1070 4791 1249 4847 nescio
1275 4802 1392 4857 quae
1440 4783 1645 4838 anicula
1693 4779 1884 4846 vidua,

302 4903 491 4961 nescio
519 4898 639 4969 quis
678 4895 839 4949 homo
867 4887 1265 4960 qualiscumque
1293 4880 1457 4934 laicus
1484 4877 1687 4937 habens
1711 4872 1888 4928 chari-

306 5006 472 5051 tatem
498 5033 514 5060 ,
539 4964 732 5044 tenens
761 4981 1120 5052 integritatem
1152 4973 1296 5039 lidei,
1324 4987 1426 5024 non
1459 4968 1581 5022 facit
1611 4966 1710 5020 hoc
1741 4982 1753 5017 :
1789 4964 1889 5018 Pc—

308 5097 425 5142 trus
468 5058 522 5139 in
552 5091 776 5148 corpore
820 5073 1006 5129 oculus
1047 5075 1164 5134 est,
1194 5066 1283 5120 ille
1313 5065 1368 5118 in
1410 5077 1632 5130 corpore
1660 5058 1890 5129 digitus;

311 5179 366 5234 in
416 5190 484 5232 eo
533 5181 711 5231 tamen
773 5177 998 5235 corpore
1027 5166 1139 5224 est,
1175 5159 1225 5211 in
1271 5171 1377 5226 quo
1426 5162 1480 5208 et
1524 5152 1824 5213 Petrus;ct
1850 5148 1894 5202 si

313 5271 493 5324 minus
522 5263 664 5319 valet
688 5258 884 5328 digitus
907 5266 1065 5323 quam
1092 5247 1306 5309 oculus,
1335 5259 1438 5299 non
1461 5251 1540 5298 est
1563 5253 1734 5297 tamen
1763 5257 1899 5311 prac-

318 5361 464 5415 cisus
488 5372 519 5411 a
546 5364 792 5421 corpore.
839 5345 1024 5400 Melius
1065 5349 1145 5396 est
1191 5353 1310 5394 esse
1355 5335 1575 5406 digitum
1615 5341 1816 5388 etesse
1845 5332 1899 5385 in

265 5477 269 5479 >
318 5463 568 5521 corpore,
594 5458 754 5515 quam
782 5453 899 5494 esse
923 5435 1138 5491 oculum
1165 5441 1217 5488 et
1244 5429 1396 5485 evelli
1422 5429 1490 5483 de
1514 5440 1758 5496 corpore.

393 5518 482 5597 1-8.
521 5533 790 5598 Proinde,
823 5529 1011 5584 fratres
1036 5525 1169 5588 mei,
1202 5537 1358 5578 nemo
1400 5536 1495 5576 vos
1534 5518 1714 5581 fallat,
1745 5531 1904 5572 nemo

324 5629 674 5690 vosscducat
696 5643 709 5678 :
733 5630 906 5678 amate
927 5634 1109 5690 pacem
1131 5614 1346 5679 Christi,
1372 5612 1460 5682 qui
1488 5625 1583 5680 pro
1607 5608 1756 5663 vobis
1781 5624 1906 5662 cru-

327 5727 515 5781 cilixus
539 5729 654 5784 est,
685 5730 806 5771 cum
846 5713 988 5768 Deus
1026 5717 1186 5765 esset.
1219 5705 1419 5761 Paulus
1444 5703 1599 5768 dicit,
1627 5700 1800 5769 Neque
1823 5702 1908 5770 qui

329 5821 528 5880 plantat
556 5822 628 5868 est
657 5808 848 5880 aliquid
867 5847 883 5878 ,
908 5819 1063 5876 neque
1090 5803 1174 5860 aui
1201 5801 1331 5871 rigat
1347 5842 1365 5868 ,,
1396 5797 1482 5851 sed
1519 5794 1604 5864 qui
1630 5793 1905 5848 incremen-

1400 353 1810 418 TR.\CTATUS
1846 349 1988 410 XIV.
2044 347 2270 406 CAPUT
2308 345 2396 403 111.

3365 341 3502 400 1503

1919 472 2034 516 tum
2055 461 2140 515 dat
2169 459 2308 515 Deus
2332 457 2373 529 (1
2397 456 2512 511 Cor.
2543 472 2620 522 tu,
2636 454 2715 529 7).
2736 456 2803 511 Et
2821 455 3094 526 quisquam
3113 463 3350 510 nostrum
3371 454 3502 510 dicit

1926 553 2048 624 quia
2076 549 2274 622 aliquid
2303 549 2417 606 est?
2440 549 2495 603 Si
2520 548 2810 602 dixerimus
2838 547 2959 618 quia
2988 545 3182 616 aliquid
3212 560 3416 611 sumus,
3450 553 3507 601 et

1927 658 2034 698 non
2086 642 2161 697 illi
2210 641 2431 712 gloriam
2481 639 2812 704 dederimus,
2861 637 3085 692 adulteri
3133 651 3350 702 sumus;
3405 651 3504 692 nos

1927 732 2094 786 amari
2119 731 2386 794 volumus,
2417 745 2520 785 non
2543 744 2820 800 sponsum.
2849 728 2953 784 Vos
2975 727 3243 784 Christum
3271 727 3501 798 diligite,

1925 832 1982 878 et
2011 837 2108 877 nos
2132 822 2184 876 in
2215 821 2304 874 illo
2324 860 2339 886 ,
2372 820 2426 874 in
2452 834 2557 889 quo
2589 829 2644 874 et
2670 834 2766 874 vos
2803 834 2833 872 a
2865 818 3018 873 nobis
3038 817 3332 888 diligimini.
3365 816 3507 872 Invi-

1928 929 2044 968 cem
2088 927 2147 967 se
2184 911 2404 981 diligant
2434 909 2670 963 ntembra
2692 950 2706 974 ,
2740 908 2834 964 sed
2866 909 3045 963 omnia
3083 909 3183 964 sub
3228 901 3401 977 capite
3425 907 3507 962 vi-

1928 1012 2074 1058 vant.
2105 1002 2296 1056 Dolore
2324 999 2560 1070 quidem,
2595 998 2784 1053 fratres
2811 999 2934 1065 mei,
2964 998 3125 1052 multa
3152 1007 3367 1053 coactus
3390 1011 3508 1052 sum

1930 1093 2142 1157 dicere,
2170 1099 2224 1146 ει
2264 1105 2426 1160 parva
2454 1089 2599 1143 dixi:
2627 1088 2907 1143 lectionem
2957 1088 3109 1143 finire
3154 1103 3257 1142 non
3289 1087 3435 1157 potui
3465 1088 3507 1153 ⁸,

1931 1182 2102 1242 aderit
2149 1182 2403 1236 Dominus
2446 1187 2505 1233 ut
2549 1187 2846 1249 opportune
2893 1178 3124 1233 finiatur.
3169 1177 3325 1233 Nolui
3367 1178 3510 1232 enim

1931 1275 2161 1344 amplius
2185 1286 2414 1330 onerare
2433 1269 2594 1327 corda
2621 1280 2817 1333 vestra,
2847 1285 2964 1340 qua:
2984 1270 3105 1324 volo
3129 1284 3320 1325 vacare
3344 1268 3512 1339 gemi-

1935 1367 2104 1432 tibus,
2135 1374 2188 1420 et
2213 1362 2540 1420 orationibus
2568 1376 2666 1432 pro
2696 1361 2776 1416 his
2805 1362 2896 1431 qui
2921 1361 3092 1416 adhuc
3121 1360 3265 1417 surdi
3293 1368 3436 1429 sunt,
3459 1367 3514 1415 et

1933 1474 2040 1514 non
2070 1456 2388 1527 intelligunt.

2431 1563 2840 1622 TRACTATUS
2875 1562 3017 1621 XIV.

1935 1683 2011 1738 Ab
2037 1700 2093 1738 eo
2115 1681 2377 1754 Evangelii
2397 1681 2527 1745 loco,
2558 1678 2669 1732 lloc
2689 1692 2816 1747 ergo
2843 1675 3091 1747 gaudium
3123 1689 3300 1729 meum
3320 1673 3514 1743 imple-

2009 1786 2117 1830 tum
2137 1785 2240 1838 est,
2265 1783 2382 1838 elc.,
2413 1788 2566 1841 usque
2585 1769 2743 1835 adid,
2776 1769 2875 1836 Qui
2900 1777 3076 1822 autem
3101 1765 3401 1821 incredulus
3438 1772 3523 1819 est

2010 1868 2168 1933 Filio,
2201 1880 2304 1938 non
2334 1863 2534 1918 videbit
2561 1863 2745 1923 vitam,
2789 1859 2882 1916 sed
2921 1859 3000 1914 ira
3037 1858 3127 1914 Dei
3157 1865 3336 1912 manet
3363 1870 3524 1926 super

2008 1975 2152 2015 cum.
2181 1957 2310 2027 Cap.
2343 1972 2419 2021 ιιι,
2461 1953 2746 2025 Ῡ.29-ρ56.

2012 2073 2066 2127 1.
2105 2069 2286 2126 Lectio
2334 2067 2434 2121 ista
2481 2064 2549 2119 de
2591 2071 2776 2119 sancto
2820 2059 3110 2130 Evangelio
3155 2056 3526 2114 excellentiam

1942 2160 2238 2219 divinitatis
2260 2157 2471 2212 Domini
2495 2154 2662 2210 nostri
2684 2153 2810 2208 Jesu
2838 2151 3069 2217 Christi,
3101 2158 3155 2204 et
3179 2147 3525 2209 humilitatem

1943 2252 2174 2310 hominis
2198 2249 2288 2322 qui
2311 2247 2508 2304 meruit
2531 2246 2636 2302 dici
2659 2245 2864 2300 amicus
2890 2242 3108 2311 sponsi,
3135 2255 3234 2294 nos
3261 2237 3447 2304 docet;
3471 2246 3531 2293 ut

1945 2345 2332 2415 distinguamus
2360 2339 2486 2410 quid
2514 2337 2731 2392 intersit
2754 2335 2892 2390 inter
2922 2333 3188 2388 hominem
3219 2329 3489 2383 hominem
3513 2367 3530 2392 ,

1948 2448 2000 2496 et
2025 2437 2298 2495 hominem
2325 2433 2512 2488 Deum.
2540 2429 2673 2496 Quia
2704 2426 2865 2482 homo
2895 2426 3032 2479 Deus
3069 2421 3322 2478 Dominus
3351 2427 3535 2474 noster

1947 2527 2102 2586 Jcsus
2129 2525 2370 2581 Christus
2390 2563 2405 2588 ,
2441 2521 2580 2574 Deus
2605 2527 2730 2572 ante
2758 2515 2936 2570 omnia
2963 2513 3154 2568 saecula
3174 2552 3190 2578 ,
3219 2520 3274 2566 et
3299 2499 3462 2564 homo
3482 2507 3536 2562 in

1951 2627 2137 2677 nostro
2182 2615 2380 2671 saeculo
2413 2632 2426 2668 :
2456 2613 2598 2667 Deus
2643 2609 2712 2664 de
2757 2607 2911 2664 Patre
2935 2647 2950 2671 ,
2982 2605 3143 2660 homo
3189 2603 3256 2659 de
3283 2601 3536 2672 Virgine,

1953 2693 2092 2765 unus
2133 2716 2310 2762 tamen
2355 2712 2514 2772 atque
2554 2701 2692 2754 idem
2727 2699 2983 2754 Dominus
3024 2705 3077 2750 et
3113 2694 3343 2749 salvator
3384 2691 3540 2748 Jesus

1953 2801 2226 2861 Christus,
2257 2795 2421 2850 Filius
2469 2793 2593 2858 Dei,
2625 2791 2767 2845 Deus
2811 2797 2867 2843 et
2909 2788 3090 2842 homo.
3135 2785 3368 2840 Joannes
3408 2797 3540 2838 vero

1957 2887 2269 2946 excellentis
2299 2886 2482 2956 gratiae
2512 2883 2706 2937 missus
2731 2889 2855 2934 ante
2880 2880 3087 2948 ipsum;
3121 2876 3448 2931 illuminatus
3474 2873 3543 2929 ab

1961 2981 2052 3036 illo
2075 2978 2164 3048 qui
2195 2978 2373 3031 lumen
2403 2983 2505 3028 est.
2543 2974 2618 3028 De
2641 2971 2847 3027 Joanne
2874 2969 3016 3024 enim
3050 2967 3247 3022 dictum
3274 2974 3390 3030 est,
3421 2963 3544 3018 Non

1958 3079 2064 3126 erat
2094 3068 2179 3122 ille
2201 3067 2388 3129 lumen,
2412 3063 2500 3117 sed
2524 3070 2576 3116 ut
2598 3061 2935 3115 testimonium
2962 3058 3237 3130 perhiberet
3267 3056 3330 3109 de
3353 3054 3544 3108 lumine

1961 3160 2136 3231 (Joan.
2171 3173 2206 3221 ι,
2235 3154 2312 3227 8).
2343 3154 2526 3208 Potest
2549 3150 2761 3222 quidem
2789 3148 2895 3203 dici
2926 3148 3103 3202 lumen
3127 3188 3140 3211 ,
3171 3155 3224 3200 et
3250 3145 3386 3200 bene
3411 3143 3547 3198 dici-

1965 3260 2049 3305 tur
2079 3257 2132 3304 et
2156 3248 2268 3317 ipse
2292 3247 2506 3309 lumen;
2541 3241 2637 3297 sed
2665 3240 3017 3299 illuminatum
3037 3277 3052 3303 ,
3085 3253 3189 3292 non
3219 3234 3547 3290 illuminans.

1963 3339 2120 3397 Aliud
2150 3346 2233 3394 est
2261 3335 2404 3394 enim
2434 3335 2611 3389 lumen
2637 3331 2779 3403 quod
2802 3329 3096 3395 illuminat,
3126 3336 3181 3381 et
3205 3325 3347 3380 aliud
3367 3325 3550 3380 lumen

1967 3433 2109 3504 quod
2140 3429 2470 3484 illuminatur
2498 3444 2511 3480 :
2542 3439 2662 3479 nam
2691 3431 2746 3478 ει
2773 3421 2914 3477 oculi
2942 3420 3112 3475 nostri
3140 3418 3337 3472 lumina
3365 3415 3554 3472 dicun-

1966 3533 2072 3589 tur,
2099 3531 2154 3578 et
2183 3530 2356 3578 tamen
2394 3520 2446 3572 in
2478 3517 2714 3572 tenebris
2745 3523 2962 3585 patent,
2990 3521 3044 3566 ct
3070 3528 3174 3565 non
3205 3510 3407 3565 vident.
3439 3508 3552 3564 Lu-

1967 3630 2090 3670 men
2136 3622 2313 3680 antctn
2344 3609 2649 3667 illuminans
2704 3620 2734 3659 a
2775 3605 2952 3674 seipse
2984 3603 3159 3656 lumen
3207 3610 3398 3665 est,et
3447 3599 3551 3654 sibi

1971 3706 2148 3760 lumen
2177 3710 2296 3767 εει,
2323 3707 2374 3755 ει
2402 3714 2507 3753 non
2532 3697 2730 3766 indiget
2767 3695 2872 3748 alio
2900 3693 3100 3747 lumine
3126 3701 3184 3745 ut
3207 3691 3386 3745 lucere
3426 3703 3553 3759 pos-

1971 3799 2070 3862 sit,
2103 3794 2196 3850 scd
2227 3794 2342 3862 ipso
2372 3789 2606 3858 indigent
2630 3795 2820 3841 caetera
2850 3793 2906 3839 ut
2934 3784 3165 3837 luceant.

2043 3888 2098 3942 2.
2141 3883 2426 3940 Confessus
2447 3889 2530 3954 est
2551 3894 2675 3948 ergo
2703 3878 2935 3932 Joannes
2957 3917 2972 3941 ,
3003 3877 3139 3930 sicut
3168 3873 3410 3938 audistis,
3432 3873 3558 3944 quia

1975 3995 2097 4035 cum
2123 3974 2415 4044 discipulos
2441 3971 2641 4025 multos
2685 3970 2886 4023 faceret
2914 3966 3102 4031 Jesus,
3134 3975 3190 4020 et
3235 3964 3560 4032 perferretur

1977 4069 2043 4124 ad
2074 4082 2197 4122 eum
2221 4063 2382 4120 veluti
2407 4069 2466 4116 ut
2493 4059 2860 4129 instigaretur;
2889 4056 3038 4126 quasi
3068 4054 3248 4109 invido
3275 4053 3415 4109 enim
3439 4069 3563 4108 nar-

1980 4167 2234 4215 raverunt
2253 4197 2268 4222 ,
2298 4155 2434 4210 Ecce
2462 4152 2553 4206 ille
2594 4150 2719 4204 facit
2763 4148 2944 4218 plures
2971 4146 3262 4216 discipulos
3286 4160 3440 4214 quam
3467 4154 3558 4199 tu:

1984 4251 2074 4305 ille
2099 4245 2374 4302 confessus
2400 4251 2480 4298 est
2505 4240 2630 4311 quid
2659 4246 2830 4304 esset,
2855 4247 2909 4292 ει
2928 4235 3050 4290 inde
3079 4237 3271 4290 meruit
3295 4236 3360 4290 ad
3391 4235 3566 4304 ipsum

1982 4341 2253 4413 pertinere
2271 4379 2285 4403 ,
2317 4336 2434 4406 quia
2464 4348 2570 4388 non
2606 4340 2688 4386 est
2711 4344 2871 4384 ausus
2892 4343 2950 4383 se
2971 4327 3148 4382 dicere
3175 4325 3315 4396 quod
3341 4336 3423 4382 est
3449 4325 3561 4380 ille.

1985 4433 2099 4486 lloc
2126 4443 2252 4498 ergo
2278 4426 2411 4480 dixit
2435 4423 2669 4478 Joannes
2687 4463 2702 4488 ,
2743 4438 2761 4471 ‹
2795 4419 2910 4473 Νοιι
2937 4425 3108 4487 potest
3136 4417 3297 4471 homo
3321 4416 3567 4486 accipere

1987 4519 2297 4591 quidquam,
2320 4514 2419 4568 nisi
2445 4514 2624 4567 datum
2655 4510 2731 4564 illi
2761 4509 2918 4563 fuerit
2938 4507 3004 4562 de
3023 4508 3179 4562 cmlo.
3205 4525 3224 4558 ι
3252 4506 3392 4575 Ergo
3411 4505 3568 4562 Cltri-

1987 4623 2100 4670 stus
2116 4613 2226 4679 dat,
2246 4611 2405 4665 homo
2421 4608 2626 4676 accipit.
2651 4624 2668 4656 ‹
2689 4603 2791 4673 1ρεὶ
2812 4617 2907 4656 vos
2927 4600 3055 4655 mihi
3073 4601 3428 4654 testimonium
3448 4615 3571 4670 per-

1990 4704 2185 4762 hibetis
2214 4701 2354 4772 quod
2399 4699 2658 4761 dixerim,
2694 4695 2805 4764 Ego
2855 4707 2959 4746 non
3007 4707 3124 4746 sum
3172 4690 3444 4756 Christus,
3477 4688 3570 4746 sed

1991 4795 2113 4866 quia
2155 4794 2350 4848 missus
2376 4805 2494 4846 sum
2539 4797 2663 4842 ante
2712 4786 2883 4841 illum.
2934 4783 3034 4849 Qui
3080 4783 3238 4837 habet
3284 4797 3570 4851 sponsam,

1994 4900 2222 4956 sponsus
2249 4891 2332 4939 est
2357 4900 2370 4936 :
2399 4883 2602 4936 amicus
2628 4887 2808 4932 autem
2834 4875 3012 4945 sponsi
3036 4916 3051 4940 ,
3084 4875 3173 4944 qui
3217 4882 3320 4928 stat
3349 4883 3402 4927 et
3428 4872 3576 4926 audit

1997 4995 2118 5034 eum
2140 5019 2157 5045 ,
2185 4977 2374 5049 gaudio
2399 4973 2593 5045 gaudet
2620 4979 2837 5041 propter
2860 4983 3043 5023 vocem
3069 4967 3248 5037 sponsi
3273 4985 3306 5019 ι»
3340 4964 3448 5035 (ια.
3481 4979 3572 5027 ιιι,

1997 5069 2207 5140 26-29).
2237 5067 2351 5123 Non
2376 5065 2475 5121 sibi
2500 5063 2751 5134 gaudium
2779 5060 2905 5116 fecit
2939 5058 3008 5114 de
3043 5075 3120 5113 se.
3153 5057 3253 5123 Qui
3295 5054 3437 5111 enim
3463 5053 3578 5109 vult

2001 5163 2235 5236 gaudere
2261 5160 2329 5216 de
2371 5174 2457 5222 se,
2488 5156 2651 5210 tristis
2697 5152 2949 5222 erit:qui
2993 5159 3168 5205 autem
3199 5149 3266 5204 de
3312 5147 3422 5202 Deo
3467 5147 3579 5203 vult

2003 5254 2266 5327 gaudere,
2298 5263 2509 5318 semper
2551 5243 2835 5317 gaudebit;
2879 5245 3002 5311 quia
3045 5241 3181 5294 Deus
3225 5238 3581 5306 sempiternus

2005 5359 2106 5406 est.
2133 5347 2226 5402 Vis
2250 5343 2446 5400 habere
2464 5339 2710 5412 gaudium
2732 5332 3146 5405 sempiternum?
3173 5331 3380 5385 lnhtere
3400 5330 3474 5384 illi
3491 5330 3584 5400 qui

2007 5438 2370 5510 sempiternus
2393 5441 2494 5488 est.
2522 5431 2706 5486 Talem
2736 5443 2795 5482 se
2822 5426 2952 5480 dixit
2971 5423 3222 5480 Joannes.
3246 5421 3466 5492 Propter
3491 5437 3584 5476 oo-

2010 5546 2118 5597 cent
2166 5525 2341 5598 sponsi
2387 5521 2572 5595 gaudet
2619 5520 2812 5574 amicus
2855 5515 3060 5587 sponsi,
3088 5514 3192 5582 ait,
3219 5529 3324 5569 non
3373 5523 3591 5584 propter

2012 5638 2197 5681 vocem
2219 5635 2370 5675 suam
2394 5635 2409 5672 :
2433 5626 2487 5673 et
2511 5623 2642 5682 stat,
2662 5622 2710 5667 et
2729 5610 2872 5664 audit
2904 5625 3038 5664 eum.
3063 5608 3117 5663 Si
3147 5622 3273 5678 ergo
3297 5607 3460 5673 cadit,
3484 5623 3590 5663 non

2016 5738 2314 5862 ne;
2340 5739 2394 5784 Αι
2415 5731 2551 5792 editi,
2573 5733 2620 5780 et
2641 5739 2797 5794 pauca
2826 5723 2974 5778 dixi:
3004 5722 3249 5776 lectionem
3275 5730 3432 5774 tamen
3458 5719 3597 5780 inire
