4082 6522
575 371 716 427 1503

573 483 721 552 audit
744 495 865 539 eum
891 478 994 535 εγὼ
1019 477 1114 536 illo
1139 475 1280 535 enim
1305 473 1532 546 quodam
1562 472 1650 543 qui
1687 471 1913 537 cecidit,
1941 469 2140 525 dictum

573 583 677 637 est,
698 570 765 625 Et
786 574 838 625 in
858 571 1059 625 veritate
1082 585 1183 628 non
1203 567 1332 622 stetit
1361 564 1536 635 (Joan.
1562 579 1668 626 vnt,
1686 563 1816 634 44).;
1843 560 1911 616 de
1930 560 2141 615 diabolo

573 663 780 728 dictum
799 672 911 731 est.
931 663 1068 730 Ergo
1088 670 1228 715 stare
1255 659 1413 714 debet
1437 656 1638 710 amicus
1658 655 1837 724 sponsi
1863 663 1917 710 et
1937 653 2145 707 audire.

572 755 717 824 Quid
737 763 822 814 est.
845 754 1020 812 stare?
1048 754 1364 808 Permanere
1388 748 1441 803 in
1470 747 1638 817 gratia
1663 746 1778 816 ejus
1802 749 2144 815 quam'acce-

575 850 670 918 pit.
703 848 768 908 Et
793 846 940 901 audit
958 859 1139 900 vocem
1170 843 1236 896 ad
1262 855 1418 910 quam
1455 838 1700 910 gaudeat.
1725 837 1826 892 Sic.
1845 846 1960 891 erat
1981 833 2146 889 Joanv-

574 953 670 996 nes
693 953 712 990 :
735 943 953 991 noverat
979 933 1116 989 unde
1134 931 1425 1003 gaudebat,
1446 944 1552 984 non
1577 927 1678 984 sibi
1703 925 1982 996 arrogabat
2003 922 2146 994 quod

575 1029 689 1098 ipse
709 1043 813 1082 non
841 1036 952 1082 erat
973 1041 987 1090 ;
1010 1024 1210 1079 sciebat
1233 1021 1584 1076 illuminatum
1623 1034 1684 1074 se
1703 1059 1717 1082 ,
1745 1031 1852 1071 non
1881 1015 2147 1070 illumina-

575 1131 765 1179 tonem.
793 1118 916 1172 Erat
941 1124 1106 1169 autem
1137 1113 1302 1166 lumen
1321 1127 1510 1178 verum,
1530 1110 1603 1164 ait
1625 1107 1959 1176 Evangelista
1973 1146 1989 1170 ,
2011 1102 2148 1174 quod

574 1213 825 1267 illuminat
849 1224 1046 1264 omnem
1083 1206 1334 1260 hominem
1369 1203 1641 1258 venientem
1669 1200 1722 1254 in
1751 1195 2146 1252 huncmundum

578 1303 686 1375 (Id.
719 1320 768 1369 ι,
799 1302 878 1370 9).
910 1301 964 1356 Si
994 1315 1120 1368 ergo
1146 1312 1358 1352 omnem
1383 1295 1682 1358 hominem,
1713 1302 1767 1347 et
1788 1291 1957 1361 ipsum
1983 1288 2146 1370 Joan-

573 1409 731 1458 nem;
763 1392 883 1462 quia
929 1398 983 1444 et
1026 1390 1138 1458 ipse
1177 1387 1245 1442 de
1285 1385 1606 1451 hominibus.
1656 1382 1862 1437 Etenim
1907 1378 2147 1450 quamvis

573 1496 730 1536 nemo
759 1478 1121 1534 exsurrexerit
1160 1476 1328 1545 major
1354 1473 1557 1529 Joanne
1601 1472 1653 1526 in
1697 1472 1834 1525 natis
1863 1468 2144 1522 mulierum

576 1569 786 1641 (Matth.
819 1567 1046 1637 x1,ll),
1081 1581 1216 1628 unus
1260 1574 1434 1622 tamen
1474 1571 1535 1619 et
1574 1562 1686 1631 ipse
1712 1576 1775 1614 ex
1815 1559 1897 1613 his
1922 1558 2010 1628 qui
2039 1555 2148 1611 nati

571 1671 698 1718 sunt
723 1678 785 1717 ex
814 1660 1146 1732 mulieribus.
1174 1655 1435 1726 Numquid
1456 1651 1840 1725 comparandus
1861 1659 1942 1705 est
1965 1649 2012 1704 ei
2034 1647 2144 1718 qui,

571 1753 691 1827 quia
721 1752 916 1816 voluit,
947 1759 1101 1804 natus
1141 1757 1254 1812 cst;
1277 1756 1330 1803 et
1359 1746 1476 1800 ideo
1519 1759 1655 1798 novo
1683 1751 1866 1813 partu,
1897 1739 2016 1810 quia
2047 1752 2147 1792 no—

571 1859 671 1897 vus
707 1841 893 1898 natus?
922 1840 1108 1914 Ambae
1151 1840 1292 1912 enim
1336 1836 1706 1907 generationes
1749 1832 1955 1887 Domini
1985 1830 2148 1889 inusi-

573 1942 696 1988 tata:
743 1940 898 1997 sunt,
928 1939 981 1985 ct
1007 1930 1179 1985 divina
1225 1938 1280 1983 et
1322 1925 1787 1997 humapatdivina
1836 1938 1940 1984 non
1989 1920 2150 1975 habet

572 2035 830 2091 matrem,
865 2024 1093 2078 humana
1124 2036 1245 2095 non
1277 2019 1435 2074 habet
1480 2026 1702 2087 patrem.
1737 2015 1877 2091 Ergo
1915 2029 2052 2080 unus
2081 2012 2150 2067 de

572 2114 784 2170 ctcteris
813 2113 1048 2169 Joannes
1067 2154 1082 2177 ,
1111 2110 1204 2166 sed
1231 2119 1404 2163 tamen
1438 2106 1652 2176 majoris
1671 2105 1852 2174 gratim
1871 2145 1885 2170 ,
1917 2103 1986 2156 ita
2013 2111 2069 2155 ut
2093 2101 2148 2156 in

571 2207 711 2260 natis
739 2205 1016 2259 mulierum
1044 2217 1200 2256 nemo
1242 2206 1550 2269 exsurgeret
1579 2196 1748 2265 major
1791 2196 1915 2260 illo,
1949 2202 2147 2248 Lautam

572 2295 993 2352 testiﬁcationem
1016 2292 1197 2348 tribuit
1224 2291 1446 2346 Domino
1477 2299 1658 2344 nostro
1686 2287 1811 2344 Jesu
1836 2286 2068 2350 Christo,
2092 2293 2149 2339 ut

572 2386 723 2444 illum
751 2386 891 2442 dicat
915 2398 1165 2454 sponsum
1184 2424 1198 2450 ,
1220 2397 1286 2438 se.
1306 2382 1532 2436 amicum
1562 2381 1741 2450 SpOttSi
1758 2421 1772 2446 ,
1797 2393 1903 2433 non
1930 2378 2148 2446 dignum

573 2487 750 2535 tamen
780 2477 988 2532 solvere
1016 2473 1293 2543 corrigiam
1317 2470 1659 2528 calceamenti
1681 2471 1864 2539 ipsius.
1895 2469 2028 2522 llinc
2051 2482 2150 2520 au-

572 2571 705 2627 divit
727 2569 838 2642 jam
867 2567 1032 2623 multa
1077 2565 1318 2636 Charitas
1365 2573 1539 2619 vestra
1569 2581 1581 2616 :
1611 2561 1770 2634 quod
1794 2561 2033 2630 sequitur
2072 2558 2153 2613 vi-

574 2650 796 2717 deamus
815 2658 1181 2733 ;.ali_quantnm
1205 2655 1346 2710 enim
1393 2654 1619 2724 spissum
1648 2661 1732 2707 est
1749 2651 1814 2706 ad
1850 2650 2150 2720 intelligam

575 2753 722 2809 dum.
765 2750 871 2807 Sed
897 2749 1143 2820 quoniam
1174 2747 1301 2802 dicit
1334 2747 1446 2816 ipse
1474 2745 1708 2801 Joannes
1730 2785 1743 2806 ,
1772 2743 1889 2820 quia
1920 2759 2019 2795 non
2054 2757 2150 2811 ρο-

577 2851 668 2898 test
692 2841 838 2895 homo
863 2840 1087 2910 accipere
1116 2837 1416 2909 quidquam,
1441 2836 1541 2889 nisi
1582 2835 1752 2889 datum
1793 2835 1870 2888 illi
1914 2833 2063 2902 fuerit
2091 2832 2154 2886 de

577 2933 738 2996 caelo;
763 2930 1014 3001 quidquid
1042 2944 1145 2984 non
1174 2928 1622 2992 intellexerimus,
1649 2941 1894 2996 rogemus
1915 2941 2034 2980 eum
2063 2925 2151 2995 qui

578 3024 670 3078 dat
698 3022 765 3078 de
807 3022 980 3077 caelo:
1010 3022 1130 3091 quia
1181 3019 1422 3073 homines
1465 3031 1680 3082 sumus,
1712 3027 1764 3071 et
1812 3031 1916 3070 non
1966 3030 2154 3086 possu-

579 3127 699 3166 mus
743 3111 986 3180 accipcre
1013 3109 1296 3180 quidquam
1317 3150 1331 3174 ,
1365 3108 1464 3162 nisi
1508 3107 1598 3161 ille
1627 3106 1834 3161 dederit
1859 3107 1949 3176 qui
1994 3108 2153 3162 homo

578 3217 684 3256 non
715 3209 818 3255 est.

648 3295 703 3349 '5.
745 3293 857 3347 Hoc
892 3304 1018 3360 ergo
1044 3289 1300 3367 sequitur,
1334 3297 1388 3344 et
1429 3288 1556 3344 dicit
1579 3288 1842 3358 Joannes,
1875 3286 1988 3341 Hoc
2036 3302 2154 3367 ergo

579 3386 820 3458 gaudium
844 3399 1006 3437 meum
1024 3366 1282 3451 impletum
1302 3391 1390 3436 est.
1413 3380 1564 3448 Quod
1585 3389 1664 3435 est
1684 3379 1930 3449 gaudium
1952 3363 2155 3446 ipsius?

582 3478 652 3534 Ut
691 3475 918 3548 gaudeat
959 3475 1044 3545 ad,
1068 3488 1253 3529 vocem
1283 3472 1486 3542 sponsi.
1525 3471 1799 3541 lmpletum
1829 3478 1911 3526 est
1953 3471 2003 3524 in
2037 3485 2152 3536 me,

582 3569 750 3624 habeo
774 3569 992 3638 gratiam
1040 3582 1212 3621 meam
1234 3565 1392 3641 ,‘plns
1436 3563 1563 3618 mihi
1593 3579 1699 3618 non
1718 3578 1975 3630 assumo,
2006 3579 2074 3617 ne
2102 3573 2158 3618 et

582 3658 736 3729 quod
755 3657 932 3726 accepi
963 3656 1220 3710 amittam.
1246 3655 1501 3722 Quod-est
1527 3655 1626 3708 hoc
1650 3653 1932 3724 gaudium?
1958 3652 2156 3708 Gaudio

577 3750 766 3821 gaudet
795 3733 996 3819 propter
1025 3763 1190 3800 vocem
1215 3745 1405 3816 sponsi.
1433 3735 1696 3814 lntelligat
1723 3758 1850 3814 ergo
1871 3743 2029 3798 homo
2051 3760 2157 3798 non

581 3854 643 3895 se
670 3839 900 3910 gaudere
925 3837 1122 3892 debere
1150 3837 1217 3891 de
1243 3835 1501 3905 sapientia
1529 3850 1622 3889 sua
1644 3875 1658 3899 ,
1687 3834 1779 3889 sed
1808 3834 1875 3889 de
1899 3834 2156 3910 sapientia

582 3945 741 4000 quam
769 3929 972 3998 accepit
999 3944 1028 3981 a
1061 3928 1189 3983 Deo.
1219 3927 1357 3981 Nihil
1386 3927 1501 3994 plus
1529 3934 1762 3995 quserat,
1789 3934 1838 3979 et
1866 3911 2158 3979 nonamit-

585 4022 650 4076 tit
673 4021 813 4090 quod
833 4020 1053 4074 invenit.
1073 4019 1217 4072 Multi
1239 4020 1378 4073 enim
1401 4018 1519 4072 ideo
1537 4017 1658 4071 facti
1680 4025 1801 4070 sunt
1827 4017 2156 4086 insipientes,

585 4111 713 4180 quia
739 4110 988 4164 dixerunt
1011 4123 1069 4162 se
1096 4123 1224 4162 esse
1250 4108 1535 4176 sapientes.
1565 4108 1756 4177 Arguit
1780 4108 1899 4177 illos
1927 4109 2159 4177 Aposto-

587 4200 705 4265 lus,
730 4207 786 4252 et
821 4197 947 4252 dicit
975 4196 1042 4251 de
1068 4196 1196 4266 ipsis
1224 4213 1237 4248 :
1268 4214 1286 4246 ι
1337 4196 1466 4262 Quia
1509 4197 1652 4264 quod
1698 4204 1878 4250 notum
1923 4206 2005 4251 est
2033 4197 2156 4267 Dei,

585 4288 680 4353 ait,
700 4281 1032 4342 manifestum
1054 4295 1135 4340 est
1153 4285 1254 4338 illis
1273 4302 1287 4337 :
1309 4286 1446 4340 Deus
1463 4287 1603 4340 enim
1621 4287 1724 4341 illis
1750 4283 2120 4344 manifestavit.
2135 4307 2154 4342 ι

587 4380 666 4436 De
718 4379 1035 4450 quibusdam
1083 4377 1320 4448 ingratis,
1349 4377 1544 4445 impiis,
1576 4377 1753 4433 audite
1807 4379 1931 4448 quid
1979 4380 2158 4435 dicat:

593 4488 615 4522 ι
645 4471 784 4524 Deus
807 4471 949 4525 enim
981 4469 1084 4522 illis
1113 4467 1487 4523 manifestavit.
1508 4467 1789 4523 lnvisibilia
1820 4471 1958 4525 enim
1982 4472 2160 4541 cjus,a

589 4559 1059 4616 creaturamundi
1085 4599 1098 4623 ,
1131 4575 1226 4628 per
1265 4574 1326 4613 ea
1367 4575 1483 4628 qua:
1530 4558 1665 4614 facta
1711 4569 1866 4625 sunt,
1897 4563 2160 4621 intellecta

589 4652 1009 4721 conspiciuntur;
1039 4651 1358 4720 sempiterna
1381 4666 1591 4729 quoque
1616 4652 1778 4711 virtus
1803 4653 1916 4722 ejus
1941 4669 2005 4708 ac
2030 4656 2164 4710 divi-

591 4742 748 4806 nitas,
768 4750 820 4795 nt
833 4743 937 4799 sint
956 4741 1050 4811 ipsi
1070 4741 1469 4796 inexcusabiles.
1485 4760 1503 4793 ι
1519 4741 1692 4808 Quare
1711 4761 1730 4794 ‹
1757 4743 2164 4803 inexeusabilcs?

591 4830 724 4899 Quia
745 4839 1121 4901 cognoscentes
1150 4831 1310 4885 Deum
1331 4848 1377 4896 ;›
1403 4848 1504 4886 non
1523 4833 1671 4897 dixit,
1694 4834 1816 4900 quia
1839 4850 1942 4890 non
1964 4851 2163 4907 cogno-

592 4932 815 4988 verunt;
837 4942 857 4975 ‹
883 4932 1265 4994 cognoscentes
1292 4925 1476 4987 Deum,
1495 4939 1598 4978 non
1621 4926 1757 4982 sicut
1779 4927 1941 4982 Deum
1959 4929 2162 4998 gloriﬁ-

595 5024 852 5070 caverunt
877 5024 964 5068 aut
984 5015 1178 5084 gratias
1199 5025 1450 5084 egerunt;
1477 5015 1576 5070 sed
1590 5028 1919 5072 evanuerunt
1942 5020 1991 5074 in
2022 5021 2166 5092 cogi-

594 5105 883 5161 tationibus
899 5105 1026 5170 suis,
1046 5114 1098 5159 et
1118 5105 1452 5160 obscuratum
1472 5115 1552 5160 est
1569 5105 1822 5176 insipiens
1837 5123 1930 5163 cor
1949 5126 2130 5164 eorum
2147 5129 2160 5166 :

595 5195 832 5251 dicentes
845 5194 987 5250 enim
1001 5211 1058 5249 se
1068 5209 1186 5250 esse
1197 5195 1480 5263 sapientes,
1500 5196 1644 5251 stulti
1660 5196 1780 5252 facti
1795 5207 1919 5251 sunt
1943 5218 1958 5248 ι
1987 5199 2162 5266 (Rom.

596 5287 851 5358 1,1982).
883 5287 937 5343 Si
960 5287 1098 5342 enim
1122 5286 1282 5340 Deum
1309 5295 1696 5355 cognoverant,
1724 5288 1875 5342 simul
1902 5303 2164 5357 cognove-

600 5379 722 5427 rant
772 5373 892 5442 quia
950 5390 1052 5427 non
1083 5387 1177 5427 eos
1218 5372 1415 5427 fecerat
1443 5374 1706 5442 sapientes
1733 5375 1830 5429 nisi
1863 5376 2018 5430 Deus.
2051 5375 2165 5432 Non

600 5475 728 5530 ergo
751 5462 853 5515 sibi
886 5463 1175 5517 tribuerent
1199 5462 1335 5532 quod
1363 5478 1391 5516 a
1413 5478 1470 5517 se
1497 5478 1599 5516 non
1633 5465 1916 5533 habebant,
1939 5467 2033 5520 sed
2061 5469 2109 5522 ei
2136 5483 2165 5523 a

600 5567 708 5620 quo
727 5563 1057 5621 acceperant.
1083 5552 1194 5606 Non
1217 5562 1392 5608 autem
1413 5553 1620 5623 agendo
1640 5556 1832 5624 gratias
1858 5557 2168 5627 insipientes

603 5641 727 5696 facti
756 5651 898 5694 sunt.
930 5642 1063 5712 Ergo
1090 5643 1228 5697 Dens
1258 5643 1394 5714 quod
1435 5643 1655 5700 dederat
1696 5647 1892 5714 gratis,
1917 5649 2034 5703 tulit
2083 5650 2166 5704 in-

601 5731 783 5804 gratis.
818 5730 998 5788 Noluit
1021 5745 1138 5790 esse
1176 5733 1276 5792 hoc
1298 5735 1530 5792 Joannes
1550 5776 1564 5802 ,
1593 5745 1772 5807 gratus
1799 5753 1916 5796 esse
1957 5741 2118 5798 voluit
2153 5761 2164 5797 :

1506 360 1571 416 IN
1607 355 1884 416 JOANNIS
1922 350 2390 418 EVANCELIU‘M,
2429 350 2499 414 S.
2527 347 2896 412 AUGUSTIN}

3682 343 3826 402 15οι

2253 466 2528 522 confessus
2551 477 2634 522 est
2651 466 2918 536 accepisse
2939 478 3016 529 se,
3039 471 3102 519 et.
3114 461 3343 534 gaudere
3366 477 3424 519 se
3447 461 3577 518 dixit
3600 472 3822 534 propter

2249 574 2432 613 vocem
2459 558 2673 628 sponsi,
2704 566 2758 612 et
2780 557 2885 624 ait,
2921 556 3030 610 Iloe
3057 558 3174 627 ergo
3193 557 3431 627 gaudium
3451 572 3615 610 meum
3633 555 3823 625 imple-

2253 657 2357 702 tum
2384 656 2475 702 εει.

2320 741 2373 793 4.
2414 739 2572 793 Illum
2592 746 2782 808 oportet
2804 753 3036 801 crescere,
3065 753 3144 790 me
3163 745 3327 791 autem
3354 737 3531 798 minui.
3562 737 3700 803 Quid
3731 747 3818 794 est

2250 827 2383 882 hoc?
2427 829 2573 883 Illum
2624 836 2833 898 oportet
2881 826 3122 894 exaltari,
3162 842 3258 885 me
3295 836 3482 888 autem,
3528 827 3820 892 humiliari.

2250 917 2527 985 Quomodo
2551 919 2741 973 crescit
2768 917 2959 971 Jesus?
2981 916 3246 986 quomodo
3269 918 3460 972 crescit
3489 918 3665 973 Deus?
3687 919 3822 974 Per-

2251 1008 2421 1065 fectus
2439 1025 2550 1068 non
2573 1009 2782 1064 crescit.
2807 1009 2947 1063 Dens
2973 1015 3150 1062 autem
3182 1021 3281 1062 nec
3316 1007 3536 1076 crescit,
3584 1023 3685 1066 nec
3726 1009 3827 1062 mi-

2251 1099 2448 1153 nuitur.
2474 1099 2528 1153 Si
2558 1099 2698 1154 enim
2725 1099 2938 1164 crescit,
2962 1097 3235 1168 perfectus
3255 1112 3360 1152 non
3383 1105 3466 1153 est
3495 1115 3509 1151 :
3546 1098 3590 1156 si
3631 1089 3826 1158 minui.

2253 1200 2360 1258 tur,
2400 1191 2540 1247 Deus
2573 1205 2676 1244 non
2704 1199 2804 1245 est.
2837 1188 2990 1245 Jesus
3012 1197 3188 1244 autem
3220 1189 3360 1243 Deus
3397 1188 3664 1258 quomodo
3703 1204 3826 1244 cre-

2253 1287 2390 1340 scit?
2425 1287 2489 1341 Si
2509 1286 2575 1341 ad
2599 1285 2971 1354 mtatem,quia
2996 1283 3240 1354 dignatus
3274 1291 3358 1338 est
3384 1298 3504 1338 esse
3551 1283 3828 1359 bomo,et

2253 1375 2352 1432 fuit
2377 1392 2538 1447 puer;
2570 1384 2623 1431 et
2661 1391 2780 1441 cum
2808 1376 2876 1429 sit
2901 1375 3128 1429 Verbum
3157 1373 3250 1430 Dei
3270 1415 3286 1436 ,
3315 1372 3489 1428 infans
3517 1373 3568 1427 in
3597 1374 3828 1444 praesepi

2247 1466 2435 1536 jacuit,
2461 1473 2516 1519 et
2541 1481 2660 1520 cum
2689 1465 2800 1535 ipse
2833 1473 3050 1518 matrem
3077 1479 3224 1519 suam
3255 1463 3577 1528 condiderit,
3616 1463 3699 1518 lac
3741 1464 3827 1522 in-

2251 1554 2428 1610 fantia:
2449 1555 2517 1610 de
2548 1564 2715 1610 matre
2735 1555 2912 1609 suxit:
2951 1555 3069 1624 quia
3104 1554 3270 1610 crevit
3314 1570 3440 1624 ergo
3477 1554 3632 1609 Jesus
3669 1562 3830 1610 :etate

2251 1646 2447 1709 carnis,
2480 1645 2598 1700 idco
2626 1644 2761 1700 forte
2785 1645 2982 1699 dictum
3000 1655 3102 1710 est,
3133 1643 3292 1698 Illum
3331 1653 3522 1715 oportet
3571 1661 3829 1711 crescere,

2252 1751 2332 1789 me
2352 1743 2515 1788 autem
2536 1735 2711 1788 minui.
2742 1734 2845 1790 Sed
2874 1749 3038 1804 quare
3066 1743 3119 1789 et
3149 1734 3282 1790 hoc?
3304 1734 3534 1790 Joannes
3558 1743 3609 1790 cl
3649 1734 3828 1800 Jesus,

2253 1834 2487 1906 quodad
2515 1849 2727 1890 carnem
2757 1834 3007 1904 pertinet,
3039 1833 3200 1887 coaevi
3229 1841 3380 1887 erant
3419 1849 3433 1886 :
3480 1846 3574 1888 sex
3615 1844 3832 1886 menses

2254 1925 2394 1982 inter
2418 1924 2763 1981 se.habebant
2792 1923 2944 1994 (Luc.
2971 1939 3011 1987 ι,
3037 1921 3150 1992 56),
3188 1922 3383 1992 pariter
3422 1929 3732 1986 creverant;
3777 1929 3833 1977 et

2252 2017 2296 2072 si
2336 2016 2532 2071 diutius
2575 2025 2705 2075 ante
2735 2025 2957 2075 mortem
2986 2015 3238 2076 Dominus
3280 2023 3459 2070 noster
3485 2013 3638 2068 Jesus
3675 2012 3834 2075 Chriq

2252 2117 2366 2169 stus
2381 2106 2538 2163 vellet
2566 2105 2652 2172 hic
2671 2121 2811 2169 esse,
2835 2115 2890 2160 et
2917 2106 3085 2174 ipsum
3098 2103 3353 2158 Joannem
3381 2103 3466 2168 hic
3488 2117 3665 2158 secum
3678 2117 3837 2169 esse.

2251 2198 2518 2270 quomodo
2557 2198 2762 2267 pariter,
2781 2196 3187 2264 crcverant,_ita
3215 2196 3411 2266 pariter
3433 2209 3714 2250 senescere
3731 2209 3832 2265 p0-

2254 2296 2428 2343 terant
2458 2305 2472 2340 :
2501 2302 2666 2358 quare
2685 2301 2836 2357 ergo,
2860 2285 3018 2341 Illum
3045 2295 3250 2356 Oportet.
3265 2301 3515 2351 crescere,
3543 2301 3621 2340 me
3659 2290 3838 2347 autent

2253 2379 2454 2434 minui?
2478 2379 2674 2444 Primo,
2698 2380 2818 2449 quia
2841 2378 2950 2448 jam
2981 2387 3034 2432 et
3059 2379 3310 2432 Dominus
3332 2377 3542 2446 triginta
3567 2392 3838 2440 annorum

2255 2480 2370 2526 erat
2398 2469 2507 2543 (Id.
2539 2486 2620 2534 tn,
2653 2470 2742 2538 23)
2769 2488 2782 2524 :
2812 2469 3063 2539 numquid
3101 2463 3350 2538 juvenis,
3380 2469 3424 2523 si
3461 2470 3570 2537 jam
3615 2469 3835 2540 triginta

2254 2575 2513 2617 annorum
2535 2561 2624 2628 sit,
2652 2561 2825 2615 adhuc
2850 2559 3078 2615 crescit?
3107 2559 3222 2614 Jam
3252 2559 3319 2613 ab
3361 2573 3475 2628 Ipsa
3517 2567 3672 2614 actate
3712 2574 3838 2614 ver-

2254 2670 2381 2726 gere
2407 2656 2664 2726 incipiunt
2693 2655 2969 2721 homines,
3015 2662 3070 2709 et
3113 2653 3380 2708 declinare
3417 2653 3482 2708 ad
3531 2653 3834 2724 graviorem

2255 2755 2464 2801 artatem
2483 2788 2498 2813 ,
2524 2755 2576 2800 et
2605 2746 2726 2801 inde
2751 2745 2816 2800 ad
2840 2755 3184 2801 senectutem.
3209 2744 3313 2800 Sed
3335 2755 3385 2799 et
3409 2745 3453 2800 si
3478 2746 3623 2815 pueri
3650 2754 3838 2801 essent

2255 2839 2435 2906 ambo,
2464 2853 2568 2893 non
2591 2839 2816 2904 diceret,
2845 2836 3002 2893 Illum
3031 2845 3222 2909 oportet
3259 2853 3474 2891 crescere
3493 2879 3506 2901 ,
3537 2853 3615 2890 me
3662 2847 3840 2892 autem

2259 2930 2451 2994 minui;
2478 2928 2570 2984 sed
2597 2927 3009 2995 diceret,_Simnl
3031 2942 3128 2990 nos
3147 2935 3352 3002 oportet
3391 2941 3649 2987 crescere.
3679 2926 3840 2993 Nunc

2256 3032 2433 3078 autem
2463 3022 2670 3091 triginta
2717 3035 2978 3074 annorum
3036 3019 3156 3084 ille,
3194 3019 3404 3088 triginta
3449 3025 3504 3073 et
3540 3017 3628 3073 ille
3676 3034 3689 3071 :
3734 3032 3840 3073 sex

2258 3111 2583 3181 mensesqui
2614 3111 2941 3175 intererant,
2976 3110 3171 3164 nullam
3208 3108 3550 3178 distinguunt
3584 3097 3839 3174 aetatem:

2258 3203 2428 3273 magis
2451 3203 2576 3258 illud
2597 3203 2797 3266 invenit
2822 3202 2979 3258 lectio
3008 3216 3172 3272 quam
3194 3201 3449 3275 aspectio.

2330 3295 2384 3348 5.
2415 3293 2547 3362 Quid
2569 3309 2696 3364 ergo
2721 3303 2831 3358 est,
2863 3293 3021 3362 Illum
3058 3303 3249 3364 oportet
3278 3305 3522 3358 crescere,
3555 3307 3632 3346 me
3665 3300 3844 3348 autem

2259 3385 2416 3438 minui
2426 3385 2447 3438 2
2474 3384 2713 3453 Magnum
2736 3383 2837 3446 hoc
2863 3383 3279 3454 sacramentum!
3307 3381 3564 3452 intelligat
3589 3382 3849 3450 Charitas.

2261 3486 2462 3534 vestra.
2494 3477 2790 3546 Antequam
2822 3477 3025 3531 veniret
3047 3475 3308 3554 Dominus
3353 3474 3540 3544 Jesus,
3591 3474 3842 3531 homines

2260 3567 2620 3638 gloriabantur
2647 3566 2712 3621 de
2746 3581 2808 3622 se
2847 3582 2862 3619 :
2891 3565 3034 3620 venit
3073 3565 3162 3620 ille
3190 3565 3380 3631 homo,
3421 3573 3478 3620 ut
3511 3565 3845 3620 minueretur.

2262 3657 2492 3713 hominis
2518 3656 2704 3728 gloria,
2728 3665 2783 3714 et
2801 3665 3083 3727 augeretur
3106 3655 3272 3726 gloria
3301 3657 3413 3712 Dei.
3455 3656 3662 3711 Etenim
3687 3657 3848 3720 venit

2262 3749 2352 3807 ille
2380 3748 2500 3804 sine
2525 3757 2763 3819 peccato,
2795 3755 2849 3802 et
2873 3747 3072 3802 invenit
3098 3760 3282 3801 omnes
3325 3761 3443 3802 cum
3481 3755 3716 3816 peccato.
3780 3745 3843 3804 Si

2262 3838 2339 3893 sic
2363 3838 2507 3892 venit
2541 3837 2630 3892 ille
2669 3845 2727 3892 ut
2775 3837 3064 3892 dimitteret
3097 3845 3311 3907 peccata
3335 3877 3353 3904 ,
3385 3837 3524 3891 Deus
3560 3837 3849 3909 largiatur,

2262 3928 2422 3989 homo
2445 3928 2781 3984 conﬁteatur.
2811 3928 3022 3982 Etenim
3061 3927 3323 3988 confessio
3366 3927 3625 3994 hominis,
3654 3927 3841 3985 humi-

2263 4020 2386 4085 litas
2417 4019 2649 4074 hominis
2678 4039 2692 4075 :
2723 4021 2994 4086 miseratio
3027 4020 3153 4087 Dei,
3194 4019 3417 4085 altitudo
3446 4020 3559 4075 Dei.
3615 4021 3673 4076 Si
3704 4037 3851 4093 ergo.

2262 4113 2407 4167 venit
2448 4113 2536 4167 ille
2561 4112 2826 4168 dimittere
2873 4111 3071 4177 homini
3112 4119 3358 4181 peccata,
3397 4122 3643 4182 agnoscat
3671 4112 3843 4170 homo

2264 4200 2612 4260 humilitatem
2634 4217 2800 4265 suam,
2824 4211 2878 4257 et
2899 4203 3036 4256 Deus
3053 4201 3206 4258 faciat
3228 4201 3636 4257 misericordiam
3658 4218 3840 4259 suam.

2265 4292 2420 4356 Illum
2449 4303 2641 4365 Oportet
2668 4310 2905 4358 crescere,
2936 4311 3013 4348 me
3037 4302 3200 4347 autem
3225 4295 3380 4347 minui
3401 4311 3418 4349 :
3439 4294 3540 4350 hoc
3558 4303 3656 4358 est,
3685 4295 3842 4352 illum

2264 4392 2473 4453 oportet
2496 4383 2641 4449 dare,
2672 4400 2754 4437 me
2780 4393 2952 4440 autem
2981 4384 3256 4452 accipere;
3285 4384 3432 4440 illum
3470 4394 3678 4458 Oportet
3712 4388 3846 4456 glo-

2266 4475 2480 4538 rilicari,
2512 4490 2600 4544 me
2620 4483 2795 4537 autem
2829 4475 3088 4530 conﬁteri.
3125 4476 3387 4546 lntelligat
3427 4476 3586 4531 homo
3617 4478 3848 4546 gradum

2266 4580 2447 4629 suum,
2481 4572 2537 4619 et
2563 4565 2878 4621 conﬁteatur
2905 4567 3042 4629 Deo,
3074 4573 3128 4620 et
3165 4565 3345 4621 audiat
3394 4568 3703 4637 Apostolum
3750 4569 3843 4624 di-

2266 4665 2476 4719 centem
2507 4653 2707 4708 homini
2737 4655 3059 4723 superbienti
3087 4664 3137 4710 et
3166 4656 3325 4724 elato,
3357 4658 3607 4712 extollere
3644 4673 3703 4713 se
3737 4675 3845 4714 vo-

2267 4746 2393 4800 lenti
2429 4762 2440 4797 :
2476 4746 2611 4809 Quid
2636 4746 2767 4800 enim
2797 4747 2946 4801 habes
2981 4747 3114 4818 quod
3145 4765 3244 4801 non
3269 4749 3542 4818 accepisti?
3575 4750 3622 4804 si
3669 4760 3848 4816 autem

2266 4836 2517 4905 accepisti,
2544 4835 2664 4905 quid
2689 4837 2919 4906 gloriaris
2943 4837 3085 4905 quasi
3114 4854 3210 4890 non
3239 4840 3490 4903 acceperis
3533 4838 3576 4908 (Ι
3605 4839 3719 4893 Cor.
3757 4857 3846 4909 Iv,

2269 4925 2360 4996 7)?
2402 4925 2662 4995 intelligat
2692 4942 2817 4996 ergo
2847 4927 3006 4980 homo
3051 4928 3172 4998 quia
3223 4931 3583 5000 accepit,_qui
3627 4931 3851 4991 volebat

2266 5031 2420 5077 suum
2449 5016 2627 5070 dicere
2655 5015 2792 5085 quod
2820 5031 2924 5070 non
2952 5029 3032 5071 est
3062 5018 3176 5087 ejus
3194 5059 3208 5084 ,
3233 5029 3284 5073 et
3311 5020 3610 5086 minuatur:
3640 5021 3848 5088 bonum

2266 5117 2349 5169 est
2377 5109 2515 5162 enim
2547 5109 2622 5164 illi
2645 5119 2698 5163 ut
2727 5109 2868 5163 Deus
2902 5109 2952 5164 in
2992 5111 3082 5174 illo
3123 5112 3460 5180 glorilicetur.
3489 5114 3625 5182 ipse
3674 5114 3726 5169 in
3788 5132 3852 5173 se

2266 5198 2555 5263 minuatur,
2584 5198 2706 5252 utin
2732 5199 2840 5253 Deo
2860 5210 3131 5270 augeatur.
3154 5202 3275 5255 llaec
3301 5203 3597 5257 testimonia
3628 5216 3681 5259 et
3704 5204 3852 5263 hanc

2268 5288 2576 5351 veritatem,
2623 5290 2780 5345 etiam
2843 5292 3174 5361 passionibus
3243 5295 3352 5347 suis
3412 5295 3853 5364 signiﬁcaverttnt

2266 5381 2510 5435 Christus
2553 5392 2603 5436 et
2635 5381 2886 5438 Joannes.
2924 5383 3053 5437 Nam
3089 5385 3319 5441 Joannes
3364 5388 3537 5457 capite
3571 5389 3850 5458 minutus,

2269 5472 2516 5534 Christus
2547 5474 2599 5528 in
2628 5489 2784 5530 cruce
2814 5476 3107 5541 cxaltatus;
3138 5487 3270 5533 utet
3299 5477 3368 5533 ibi
3394 5492 3673 5549 appareret
3715 5483 3852 5553 quid

2270 5572 2371 5631 est,
2395 5563 2552 5618 Illum
2567 5575 2758 5636 Oportet
2779 5582 3015 5633 crescere,
3048 5584 3126 5621 me
3146 5578 3309 5622 autem
3332 5571 3506 5624 minui.
3530 5573 3728 5629 Deinde
3746 5592 3851 5633 na-

2273 5664 2357 5708 tus
2385 5665 2466 5710 est
2502 5656 2742 5709 Christus
2786 5671 2904 5710 cunt
2935 5660 3042 5727 jam
3085 5659 3374 5729 inciperent
3419 5679 3661 5720 crescere
3705 5667 3846 5730 dies.

2276 5756 2427 5806 natus
2455 5755 2534 5804 est
2558 5746 2786 5806 Joannes
2815 5750 3021 5820 quando
3048 5763 3327 5820 culpet-unt,
3359 5750 3520 5813 minui
3565 5756 3700 5822 dies.
3744 5763 3828 5818 At
