4118 6536
339 373 480 432 15θῦ

335 493 528 544 testata
574 491 655 542 est
708 485 820 555 ipsa
867 481 1106 539 creatura
1148 493 1200 537 et
1238 481 1364 555 ipsa:
1418 484 1691 552 passiones
1741 480 1917 536 verbis

332 578 558 634 Joannis
584 577 827 640 dicentis,
859 574 1018 630 Illum
1039 585 1234 643 oportet
1262 591 1501 640 crescere,
1527 591 1605 628 me
1626 584 1792 628 autem
1818 573 1913 626 mi-

329 674 442 726 nui.
471 671 691 726 Crescat
730 684 860 740 ergo
896 669 948 724 in
979 670 1133 724 nobis
1171 669 1336 738 gloria
1378 668 1504 732 Dei,
1545 677 1598 723 et
1645 668 1914 722 minuatur

327 764 499 833 gloria
531 772 730 827 nostra,
764 761 890 816 utin
918 761 1027 814 Deo
1051 769 1256 815 crescat
1289 769 1342 814 et
1388 764 1588 815 nostra.
1623 759 1734 814 Hoc
1771 761 1912 815 enim

327 849 461 909 dicit
487 851 791 922 Apostolus,
821 852 922 907 hoc
951 853 1077 906 dicit
1096 852 1366 921 Scriptura
1392 845 1570 907 sauc’ta
1602 869 1616 906 :
1662 854 1758 919 Qui
1795 854 1910 925 glo-

326 950 511 1011 riatur,
534 948 588 1000 in
611 934 826 1002 Domino
844 943 1164 1017 glorietur“
1193 941 1309 1000 Cor.
1333 953 1369 1008 ι,
1401 946 1493 1012 5|,
1521 955 1567 1000 et
1594 938 1785 1000 Jerem.
1817 962 1870 1001 ιχ
1891 989 1906 1014 ,

323 1033 417 1104 23,
444 1039 564 1109 24).
592 1034 646 1091 ln
672 1046 721 1094 te
749 1039 828 1092 vis
848 1025 1093 1108 gloriari?
1117 1036 1451 1091 crescere'vis
1483 1053 1496 1090 :
1528 1037 1623 1092 sed
1649 1039 1788 1092 malo
1819 1048 1910 1093 tuo

324 1131 468 1185 male
497 1129 718 1183 crescis.
746 1129 843 1195 Qui
873 1129 1014 1182 enim
1046 1127 1183 1181 male
1205 1129 1425 1191 crescit,
1450 1127 1592 1197 juste
1633 1129 1905 1184 minuitur.

322 1218 546 1277 Crescat
578 1237 704 1292 ergo
733 1220 873 1275 Deus
901 1221 989 1290 qui
1013 1223 1222 1288 semper
1245 1219 1509 1289 perfectus
1549 1229 1660 1285 est,
1705 1231 1910 1276 crescat

322 1313 376 1368 in
409 1323 482 1368 te.
517 1308 729 1380 Quanto
755 1312 894 1367 enim
931 1313 1098 1380 magis
1119 1312 1370 1381 intelligis
1393 1313 1557 1365 Deum
1580 1355 1592 1374 ,
1632 1321 1684 1367 et
1709 1321 1908 1382 quanto

320 1407 493 1475 magis
517 1406 685 1474 capis,
714 1404 920 1459 videtur
945 1404 996 1456 in
1028 1413 1078 1458 te
1103 1418 1343 1458 crescere
1367 1404 1504 1458 Deus
1529 1421 1540 1456 :
1571 1404 1622 1458 in
1645 1418 1702 1458 se
1730 1413 1905 1458 autem

318 1513 429 1551 non
460 1498 690 1560 crescit,
717 1495 810 1549 sed
855 1510 1068 1563 semper
1113 1482 1378 1564 perfectus
1413 1503 1512 1548 est.
1573 1493 1905 1562 Intelligcbas

318 1587 440 1642 beri
488 1586 792 1652 modicum,
837 1585 1086 1654 intelligis
1133 1583 1292 1638 hodie
1337 1584 1597 1654 amplius,
1643 1585 1905 1654 intelliges

316 1693 441 1731 cras
467 1677 637 1730 multo
661 1676 883 1744 amplius
914 1693 926 1728 :
959 1676 1136 1729 lumen
1165 1674 1334 1743 ipsum
1366 1675 1456 1729 Dei
1492 1675 1685 1728 crescit
1715 1675 1764 1728 iu
1810 1683 1861 1729 te
1887 1691 1900 1742 ;

313 1768 390 1822 ita
423 1768 566 1821 velut
591 1767 733 1820 Deus
757 1765 981 1830 crescit,
1012 1763 1102 1833 qui
1145 1779 1354 1832 Semper
1399 1763 1663 1832 perfectus
1702 1767 1899 1819 manet.

312 1851 779 1925 Quemadmodum
823 1841 869 1910 si
898 1856 1210 1910 curarentur
1241 1848 1462 1924 alicujus
1496 1855 1635 1909 oculi
1685 1871 1749 1910 ex
1789 1856 1901 1925 pri-

312 1940 458 2018 stina
484 1948 724 2005 carcitate
745 1990 758 2012 ,
789 1958 842 2003 et
861 1932 1122 2018 inciperet
1149 1947 1327 2002 videre
1356 1948 1621 2016 pannulum
1650 1948 1780 2002 lucis
1799 1989 1815 2014 ,
1846 1955 1901 2004 et

312 2040 423 2093 alia
453 2039 545 2094 die
574 2040 690 2110 plus
708 2038 932 2103 videret,
967 2049 1020 2094 et
1052 2039 1202 2092 tertia
1229 2038 1314 2093 die
1338 2039 1562 2108 amplius
1584 2080 1599 2106 ,
1631 2038 1902 2094 videretur

313 2130 393 2183 illi
417 2130 509 2185 lux
539 2145 780 2185 crescere
811 2145 826 2181 :
854 2129 949 2183 lux
997 2137 1172 2183 tamen
1215 2129 1442 2197 perlecta
1481 2136 1582 2194 est,
1635 2129 1746 2184 sive
1788 2130 1900 2200 ipse

312 2219 520 2284 videat,
553 2220 664 2274 sive
696 2234 802 2273 non
835 2218 1030 2273 videat.
1061 2217 1148 2273 Sic
1188 2229 1270 2273 est
1311 2227 1364 2274 et
1412 2219 1633 2274 interior
1687 2220 1848 2275 homo
1882 2239 1898 2276 :

311 2308 533 2376 prolicit
567 2308 778 2378 quidem
809 2309 860 2362 in
892 2308 1000 2362 Deo
1020 2309 1136 2372 ’,οι
1162 2309 1300 2363 Deus
1331 2309 1381 2362 in
1409 2308 1498 2362 illo
1535 2309 1743 2364 videtur
1783 2322 1904 2366 cre-

309 2409 500 2464 scere;
529 2401 642 2470 ipse
662 2405 837 2454 tamen
859 2399 1131 2465 minuitur,
1156 2405 1213 2455 ut
1239 2415 1268 2454 a
1293 2401 1458 2472 gloria
1482 2416 1574 2456 sua
1596 2402 1821 2471 decidat,
1847 2411 1900 2459 et

309 2480 367 2544 in
395 2491 623 2561 gloriam
654 2491 746 2544 llci
769 2488 969 2559 surgat.

383 2578 441 2635 6.
483 2580 546 2635 Et
578 2580 950 2651 distincteja‘m
978 2581 1030 2636 et
1051 2579 1324 2638 manifeste
1342 2585 1563 2653 apparet
1584 2586 1721 2656 quod
1741 2586 1898 2643 modo

307 2673 640 2728 audivimus.
672 2674 769 2738 Qui
795 2674 856 2727 de
881 2691 1076 2727 sursum
1099 2677 1249 2742 renit,
1277 2693 1432 2744 supra
1451 2694 1620 2731 omnes
1641 2690 1730 2732 est.
1767 2679 1896 2734 Vide

305 2763 441 2837 quid
469 2767 614 2820 dicat
635 2766 699 2820 de
719 2766 953 2820 Christo.
979 2766 1112 2833 Quid
1140 2767 1205 2820 de
1226 2768 1321 2822 se?
1351 2769 1447 2833 Qui
1467 2778 1538 2822 est
1562 2769 1623 2822 de
1650 2778 1802 2835 terra,
1836 2772 1896 2824 de

306 2868 451 2912 terra
474 2869 568 2922 est,
600 2871 647 2913 et
674 2851 735 2911 de
759 2867 889 2911 terra
911 2855 1144 2928 loquitur.
1177 2859 1274 2924 Qui
1310 2860 1372 2914 de
1405 2878 1599 2914 sursum
1625 2862 1783 2928 venit,
1805 2867 1894 2915 s'u-

311 2965 414 3017 pra
442 2965 618 3003 omnes
637 2944 740 3012 est;
760 2947 1002 3003 Christus
1023 2957 1103 3002 est
1145 2968 1156 3002 :
1186 2943 1284 3014 Qui
1313 2961 1486 3004 autem
1525 2951 1594 3006 est
1627 2952 1689 3005 de
1729 2961 1891 3017 terra,

307 3038 377 3092 de
402 3047 540 3090 terra
564 3047 665 3104 est,
697 3047 742 3091 et
764 3038 826 3092 de
853 3047 984 3090 terra
1015 3037 1272 3107 loquitur;
1296 3038 1528 3094 Joannes
1555 3042 1652 3094 est.
1699 3042 1764 3096 Et
1796 3041 1894 3096 hoc

307 3136 399 3182 est
425 3135 620 3192 totum,
651 3127 882 3182 Joannes
910 3127 974 3181 de
1003 3137 1140 3181 terra
1162 3137 1263 3191 est,
1296 3137 1348 3183 et
1373 3130 1437 3183 de
1468 3139 1606 3184 terra
1629 3131 1894 3201 loquitur?

305 3229 484 3274 totum
513 3221 874 3274 testimonium
890 3219 1026 3290 quod
1045 3219 1285 3290 perhibet
1309 3222 1376 3276 de
1417 3221 1643 3286 Christo,
1669 3222 1735 3276 de
1754 3229 1894 3277 terra

305 3302 592 3380 loquitur?
622 3325 726 3365 non
747 3324 908 3364 voces
934 3310 1024 3364 Dei
1060 3310 1342 3365 audiuntur
1369 3327 1398 3364 a
1427 3311 1658 3376 Joanne,
1689 3312 1778 3366 ubi
1817 3321 1897 3369 te-

304 3393 624 3455 stimonium
665 3401 906 3469 perhibet
954 3400 1020 3455 de
1056 3399 1305 3455 Christo?
1336 3402 1610 3469 Quomodo
1652 3419 1781 3474 ergo
1827 3405 1894 3460 de

305 3497 457 3545 terra
490 3482 761 3560 loquitur?
798 3490 903 3545 Sed
928 3490 994 3545 de
1015 3490 1228 3547 homine
1256 3491 1483 3546 dicebat.
1523 3494 1785 3560 Quantum
1826 3495 1893 3550 ad

303 3571 486 3650 ipsum
515 3576 783 3635 hominem
811 3582 1054 3650 pertinet,
1087 3581 1154 3637 de
1177 3592 1313 3636 terra
1343 3591 1442 3650 est,
1471 3592 1524 3638 et
1547 3585 1613 3639 de
1634 3595 1773 3640 terra
1815 3586 1894 3640 lo-

303 3669 495 3739 quitur
525 3687 539 3722 :
570 3667 615 3725 si
639 3672 812 3726 autem
835 3673 1010 3742 aliqua
1046 3673 1277 3742 loquitur
1319 3673 1524 3740 divina,
1567 3675 1890 3730 illuminatns

303 3769 393 3814 est
416 3776 447 3812 a
473 3762 604 3818 l‘eo.
629 3760 760 3816 Nam
782 3762 825 3815 si
857 3777 959 3816 non
989 3772 1131 3817 esset
1155 3762 1497 3828 illuminatus,
1526 3774 1661 3820 terra
1695 3775 1888 3820 terram

301 3844 639 3922 loqueretur.
659 3855 796 3924 Ergo
821 3867 1060 3910 seorsum
1089 3865 1170 3909 est
1194 3854 1356 3923 gratia
1388 3857 1515 3922 Dei,
1539 3872 1775 3912 seorsum
1799 3875 1890 3912 na-

302 3952 424 3997 tura
448 3943 703 3998 hominis.
733 3945 886 3998 Modo
927 3954 1166 3998 naturam
1195 3943 1421 4000 hominis
1459 3947 1721 4017 interroga
1755 3967 1768 4004 :
1797 3966 1889 4002 na-

301 4036 477 4089 scitur
493 4045 548 4091 et
573 4037 786 4102 crescit,
813 4037 1004 4090 usitata
1024 4034 1120 4090 ista
1149 4035 1419 4090 hominum
1442 4035 1612 4092 discit.
1634 4039 1768 4106 Quid
1793 4055 1889 4094 no-

300 4125 382 4178 vit
411 4125 515 4180 nisi
545 4134 738 4181 terram
767 4124 834 4181 de
878 4127 1052 4181 terra?
1083 4125 1320 4182 llumana
1367 4128 1616 4198 loquitur,
1657 4129 1886 4186 humana

301 4217 478 4282 novit,
502 4217 728 4270 humana
756 4219 920 4287 sapit;
949 4218 1176 4272 carnalis
1195 4220 1474 4273 carnaliter
1493 4221 1737 4284 mstimat,
1765 4236 1882 4276 car-

300 4307 505 4360 naliter
534 4307 834 4375 suspicatur
865 4327 877 4360 2
906 4322 1029 4361 ecce
1059 4316 1140 4361 est
1161 4317 1299 4362 totus
1339 4308 1516 4362 homo.
1555 4310 1739 4364 Veniat
1763 4326 1886 4380 gra-

300 4395 376 4449 tia
402 4395 521 4459 Dei,
545 4396 808 4450 illuminet
837 4397 1081 4452 tenebras
1118 4397 1275 4465 illius,
1305 4399 1442 4453 sicut
1473 4399 1631 4466 dicit,
1663 4399 1738 4453 Tu
1762 4402 1886 4455 illu-

299 4485 525 4538 minabis
551 4485 807 4539 lucernam
828 4504 1008 4553 meam,
1043 4486 1287 4554 Domine;
1314 4488 1451 4543 Deus
1481 4506 1637 4554 meus,
1657 4491 1887 4546 illumina

299 4576 536 4630 tenebras
555 4593 689 4631 meas
711 4576 877 4650 (Psal.
897 4595 1024 4644 xvu,
1050 4579 1164 4650 29);
1192 4589 1423 4634 assumat
1445 4591 1672 4635 mentem
1697 4581 1885 4636 Imma-

299 4682 455 4732 nam,
482 4670 798 4723 convertat’
829 4670 893 4722 ad
924 4671 1090 4724 lucem
1118 4684 1303 4724 suam:
1336 4673 1518 4742 incipit
1542 4673 1651 4742 jam
1682 4673 1880 4740 dicere,

299 4757 452 4826 quod
479 4758 764 4826 Apostolus
793 4758 938 4824 dicit,
970 4758 1089 4812 Non
1118 4777 1205 4830 ego
1235 4768 1398 4814 autem
1421 4805 1434 4826 ,
1471 4765 1557 4816 sed
1584 4765 1747 4834 gratia
1787 4764 1884 4819 Dei

301 4866 502 4904 meum:
528 4851 572 4922 (1
589 4850 706 4906 Cor.
741 4867 831 4916 xv,
864 4853 971 4923 10);
995 4863 1067 4915 et,
1099 4847 1220 4907 Vivo
1243 4857 1406 4909 autem
1418 4854 1531 4928 jam
1557 4874 1656 4912 non
1678 4877 1787 4928 ego,
1812 4860 1885 4912 oi-

299 4944 369 4996 eit
399 4952 572 4996 autem
593 4942 646 4995 in
667 4958 745 4996 me
769 4940 995 4997 Cirris-ms
1025 4942 1220 5009 (Colat.
1255 4961 1320 5009 ιι,
1342 4946 1454 5017 20).
1482 4948 1590 5002 lloc
1637 4953 1753 5018 est,
1799 4949 1881 5008 Il-

299 5036 408 5089 lunt
441 5043 634 5103 Oportet
658 5051 895 5102 crescere,
923 5053 1000 5090 me
1027 5037 1193 5090 autem
1230 5039 1410 5092 minui.
1451 5040 1592 5110 Ergo
1627 5041 1877 5112 Joannes,

297 5125 446 5197 quod
475 5125 543 5180 ad
579 5125 836 5181 Joannem
866 5116 1117 5197 pertinet,
1151 5128 1217 5183 de
1240 5138 1377 5184 terra
1403 5141 1511 5198 est,
1537 5135 1591 5186 et
1633 5132 1698 5187 de
1743 5143 1880 5190 terra

301 5217 544 5287 IOquitur
576 5234 589 5270 :
619 5217 662 5271 si
690 5217 814 5286 quid
844 5218 1078 5272 divinum
1109 5219 1303 5274 audisti
1327 5235 1357 5274 a
1399 5219 1631 5288 Joanne,
1684 5225 1880 5280 illumi-

301 5309 478 5364 nantis
509 5317 612 5376 est,
646 5325 749 5364 nou
781 5310 1104 5379 recipientis.

372 5401 430 5454 7.
472 5400 576 5464 Qui
603 5399 665 5454 de
695 5401 817 5455 caelo
847 5404 1003 5470 venit,
1039 5419 1194 5469 supra
1217 5419 1386 5459 omnes
1409 5415 1483 5460 cst
1509 5424 1529 5470 ;
1567 5416 1613 5461 et
1651 5410 1785 5479 quod
1810 5412 1878 5464 vi-

303 5492 376 5544 dit
407 5503 454 5545 et
490 5493 716 5560 audivit,
765 5495 860 5549 hoc
917 5495 1247 5566 testiﬁcatur;
1293 5509 1338 5553 et
1392 5502 1722 5558 testimonium
1773 5505 1882 5577 ejus

366 5625 381 5656 ι
410 5624 770 5687 \‘indocincasis
790 5633 895 5687 his,
917 5624 970 5679 in
995 5637 1163 5681 Deum.

297 5685 569 5810 crinaliti,
613 5685 928 5740 convertatur.
970 5691 1139 5744 Melius
1176 5701 1317 5756 Mss,
1367 5703 1640 5762 convertat;
1669 5699 1882 5764 scilicet,

379 5761 388 5772 ’
427 5765 476 5796 ιι.

379 5761 476 5796 tua.

1449 367 1858 426 TRACTATUS
1885 367 2029 427 XIV.
2069 371 2291 431 CAPUT
2332 377 2414 432 Ill.

3448 391 3586 452 i506

2023 500 2164 539 nemo
2186 491 2384 560 accipit.
2417 490 2488 545 De
2512 492 2634 547 creto
2664 496 2810 558 venit,
2842 513 2997 568 supra
3018 514 3184 554 omnes
3211 511 3301 568 cst,
3332 503 3584 561 Dominus

2021 588 2200 632 uoster
2227 579 2382 634 Jesus
2410 581 2653 638 Christus
2686 604 2698 637 :
2739 587 2805 641 de
2831 602 2935 656 quo
2970 591 3208 658 superius
3236 592 3432 646 dictum
3484 603 3587 662 est,

2020 664 2186 721 Nemo
2211 671 2434 724 ascendit
2461 673 2512 726 in
2541 675 2756 743 caelum,
2794 678 2891 731 nisi
2928 680 3014 749 qui
3055 680 3119 734 de
3160 683 3284 736 caelo
3311 683 3588 756 descendit,

2021 755 2186 812 Filius
2215 760 2429 814 hominis
2451 764 2536 832 qui
2564 775 2634 818 est
2659 767 2710 818 in
2739 768 2862 820 caelo
2889 766 3064 837 (Joan.
3097 785 3172 835 tu,
3207 771 3316 843 15).
3361 774 3456 828 Est
3493 755 3591 831 au?-

2017 855 2121 902 tem
2153 863 2312 919 super
2341 866 2563 918 omnes;
2598 865 2643 908 et
2667 858 2800 925 quod
2819 859 2942 912 vidit
2967 869 3016 913 et
3051 862 3239 916 audivit
3258 903 3274 930 ,
3305 867 3400 918 hoc
3428 864 3595 934 loqui-

2014 951 2112 994 tur.
2143 943 2304 998 liabet
2333 945 2472 998 enim
2503 951 2555 1000 et
2582 946 2791 1003 Patrem
2821 951 2931 1020 ipse
2959 950 3126 1008 Filius
3157 955 3282 1020 Dei;
3319 955 3483 1012 habet
3533 966 3588 1015 et

2013 1032 2242 1097 Patrem,
2271 1044 2323 1089 et
2347 1034 2493 1090 audit
2521 1052 2550 1089 a
2574 1037 2749 1093 Patre.
2782 1041 2846 1094 Et
2875 1043 3013 1112 quod
3042 1044 3240 1099 audita
3274 1047 3428 1102 Patre
3456 1046 3583 1118 quid
3673 1105 3677 1109 ,

2012 1126 2126 1180 est?
2152 1128 2269 1197 quis
2295 1127 2395 1182 hoc
2424 1129 2684 1198 explicat?
2713 1132 2932 1198 Quando
2977 1136 3149 1205 lingua
3183 1152 3342 1204 mea,'
3373 1139 3586 1209 quando

2011 1229 2103 1268 cor
2125 1231 2296 1270 meum
2319 1217 2560 1272 sufficere
2585 1229 2778 1289 potest,
2804 1223 2888 1277 vel
2907 1238 2997 1280 cor
3027 1225 3108 1280 “ad
3151 1226 3546 1298 intelligendum
3563 1268 3581 1300 ,

2009 1307 2092 1360 vel
2117 1308 2292 1376 lingua
2313 1310 2377 1362 ad
2401 1309 2792 1380 proferendum,
2805 1315 2929 1384 quid
2957 1318 3187 1387 estquod
3204 1318 3368 1375 Filius
3383 1323 3583 1378 audivit

2009 1412 2037 1450 a
2057 1398 2238 1452 Patre?
2255 1399 2410 1455 Forte
2430 1401 2589 1456 Filius
2608 1403 2832 1458 Verbum
2855 1406 3023 1462 Patris
3037 1411 3270 1465 audivit?
3287 1411 3396 1467 lmo
3415 1414 3582 1472 Filius

2008 1487 2239 1544 Verbum
2267 1491 2436 1546 Patris
2459 1503 2558 1547 est.
2592 1494 2788 1549 Videtis
2817 1499 3258 1566 quemadmodum
3288 1503 3374 1559 hic
3400 1503 3581 1575 fatige-

2007 1578 2093 1634 tur
2115 1584 2287 1638 omr'tis
2310 1594 2534 1640 conatus
2561 1586 2861 1656 humanus;
2913 1590 3104 1646 videtis
3138 1597 3580 1663 quemadmodum

2007 1673 2094 1728 hic
2147 1675 2360 1730 deficiat
2415 1678 2589 1732 omnis
2634 1679 2940 1750 conjectura
2991 1685 3220 1752 pectoris
3263 1688 3468 1755 nostri,
3524 1699 3581 1745 et

2006 1767 2179 1819 omnis
2226 1767 2448 1821 intentio
2491 1769 2684 1823 mentis
2726 1771 3020 1841 caligantis.
3079 1773 3252 1828 Audio
3314 1775 3580 1833 dicentem

2006 1854 2334 1926 Scriptorum
2365 1859 2488 1926 quia
2526 1857 2694 1914 Filius
2743 1861 2844 1916 hoc
2889 1863 3140 1933 loquitur,
3182 1865 3324 1934 quod
3365 1865 3578 1922 audita

2005 1944 2202 2011 Patre;
2248 1957 2300 2001 et
2333 1963 2521 2004 rursus
2564 1949 2723 2004 audio
2769 1950 3034 2006 dicentem
3082 1954 3409 2023 Scripturam
3455 1956 3580 2025 quia

2005 2035 2118 2106 ipse
2141 2037 2307 2092 Filius
2337 2039 2569 2094 Verbum
2596 2041 2765 2096 Patris
2791 2053 2911 2097 est:
2942 2043 3006 2098 In
3039 2045 3286 2116 principio
3308 2056 3415 2101 erat
3453 2047 3579 2103 Ver-

2003 2125 2136 2191 bum,
2170 2139 2217 2181 et
2249 2127 2460 2182 Verbum
2483 2142 2587 2184 erat
2615 2132 2753 2198 apud
2773 2131 2956 2200 Deum,
2974 2145 3020 2187 et
3048 2133 3184 2189 Deus
3207 2147 3310 2189 erat
3339 2135 3575 2194 Verbum.

2003 2216 2109 2272 Nos
2141 2218 2406 2287 loquimur
2432 2221 2590 2275 verba
2613 2222 2843 2276 volantia
2869 2233 2923 2277 et
2954 2226 3274 2280 transeuntia
3311 2242 3325 2279 :
3357 2241 3481 2282 mox
3520 2235 3579 2286 ut

2003 2310 2241 2364 sonherit
2270 2323 2363 2366 ore
2392 2323 2482 2365 tuo
2510 2314 2729 2366 verbum
2757 2322 2922 2380 tuum;
2953 2316 3175 2381 transit;
3206 2319 3406 2387 peragit
3435 2326 3577 2373 stre-

2002 2400 2166 2470 pitum
2190 2416 2342 2454 suum
2370 2412 2425 2456 et
2454 2404 2640 2456 transit
2685 2403 2735 2456 in
2776 2403 3064 2458 silentium.
3109 2404 3372 2476 Numquid
3425 2417 3578 2476 potes

1999 2479 2148 2562 s'eqni
2175 2507 2363 2546 sonum
2392 2501 2557 2556 tuum,
2589 2502 2642 2547 et
2665 2501 2847 2548 tenere
2869 2502 2927 2548 ut
2947 2503 3052 2550 stet
3072 2495 3096 2548 ?
3119 2493 3374 2566 Cogitatio
3400 2504 3575 2554 tamen

2002 2587 2088 2634 tua
2119 2589 2316 2646 manet,
2349 2582 2490 2636 etde
2514 2582 2628 2651 ipsa
2643 2584 2963 2653 Cogitatione
2987 2595 3235 2640 manente
3261 2586 3394 2641 dicis
3410 2587 3576 2643 multa

1998 2672 2158 2727 verba
2188 2673 2533 2726 transcuntia.
2563 2673 2698 2738 Quid
2723 2673 2966 2740 dicimus,
3000 2674 3232 2730 fratres?
3269 2677 3409 2732 Deus
3452 2694 3576 2734 cum

1999 2760 2327 2829 loqueretur,
2354 2761 2592 2816 adhibuit
2617 2777 2826 2831 vocem,
2865 2763 3104 2818 adhibuit
3126 2779 3306 2832 sonos,
3333 2766 3576 2822 adhibuit

1998 2835 2272 2921 syllabas?
2300 2852 2356 2906 Si
2404 2851 2646 2906 adhibuit
2690 2853 2823 2918 ista,
2872 2869 2974 2922 qua
3003 2853 3178 2923 lingua
3213 2856 3420 2911 locutus
3449 2857 3574 2912 est?

1998 2939 2238 3004 llehraea,
2267 2958 2332 2994 an
2355 2956 2548 3010 grzeca,
2580 2958 2646 2996 an
2674 2943 2879 2996 latina?
2905 2937 2976 2996 ibi
3005 2945 3316 2999 necessaria:
3356 2945 3570 3016 linguae,

1997 3032 2084 3085 ubi
2115 3031 2380 3086 distinctio
2409 3034 2661 3102 gentium.
2695 3033 2768 3087 lbi
2795 3045 2970 3087 autem
3000 3050 3154 3088 nemo
3175 3037 3570 3105 potestdiccre,

1998 3122 2084 3174 illa
2113 3122 2308 3192 lingua,
2344 3123 2424 3176 vel
2457 3124 2546 3177 illa
2573 3122 2748 3192 lingua
2782 3123 3012 3178 locutum
3050 3139 3170 3179 esse
3221 3126 3410 3180 Deum.
3464 3125 3574 3183 Cor

1998 3215 2145 3271 tuum
2175 3217 2406 3272 attende.
2432 3217 2653 3284 Quando
2675 3217 2909 3287 concipis
2941 3219 3158 3272 verbum
3197 3219 3339 3289 quod
3382 3219 3569 3279 dicas:

1996 3309 2167 3363 dicam
2195 3309 2368 3376 enim,
2403 3311 2447 3362 si
2474 3319 2692 3378 potero,
2721 3309 2860 3378 quod
2904 3309 2955 3362 in
2997 3309 3149 3364 nobis
3198 3310 3568 3380 attendamus,

1993 3415 2100 3454 non
2153 3399 2291 3454 unde
2321 3399 2446 3452 illud
2475 3398 2986 3467 comprehendamus
3011 3415 3024 3451 :
3051 3398 3263 3468 quando
3287 3414 3414 3470 ergo
3436 3413 3569 3456 con-

1993 3491 2125 3559 cipis
2156 3491 2374 3544 verbum
2402 3488 2539 3558 quod
2581 3486 2843 3557 proferasf,
2885 3503 2996 3542 rem
3027 3490 3106 3542 vis
3125 3490 3328 3556 dicere,
3361 3498 3418 3545 et
3455 3490 3572 3560 ipsa

1995 3582 2070 3635 rei
2101 3581 2378 3648 conceptio
2405 3581 2454 3633 in
2481 3580 2640 3634 corde
2669 3589 2756 3633 tuo
2781 3579 2889 3648 jam
2927 3579 3147 3633 verbum
3176 3587 3288 3646 est;
3333 3580 3570 3637 nondum

1995 3676 2270 3741 processit,
2304 3673 2395 3726 sed
2413 3672 2520 3740 jam
2551 3679 2730 3724 natum
2757 3679 2839 3724 est
2867 3670 2920 3723 in
2963 3670 3143 3736 corde,
3189 3678 3242 3724 et
3282 3679 3462 3725 manet
3509 3679 3571 3725 ut

1994 3767 2246 3835 procedat
2279 3781 2292 3818 :
2337 3763 2567 3818 attendis
2611 3771 2786 3817 autem
2825 3761 2891 3815 ad
2921 3777 3076 3830 quem
3115 3761 3402 3830 procedat,
3444 3776 3566 3816 cum

1993 3878 2097 3930 quo
2126 3861 2391 3929 loquaris;
2424 3858 2468 3911 si
2491 3857 2705 3910 Latinus
2732 3863 2814 3909 est
2836 3895 2852 3921 ,
2882 3869 3063 3907 vocem
3093 3853 3310 3906 latinam
3337 3852 3564 3922 quieris;

1992 3951 2036 4004 si
2066 3949 2280 4004 Graecus
2305 3957 2406 4012 est,
2437 3946 2593 4000 verba
2615 3959 2785 4014 grmca
2814 3943 3118 4008 meditaris;
3143 3943 3184 3994 si
3210 3943 3435 3996 Punicus
3458 3949 3562 4010 est,

1990 4039 2218 4094 attendis
2244 4039 2285 4092 si
2310 4036 2443 4092 nosti
2467 4037 2693 4104 linguam
2726 4032 3001 4102 punicam;
3033 4047 3128 4099 pro
3147 4031 3449 4086 diversitate
3466 4045 3564 4086 au-

1991 4131 2220 4183 ditorum
2249 4127 2485 4181 diversas
2513 4125 2720 4192 linguas
2737 4121 2979 4187 adhibes,
3004 4130 3057 4173 ut
3081 4121 3316 4189 proferas
3338 4119 3564 4175 verbum

1990 4228 2302 4288 conceptum
2329 4233 2341 4270 :
2367 4215 2495 4270 illud
2517 4225 2692 4268 antem
2714 4212 2853 4282 quod
2878 4212 3036 4265 corde
3061 4212 3563 4292 conceperas,_nulla

1989 4314 2164 4382 lingua
2195 4309 2489 4365 tenebatur.
2521 4311 2650 4362 Cum
2689 4319 2816 4376 ergo
2846 4305 2983 4359 Deus
3027 4304 3277 4374 loquens,
3331 4305 3562 4374 linguam

1989 4421 2096 4458 non
2123 4409 2382 4472 quazrerct
2407 4441 2421 4466 ,
2450 4408 2503 4453 et
2529 4411 2695 4468 genus
2718 4395 3000 4462 locutionis
3025 4396 3040 4426 ³
3086 4411 3190 4448 non
3229 4403 3559 4462 assumeret,
3635 4449 3650 4456 _

1989 4495 2254 4568 quomodo
2277 4494 2486 4548 auditus
2513 4502 2595 4547 est
2631 4507 2659 4544 a
2710 4491 2865 4555 Filio,
2895 4506 3012 4543 cum
3050 4491 3219 4559 ipsum
3253 4487 3444 4544 Filium
3491 4488 3564 4545 sit

1988 4587 2194 4641 locutus
2223 4583 2400 4638 Deus?
2433 4579 2708 4648 Quomodo
2745 4580 2886 4633 enim
2942 4589 2995 4631 tu
3037 4579 3255 4632 verbum
3289 4578 3431 4648 quod
3474 4578 3563 4633 Jo-

1987 4676 2186 4746 queris,
2215 4676 2268 4728 in
2297 4674 2456 4728 corde
2477 4672 2639 4724 habes
2659 4711 2673 4736 ,
2702 4679 2755 4724 et
2783 4669 2921 4738 apud
2949 4677 2998 4722 te
3027 4677 3108 4722 est
3127 4706 3143 4734 ,
3171 4678 3224 4722 et
3264 4667 3377 4737 ipsa
3425 4681 3561 4721 cou-

1988 4771 2164 4838 ceptio
2189 4765 2476 4835 spiritualis
2502 4772 2584 4816 est
2624 4763 2770 4830 (nam
2815 4763 2950 4815 sicut
2987 4759 3162 4813 anima
3205 4768 3289 4821 tua
3343 4758 3559 4827 spiritus
3633 4819 3638 4824 I

1987 4872 2097 4926 est;
2149 4863 2220 4916 ita
2267 4869 2320 4915 ct
2364 4859 2582 4912 verbum
2627 4856 2768 4926 quod
2817 4853 3127 4923 concepisti,
3172 4851 3387 4921 spiritus
3439 4857 3558 4916 est;

1987 4953 2221 5011 nondum
2250 4951 2392 5006 enim
2421 4949 2624 5016 accepit
2647 4962 2835 5001 sonum
2864 4953 2920 4998 ut
2951 4959 3045 5014 per
3085 4943 3313 5015 syllabas
3349 4937 3554 4995 divida-

1987 5059 2091 5114 tur,
2122 5045 2217 5101 sed
2249 5054 2426 5098 manet
2451 5043 2501 5095 in
2530 5039 2876 5116 conceptione
2919 5035 3096 5089 cordis
3133 5045 3188 5089 et
3241 5033 3293 5086 in
3341 5028 3559 5100 speculo

1986 5139 2236 5212 mentis’)
2267 5155 2280 5189 :
2309 5137 2385 5191 sic
2417 5136 2554 5188 Deus
2577 5132 2737 5188 edidit
2767 5129 3027 5194 Verbum,
3069 5130 3169 5180 hoc
3211 5131 3322 5188 est,
3373 5120 3557 5191 genuit

1983 5233 2193 5289 Filium.
2225 5228 2293 5285 Et
2314 5240 2365 5284 tu
2387 5226 2595 5298 quidem
2616 5239 2682 5278 ex
2709 5232 2945 5291 tempore
2969 5219 3136 5289 gignis
3153 5214 3366 5269 verbum
3395 5213 3557 5268 etiam

1985 5326 2036 5382 iu
2087 5325 2247 5380 corde
2289 5341 2302 5378 :
2357 5322 2496 5374 Deus
2534 5319 2649 5371 sine
2689 5325 2926 5383 tempore
2967 5309 3148 5382 genuit
3176 5307 3404 5372 Filium,
3463 5321 3555 5376 per

1983 5433 2139 5490 quem
2163 5415 2360 5471 creavit
2381 5390 2554 5466 omnia
2578 5418 2834 5476 tempora.
2872 5404 3006 5458 Cum
3044 5415 3170 5469 ergo
3201 5399 3432 5454 Verbum
3461 5399 3539 5455 De

1987 5489 2153 5563 Filius
2182 5509 2268 5568 sit,
2301 5504 2462 5558 Filius
2501 5511 2676 5554 autem
2702 5498 2907 5552 locutus
2951 5500 3035 5548 est
3062 5489 3251 5560 nobis,
3289 5504 3394 5546 non
3438 5503 3556 5543 veh-

2049 5703 2066 5732 ί
2092 5706 2141 5748 ιιι
2163 5693 2387 5744 omnibus
2414 5697 2540 5745 Mss,
2562 5679 2852 5748 elocutionis.
2962 5735 2993 5748 ﬂ

2051 5765 2072 5796 ί
2093 5739 2320 5818 iisiis;
2333 5739 2467 5811 uss,
2486 5739 2538 5799 in
2561 5739 2828 5809 spectaculo
2848 5739 3032 5790 mentis.
