4082 6462
612 309 748 376 1507

607 436 732 490 bum
757 444 932 496 suum,
961 426 1052 484 sed
1075 421 1309 482 Verbum
1337 420 1530 487 Patris,
1552 436 1609 476 se
1637 419 1791 475 nobis
1813 415 1954 487 loqui
1990 411 2176 480 voluit,

609 525 700 594 qui
732 521 965 577 Verbum
1012 519 1185 574 Patris
1219 515 1552 585 loquebatur.
1591 511 1703 564 Iloc
1751 523 1877 578 ergo
1916 503 2182 576 quomodo

608 612 806 677 decuit,
829 620 886 667 et
915 610 1178 680 oportuit,
1209 606 1337 661 dixit
1364 602 1596 658 Joannes
1637 615 1653 654 :
1695 596 1964 669 quomodo
2009 595 2186 665 potui-

607 719 746 768 mus,
763 716 860 756 nos
884 699 1246 770 exposuimus.
1262 695 1355 750 Cui
1382 691 1447 748 ad
1468 705 1560 746 cor
1584 689 1818 745 nondum
1836 684 2076 758 pervenit
2103 684 2184 738 di-

605 811 744 866 gnus
771 793 840 849 de
866 802 1010 847 tanta
1037 806 1096 846 re
1121 788 1453 848 intellectus,
1480 782 1642 838 habet
1659 794 1765 850 quo
1788 793 1847 834 se
1867 784 2180 842 convertat,

607 885 766 940 habet
791 896 895 953 quo
920 881 1112 952 pulset,
1143 878 1300 933 habet
1327 890 1356 929 a
1385 888 1492 946 quo
1519 879 1750 944 qumrat,
1794 868 1952 924 habet
1993 883 2024 923 a
2078 879 2184 937 quo

605 984 772 1048 petat,
807 973 1011 1028 habeta
1039 984 1144 1040 quo
1172 967 1420 1038 accipiat.

679 1069 733 1122 8.
757 1066 855 1132 Qui
883 1065 946 1119 de
970 1063 1092 1118 cazlo
1119 1062 1252 1116 venit
1271 1101 1286 1125 ,
1316 1063 1472 1129 supra
1489 1071 1663 1111 omnes
1683 1063 1757 1109 est
1785 1069 1802 1108 :
1831 1063 1878 1108 et
1907 1053 2044 1124 quod
2061 1050 2184 1104 vidit

607 1168 654 1215 et
687 1158 914 1222 audiuit,
952 1158 1046 1208 hoc
1076 1162 1318 1217 testatur;
1347 1159 1394 1206 et
1432 1146 1769 1204 testimonium
1795 1145 1903 1215 ejus
1929 1158 2070 1197 nemo
2093 1157 2184 1194 ac-

605 1250 748 1319 cipit.
781 1249 837 1302 Si
858 1260 1034 1312 nemo,
1065 1243 1250 1314 utquid
1271 1241 1452 1298 venit?
1477 1236 1836 1307 Quorumdam
1855 1243 1984 1305 ergo
2004 1245 2181 1288 nemo.

605 1340 703 1395 Est
722 1334 932 1408 quidam
961 1335 1187 1405 populus
1207 1338 1534 1403 praeparatus
1549 1328 1613 1382 ad
1640 1327 1772 1380 iram
1798 1324 1910 1388 Dei,
1928 1323 2186 1377 damnan-

604 1431 706 1486 dus
734 1445 854 1484 cum
883 1427 1096 1484 diabolo
1126 1443 1140 1480 :
1174 1426 1363 1479 horum
1405 1435 1564 1476 nemo
1603 1417 1797 1487 accipit
1825 1415 2184 1471 testimonium

602 1519 822 1575 Christi.
866 1517 998 1572 Nam
1024 1516 1070 1572 si
1107 1514 1326 1570 omnino
1373 1525 1564 1575 nemo,
1602 1507 1778 1562 nullus
1815 1506 2012 1569 homo;
2058 1497 2185 1572 quid

602 1621 685 1668 est
712 1611 853 1682 quod
882 1609 1139 1678 sequitur,
1174 1604 1273 1670 Qui
1293 1611 1460 1656 autem
1483 1599 1669 1670 accepit
1692 1596 2028 1661 testimonium
2051 1596 2181 1662 ejus,

599 1703 815 1773 signauit
839 1701 959 1767 quia
987 1698 1125 1752 Deus
1151 1710 1304 1749 verax
1331 1691 1446 1746 est?
1493 1690 1652 1745 Certe
1694 1700 1822 1756 ergo
1859 1701 1964 1739 non
2002 1696 2181 1749 nemo,

602 1793 648 1848 si
678 1803 733 1847 tu
761 1792 875 1862 ipse
901 1789 1063 1855 dicis,
1104 1786 1203 1852 Qui
1233 1783 1421 1853 accepit
1447 1779 1782 1834 testimonium
1810 1777 1939 1846 ejus,
1970 1773 2186 1845 signavit

601 1885 721 1954 quia
750 1881 884 1935 Deus
908 1895 1060 1934 vei-aa;
1085 1885 1175 1932 est.
1207 1872 1579 1944 Responderet
1605 1884 1733 1939 ergo
1768 1866 1992 1921 fortasse
2016 1864 2184 1920 Joan-

603 1989 702 2029 nes
726 1973 1097 2040 interrogatus,
1127 1975 1181 2022 et
1203 1966 1424 2029 diceret,
1450 1958 1726 2030 Noviquid
1751 1956 1996 2020 dixerim,
2014 1969 2180 2008 nemo.

602 2063 704 2118 Est
728 2061 867 2117 enim
897 2039 1111 2129 quidam
1139 2053 1365 2125 populus
1404 2060 1562 2106 natus
1590 2049 1657 2103 ad
1695 2047 1828 2102 iram
1873 2045 2004 2110 Dei,
2039 2051 2093 2098 et
2117 2039 2184 2096 ad

602 2152 707 2208 hoc
736 2149 1108 2222 przecognitus.
1139 2143 1241 2212 Qui
1269 2145 1375 2199 sint
1395 2141 1537 2196 enim
1565 2136 1852 2202 credituri,
1881 2143 1935 2191 et
1959 2133 2047 2204 qui
2076 2147 2184 2187 non

601 2244 710 2299 sint
739 2241 1029 2304 credituri,
1059 2237 1208 2293 novit
1234 2237 1409 2299 Deus;
1449 2232 1538 2303 qui
1582 2231 1691 2286 sint
1717 2225 2102 2300 perseveraturi
2130 2225 2186 2279 in

599 2351 668 2392 eo
691 2334 832 2402 quod
861 2331 1222 2393 crediderunt,
1254 2336 1308 2382 et
1333 2323 1424 2395 qui
1453 2325 1560 2378 sint
1587 2319 1808 2390 lapsuri,
1837 2316 1984 2372 novit
2011 2317 2180 2370 Deus:

599 2436 657 2484 et
685 2425 948 2482 numerati
977 2430 1101 2477 sunt
1123 2420 1231 2475 Deo
1251 2430 1438 2472 omnes
1459 2412 1617 2468 futuri
1643 2411 1696 2466 in
1719 2410 1879 2463 vitam
1896 2416 2182 2469 aztcraam;

546 2510 554 2516 ’
601 2527 658 2573 et
683 2514 971 2583 novitrjam
1022 2510 1171 2565 illum
1216 2505 1468 2577 populum
1516 2500 1842 2557 distinctum.
1893 2495 2028 2550 Etsi
2072 2495 2186 2564 ipse

599 2609 751 2666 novit
773 2647 788 2672 ,
817 2615 872 2662 et
899 2601 1180 2674 Pmphetis
1207 2598 1352 2654 dedit
1390 2609 1550 2650 nosse
1580 2608 1676 2664 per
1713 2589 1967 2660 Spiritum
2005 2600 2182 2653 suum,

601 2698 749 2755 dedit
774 2705 829 2752 et
855 2694 1065 2751 .loauni.
1089 2687 1413 2746 Attendebat
1437 2699 1564 2754 ergo
1591 2682 1825 2738 Joannes
1849 2719 1864 2744 ,
1895 2691 2002 2732 non
2030 2675 2184 2730 oculo

601 2802 734 2855 suo;
781 2803 905 2843 nam
931 2793 1185 2856 quantum
1215 2779 1281 2834 ad
1309 2780 1481 2848 ipsum
1515 2775 1780 2846 pertinet,
1811 2781 1950 2825 terra
1985 2777 2100 2834 est,
2131 2775 2187 2822 et

605 2884 675 2940 de
720 2891 859 2937 terra
900 2876 1133 2947 loquitur
1163 2890 1177 2927 :
1207 2871 1302 2927 sed
1330 2871 1383 2925 in
1426 2885 1490 2925 ea
1530 2867 1696 2938 gratia
1725 2863 1954 2934 Spiritus
1977 2901 1991 2926 ,
2026 2873 2182 2929 quam

601 2973 807 3042 accepit
827 2985 856 3024 a
880 2971 1020 3034 Deo,
1063 2965 1200 3020 vidit
1222 2961 1505 3034 quemdam
1535 2957 1786 3028 populum
1821 2953 2070 3023 impium,
2088 2952 2183 3042 in-

605 3038 816 3120 ﬁdelem
841 3079 856 3128 ;
896 3057 1177 3115 attendens
1202 3055 1355 3110 illum
1381 3053 1433 3107 in
1463 3049 1775 3105 inﬁdelitate
1803 3060 1918 3108 sua,
1946 3043 2050 3105 ait,
2082 3038 2184 3094 Te-

601 3153 890 3210 stimonium
908 3150 1018 3220 ejus
1043 3148 1128 3219 qui
1152 3147 1282 3200 venit
1301 3144 1364 3198 de
1377 3141 1522 3206 caelo,
1554 3154 1697 3193 nemo
1719 3135 1918 3205 accipit.
1950 3131 2183 3199 Quorum

601 3242 799 3301 nemo?
834 3242 1028 3296 Eorum
1059 3237 1148 3308 qui
1180 3235 1246 3290 ad
1286 3232 1556 3289 sinistram
1601 3227 1760 3282 futuri
1798 3232 1959 3290 sunt,
1999 3237 2184 3277 eorum

600 3333 794 3406 quibus
823 3331 1029 3386 dicetur
1048 3368 1064 3392 ,
1092 3325 1174 3380 Ite
1196 3327 1249 3378 in
1273 3325 1440 3394 ignem
1464 3330 1724 3380 internum,
1757 3317 1840 3386 qui
1871 3321 2184 3406 purpuratus

599 3403 672 3480 est
699 3423 900 3477 diabolo
945 3429 992 3473 et
1030 3417 1223 3488 angelis
1259 3415 1390 3486 ejus.
1437 3411 1536 3478 Qui
1584 3423 1711 3479 ergo
1753 3404 2062 3474 accipiunt?
2105 3403 2183 3458 Illi

599 3515 690 3586 qui
723 3513 788 3568 ad
817 3511 1092 3566 dexteram
1122 3505 1281 3562 futuri
1308 3511 1462 3566 sunt,
1493 3500 1567 3556 illi
1596 3499 1785 3570 quibus
1809 3497 2046 3586 dicetur,
2084 3494 2183 3586 Vc-

601 3583 705 3658 uite
723 3645 739 3671 ,
772 3601 1016 3657 benedicti
1047 3597 1220 3652 Patris
1245 3596 1362 3660 mei,
1393 3591 1632 3664 percipite
1658 3604 1867 3658 regnum
1895 3585 2029 3655 quod
2051 3583 2185 3638 vobis

600 3704 841 3765 paratum
880 3701 952 3747 est
995 3689 1056 3745 ab
1099 3687 1292 3758 origine
1318 3683 1495 3738 mundi
1526 3679 1734 3753 (Matth.
1766 3693 1866 3731 xxv
1891 3718 1907 3744 ,
1939 3677 2036 3741 41,
2067 3676 2180 3744 54).

601 3785 847 3841 Attendit
873 3797 1002 3853 ergo
1027 3782 1078 3836 in
1101 3778 1291 3850 spiritu
1320 3774 1632 3830 divisionem
1653 3811 1667 3836 ,
1705 3770 1757 3823 in
1786 3782 1979 3838 genere
2006 3774 2182 3820 autem

600 3875 836 3930 humano
864 3870 1326 3932 eommixtionem;
1350 3874 1406 3920 et
1433 3861 1574 3934 quod
1605 3859 1844 3915 nondum
1868 3857 1998 3912 locis
2025 3871 2182 3925 sepa-

601 3972 774 4018 ratum
805 3971 907 4027 est,
937 3959 1201 4030 separavit
1225 3955 1516 4018 intellectu,
1548 3949 1812 4018 separavit
1835 3946 2010 4002 cordis
2031 3961 2186 4014 aspe-

599 4061 727 4116 ctu;
772 4059 829 4104 ct
869 4050 1001 4104 vidit
1027 4050 1160 4102 duos
1189 4044 1445 4114 populos,
1492 4039 1724 4094 ﬁdelium
1756 4045 1810 4091 et
1846 4034 2134 4088 inﬁdelium
2166 4051 2180 4086 :

599 4141 826 4196 attendit
866 4138 1107 4193 inﬁdeles
1131 4177 1145 4201 ,
1191 4142 1246 4189 et
1269 4133 1376 4197 ait,
1428 4130 1529 4195 Qui
1568 4129 1630 4182 de
1668 4127 1792 4180 caelo
1826 4126 1983 4188 venit,
2027 4141 2185 4194 supra

601 4247 777 4285 omnes
799 4234 878 4284 est
910 4244 930 4282 :
953 4237 1000 4281 et
1026 4225 1160 4296 quod
1184 4223 1305 4278 vidit
1332 4233 1378 4275 et
1417 4220 1634 4283 audivit,
1667 4219 1760 4271 hoc
1803 4226 2008 4270 testatur
2038 4217 2054 4248 ί
2081 4233 2094 4281 ;
2137 4224 2184 4269 et

501 4372 522 4384 ,
605 4320 941 4377 testimonium
978 4319 1086 4388 ejus
1125 4331 1269 4370 nemo
1298 4312 1497 4384 accipit.
1549 4310 1748 4366 Deinde
1780 4309 2045 4363 transtulit
2069 4323 2126 4362 se
2151 4323 2182 4362 a

603 4414 841 4477 sinistra,
869 4420 922 4467 et
949 4409 1156 4478 aspexit
1179 4407 1244 4462 ad
1274 4407 1544 4462 dexteram
1564 4443 1580 4471 ,
1611 4412 1664 4459 et
1689 4411 1902 4457 secutus
1926 4403 2035 4468 ait,
2084 4401 2184 4466 Qui

601 4503 792 4573 accepit
821 4501 1156 4556 testimonium
1179 4499 1290 4568 ejus
1310 4537 1325 4561 ,
1356 4497 1570 4567 signavit
1595 4495 1713 4565 quia
1742 4493 1879 4548 Deus
1904 4510 2057 4548 uerax
2085 4503 2177 4547 est.

601 4593 742 4661 Quid
780 4601 882 4658 est,
925 4591 1138 4662 signavit
1175 4588 1295 4659 quia
1340 4587 1478 4641 Deus
1505 4601 1656 4639 uerax
1691 4594 1798 4652 est,
1839 4585 1974 4652 nisi,
2021 4583 2181 4638 homo

601 4683 831 4740 mendax
858 4689 963 4746 est,
995 4689 1050 4736 et
1068 4680 1210 4734 Deus
1232 4693 1391 4734 verax
1418 4676 1535 4732 est?
1562 4675 1693 4742 Quia
1725 4691 1880 4730 nemo
1905 4675 2178 4729 hominum

601 4784 783 4848 potest
819 4774 998 4830 dicere
1021 4771 1161 4843 quod
1190 4769 1429 4826 veritatis
1458 4778 1579 4834 est,
1626 4767 1728 4822 nisi
1759 4767 2085 4822 illuminetur
2113 4769 2178 4822 ab

600 4887 670 4927 eo
693 4869 784 4941 qui
806 4867 1019 4924 mentiri
1047 4882 1152 4921 non
1181 4871 1374 4936 potest.
1408 4863 1546 4917 Deus
1575 4877 1701 4932 ergo
1723 4875 1906 4926 verax,
1936 4859 2180 4915 Christus

603 4971 780 5018 autem
803 4962 964 5016 Deus.
999 4958 1090 5013 Vis
1121 4955 1384 5027 probare?
1434 4954 1630 5023 Accipe
1659 4952 2014 5007 testimonium
2040 4951 2175 5020 ejus,

601 5063 658 5110 et
686 5053 890 5114 invenis
915 5068 930 5104 :
961 5048 1060 5115 Qui
1083 5048 1213 5102 enim
1232 5045 1418 5116 accepit
1441 5043 1773 5098 testimonium
1800 5041 1910 5112 ejus
1927 5083 1941 5108 ,
1966 5040 2180 5110 signavit

601 5143 720 5212 quia
745 5142 882 5196 Deus
921 5154 1072 5193 verax
1097 5146 1190 5191 est.
1230 5134 1391 5202 Quis?
1440 5133 1555 5204 Ipse
1583 5133 1672 5202 qui
1695 5132 1760 5188 de
1791 5131 1927 5186 coelo
1954 5131 2098 5184 venit
2126 5139 2180 5186 et

599 5246 758 5300 supra
781 5245 967 5286 omnes
991 5235 1096 5295 est,
1115 5228 1254 5282 Deus
1269 5241 1428 5281 verax
1451 5232 1551 5280 est.
1577 5223 1680 5278 Sed
1707 5224 1750 5277 si
1775 5220 2006 5276 nondum
2032 5222 2176 5274 illum

605 5321 854 5392 intelligis
883 5322 1071 5384 Deum,
1102 5317 1335 5373 nondum
1363 5315 1611 5384 accepisti
1641 5312 1997 5367 testimonium
2025 5312 2138 5382 ejus
2163 5329 2175 5365 :

603 5413 806 5480 accipe,
836 5419 893 5467 et
919 5412 1116 5481 signas,
1143 5415 1528 5479 praesumenter
1556 5404 1830 5475 intelligis,
1859 5399 2179 5457 delinienter

604 5502 848 5572 agnoscis
872 5500 995 5571 quia
1028 5501 1166 5555 Deus
1195 5513 1355 5554 verax
1383 5505 1484 5551 est.

677 5594 728 5648 9.
760 5591 918 5659 Quem
946 5591 1077 5644 enim
1103 5591 1238 5645 misit
1282 5587 1448 5654 Deus,
1480 5585 1626 5640 verba
1656 5583 1747 5638 Dei
1785 5583 2020 5652 loquitur.
2063 5581 2179 5654 Ipse

665 5706 682 5737 ¹
707 5711 834 5757 uss...
859 5702 1063 5756 loauitur
1087 5716 1103 5754 :
1130 5710 1179 5753 et
1202 5709 1326 5766 post,
1357 5699 1481 5762 loco,
1505 5696 1759 5758 transtulit,
1792 5697 1991 5757 habent,
2025 5694 2146 5746 tulit.

1544 303 1609 366 IN
1645 293 1922 366 JOANNIS
1958 290 2427 366 EVANGELIUM,
2467 301 2527 357 8.
2569 292 2926 358 AUGUSTINI

3718 291 3850 359 I503

2288 420 2371 467 est
2415 412 2553 468 Deus
2591 426 2788 478 verax,
2842 420 2895 464 et
2938 409 3083 465 misit
3127 399 3273 464 illum
3320 393 3500 464 Detis:
3532 409 3669 466 Deus
3710 413 3852 470 misit

2288 502 2476 557 Deum.
2502 501 2671 573 Juuge
2707 503 2912 566 ambos,
2944 517 3078 556 unus
3104 502 3270 568 Deus,
3303 501 3442 557 Deus
3467 517 3626 558 verax
3653 505 3846 560 missus

2286 607 2317 648 a
2348 594 2476 648 Deo.
2522 594 2598 649 De
2620 593 2841 663 singulis
2869 594 3132 664 interroga
3155 633 3172 660 ,
3215 593 3355 648 Deus
3385 609 3401 648 :
3427 602 3480 648 et
3502 593 3569 650 de
3602 595 3855 650 ambobus

2290 684 2573 754 interroga,
2605 685 2764 738 Deus.
2789 683 2903 737 Non
2935 683 3125 754 singuli
3149 682 3290 738 Deus
3320 685 3336 715 ¹
3369 692 3422 739 et
3446 684 3600 740 ambo
3627 683 3722 751 dii,
3763 685 3858 742 sed

2288 775 2530 845 singulus
2573 776 2797 845 quisque
2842 775 2980 830 Deus
3018 785 3070 830 et
3107 773 3263 829 ambo
3304 771 3460 830 Deus.
3507 774 3673 830 Tanta
3717 778 3856 832 enim

2288 865 2361 920 ibi
2395 873 2476 920 est
2514 863 2743 919 Charitas
2769 864 2996 934 Spiritus
3033 864 3241 929 sancti,
3288 868 3433 920 tanta
3480 880 3578 935 pax
3620 867 3858 934 unitatis,

2289 960 2347 1008 ut
2369 954 2436 1010 de
2481 955 2698 1026 singulis
2739 967 2861 1010 cum
2904 954 3299 1028 interrogatur,
3339 954 3478 1014 Deus
3508 955 3602 1009 tibi
3639 970 3862 1026 respon-

2287 1044 2503 1112 deatur;
2547 1045 2615 1102 de
2643 1046 2902 1103 Trinitate
2932 1063 3052 1103 cum
3088 1048 3459 1120 interrogatur,
3489 1045 3628 1106 Deus
3654 1046 3749 1106 tibi
3774 1062 3875 1108 ree

2288 1137 2630 1219 spondcalur.
2673 1139 2728 1194 Si
2753 1140 2892 1194 enim
2919 1139 3136 1209 spiritus
3160 1140 3389 1196 hominis
3414 1142 3624 1212 quando
3645 1142 3870 1199 inhaeret

2290 1227 2403 1282 Deo
2438 1243 2576 1284 unus
2609 1230 2827 1299 spiritus
2865 1240 2946 1284 est
2967 1271 2980 1294 ,
3013 1239 3194 1298 aperte
3215 1231 3470 1299 Apostolo
3495 1231 3736 1300 dicente,
3766 1233 3866 1299 Qui

2288 1318 2509 1372 adhazret
2529 1318 2766 1386 Domino,
2790 1330 2921 1373 unus
2940 1320 3145 1389 spiritus
3160 1329 3230 1373 est
3244 1317 3286 1390 (ι
3299 1319 3412 1374 Cor.
3435 1336 3506 1386 v1,
3529 1321 3644 1392 l7);
3671 1332 3870 1393 quanto

2288 1409 2456 1478 magis
2487 1408 2654 1463 Filius
2697 1409 2916 1479 aequalis
2942 1409 3220 1464 adhaerens
3247 1410 3387 1464 Patri
3427 1411 3582 1466 simul
3619 1428 3737 1467 cum
3777 1413 3870 1467 illo

2289 1511 2427 1552 unus
2464 1499 2604 1552 Deus
2633 1498 2758 1554 est?
2803 1498 2996 1554 Audite
3011 1499 3253 1554 alterum
3281 1500 3659 1555 testimonium.
3689 1502 3870 1560 Nostis

2291 1602 2450 1658 quam
2477 1589 2631 1643 multi
2677 1588 3048 1654 crediderunt,
3095 1589 3312 1659 quando
3340 1591 3516 1644 omnia
3545 1607 3663 1661 qua:
3703 1592 3870 1647 habes

2287 1675 2447 1742 bant,
2491 1678 2556 1733 ad
2595 1679 2758 1749 pedes
2787 1679 3154 1748 Apostolorum
3194 1679 3408 1736 vendita
3450 1693 3776 1751 posuerunt,
3812 1689 3872 1738 ut

2287 1769 2696 1825 distribueretur
2734 1771 3018 1840 unicuique
3047 1771 3184 1826 sicut
3208 1786 3344 1841 opus
3390 1781 3506 1828 erat
3536 1790 3548 1826 :
3581 1781 3636 1828 et
3677 1773 3744 1828 de
3781 1775 3871 1828 illa

2288 1863 2696 1932 congregatione
2738 1871 3042 1918 sanctorum
3069 1863 3194 1933 quid
3223 1863 3353 1918 dicit
3381 1865 3695 1934 Scriptura?
3742 1865 3873 1920 Erat

2289 1953 2395 2008 illis
2422 1954 2593 2006 anima
2613 1967 2717 2006 una
2739 1961 2787 2005 et
2810 1969 2898 2006 cor
2934 1970 3092 2006 unum
3117 1954 3170 2006 in
3213 1953 3432 2008 Domino
3459 1952 3593 2027 (Act.
3625 1970 3680 2008 tv
3702 1995 3717 2020 ,
3750 1954 3870 2025 52).

2289 2042 2346 2098 Si
2373 2041 2604 2097 Charitas
2633 2041 2699 2096 de
2741 2050 2818 2096 tot
2854 2041 3045 2096 animis
3082 2042 3205 2098 fecit
3228 2043 3457 2098 animam
3489 2058 3647 2097 unam
3671 2082 3686 2108 ,
3726 2053 3779 2098 et
3806 2043 3874 2099 de

2291 2141 2370 2188 tot
2393 2131 2642 2190 cordibus
2671 2132 2790 2187 fecit
2831 2148 2926 2187 cor
2954 2148 3114 2187 unum
3143 2174 3160 2200 ,
3195 2143 3389 2204 quanta
3419 2143 3502 2188 est
3527 2133 3757 2189 charitas
3787 2135 3874 2189 in-

2291 2236 2372 2282 ter
2395 2227 2604 2281 Patrem
2631 2233 2684 2280 et
2712 2224 2940 2280 Filium?
2964 2225 3132 2294 Major
3157 2226 3336 2296 utique
3366 2233 3539 2295 potest
3563 2241 3681 2282 esse
3709 2242 3874 2296 quam

2287 2316 2427 2371 inter
2469 2317 2588 2371 illos
2638 2316 2880 2371 homines
2921 2316 3112 2386 quibus
3133 2326 3248 2371 erat
3291 2331 3384 2371 cor
3427 2333 3610 2372 unum.
3657 2315 3712 2373 Si
3741 2332 3876 2388 ergo

2287 2408 2572 2462 multorum
2604 2408 2820 2461 fratrum
2846 2421 2939 2461 cor
2982 2422 3141 2461 unum
3179 2418 3396 2477 propter
3432 2407 3774 2473 charitatem,
3824 2418 3879 2463 et

2289 2499 2573 2554 multorum
2619 2497 2838 2553 fratrum
2888 2500 3063 2552 anima
3111 2515 3212 2554 una
3254 2511 3475 2572 propter
3522 2500 3874 2566 charitatcm;

2290 2590 2431 2645 Deus
2459 2591 2617 2645 Pater
2639 2601 2693 2646 et
2724 2591 2862 2646 Deus
2889 2591 3074 2657 Filius,
3099 2591 3334 2646 dicturus
3358 2607 3417 2647 es
3443 2592 3565 2664 quia
3592 2594 3696 2649 duo
3715 2596 3876 2650 sunt?

2289 2679 2346 2734 Si
2374 2680 2478 2734 duo
2504 2680 2575 2734 dii
2601 2689 2745 2746 sunt,
2779 2696 2883 2735 non
2912 2690 2993 2735 est
3023 2681 3095 2736 ibi
3123 2697 3326 2736 summa
3351 2683 3600 2739 charitas.
3644 2683 3698 2739 Si
3727 2686 3874 2741 enim

2290 2769 2375 2826 hic
2405 2779 2547 2844 tpnta
2585 2771 2816 2825 charitas
2857 2780 2938 2826 est
2963 2809 2978 2837 ,
3029 2779 3086 2825 ut
3131 2773 3358 2825 animam
3391 2781 3530 2826 tuam
3561 2780 3615 2827 et
3638 2774 3874 2828 animam

2289 2863 2446 2916 amici
2478 2863 2549 2916 tui
2579 2877 2734 2916 unam
2779 2861 3008 2916 animam
3035 2863 3217 2926 faciat;
3263 2863 3528 2933 quomodo
3557 2863 3629 2918 ibi
3659 2880 3767 2918 non
3794 2873 3876 2921 est

2291 2966 2426 3007 unus
2455 2952 2591 3008 Deus
2618 2951 2776 3006 Pater
2799 2961 2853 3006 et
2878 2952 3086 3006 Filius?
3132 2952 3285 3007 Absit
3311 2959 3368 3006 ut
3391 2952 3492 3007 hoc
3519 2954 3713 3008 sentiat
3743 2953 3876 3010 ﬁdes

2288 3058 2396 3098 non
2453 3043 2594 3097 licta.
2649 3043 2875 3098 Prorsus
2920 3051 3172 3112 quantum
3214 3043 3442 3097 excellat
3483 3043 3714 3099 cbaritas
3765 3044 3872 3110 illa,

2289 3132 2414 3189 hinc
2445 3133 2740 3204 intelligite.
2787 3132 2966 3186 Multa:
3008 3132 3198 3186 animae
3228 3141 3349 3186 sunt
3373 3131 3656 3187 multorum
3695 3132 3875 3188 homi-

2288 3240 2451 3291 num,
2495 3232 2550 3278 et
2576 3225 2619 3278 si
2642 3239 2700 3278 se
2729 3222 2981 3294 diligunt,
3015 3239 3115 3276 una
3145 3223 3317 3277 anima
3343 3232 3465 3290 est;
3512 3223 3605 3279 sed
3647 3233 3876 3293 possunt

2289 3315 2392 3371 diei
2421 3323 2476 3370 et
2499 3316 2678 3369 multae
2708 3315 2920 3382 animus,
2943 3323 3162 3384 possunt
3192 3315 3244 3367 in
3266 3313 3590 3381 hominibus,
3613 3314 3738 3384 quia
3767 3330 3872 3369 non

2289 3413 2374 3460 est
2415 3413 2560 3458 tanta
2602 3404 2903 3474 conjunctio
2938 3421 2951 3458 :
2982 3403 3051 3458 ibi
3091 3414 3266 3457 autem
3292 3444 3306 3468 ,
3345 3418 3507 3458 unum
3537 3404 3700 3459 Deum
3749 3403 3876 3460 licet

2289 3495 2471 3561 dicas;
2509 3496 2641 3550 duos
2670 3504 2761 3550 aut
2798 3502 2908 3550 tres
2946 3495 3075 3550 deos
3101 3512 3206 3549 non
3246 3495 3371 3550 licet
3405 3495 3570 3550 dicas.
3617 3495 3755 3551 Ilinc
3783 3497 3874 3551 tibi

2290 3586 2694 3642 commendatur
2733 3585 3177 3655 supereminentia
3206 3595 3260 3641 ct
3297 3585 3574 3642 summitas
3598 3585 3876 3642 cbaritatis

2292 3686 2457 3742 tanta,
2487 3686 2543 3731 ut
2566 3677 2734 3746 major
2761 3691 2880 3731 esse
2909 3692 3012 3730 non
3045 3677 3229 3746 possit.

2365 3771 2452 3824 10.
2486 3771 2645 3835 Quem
2671 3770 2802 3822 enim
2831 3770 2964 3822 misit
2992 3767 3128 3823 Deus
3148 3808 3162 3833 ,
3190 3767 3335 3823 verba
3361 3766 3458 3821 Dei
3484 3768 3724 3840 loquitur.
3766 3769 3874 3824 [Ioc

2288 3861 2470 3930 utique
2497 3861 2564 3915 de
2591 3859 2800 3915 Christo
2829 3859 3035 3914 dicebat
3057 3901 3072 3926 ,
3114 3869 3170 3914 ut
3194 3875 3252 3914 se
3279 3860 3345 3914 ab
3383 3860 3475 3914 illo
3502 3859 3874 3930 distingueret.

2291 3951 2426 4017 Quid
2458 3950 2641 4005 enim?
2683 3952 2852 4019 ipsum
2892 3949 3148 4005 Joannem
3188 3966 3364 4006 nonne
3394 3951 3532 4006 Deus
3572 3951 3767 4005 misit?
3795 3953 3877 4006 An

2291 4055 2394 4094 non
2427 4039 2541 4111 ipse
2582 4039 2733 4107 dixit,
2769 4039 2957 4094 Missus
2985 4058 3096 4094 sum
3127 4051 3243 4095 ante
3266 4058 3378 4094 eum
3405 4040 3584 4112 (Joan.
3613 4057 3667 4095 Ill
3691 4081 3710 4108 ,
3739 4041 3833 4112 28)
3859 4082 3874 4109 ,

2290 4141 2343 4187 et
2365 4173 2379 4195 ,
2429 4133 2528 4198 Qui
2555 4149 2634 4186 me
2670 4133 2804 4187 misit
2831 4132 3084 4204 baptizare
3108 4133 3160 4186 in
3184 4151 3314 4202 aqua
3342 4131 3449 4206 (Id.
3478 4149 3492 4186 t
3517 4175 3532 4200 ,
3561 4132 3650 4202 55)
3687 4150 3700 4188 :
3733 4143 3788 4189 et
3812 4134 3879 4190 de

2289 4226 2381 4281 illo
2411 4227 2612 4281 dictum
2641 4235 2744 4292 est,
2776 4225 2905 4278 Ecce
2939 4226 3084 4279 mitto
3109 4227 3342 4296 angelum
3368 4242 3529 4278 meum
3566 4236 3682 4279 ante
3713 4235 3766 4280 te
3789 4268 3804 4291 ,
3833 4234 3878 4280 et

2291 4315 2594 4386 prwparabit
2617 4317 2749 4369 viam
2776 4316 2947 4369 tuam?
2969 4315 3153 4370 Nonne
3179 4325 3232 4371 et
3252 4316 3363 4386 ipse
3386 4316 3546 4370 verba
3577 4315 3672 4370 Dei
3693 4315 3876 4387 loqui-

2288 4415 2374 4462 tur
2397 4449 2411 4473 ,
2440 4407 2506 4462 de
2533 4423 2638 4477 quo
2662 4408 2820 4463 etiam
2846 4407 3041 4462 dictum
3069 4417 3151 4463 est
3188 4408 3328 4478 quod
3354 4408 3423 4462 sit
3450 4409 3675 4478 amplius
3713 4425 3876 4480 quam

2288 4496 2544 4566 propheta
2575 4496 2824 4567 (Malach.
2854 4513 2931 4562 ut,
2961 4498 2986 4551 1
3016 4513 3030 4561 ;
3065 4495 3253 4550 Matth.
3286 4514 3342 4551 xt
3364 4539 3376 4561 ,
3408 4498 3506 4561 l0,
3539 4497 3634 4569 9)?
3664 4497 3724 4553 Si
3749 4515 3878 4569 ergo

2285 4592 2341 4639 et
2366 4585 2536 4654 ipsum
2567 4585 2707 4638 Deus
2732 4585 2893 4651 misit,
2923 4593 2975 4640 ct
3002 4585 3162 4640 verba
3193 4586 3282 4640 Dei
3311 4586 3571 4656 loquitur;
3603 4587 3878 4657 quomodo

2286 4675 2351 4730 ad
2377 4675 2795 4742 distinctionem,
2840 4675 2908 4730 de
2931 4674 3145 4729 Christo
3174 4691 3295 4729 eum
3322 4677 3520 4731 dixisse
3549 4677 3874 4746 accipimus,

2293 4765 2454 4830 Quem
2484 4765 2618 4820 enim
2643 4766 2775 4819 misit
2803 4763 2943 4818 Deus
2968 4807 2983 4832 ,
3024 4767 3173 4820 verba
3197 4764 3290 4820 Dei
3320 4768 3580 4837 loquitur?
3619 4766 3728 4822 Sed
3757 4769 3878 4823 vide

2287 4856 2411 4926 quid
2439 4856 2688 4927 adjungat
2717 4874 2730 4911 :
2760 4854 2881 4910 Non
2905 4857 3034 4910 enim
3056 4857 3123 4909 ad
3150 4873 3436 4911 mensuram
3466 4857 3553 4910 dat
3577 4857 3720 4911 Deus
3744 4859 3876 4931 Spi-

2286 4948 2458 5001 ritum.
2487 4946 2621 5013 Quid
2653 4955 2734 5002 est
2765 4945 2888 5012 Itoc,
2920 4945 3039 5000 Non
3062 4949 3193 5001 enim
3219 4949 3286 5001 ad
3307 4965 3593 5002 ntensuram
3615 4948 3702 5001 dat
3740 4948 3878 5003 Deus

2289 5037 2579 5108 Spiritum?
2625 5037 2923 5093 Invenimus
2973 5039 3093 5108 quia
3146 5039 3212 5093 ad
3264 5055 3568 5094 mensuram
3598 5039 3691 5094 dat
3730 5041 3878 5096 Deus

2289 5129 2562 5199 Spiritum.
2593 5129 2730 5184 Audi
2754 5130 3064 5200 Apostolum
3097 5129 3378 5196 dicentem,
3415 5131 3707 5186 Secundum
3726 5149 3876 5186 men-

2286 5236 2459 5273 suram
2495 5219 2780 5273 donationis
2823 5218 3008 5273 Christi
3051 5219 3263 5289 (Ep/tes.
3293 5235 3382 5287 tv,
3425 5219 3501 5294 7).
3553 5221 3878 5277 Hominibus

2287 5309 2356 5364 ad
2384 5325 2687 5364 mensuram
2717 5310 2826 5372 dat,
2857 5310 3013 5363 unico
3040 5309 3174 5364 Filio
3199 5327 3301 5364 non
3331 5311 3423 5366 dat
3446 5311 3510 5366 ad
3538 5327 3875 5368 mensuram.

2288 5401 2565 5469 Quomodo
2591 5401 2891 5456 hominibus
2911 5401 2977 5455 ad
3005 5403 3347 5457 mensuram?
3373 5403 3476 5457 Alii
3494 5404 3692 5476 quidem
3714 5409 3875 5460 datur

2289 5509 2379 5564 per
2408 5493 2657 5563 Spiritum
2684 5509 2847 5547 sermo
2889 5493 3186 5563 sapientiae;
3230 5494 3320 5548 alii
3355 5512 3517 5549 sermo
3544 5498 3772 5550 scientia:
3791 5515 3874 5552 se-

2288 5584 2506 5638 cundant
2535 5585 2766 5638 eumdem
2797 5585 3068 5653 spiritum;
3110 5586 3200 5639 alii
3226 5587 3354 5657 ﬁdes
3389 5588 3439 5640 in
3465 5588 3632 5642 eodem
3658 5590 3872 5660 spiritu,

2357 5699 2371 5728 ³
2397 5697 2470 5748 sic
2491 5709 2658 5750 omnes
2679 5705 2785 5749 Mss.
2811 5704 2865 5748 At
2888 5698 3001 5748 editi
3019 5713 3033 5748 :
3049 5708 3143 5749 ron
3165 5698 3342 5763 singuli
3365 5699 3450 5751 dii.
3483 5682 3486 5686 I
