4082 6500
216 334 323 394 1509

214 450 283 503 alii
309 441 557 516 prophetia
582 483 597 505 ,
646 438 739 493 alii
785 436 1080 507 dijudieatio
1117 434 1417 505 spirituum,
1463 433 1551 485 alii
1578 447 1761 502 genera

212 542 499 608 linguarum,
546 531 640 584 alii
678 529 887 583 donatio
914 526 1248 580 curationum.
1294 522 1560 593 Numquid
1595 537 1764 576 omnes

211 626 435 699 apostoli?
482 621 729 692 numquid
771 635 943 674 omnes
982 614 1272 687 prophetae?
1310 612 1558 699 numquid
1596 626 1765 699 omnes

211 694 439 768 doctores!
462 703 709 773 numquid
731 719 903 757 omnes
918 700 1153 754 virtutes?
1170 697 1410 767 numquid
1438 711 1606 750 omnes
1633 694 1767 747 dona

212 803 363 858 habent
401 794 723 853 sanitatum?
770 790 1011 861 numquid
1040 806 1209 844 omnes
1238 788 1420 858 linguis
1460 785 1768 857 loquuntur?

211 892 425 962 numquid
469 902 645 941 omnes
689 885 1081 953 interpretantur
1127 879 1167 951 (Ι
1194 878 1312 933 Cor.
1346 893 1416 931 xu
1437 919 1452 942 ,
1480 877 1546 941 8,
1576 876 1642 941 9,
1682 874 1764 939 10,

210 983 293 1049 29,
318 979 446 1052 '50)?
474 976 633 1031 Aliud
662 974 824 1029 habet
855 974 987 1037 iste,
1017 970 1158 1025 aliud
1195 970 1314 1032 ille;
1347 978 1403 1023 et
1436 966 1576 1039 quod
1610 966 1770 1020 habet

212 1078 283 1133 ille
305 1116 317 1138 ,
342 1089 443 1128 non
476 1071 639 1124 habet
680 1068 784 1121 iste
814 1084 827 1119 :
860 1078 1105 1119 mensura
1136 1071 1252 1129 est,
1293 1060 1487 1115 divisio
1527 1058 1767 1129 qumdam

211 1166 440 1225 donorum
462 1170 567 1217 est.
596 1160 740 1228 Ergo
766 1154 1068 1210 hominibus
1090 1151 1155 1207 ad
1185 1166 1487 1206 mensuram
1509 1150 1688 1212 datur,
1719 1153 1773 1201 et

212 1253 469 1311 concordia
501 1252 575 1303 ibi
604 1263 772 1303 unum
800 1260 991 1315 corpus
1018 1243 1161 1298 facit.
1208 1240 1485 1310 Quomodo
1511 1238 1655 1293 aliud
1680 1254 1771 1293 ace

210 1349 314 1417 cipit
337 1358 527 1399 manus
554 1351 613 1396 ut
632 1348 909 1410 operetur,
932 1336 1072 1391 aliud
1103 1335 1286 1390 oculus
1315 1342 1371 1389 ut
1395 1333 1601 1396 videat,
1631 1330 1773 1385 aliud

209 1438 331 1492 auris
356 1443 412 1489 ut
436 1432 663 1497 audiat,
694 1430 837 1484 aliud
870 1444 962 1498 prs
984 1436 1041 1481 ut
1066 1427 1336 1492 ambulet;
1379 1426 1556 1478 anima
1597 1433 1771 1477 tamen

208 1544 291 1581 una
329 1534 411 1581 est
452 1539 577 1594 qua:
616 1522 725 1593 agit
764 1522 971 1586 omnia,
1016 1519 1070 1573 in
1113 1534 1271 1572 manu
1315 1526 1371 1571 ut
1400 1526 1674 1587 ‘Operetur,
1716 1516 1771 1568 in

208 1620 320 1691 pede
348 1628 404 1673 ιιι
430 1616 713 1679 ambulet,
753 1614 805 1668 in
843 1624 970 1667 aure
1006 1620 1067 1665 ut
1096 1610 1306 1676 audiat,
1355 1610 1405 1662 in
1434 1608 1586 1662 oculo
1614 1616 1667 1659 ιιι
1696 1607 1768 1659 vi-

208 1713 308 1767 deat
335 1729 347 1764 :
372 1710 453 1765 sic
496 1716 627 1762 sunt
650 1706 810 1761 etiam
838 1704 1049 1758 diversa
1070 1702 1211 1756 dona
1237 1700 1493 1763 ﬁdelium,
1524 1708 1773 1767 tanquam

208 1803 440 1858 membris
469 1800 542 1855 ad
585 1812 893 1854 mensuram
932 1797 1124 1865 cuique
1169 1794 1430 1864 propriam
1471 1791 1771 1846 distributa.

209 1892 295 1949 Sed
316 1892 560 1948 Christus
587 1890 674 1960 qui
696 1888 807 1952 dat,
842 1902 945 1941 non
974 1885 1040 1939 ad
1067 1898 1369 1939 mensuram
1394 1882 1604 1952 accipit.

266 1988 348 2042 il.
381 1984 527 2040 Audi
555 1983 696 2037 enim
722 1980 895 2035 adhuc
930 1978 1057 2049 quid
1096 1977 1333 2047 sequitur
1358 1993 1371 2041 ;
1400 1976 1518 2045 quia
1539 1974 1606 2029 de
1639 1970 1775 2027 Filio

208 2076 425 2141 dixerat,
468 2071 597 2126 Non
626 2072 760 2126 enim
789 2069 857 2123 ad
895 2084 1179 2123 mensuram
1208 2067 1295 2120 dat
1323 2065 1461 2119 Deus
1479 2065 1725 2137 Spiritum
1757 2078 1776 2117 :

209 2165 345 2219 Pater
363 2164 535 2234 diligit
562 2161 610 2214 F
612 2163 776 2225 ilium,
806 2169 853 2213 et
878 2158 1046 2212 omnia
1061 2158 1195 2211 dedit
1212 2157 1262 2211 in
1284 2172 1436 2209 manu
1452 2157 1579 2225 ejus.
1613 2154 1773 2223 Adje-

207 2258 298 2324 cit,
335 2255 526 2310 Omnia
554 2253 693 2307 dedit
716 2253 767 2304 in
797 2268 950 2304 manu
975 2252 1114 2320 ejus,
1151 2258 1206 2303 ut
1235 2264 1420 2303 nosses
1461 2256 1517 2302 et
1562 2246 1647 2300 hic
1674 2261 1776 2317 qua

206 2346 537 2402 distinctione
566 2346 581 2375 ⁸
608 2344 813 2397 dictum
853 2342 953 2407 sit,
984 2339 1140 2393 Pater
1168 2339 1335 2410 diiigit
1357 2338 1567 2392 Filium.
1602 2338 1777 2404 Quare

207 2438 367 2492 enim?
413 2437 583 2491 Pater
632 2448 738 2488 non
786 2432 958 2503 diligit
1004 2432 1307 2486 Joannem?
1355 2439 1409 2485 et
1450 2440 1623 2485 tamen
1670 2445 1773 2484 non

207 2528 363 2582 omnia
390 2526 541 2581 dedit
571 2525 622 2578 in
651 2538 810 2577 manu
836 2525 973 2591 ejus.
1008 2522 1161 2576 Pater
1190 2534 1295 2576 non
1323 2521 1494 2591 diligit
1515 2519 1777 2575 Paulum?

203 2628 441 2673 ettamen
469 2631 579 2671 non
610 2616 789 2670 omnia
816 2614 960 2668 dedit
988 2614 1040 2667 in
1069 2629 1228 2667 tnanu
1254 2612 1387 2683 ejus.
1438 2612 1594 2667 Pater
1615 2612 1780 2682 diligit

206 2707 381 2761 Filium
407 2724 427 2760 :
456 2705 557 2761 sed
596 2705 866 2775 quomodo
906 2704 1057 2758 Pater
1096 2703 1326 2771 Filium,
1358 2718 1463 2757 non
1510 2702 1779 2772 quomodo

203 2798 435 2853 dominus
476 2810 735 2860 servum;
776 2793 1042 2863 quomodo
1070 2793 1291 2848 Unicum
1314 2833 1329 2857 ,
1368 2806 1475 2847 non
1514 2792 1779 2862 qumuodo

201 2889 521 2961 adoptatum.
568 2886 752 2954 Itaque
792 2884 964 2938 omnia
1011 2883 1147 2936 dedit
1190 2884 1244 2937 in
1285 2899 1439 2935 manu
1466 2884 1595 2953 ejus.
1641 2881 1778 2948 Quid

202 2992 305 3047 est,
333 2979 549 3033 omnia?
596 2976 667 3032 Ut
696 2983 873 3030 tantus
913 2975 982 3027 sit
1005 2972 1190 3037 Filius,
1231 2979 1459 3042 quantus
1485 2980 1566 3025 est
1603 2971 1776 3026 Pater.

202 3070 273 3125 Ad
297 3069 657 3139 aequalitatem
685 3068 825 3120 enim
852 3064 951 3119 sibi
971 3063 1151 3134 genuit
1177 3078 1319 3129 eum,
1349 3064 1433 3117 cui
1464 3062 1645 3131 rapina
1674 3078 1778 3116 non

204 3170 330 3215 esset
353 3160 408 3213 in
432 3158 606 3212 forma
632 3158 722 3211 Dei
751 3170 870 3211 esse
893 3154 1150 3224 :equalem
1181 3155 1288 3211 Deo
1316 3154 1575 3225 (Philipp.
1605 3170 1663 3220 ιι,
1697 3152 1778 3226 6).

205 3247 349 3304 Pater
394 3248 568 3318 diligit
614 3246 805 3300 Filium
831 3287 846 3310 ,
893 3253 938 3299 et
970 3246 1141 3299 omnia
1186 3245 1322 3299 dedit
1362 3246 1416 3299 in
1457 3262 1613 3299 manu
1650 3246 1779 3317 ejus.

205 3338 333 3409 Ergo
372 3353 499 3393 cum
530 3336 596 3390 ad
628 3350 726 3389 nos
756 3336 1001 3405 dignatus
1028 3342 1111 3389 est
1145 3334 1357 3389 mittere
1400 3334 1591 3389 Filium
1615 3377 1629 3401 ,
1676 3350 1780 3389 non

203 3437 440 3499 putemus
468 3427 669 3496 aliquid
698 3426 874 3479 minus
899 3425 1046 3479 nobis
1073 3425 1292 3479 missum
1315 3440 1475 3495 quam
1502 3435 1586 3481 est
1606 3427 1779 3481 Pater.

207 3520 350 3574 Pater
371 3520 596 3572 mittens
624 3517 840 3581 Filium,
875 3529 933 3569 se
956 3516 1181 3569 alterum
1204 3516 1369 3569 misit.

268 3608 352 3665 12.
394 3608 642 3677 Namque
680 3613 933 3677 putantes
969 3605 1143 3659 adhuc
1186 3604 1428 3674 discipuli
1459 3606 1583 3675 quia
1626 3606 1785 3662 Pater

208 3702 393 3772 aliquid
424 3700 601 3769 majus
641 3708 723 3754 est
767 3713 925 3768 quam
955 3696 1118 3751 Filius
1140 3735 1156 3764 ,
1206 3697 1447 3753 videntes
1489 3712 1702 3752 carnem
1733 3706 1788 3753 et

208 3808 304 3846 non
341 3792 702 3861 intelligentes
728 3789 1052 3847 divinitatem
1081 3829 1094 3851 ,
1136 3787 1383 3841 dixerunt
1423 3788 1472 3841 ei
1502 3805 1515 3840 :
1551 3787 1784 3855 Domine,

210 3886 403 3937 ostende
430 3884 576 3936 nobis
604 3881 843 3944 Patrem,
883 3888 929 3932 et
958 3878 1133 3948 sufﬁcit
1158 3877 1315 3931 nobis.
1346 3877 1617 3947 Tanquam
1642 3876 1788 3932 dice-

212 3984 350 4041 rent,
384 3974 507 4029 Jam
536 3962 783 4026 novimus
812 3980 884 4036 te,
917 3979 970 4023 et
998 3967 1358 4024 benedicimus
1380 3976 1450 4032 te,
1486 3969 1605 4038 quia
1633 3968 1788 4021 novi-

208 4080 319 4119 mus
344 4074 396 4118 te
430 4081 445 4117 :
474 4062 677 4133 gratias
696 4061 836 4115 enim
870 4060 961 4112 tibi
993 4060 1197 4128 agimus
1220 4099 1235 4123 ,
1279 4058 1401 4127 quia
1434 4058 1710 4112 ostendisti
1741 4065 1790 4112 te

208 4158 389 4221 nobis;
439 4153 535 4208 sed
570 4153 775 4206 Patrem
802 4148 1035 4203 nondum
1066 4148 1309 4201 novimus
1338 4164 1351 4200 :
1384 4156 1661 4217 pr0ptcrea
1698 4162 1792 4202 cor

208 4258 443 4302 nostrum
463 4243 637 4310 ardet,
657 4252 710 4297 et
729 4241 913 4312 satagit
930 4240 1355 4309 eo..cupisc«:ntia
1371 4238 1594 4307 quadam
1611 4247 1791 4292 sancta

206 4340 417 4395 videndi
442 4338 621 4391 Patris
649 4335 723 4389 tui
749 4336 838 4405 qui
868 4345 916 4387 te
943 4333 1123 4397 misit;
1168 4332 1337 4401 ipsum
1375 4330 1528 4384 nobis
1547 4331 1791 4398 ostende,

206 4442 257 4487 et
279 4432 415 4488 nihil
444 4428 679 4499 amplius
698 4442 726 4481 a
754 4438 804 4481 te
833 4424 1251 4480 desiderabimus
1275 4442 1288 4477 :
1311 4422 1506 4477 sufﬁcit
1529 4424 1672 4478 enim
1694 4438 1794 4477 no-

206 4523 285 4579 bis
330 4539 461 4579 cum
509 4521 603 4575 ille
647 4519 806 4573 fuerit
853 4516 1280 4582 demonstratus,
1336 4531 1442 4586 quo
1470 4515 1641 4584 major
1676 4530 1796 4570 esse

203 4632 361 4671 nemo
378 4623 584 4685 potest.
604 4612 747 4666 Bona
760 4608 1207 4678 concupiscentia.
1226 4609 1422 4663 bonum
1440 4608 1760 4663 desiderium
1780 4625 1794 4673 ;

201 4708 295 4761 sed
321 4719 525 4783 parvus
565 4703 891 4757 intellectus.
922 4699 1212 4754 Attendens
1237 4700 1378 4753 enim
1401 4702 1513 4769 ipse
1544 4700 1797 4753 Dominus

203 4797 360 4854 Iesus
387 4809 593 4867 parvos
621 4808 809 4863 magna
833 4798 1152 4862 quarrentes,
1182 4799 1239 4844 ct
1263 4806 1321 4845 se
1350 4790 1522 4860 ipsum
1547 4805 1794 4861 magnum

201 4893 347 4946 inter
386 4902 594 4961 parvos
617 4928 632 4952 ,
677 4896 731 4941 et
761 4900 979 4955 parvum
1011 4885 1149 4938 inter
1188 4898 1413 4952 parvos,
1455 4884 1527 4937 ait
1556 4884 1800 4954 Philippo

204 4984 291 5051 qui
336 4982 446 5035 hoc
492 4979 742 5042 dixerat,
793 4976 883 5030 uni
930 4990 992 5030 ex
1042 4974 1319 5043 discipulis
1350 4992 1363 5027 :
1396 4974 1556 5029 Tanto
1582 4985 1802 5047 tempore

204 5075 467 5127 vobiscum
493 5085 631 5136 sum,
656 5077 704 5121 et
729 5083 831 5120 non
860 5065 1160 5135 cognovisti:
1182 5081 1278 5129 me,
1308 5063 1589 5135 Philippe?
1616 5067 1803 5120 Posset

206 5164 293 5220 hic.
332 5163 621 5233 Philippus
646 5157 995 5227 respondere,
1023 5156 1383 5225 Cognovimus
1406 5163 1489 5220 te;
1519 5156 1611 5211 sed
1643 5172 1802 5211 num-

207 5256 334 5323 quid
362 5256 605 5310 diximus
636 5249 752 5316 tibi,
789 5246 1023 5304 Ostende
1049 5247 1203 5302 nobis
1226 5248 1308 5301 te?
1336 5247 1412 5303 Te
1437 5250 1800 5318 cognovimus,

210 5350 303 5402 sed
332 5348 553 5402 Patrem
584 5342 895 5414 quaerimus.
920 5339 1157 5408 Subjecit
1181 5338 1356 5393 statim
1389 5356 1401 5391 :
1438 5338 1536 5404 Qui
1564 5357 1642 5393 me
1657 5341 1801 5406 vidit,

209 5439 337 5492 vidit
361 5450 410 5493 et
432 5437 646 5492 Patrem
677 5432 861 5507 (Joan.
887 5446 998 5497 xlv,
1022 5431 1075 5496 8,
1102 5431 1178 5500 9).
1202 5429 1258 5486 Si
1281 5444 1408 5500 ergo
1428 5431 1644 5499 :cqualis
1664 5431 1802 5485 Patri

208 5531 407 5585 missus
431 5538 537 5596 est,
562 5544 670 5584 non
697 5540 822 5582 eum
853 5523 1176 5577 mstimemus
1200 5538 1263 5577 ex
1288 5521 1594 5576 inﬁrmitate
1608 5522 1802 5588 carnis,

209 5623 307 5678 sed
325 5624 619 5695 cogitemus
639 5619 983 5687 majestatem
999 5614 1234 5669 indutam
1250 5630 1433 5682 carne,
1457 5629 1561 5673 non
1585 5628 1805 5686 oppres-

274 5739 294 5770 ³
323 5739 643 5799 ιιωιὶαὶειιδίε
667 5744 774 5792 λῖς..
799 5728 914 5789 quia
938 5729 1001 5780 ad
1026 5727 1390 5781 distinctionem.

1278 310 1687 375 TRACTATUS
1727 318 1843 374 XV.
1882 308 2107 373 CAPUT
2147 312 2234 373 IV.

3304 317 3442 383 1510

1871 445 1982 484 sam
2008 446 2186 484 carne.
2240 430 2454 485 Manens
2494 430 2634 486 enim
2672 431 2808 488 Deus
2838 434 2974 504 apud
3004 435 3214 491 Patrem
3241 480 3256 501 .
3304 441 3443 508 apud

1871 520 2115 575 homines
2145 520 2314 577 factus
2338 532 2420 577 est
2466 522 2659 588 homo,
2712 537 2765 579 ut
2799 535 2852 579 tu
2892 543 2983 596 per
3014 529 3157 581 illttm
3184 529 3273 597 qui
3299 530 3363 583 ad
3396 540 3448 585 te

1872 609 2040 665 factus
2065 622 2147 666 est
2178 614 2335 667 homo
2355 656 2367 676 ,
2400 614 2555 669 lieres
2584 615 2704 669 talis
2732 617 2899 685 qualis
2926 618 3067 687 capit
3098 619 3281 674 Deum.
3329 619 3445 674 Non

1872 703 2013 757 enim
2066 704 2226 758 homo
2281 713 2487 774 poterat
2540 720 2727 775 eapere
2776 707 2941 762 Deum
2980 709 3199 765 :videre
3245 722 3451 780 poterat

1871 789 2033 846 homo
2061 792 2349 859 hominem,
2383 810 2573 862 capere
2596 796 2759 850 Deum
2784 813 2886 850 non
2916 808 3143 867 poterat.
3168 799 3317 855 Unde
3340 816 3447 854 non

1874 884 2082 945 poterat
2105 892 2295 945 capere
2327 878 2535 933 Deum?
2577 879 2706 946 Quia
2744 882 2952 935 oculum
2983 885 3161 938 cordis
3191 884 3329 939 unde
3359 899 3452 939 ca-

1875 977 2046 1036 peret,
2077 982 2180 1021 non
2211 967 2457 1023 habebat.
2490 968 2616 1023 Erat
2642 986 2766 1041 ergo
2788 972 2982 1042 aliquid
3016 973 3155 1027 intus
3186 976 3450 1041 saucium,

1875 1058 2136 1127 etaliquid
2166 1058 2291 1113 foris
2321 1072 2507 1112 sanum
2537 1062 2802 1130 :corporis
2821 1063 3002 1116 oculos
3022 1062 3451 1125 habebatsanos.

1868 1150 2050 1204 cordis
2071 1150 2251 1205 oculos
2282 1151 2507 1207 habebat
2532 1154 2757 1208 saucios.
2800 1133 2990 1210 Factus
3009 1158 3186 1212 cstille
3205 1158 3364 1211 ltomo
3387 1158 3453 1212 ad

1876 1244 2114 1312 corporis
2128 1244 2369 1310 oculum;
2390 1254 2443 1298 ut
2465 1245 2687 1301 credens
2714 1247 2763 1301 in
2782 1263 2899 1302 eum
2918 1250 3003 1318 qui
3024 1250 3187 1303 videri
3209 1264 3459 1320 corpora-

1874 1331 1998 1389 liter
2026 1336 2208 1405 potuit,
2235 1338 2499 1391 eurareris
2528 1338 2543 1369 ¹
2574 1337 2639 1392 ad
2665 1354 2785 1393 eum
2810 1338 2979 1408 ipsum
3001 1339 3280 1394 videndum
3298 1356 3455 1411 quem

1877 1426 2217 1496 Spiritualitcr
2232 1427 2407 1481 videre
2423 1443 2524 1480 non
2547 1436 2771 1497 poteras.
2796 1427 2954 1482 Tanto
2977 1441 3195 1497 tempore
3210 1429 3459 1482 vobiscum

1877 1536 2008 1585 sum,
2024 1529 2066 1571 et
2084 1535 2180 1572 non
2198 1522 2493 1589 cognovistis
2512 1536 2606 1582 me,
2628 1516 2903 1590 Philippe?
2922 1520 3018 1586 Qui
3030 1537 3105 1574 me
3123 1521 3264 1584 vidit,
3283 1522 3461 1574 viditet

1881 1607 2107 1663 Patrem.
2136 1612 2310 1677 Quare
2338 1611 2408 1664 illi
2442 1626 2543 1664 non
2572 1613 2715 1665 illum
2742 1612 3027 1667 videbant?
3053 1614 3189 1668 Ecce
3213 1612 3462 1667 videbant

1879 1699 2051 1764 illum,
2079 1711 2131 1754 et
2149 1699 2358 1755 Patrem
2386 1716 2488 1755 non
2512 1701 2796 1755 videbant:
2822 1702 3072 1757 videbant
3096 1717 3334 1767 carnem,
3365 1702 3459 1757 sed

1878 1790 2128 1860 majestas
2150 1791 2365 1845 latebat.
2398 1792 2549 1857 Quod
2582 1793 2838 1847 videbant
2863 1793 3103 1863 discipuli
3130 1794 3216 1863 qui
3251 1810 3464 1848 amave-

1880 1889 2024 1943 runt,
2062 1880 2309 1935 viderunt
2337 1891 2391 1935 et
2420 1882 2586 1935 Judaei
2617 1883 2705 1951 qui
2735 1885 3132 1938 crucilixerunt.
3161 1883 3307 1938 Intus
3331 1898 3457 1953 ergo

1880 1980 1995 2027 erat
2022 1980 2161 2026 totus
2187 1972 2295 2038 ille,
2335 1983 2392 2029 et
2431 1974 2508 2029 sic
2535 1975 2673 2029 intus
2698 1975 2748 2028 in
2776 1990 2967 2041 carne,
3001 1984 3059 2029 ut
3084 1976 3219 2046 apud
3254 1975 3461 2030 Patrem

1878 2077 2161 2120 maneret:
2193 2081 2300 2121 non
2340 2067 2482 2121 enim
2529 2066 2763 2122 deseruit
2802 2067 3014 2122 Patrem
3068 2067 3280 2137 quando
3320 2066 3464 2121 venit

1880 2156 1944 2212 ad
1964 2172 2199 2213 carnem.

1953 2249 2039 2304 l5.
2072 2248 2309 2304 Carualis
2337 2249 2585 2319 cogitatio
2607 2265 2709 2304 non
2739 2251 2875 2319 capit
2902 2250 3041 2319 quod
3071 2250 3191 2305 ἀίει)
3218 2270 3230 2306 :
3255 2250 3464 2306 diﬂ'erat

1880 2340 2239 2401 intellectum,
2263 2347 2317 2393 et
2344 2340 2558 2409 incipiat
2584 2356 2612 2392 a
2645 2340 2778 2403 ﬁde;
2811 2340 2990 2393 audiat
3016 2340 3154 2408 quod
3183 2340 3418 2408 sequitur
3446 2356 3460 2393 :

1886 2432 1985 2498 Qui
2020 2432 2175 2486 credit
2200 2432 2253 2484 in
2280 2429 2506 2498 Filium,
2536 2429 2677 2484 habet
2706 2433 2855 2483 vitam
2884 2438 3120 2483 internum
3150 2430 3277 2499 :qui
3299 2439 3465 2482 autent

1881 2521 2170 2575 incredulus
2193 2530 2263 2574 est
2294 2520 2429 2574 Filio
2450 2563 2464 2585 ,
2487 2537 2587 2574 non
2611 2521 2791 2574 videbit
2816 2520 2967 2573 vitam
2986 2559 3000 2583 ,
3030 2520 3117 2573 sed
3142 2519 3220 2571 ira
3240 2518 3331 2571 Dei
3354 2535 3465 2570 ma—
3550 2528 3553 2531 ‘

1882 2624 1965 2669 net
1993 2633 2142 2686 super
2169 2632 2301 2669 eum.
2332 2616 2444 2669 Non
2475 2616 2636 2682 dixit,
2668 2616 2743 2670 ira
2776 2615 2866 2670 Dei
2894 2614 3037 2668 venit
3064 2612 3129 2666 ad
3156 2628 3275 2667 eum
3301 2627 3315 2676 ;
3349 2610 3463 2676 sed,

1880 2706 1960 2758 ira
1998 2704 2090 2760 Dei
2127 2716 2293 2759 monet
2327 2724 2478 2777 super
2500 2722 2630 2759 eum.
2665 2706 2863 2761 Omnes
2888 2706 2975 2776 qui
3004 2712 3296 2760 nascuntur
3320 2718 3467 2757 utor-

1886 2799 2047 2864 tales,
2082 2798 2277 2853 habent
2298 2813 2475 2852 secum
2505 2799 2635 2852 iram
2664 2799 2779 2852 Dei.
2808 2798 2976 2864 Quam
3001 2797 3129 2849 iram
3150 2793 3467 2859 Dei?Quam

1884 2890 2087 2958 accepit
2110 2888 2309 2957 primus
2338 2888 2526 2942 Adam.
2556 2886 2609 2941 Si
2636 2887 2775 2940 enim
2808 2885 3047 2956 peccavit
3068 2885 3268 2952 primus
3284 2883 3465 2949 homo,

1884 2989 1937 3034 et
1981 2979 2215 3043 audivit,
2259 2977 2424 3032 Morte
2460 2979 2685 3032 morieris
2717 2977 2869 3046 (Gen.
2904 2994 2969 3039 ιι.
3009 2974 3137 3045 17);
3179 2975 3348 3029 factus
3387 2983 3470 3029 est

1885 3070 2123 3124 mortalis
2164 3070 2284 3135 ille,
2327 3080 2380 3124 ct
2420 3070 2675 3138 cmpimus
2717 3070 2862 3123 nasci
2906 3067 3190 3131 mortales;
3232 3081 3351 3119 cum
3391 3066 3470 3121 ira

1887 3161 1981 3215 Dei
2021 3160 2127 3214 nati
2156 3174 2357 3214 sumus.
2386 3160 2543 3213 Venit
2573 3159 2692 3213 inde
2726 3158 2889 3211 Filius
2916 3174 3021 3212 non
3054 3158 3254 3215 habens
3279 3170 3469 3229 peccao

1888 3260 2033 3315 tum,
2060 3259 2114 3306 et
2141 3250 2353 3305 indutus
2385 3260 2465 3304 est
2488 3265 2649 3305 carne
2669 3291 2682 3313 ,
2716 3250 2926 3303 indutus
2943 3260 3024 3303 est
3044 3252 3384 3306 mortalitate.
3411 3250 3474 3306 Si

1888 3341 1977 3396 ille
2016 3340 2292 3394 nobiseum
2326 3341 2739 3395 communicavit
2766 3341 2896 3394 iram
2929 3340 3021 3397 Dei
3042 3380 3058 3407 ,
3088 3356 3185 3396 nos
3214 3342 3348 3411 pigri
3376 3357 3471 3396 su-

1887 3446 2006 3485 mus
2050 3446 2170 3486 cum
2212 3430 2303 3484 illo
2338 3431 2732 3485 communicare
2765 3430 2988 3499 gratiam
3033 3431 3168 3487 Dei?
3194 3431 3294 3499 Qui
3342 3446 3472 3502 ergo

1890 3539 1995 3578 non
2019 3524 2131 3576 vult
2160 3522 2377 3577 credere
2405 3522 2455 3575 in
2485 3522 2672 3575 Filium
2695 3562 2709 3585 ,
2741 3522 2819 3574 ira
2844 3519 2941 3575 Dei
2969 3533 3135 3575 manet
3162 3539 3313 3592 super
3336 3540 3473 3576 eum.

1890 3615 2019 3681 Qum
2049 3617 2123 3669 ira
2164 3615 2294 3668 Dei?
2324 3615 2398 3668 De
2424 3630 2523 3683 qua
2553 3614 2681 3668 dicit
2709 3614 2999 3683 Apostolus
3014 3653 3035 3687 Α,
3066 3612 3280 3668 Fuimus
3312 3624 3357 3668 et
3386 3629 3477 3667 nos

1890 3719 2073 3760 natura
2112 3708 2207 3775 lilii
2246 3707 2336 3760 ira:
2373 3707 2500 3759 sicut
2538 3715 2585 3758 et
2613 3706 2779 3759 caeteri
2807 3705 3019 3778 (Ep/tes.
3062 3721 3126 3767 ll,
3173 3704 3249 3774 ‘5).
3279 3704 3478 3759 Omnes

1892 3814 2019 3868 ergo
2068 3799 2157 3852 lilii
2208 3800 2337 3862 irre;
2381 3799 2503 3867 quia
2547 3797 2615 3851 de
2653 3797 2939 3851 maledicto
2966 3798 3151 3850 mortis
3179 3794 3475 3849 venientes.

1892 3892 2063 3946 Crede
2100 3891 2152 3944 in
2185 3889 2452 3942 Christum
2479 3886 2671 3941 factum
2704 3902 2799 3956 pro
2825 3895 2876 3941 te
2902 3886 3180 3940 mortalem
3201 3924 3216 3949 ,
3249 3893 3304 3938 ut
3329 3884 3478 3938 illum

1893 3984 2071 4052 capias
2116 3979 2464 4035 immortalem
2514 3995 2527 4031 :
2574 3977 2787 4047 quando
2822 3975 2962 4031 enim
3003 3976 3208 4044 ceperis
3233 3974 3348 4043 ejus
3377 3974 3479 4028 imo

1896 4073 2272 4129 mortalitatem
2293 4112 2308 4136 ,
2351 4084 2449 4123 nec
2483 4076 2537 4122 tu
2568 4066 2677 4123 eris
2707 4067 2964 4121 mortalis.
3000 4065 3249 4129 Vivebat,
3279 4064 3481 4119 morie-

1897 4165 2040 4218 haris
2086 4179 2098 4216 :
2142 4169 2383 4215 mortuus
2428 4168 2544 4223 est,
2586 4167 2646 4212 ut
2677 4158 2845 4213 vivas.
2876 4156 3065 4212 Attulit
3092 4156 3313 4227 gratiam
3347 4152 3478 4220 Dei,

1899 4254 2115 4310 abstulit
2141 4254 2273 4307 iram
2304 4250 2417 4306 Dei.
2446 4250 2589 4305 Deus
2609 4250 2733 4304 vicit
2757 4258 3017 4314 mortem,
3050 4262 3119 4303 ne
3139 4263 3280 4302 mors
3300 4246 3481 4300 vince-

1901 4356 1983 4401 ret
2008 4344 2278 4399 hominem
2304 4340 2346 4395 ’.

2413 4448 2823 4506 TRACTATUS
2848 4448 2965 4503 XV.

1904 4566 1977 4620 Ab
2015 4581 2072 4619 eo
2112 4561 2374 4633 Evangelii
2394 4562 2501 4616 loco
2523 4603 2538 4627 ,
2560 4559 2631 4615 Ut
2655 4574 2780 4629 ergo
2805 4558 3055 4627 cognovit
3080 4556 3233 4613 Iesus
3255 4556 3375 4627 quia
3398 4571 3484 4609 au-

1976 4657 2187 4711 dierunt
2208 4652 2617 4723 Pharismi,quia
2638 4651 2794 4705 Jesus
2817 4649 2992 4718 plures
3018 4648 3305 4716 discipulos
3335 4647 3483 4710 facit,

1978 4757 2095 4811 ctc.,
2123 4761 2282 4817 usque
2307 4744 2373 4797 ad
2397 4744 2468 4807 id,
2499 4743 2567 4797 Et
2587 4743 2784 4795 scimus
2805 4740 2927 4809 quia
2950 4739 3036 4793 hic
3056 4749 3138 4793 est
3153 4754 3276 4793 vere
3294 4738 3483 4793 Salva-

1983 4844 2066 4890 tor
2088 4835 2295 4889 mundi.
2322 4833 2450 4905 Cap.
2482 4848 2533 4887 tv
2556 4874 2571 4898 ,
2614 4831 2648 4901 ᾗ
2673 4870 2685 4882 .
2713 4829 2859 4884 1-42.

1980 4950 2031 5004 1.
2074 4948 2193 5004 Non
2229 4945 2361 5001 rude
2401 4953 2482 5000 est
2511 4943 2724 4997 auribus
2755 4939 3035 4994 Charitatis
3060 4947 3254 4992 vestrae
3274 4978 3289 5004 ,
3320 4952 3486 4993 evan-

1909 5042 2145 5111 gelistam
2176 5040 2431 5095 Joannem
2459 5037 2600 5091 velut
2628 5034 2857 5104 aquilam
2882 5032 3060 5086 volare
3087 5030 3246 5084 altius
3266 5071 3280 5093 ,
3307 5029 3490 5097 caligi-

1911 5147 2133 5201 ncmque
2162 5141 2316 5186 terrae
2344 5126 2737 5189 transcendere,
2760 5133 2813 5180 et
2839 5124 3007 5179 lucem
3029 5121 3264 5176 veritatis
3285 5117 3487 5172 ﬁrmio-

1910 5226 2057 5279 ribus
2093 5224 2263 5278 oculis
2301 5221 2511 5276 intueri.
2558 5219 2718 5273 Multa
2763 5216 2903 5274 enim
2944 5216 3051 5286 jam
3098 5229 3163 5269 ex
3208 5211 3490 5281 Evangelia

1912 5320 2027 5385 ejus
2056 5332 2153 5393 per
2178 5314 2526 5368 ministerium
2556 5322 2797 5365 nostrum
2831 5308 3053 5362 Domino
3073 5305 3355 5373 adjuvante
3379 5311 3490 5356 tra-

1912 5416 2048 5462 ctata
2078 5414 2205 5461 sunt
2230 5423 2241 5458 :
2266 5420 2333 5459 ex
2355 5404 2538 5458 ordine
2567 5409 2744 5456 autem
2770 5399 3008 5470 sequitur
3035 5396 3147 5450 haec
3165 5394 3351 5458 lectio,
3374 5409 3491 5463 quae

1977 5543 1993 5574 ι
2018 5540 2157 5598 Fditi,
2182 5550 2418 5609 curreres.
2441 5535 2771 5586 Consentiunt‘
2786 5542 2911 5591 Mss,
2936 5531 3157 5593 exceptis
3184 5527 3373 5578 duobus
3409 5538 3491 5589 qtu

1912 5603 2092 5662 ferunt,
2116 5603 2374 5651 curareris.
2408 5661 2412 5662 ί
2867 5661 2873 5662 ί

1974 5667 1995 5696 ¹
2018 5652 2093 5713 sic
2115 5663 2296 5725 aliquot
2316 5661 2509 5723 Optima:
2532 5666 2658 5709 notze
2690 5663 2796 5706 uss.
2830 5661 2882 5705 Λι
2902 5654 3035 5715 editi,
3061 5652 3172 5705 bibit
3195 5656 3410 5711 mortem,
3433 5661 3488 5698 ne

1914 5740 2043 5778 mors
2070 5725 2245 5777 biberit
2267 5725 2521 5775 hominem.
