4082 6462
647 317 781 386 loli

650 443 810 498 hodie
837 440 1056 496 recitata
1085 451 1182 496 est.
1215 437 1290 497 Ea
1325 456 1440 512 quze
1468 440 1701 495 dicturus
1725 453 1840 492 sum
1870 435 2092 490 Domino
2119 435 2219 490 do-

647 541 811 586 nante
836 532 984 586 multi
1006 530 1082 584 sic
1101 531 1326 584 audituri
1353 531 1480 585 estis
1503 569 1516 594 ,
1547 537 1605 582 ut
1634 527 1800 594 magis
1829 525 2221 596 recognoscatis

648 640 807 692 quam
848 624 1080 679 discatis.
1127 623 1240 677 Non
1279 621 1396 676 ideo
1425 631 1597 674 tamen
1628 619 1778 689 pigra
1807 617 1966 672 debet
1989 631 2107 672 esse
2137 616 2221 670 in-

653 716 819 771 tentio
839 759 853 780 ,
876 717 998 787 quia
1020 732 1126 771 non
1151 725 1230 771 est
1253 713 1482 784 cognitio
1500 754 1514 779 ,
1539 712 1633 766 sed
1660 711 1972 782 recOgnitio.
2003 711 2114 764 llo'c
2141 709 2221 764 lc-

652 817 796 862 ctum
824 819 938 875 est,
969 817 1022 862 et
1051 809 1185 862 hanc
1212 806 1492 860 lectionem
1523 804 1846 858 tractandam
1876 807 2142 871 geStamus
2167 794 2224 854 in

652 898 927 963 manibus,
969 897 1111 967 qno'd
1147 885 1400 950 Dominus
1433 880 1586 949 Jesus
1623 893 1690 947 ad
1717 892 1928 962 puteum
1957 888 2224 946 «111001110-

652 991 913 1060 quebatur
940 1006 1058 1044 cum
1082 989 1410 1042 Samaritana
1433 987 1669 1041 muliere.
1692 987 1838 1040 Dicta
1860 979 2001 1038 enim
2020 981 2090 1037 ibi
2105 989 2227 1035 sunt

653 1086 839 1149 ma’gna
878 1078 1124 1149 mysteria
1145 1119 1160 1144 ,
1201 1086 1254 1132 et
1283 1092 1586 1148 magnarum
1614 1074 1984 1129 similitudines
2012 1087 2223 1136 rerum;

652 1178 930 1238 pascentes
946 1167 1174 1221 animam
1192 1165 1532 1232 esurientem,
1556 1165 1852 1220 reficientes
1868 1164 2223 1234 languentem.

721 1257 776 1310 2.
821 1258 1073 1311 Dominus
1101 1257 1244 1312 enim
1273 1256 1388 1311 haec
1421 1275 1440 1308 1
1475 1263 1594 1310 cum
1621 1254 1854 1309 addisSet
1873 1294 1888 1319 ,
1918 1251 2229 1328 cOgnoqvisse

652 1346 948 1402 Pharismos
975 1347 1112 1415 quod
1142 1349 1324 1416 plures
1353 1345 1638 1415 discipulos
1666 1343 1861 1398 faceret
1885 1355 2042 1412 quam
2069 1340 2231 1394 Joan-

651 1450 747 1491 nes
765 1477 780 1500 ,
820 1445 876 1491 et
912 1437 1089 1506 plures
1112 1437 1400 1506 baptizaret
1423 1435 1742 1508 (quanqttam
1763 1433 1914 1487 Jesu$
1935 1445 2040 1485 non
2062 1429 2230 1498 bapti-

651 1535 830 1592 zaret,
873 1527 965 1580 sed
1007 1526 1250 1595 discipuli
1288 1523 1460 1597 ejus),
1490 1524 1702 1592 reliquit
1727 1522 1961 1577 Judazam
1994 1529 2187 1574 terram
2209 1558 2224 1585 ,

652 1624 708 1671 et
724 1616 853 1670 abiit
871 1617 1060 1671 iterum
1084 1617 1134 1671 in
1155 1616 1476 1672 Galilzeamgi
1501 1615 1630 1668 I‘linc
1646 1613 1840 1668 diutius
1854 1609 2229 1680 diSputandum

651 1724 757 1763 non
789 1717 903 1776 est,
932 1725 999 1764 ne
1026 1709 1368 1764 immorantes
1393 1708 1444 1761 in
1468 1705 1780 1767 manifestis,
1805 1703 2070 1773 angustias
2096 1709 2231 1754 tem-

652 1799 798 1868 poris
844 1799 1105 1868 patiamur
1149 1798 1214 1852 ad
1258 1799 1480 1852 obscura
1519 1795 1798 1851 scrutanda
1841 1804 1895 1848 et
1921 1789 2226 1861 aperienda.

652 1889 844 1960 Utique
883 1889 1134 1944 Dominus
1171 1889 1216 1943 si
1253 1890 1414 1944 sciret
1439 1882 1735 1943 Pharismos
1763 1886 1832 1940 ita
1858 1884 1923 1940 de
1951 1891 2009 1938 Sc
2035 1886 2234 1952 cogito-

651 1979 792 2034 visse
812 2021 826 2046 ,
863 1981 1002 2050 quod
1029 1980 1204 2048 plures
1231 1978 1518 2049 discipulos
1544 1973 1772 2039 faceret,
1805 1973 2020 2044 etquod
2053 1974 2229 2043 plures

651 2068 982 2140 baptizaret,
1028 2080 1085 2124 ut
1125 2071 1226 2125 hoc
1267 2072 1346 2125 eis
1389 2071 1454 2124 ad
1498 2070 1722 2124 salutem
1749 2066 1946 2121 valeret
1974 2062 2227 2132 sequendi

651 2175 774 2216 eum
797 2202 810 2226 ,
847 2170 904 2214 ut
930 2170 984 2216 et
1008 2161 1106 2230 ipsi
1138 2170 1315 2216 essent
1343 2159 1582 2228 discipuli
1605 2200 1622 2224 ,
1649 2167 1702 2212 et
1731 2158 1829 2226 ipsi
1852 2156 2049 2210 vellent
2072 2151 2140 2206 ab
2164 2167 2228 2207 eo

649 2249 903 2319 baptizari
930 2267 944 2315 ;
968 2251 1133 2320 magis
1154 2257 1257 2304 non
1281 2250 1602 2318 relinqueret
1618 2246 1852 2301 .ludmam
1881 2253 2074 2298 terram
2095 2284 2110 2310 ,
2134 2241 2226 2296 sed

650 2349 869 2409 propter
907 2341 1024 2394 illos
1053 2348 1290 2395 maneret
1323 2339 1390 2392 ibi
1423 2357 1436 2392 :
1468 2339 1590 2408 quia
1621 2352 1749 2391 vero
1775 2335 2020 2404 cognovit
2043 2348 2226 2389 eorum

652 2430 925 2485 scientiam
945 2470 961 2496 ,
1002 2431 1160 2484 simul
1200 2430 1445 2499 cognovit
1486 2437 1540 2484 ct
1568 2428 1906 2483 invidentiam
1925 2468 1941 2490 ,
1971 2425 2090 2495 quia
2120 2441 2226 2479 non

652 2519 755 2574 hoc
786 2530 1060 2589 propterea
1093 2519 1390 2574 didicerunt
1417 2526 1474 2572 ut
1501 2527 1849 2588 sequerentur
1867 2557 1881 2582 ,
1907 2515 2001 2570 sed
2027 2524 2084 2570 ut
2108 2530 2229 2584 per-

651 2620 1032 2678 sequerentur;
1072 2609 1198 2664 abiit
1242 2609 1382 2663 inde.
1417 2609 1632 2663 Poterat
1655 2605 1866 2676 quidem
1895 2607 1981 2661 ille
2009 2614 2063 2662 et
2085 2621 2226 2677 pra:-

651 2712 777 2754 sens
803 2698 869 2751 ab
895 2698 978 2752 his
1001 2714 1104 2752 non
1129 2698 1374 2762 teneri,si
1404 2698 1564 2752 nollet
1587 2714 1601 2760 ;
1623 2711 1724 2750 non
1750 2696 1938 2763 occidi,
1962 2697 2006 2749 si
2029 2696 2224 2760 nollet;

651 2791 772 2857 quia
804 2787 972 2857 potuit
1001 2796 1054 2842 et
1080 2802 1187 2841 non
1217 2787 1397 2854 nasci,
1428 2786 1472 2839 si
1503 2786 1700 2840 nollet:
1734 2785 1827 2840 sed
1857 2787 1977 2855 quia
2007 2785 2058 2838 in
2081 2785 2228 2839 omni

650 2892 710 2932 re
749 2894 905 2947 quam
942 2878 1105 2948 gessit
1143 2886 1200 2930 ut
1227 2877 1420 2943 homo,
1452 2876 1754 2930 hominibus
1783 2877 1832 2930 in
1863 2890 1920 2930 se
1948 2875 2227 2930 credituris

652 2971 920 3039 prmbebat
940 2969 1246 3039 exemplum
1269 2969 1411 3040 (quia
1433 2968 1791 3038 unusquisque
1811 2981 1994 3022 servus
2010 2967 2102 3022 Dei
2120 2983 2226 3021 non

649 3069 868 3131 peccat,
898 3060 944 3113 si
975 3061 1255 3115 secesserit
1285 3059 1338 3112 in
1359 3059 1517 3112 alium
1542 3058 1714 3112 locum
1733 3098 1749 3123 ,
1781 3058 1965 3112 videns
1994 3059 2246 3112 furorem

650 3149 786 3204 forte
833 3150 1260 3219 persequentium
1301 3164 1394 3216 se,
1432 3139 1523 3202 aut
1558 3149 1904 3217 qurerentium
1942 3150 1994 3202 in
2031 3149 2225 3203 malum

651 3241 881 3294 animam
918 3255 1064 3296 suam
1091 3256 1106 3305 ;
1147 3241 1416 3294 videretur
1441 3250 1616 3294 autem
1643 3240 1743 3294 sibi
1771 3253 1954 3294 servus
1980 3240 2071 3294 Dei
2099 3254 2226 3309 pec-

651 3346 774 3386 care
811 3329 858 3384 si
902 3330 1127 3392 faceret,
1161 3331 1260 3384 nisi
1290 3331 1341 3384 in
1372 3329 1612 3384 faciendo
1644 3330 1894 3384 Dominus
1925 3331 2228 3399 praecessis-

651 3419 789 3491 set),
833 3419 958 3475 fecit
994 3419 1096 3474 hoc
1132 3419 1220 3474 ille
1260 3418 1512 3490 magister
1547 3419 1718 3475 bonus
1754 3427 1812 3473 ut
1840 3418 2089 3487 doceret,
2120 3435 2226 3474 non

649 3510 789 3580 quod
816 3511 1045 3564 timeret.

721 3603 774 3657 5.
823 3601 1087 3656 Fortassis
1129 3601 1285 3656 etiam
1326 3601 1428 3656 hoc
1469 3609 1708 3665 moveat,
1749 3616 1844 3656 cur
1885 3600 2080 3656 dictum
2117 3601 2220 3669 sit,

650 3693 949 3763 Baptizabat
973 3691 1124 3746 Jesus
1153 3693 1320 3762 plures
1350 3709 1498 3762 quam
1525 3692 1786 3756 Joannes;
1807 3701 1859 3747 et
1884 3703 2224 3764 posteaquam

648 3783 850 3838 dictum
897 3792 1012 3846 est,
1055 3781 1384 3852 Baptizabut,
1431 3782 1723 3850 subjectum
1763 3790 1878 3850 est,
1928 3783 2226 3855 Quanquam

647 3873 798 3927 Jesus
840 3890 940 3927 non
984 3873 1299 3942 baptizabat,
1342 3872 1429 3926 sed
1467 3873 1702 3943 discipuli
1738 3875 1866 3944 ejus.
1895 3875 2030 3941 Quid
2057 3876 2226 3946 ergo?

649 3961 836 4015 falsum
877 3961 1076 4016 dictum
1119 3971 1267 4025 erat,
1306 3973 1360 4015 et
1386 3975 1682 4016 correctum
1707 3973 1814 4027 est,
1846 3978 1963 4017 cum
1990 3964 2224 4018 additum

646 4059 750 4115 est,
777 4051 1074 4121 Quanquam
1091 4051 1122 4103 J
1130 4069 1241 4105 esus
1263 4069 1362 4104 non
1387 4051 1689 4121 baptizabat,
1717 4053 1804 4106 sed
1825 4054 2058 4123 discipuli
2077 4057 2226 4126 ejus?

648 4139 730 4194 An
760 4149 1040 4209 utrumque
1066 4157 1246 4195 verum
1275 4149 1385 4208 est,
1413 4143 1533 4211 quia
1565 4152 1616 4195 et
1642 4143 1795 4197 Jesus
1821 4144 2142 4213 baptizabat,
2171 4155 2225 4201 et

650 4244 757 4283 non
793 4228 1128 4300 baptizabat?
1174 4231 1474 4300 Baptiznhat
1507 4233 1649 4285 enim
1671 4275 1683 4295 ,
1711 4234 1830 4302 quia
1862 4235 1973 4302 ipse
1999 4237 2222 4290 munda-

650 4319 777 4386 bat;
810 4336 915 4375 non
945 4321 1274 4390 baptizabat,
1301 4323 1422 4391 quia
1456 4337 1559 4375 non
1591 4324 1703 4391 ipse
1733 4325 1982 4394 tingebat.
2012 4327 2223 4381 1³110110-

652 4409 782 4466 bant
823 4411 1061 4480 discipuli
1109 4411 1458 4467 ministerium
1505 4415 1784 4482 corporis,
1831 4417 2097 4486 praebebat
2134 4418 2225 4474 ille

649 4501 965 4572 adjutorium
997 4501 1305 4570 majestatis.
1333 4502 1554 4568 Quando
1575 4505 1713 4558 enim
1744 4514 1978 4560 cessaret
2001 4522 2029 4559 a
2056 4507 2225 4578 bapti-

650 4589 819 4649 zando
837 4628 852 4655 ,
884 4589 1131 4658 quamdiu
1163 4605 1267 4644 non
1295 4603 1466 4647 cessat
1490 4608 1519 4646 a
1546 4593 1890 4654 nnindando?
1917 4597 1990 4652 De
2017 4613 2122 4666 quo
2144 4599 2226 4653 111-

647 4687 790 4733 ctum
818 4688 898 4734 est
922 4679 988 4732 ab
1015 4680 1200 4734 eodem
1229 4680 1449 4748 Joanne,
1485 4679 1576 4752 per
1600 4681 1818 4740 Joannis
1841 4687 2084 4756 Baptistae
2105 4705 2224 4758 per-

647 4783 833 4824 sonam
876 4769 1133 4835 dicentis,
1181 4769 1280 4822 Ilic
1321 4781 1390 4824 est
1428 4773 1512 4842 qui
1550 4771 1768 4844 baptizat
1805 4775 1982 4843 (Joan.
2020 4795 2067 4843 ι,
2106 4779 2220 4850 55).

647 4859 790 4931 Ergo
832 4860 986 4914 Jesus
1029 4861 1199 4914 adhuc
1228 4861 1488 4930 baptizat;
1517 4873 1570 4919 et
1594 4881 1698 4935 quo
1727 4881 1892 4938 usque
1920 4868 2221 4939 baptizandi

646 4965 829 5005 smnus
851 4991 866 5016 ,
908 4950 1064 5005 Jesus
1103 4951 1349 5021 baptizat.
1385 4953 1611 5009 Securus
1635 4955 1793 5012 homo
1815 4961 2032 5015 accedat
2052 4962 2115 5016 ad
2145 4963 2220 5017 in-

645 5041 896 5097 feriorem
946 5042 1244 5096 ministrum
1273 5058 1288 5108 ;
1338 5043 1496 5100 habet
1534 5047 1674 5101 enim
1704 5050 2028 5118 superiorem
2057 5053 2224 5123 magi-

643 5141 808 5188 strum
817 5171 831 5185 .

718 5226 770 5278 4.
806 5224 909 5279 Sed
949 5224 1083 5280 forte
1107 5225 1180 5280 ait
1206 5225 1396 5296 aliquis
1430 5245 1443 5282 :
1478 5229 1711 5297 Baptizat
1738 5230 1949 5300 quidem
1980 5231 2221 5292 Christus

645 5314 698 5366 111
741 5317 926 5384 spiritu
952 5358 966 5383 ,
991 5359 994 5362 .
1017 5333 1118 5372 non
1149 5319 1198 5372 in
1229 5334 1471 5389 corpore.
1499 5319 1659 5387 Quasi
1689 5337 1814 5377 vero
1840 5323 2058 5380 alterius
2082 5326 2221 5383 dono

647 5418 802 5470 quam
849 5408 988 5462 illius
1011 5450 1026 5476 ,
1066 5409 1342 5479 quisquam
1382 5411 1540 5464 etiam
1572 5425 1906 5469 sacramento
1930 5417 2223 5485 corporalis

645 5500 700 5545 et
727 5494 946 5552 visibilis
981 5499 1317 5570 Baptismatis
1346 5501 1629 5556 imbuatur.
1659 5503 1753 5558 Vis
1779 5519 1935 5559 nosse
1961 5507 2081 5577 quia
2110 5507 2221 5577 ipse

647 5583 877 5652 baptizat
900 5626 914 5648 ,
959 5603 1060 5643 non
1103 5590 1276 5646 solum
1313 5591 1501 5663 spiritu
1523 5633 1538 5660 ,
1581 5593 1674 5648 sed
1702 5595 1858 5648 etiam
1888 5597 2060 5667 aqua?
2083 5597 2221 5652 Audi

645 5673 955 5744 Apostolum
995 5694 1009 5730 :
1054 5697 1072 5731 1
1120 5683 1265 5737 Sicut
1290 5684 1564 5755 Christus,
1596 5685 1794 5755 inquit,
1823 5685 2003 5742 dilexit
2033 5687 2218 5744 Eccle-

1588 319 1653 380 iN
1689 307 1962 380 JOAleS
1987 297 2462 386 avaaceuuu,
2499 291 2557 372 s‘.
2599 313 2958 374 AUGUSTINI

3764 317 3896 383 l3l2

2326 433 2492 495 siam,
2517 439 2571 485 et
2597 431 2826 498 seipsum
2853 427 3067 486 tradidit
3095 445 3190 500 pro
3213 444 3277 486 ea
3293 471 3309 500 ,
3335 434 3594 492 mundans
3615 451 3733 492 eam
3757 440 3897 497 lava-

2324 534 2417 574 cro
2457 534 2605 588 aqua:
2650 519 2700 572 in
2730 519 2892 573 verbo
2911 559 2926 582 ,
2959 530 3014 572 ut
3039 520 3319 575 exhiberet
3344 522 3458 592 ipse
3483 525 3583 580 sibi
3612 527 3895 596 gloriosam

2325 610 2613 664 Ecclesiam
2636 650 2651 675 ,
2696 619 2799 663 non
2845 609 3125 664 habentem
3157 612 3415 667 maculam
3445 624 3536 669 aut
3561 632 3744 688 rugam
3765 660 3780 683 ,
3810 630 3900 677 aut

2326 699 2521 768 aliquid
2551 699 2848 768 hujusmodi
2876 719 2894 751 1
2924 696 3136 770 (Ephes.
3163 717 3217 766 v,
3249 700 3449 776 25-27).
3477 705 3735 763 Mundans
3759 725 3897 767 eam.

2327 788 2521 845 Unde?
2565 789 2788 843 L‘avacr‘o
2829 806 2973 860 aqua:
3008 790 3059 844 in
3099 789 3264 846 verbo.
3311 793 3446 860 Quid
3487 798 3570 850 e'st
3609 797 3901 869 baptismus

2327 879 2567 934 Christi?
2595 881 2885 935 Lavacrum
2914 896 3063 951 aqua:
3092 882 3147 935 in
3176 883 3357 938 verbo.
3387 884 3537 941 Tolle
3560 883 3772 958 aquam,
3796 906 3901 949 non

2329 982 2408 1028 est
2434 972 2726 1041 baptismus
2753 991 2767 1027 :
2796 971 2919 1028 tolle
2947 973 3165 1028 verbum
3187 1016 3202 1042 ,
3230 977 3337 1030 non
3367 985 3447 1032 est
3473 973 3788 1049 baptismus.

2399 1062 2454 1116 5.
2480 1061 2595 1117 Jam
2620 1067 2746 1133 ergo
2773 1062 2854 1117 bis
2884 1063 3147 1133 praeja'ctis
3170 1105 3184 1130 ,
3217 1081 3312 1136 per
3336 1070 3454 1136 qua:
3478 1064 3623 1124 venit
3646 1070 3712 1125 ad
3739 1071 3904 1128 collo-

2332 1155 2595 1210 cutionem
2642 1154 2762 1208 cum
2806 1153 2890 1208 illa
2935 1155 3189 1222 muliere,
3235 1157 3505 1212 videamus
3545 1175 3664 1230 quae
3701 1172 3905 1218 restant

2314 1244 2482 1326 plena
2509 1242 2812 1314 mysteriis,
2844 1252 2897 1298 et
2923 1243 3136 1314 gravida
3161 1243 3525 1302 sacramentis.
3560 1267 3579 1300 1
3614 1249 3907 1319 Oportebat

2329 1333 2540 1401 autem,
2589 1335 2789 1405 inquit,
2833 1349 2955 1390 cum
2997 1337 3222 1390 transire
3265 1352 3358 1407 per
3396 1337 3707 1393 Samariam.
3747 1340 3907 1398 Venit

2331 1438 2458 1493 ergo
2487 1423 2542 1477 in
2569 1423 2836 1478 civitatem
2867 1423 3121 1479 Samariae
3148 1441 3265 1495 quae
3289 1426 3482 1481 dicitur
3510 1428 3729 1496 Sichar,
3755 1431 3907 1500 ju'xta

2330 1513 2591 1585 praedium
2622 1514 2764 1585 quod
2793 1515 2940 1570 dedit
2967 1516 3130 1572 Jacob
3157 1517 3262 1571 lilio
3287 1533 3384 1573 suo
3407 1518 3624 1589 Josepb.
3656 1522 3782 1577 Erat
3806 1521 3904 1577 au-

2335 1612 2438 1658 tem
2479 1603 2548 1657 ibi
2574 1603 2692 1659 fons
2715 1604 2899 1660 Jacob.
2932 1612 2951 1658 i
2987 1607 3183 1662 Putetis
3205 1611 3319 1662 erat
3351 1625 3365 1662 :
3393 1608 3486 1664 sed
3515 1611 3687 1665 omnis
3716 1619 3906 1681 puteus

2333 1688 2450 1748 fans
2469 1733 2483 1757 ,
2512 1709 2616 1748 non
2642 1696 2814 1749 omnis
2840 1694 2958 1749 fons
2981 1704 3168 1765 puteus
3198 1715 3212 1751 :
3239 1696 3336 1752 Ubi
3358 1701 3497 1753 enim
3521 1703 3654 1769 aqua
3674 1701 3740 1756 de
3763 1712 3905 1759 terra

2330 1791 2540 1848 manat,
2573 1792 2627 1838 et
2655 1786 2771 1839 usui
2812 1787 3076 1854 praebetur
3101 1786 3494 1855 haurientibus,
3525 1790 3642 1845 fons
3667 1791 3863 1848 dicitur
3889 1808 3906 1850 :

2331 1873 2426 1927 sed
2457 1875 2499 1926 si
2533 1874 2583 1927 in
2615 1884 2860 1945 promptu
2888 1883 2942 1929 et
2967 1876 3246 1945 superficie
3275 1878 3376 1944 sit,
3403 1878 3521 1933 fons
3545 1888 3745 1936 tantum
3775 1883 3910 1938 dici-

2332 1971 2449 2029 tur;
2477 1965 2520 2019 si
2549 1967 2725 2020 autem
2752 1967 2804 2020 in
2830 1967 2937 2021 alto
2961 1977 3016 2023 et
3045 1967 3302 2037 profundo
3322 1971 3390 2025 sit
3409 2010 3426 2038 ,
3453 1971 3522 2025 ita
3544 1982 3731 2043 puteus
3751 1991 3911 2032 voca4

2333 2062 2446 2119 tur,
2480 2062 2538 2107 ut
2561 2053 2720 2108 fontis
2744 2068 2936 2109 nomen
2959 2071 3062 2110 non
3083 2057 3306 2112 amittat.

2400 2142 2453 2198 6.
2487 2141 2637 2198 Jesus
2672 2151 2788 2215 ergo
2830 2147 3071 2216 fatigatus
3109 2161 3172 2202 ea:
3208 2150 3416 2216 itinere,
3443 2151 3640 2206 sedebat
3662 2155 3735 2208 sic
3757 2171 3912 2225 super

2330 2234 2537 2301 fontem.
2572 2233 2715 2287 [lora
2739 2243 2845 2288 erat
2877 2236 3018 2306 quasi
3038 2248 3200 2290 sexta.
3223 2237 3336 2293 Jam
3361 2239 3614 2310 ineipiunt
3634 2247 3908 2315 mysteria.

2328 2321 2443 2376 Non
2488 2324 2627 2377 enim
2670 2324 2861 2379 frustra
2911 2326 3155 2396 fatigatur
3193 2327 3384 2394 Jesus;
3413 2345 3517 2383 non
3545 2335 3683 2385 enim
3713 2332 3909 2390 frustra

2328 2410 2577 2482 fatigatur
2605 2414 2782 2469 Virtus
2813 2415 2904 2470 Dei
2931 2432 2944 2481 ;
2977 2431 3083 2470 non
3119 2419 3260 2471 enim
3290 2419 3482 2474 frustra
3508 2420 3786 2491 fatigatur,
3818 2434 3912 2494 per

2328 2519 2486 2573 quem
2518 2505 2715 2574 fatigati
2748 2517 3089 2574 recreantur;
3119 2523 3223 2564 non
3247 2510 3387 2563 enim
3411 2509 3602 2565 frustra
3628 2512 3910 2583 fatigatur,

2329 2609 2434 2663 quo
2477 2595 2754 2650 dcscrcnte
2793 2595 3107 2667 fatigamur,
3150 2613 3256 2670 quo
3301 2605 3562 2668 praesente
3615 2601 3910 2658 firmamur.

2329 2683 2600 2754 Fatigatur
2630 2695 2803 2741 tamen
2831 2687 3024 2754 Jesus;
3056 2698 3108 2743 et
3137 2688 3381 2759 fatigatur
3401 2691 3469 2744 ab
3494 2691 3680 2746 itinere
3698 2733 3712 2756 ,
3741 2704 3802 2747 et
3824 2708 3912 2750 se-

2329 2774 2419 2829 det
2441 2816 2455 2837 ,
2504 2784 2558 2831 et
2591 2777 2738 2845 juxta
2783 2787 2997 2848 puteum
3029 2780 3177 2835 sedet
3198 2822 3211 2846 ,
3244 2790 3298 2835 et
3325 2781 3453 2836 hora
3481 2794 3634 2838 sexta
3663 2784 3916 2856 fatigatus

2328 2866 2498 2920 sedet.
2544 2867 2731 2923 Omnia
2778 2871 2876 2925 ista
2923 2871 3149 2927 innuunt
3186 2872 3416 2941 aliquid,
3456 2874 3688 2931 indicare
3728 2879 3916 2939 volunt

2328 2956 2522 3026 aliquid
2548 2975 2562 3023 ;
2589 2957 2820 3015 intentos
2847 2975 2944 3015 nos
2974 2961 3208 3030 faciunt,
3234 2968 3289 3017 u't
3312 2965 3578 3032 pulsemus
3604 2966 3914 3025 hortantur.

2328 3045 2447 3116 Ipse
2487 3064 2612 3119 ergo
2658 3052 2860 3118 aperiat
2899 3061 2953 3107 et
2979 3053 3131 3109 nobis
3158 3063 3210 3108 et
3235 3055 3381 3111 vobis
3401 3099 3414 3122 ,
3447 3058 3535 3127 qui
3561 3059 3813 3129 dignatus
3837 3069 3915 3118 cst

2329 3139 2400 3192 ita
2429 3139 2628 3194 hortari
2654 3151 2709 3194 ut
2724 3141 2942 3208 diceret,
2965 3142 3193 3206 Pulsate,
3216 3156 3262 3198 et
3273 3147 3526 3216 aperietur
3536 3149 3669 3202 vobis
3685 3149 3765 3218 (.i!
3773 3151 3911 3205 attlt.

2327 3243 2424 3294 vn,
2466 3229 2540 3300 7).
2571 3231 2687 3285 Tibi
2719 3231 2965 3302 fatigatus
2990 3241 3071 3288 est
3098 3235 3164 3289 ab
3191 3236 3379 3291 itinere
3403 3238 3578 3294 Jesus.
3609 3238 3917 3300 Invenimus

2330 3318 2632 3374 Virtutem‘
2673 3319 2886 3386 Iesum,
2933 3333 2988 3376 et
3031 3308 3329 3381 invenimus
3373 3327 3635 3382 infirmum
3680 3329 3914 3400 Jesum‘;

2327 3408 2518 3464 fortem
2550 3420 2604 3466 et
2630 3413 2892 3468 inlirmum
2920 3415 3100 3470 Jesum
3133 3432 3145 3498 ς
3177 3417 3363 3474 fortem
3386 3461 3401 3482 ,
3431 3421 3551 3490 quia
3579 3421 3631 3474 in
3656 3423 3918 3498 principio

2329 3512 2435 3554 erat
2473 3502 2720 3570 Verbum,
2755 3514 2800 3558 et
2835 3504 3048 3559 Verbum
3069 3518 3172 3560 erat
3199 3508 3335 3578 apud
3362 3509 3516 3562 Deum
3537 3552 3550 3575 ,
3579 3521 3624 3565 et
3644 3511 3795 3568 Deus
3814 3525 3919 3570 erat

2337 3591 2552 3646 Verbum
2588 3595 2723 3647 :‘Itoc
2748 3605 2854 3648 erat
2878 3596 2929 3649 in
2959 3598 3205 3667 principio
3233 3601 3370 3666 apud
3398 3599 3578 3654 Deum.
3615 3603 3704 3657 Vis
3729 3601 3918 3662 videre

2327 3698 2484 3753 quam
2513 3683 2610 3739 iste
2641 3685 2806 3740 Filius
2835 3687 2924 3740 Dei
2948 3686 3097 3741 fortis
3120 3689 3234 3743 sit?
3263 3688 3445 3743 Omnia
3471 3708 3561 3759 per
3583 3693 3754 3762 ipsum
3777 3700 3915 3766 facta

2327 3783 2444 3826 sunt
2471 3815 2486 3840 ,
2517 3783 2562 3826 et
2586 3775 2693 3828 sine
2714 3775 2824 3846 ipso
2848 3780 3037 3845 factum
3058 3786 3128 3830 est
3154 3778 3282 3832 nihil
3297 3797 3315 3843 ;
3345 3789 3398 3834 et
3423 3781 3538 3836 sine
3563 3782 3749 3840 labore
3777 3786 3914 3842 facta

2328 3872 2469 3917 sunt.
2501 3863 2634 3930 Quid
2662 3880 2788 3934 ergo
2819 3867 2908 3920 illo
2930 3866 3148 3934 fortius,
3181 3885 3276 3939 per
3299 3885 3454 3940 quem
3485 3875 3600 3929 sine
3623 3874 3815 3932 labore
3840 3877 3915 3932 fa-

2327 3961 2409 4006 cta
2448 3961 2570 4006 sunt
2607 3955 2828 4008 omnia?
2870 3955 3136 4010 lniirmum
3175 3959 3254 4012 vis
3293 3961 3490 4015 nosse?
3540 3961 3761 4018 Verbum
3797 3980 3915 4022 caro

2327 4046 2516 4113 factum
2558 4052 2662 4108 est,
2706 4055 2754 4098 et
2791 4044 3025 4098 habitavit
3065 4046 3118 4099 in
3147 4049 3288 4101 nobis
3313 4049 3559 4119 (Joan.t,
3593 4053 3658 4119 1,
3691 4055 3760 4118 3,
3796 4056 3913 4128 14).

2326 4129 2607 4186 Fortitudo
2643 4131 2840 4186 Christi
2870 4142 2920 4189 te
2946 4135 3144 4189 creavit
3164 4176 3178 4202 ,
3211 4136 3488 4193 inlirmitas
3513 4140 3706 4196 Christi
3742 4152 3799 4198 te
3823 4161 3914 4200 re-

2325 4225 2545 4279 creavit.
2594 4224 2871 4280 Fortitudo
2907 4226 3105 4280 Christi
3136 4225 3261 4281 fecit
3295 4237 3347 4282 ut
3375 4229 3514 4299 quod
3543 4246 3646 4286 nor.
3673 4244 3799 4290 erat
3824 4251 3914 4290 es-

2325 4324 2408 4366 set
2439 4332 2453 4367 :
2485 4314 2762 4370 inﬁrmitas
2784 4314 2977 4370 Christi
3009 4316 3130 4371 fecit
3160 4326 3216 4370 ut
3242 4319 3381 4387 quod
3410 4329 3524 4375 erat
3551 4337 3655 4377 non
3683 4327 3913 4394 periret.
3974 4305 3976 4312 1

2325 4403 2573 4459 Condidit
2615 4420 2715 4460 nos
2756 4407 3060 4463 fortitudine
3098 4422 3227 4475 sua,
3267 4411 3508 4480 quresivit
3547 4427 3646 4468 nos
3674 4415 3916 4472 infirmi.

2327 4504 2433 4550 tate
2457 4512 2572 4552 sua.

2402 4587 2454 4639 7.
2506 4585 2682 4640 Nutrit
2722 4602 2850 4657 ergo
2893 4587 3004 4658 ipse
3047 4587 3287 4643 infirmus
3325 4589 3562 4648 infirmos
3590 4634 3607 4660 ,
3653 4601 3914 4667 tanquam

2325 4676 2521 4745 gallina
2567 4676 2741 4746 pullos
2784 4692 2947 4744 suos;
2995 4679 3118 4732 huic
3161 4681 3300 4733 enim
3348 4696 3406 4736 se
3449 4683 3679 4738 similem
3731 4687 3860 4743 fecit
3898 4703 3914 4741 :

2330 4767 2535 4832 Quoties
2579 4768 2714 4821 uolui
2737 4809 2751 4833 ,
2800 4769 2968 4838 inquit
2995 4770 3059 4823 ad
3087 4769 3379 4826 Jerusalem
3399 4815 3413 4836 ,
3439 4787 3751 4848 congregare
3775 4781 3916 4850 ﬁlios

2327 4869 2438 4912 tuos
2473 4858 2562 4912 sub
2599 4861 2710 4913 alas
2730 4902 2744 4925 ,
2785 4870 3018 4930 tanquam
3044 4861 3234 4932 gallina
3262 4865 3426 4933 pullos
3449 4883 3584 4934 suos,
3620 4879 3666 4921 et
3699 4873 3917 4927 noluisti

2327 4948 2539 5018 (Matth.
2582 4964 2705 5002 χχιιι
2727 4989 2741 5013 ,
2771 4950 2858 5020 57)
2882 4951 2905 5002 ?
2931 4949 3130 5004 Videtis
3159 4963 3331 5007 autem
3351 4994 3368 5022 ,
3397 4953 3620 5021 fratres,
3651 4961 3921 5026 quemad-

2327 5043 2540 5097 modum
2585 5042 2777 5111 gallina
2814 5043 3107 5098 inlirmetur
3132 5059 3252 5098 cum
3282 5047 3435 5114 pullis
3459 5047 3588 5101 suis.
3619 5047 3781 5104 Nulla
3810 5052 3918 5106 alia

2326 5134 2440 5188 avis
2477 5133 2615 5202 quod
2658 5135 2726 5187 sit
2764 5143 2937 5188 mater
2972 5135 3294 5202 agnoscitur.
3336 5136 3589 5192 Videmus
3628 5139 3920 5199 nidificare

2329 5239 2568 5295 passeres
2606 5227 2871 5296 quoslibet
2911 5237 3034 5282 ante
3062 5228 3246 5282 oculos
3275 5240 3521 5294 nostros;
3555 5226 3914 5301 hirundines,

2325 5316 2553 5371 ciconias
2573 5357 2588 5383 ,
2615 5317 2892 5372 columbas
2918 5319 3150 5387 quotidie
3170 5318 3408 5373 videmus
3431 5319 3705 5376 nidificarc
3730 5339 3748 5389 ;
3775 5340 3919 5394 quos

2326 5406 2427 5461 nisi
2447 5405 2658 5477 quando
2683 5407 2733 5460 in
2761 5408 2898 5462 nidis
2917 5406 3173 5472 videmus,
3197 5418 3445 5478 parentes
3468 5424 3587 5464 esse
3605 5423 3712 5465 non
3736 5426 3919 5483 agno-

2325 5501 2540 5556 scimus.
2577 5499 2780 5556 Galiina
2818 5516 2944 5555 vero
2974 5499 3050 5557 sic
3079 5501 3374 5556 infirmatur
3402 5501 3453 5556 in
3485 5502 3641 5572 pullis
3667 5504 3790 5559 suis
3812 5547 3828 5571 ,
3861 5515 3917 5559 ut

2326 5589 2530 5645 etiamsi
2571 5589 2671 5659 ipsi
2715 5589 2841 5659 pulli
2884 5604 2987 5644 non
3029 5599 3351 5662 sequantur,
3382 5591 3516 5649 ﬁlios
3544 5609 3648 5650 non
3676 5593 3913 5661 videas,

2390 5699 2405 5731 ί
2431 5705 2536 5748 uss.
2561 5708 2782 5762 quatuor,
2804 5701 2989 5764 fortem.
