4118 6488
337 378 479 438 1513

334 505 563 554 matrem
593 498 772 548 tamen
800 501 1077 561 agnoscas.
1110 483 1186 540 lta
1215 484 1275 540 ﬁt
1297 484 1394 539 alis
1422 483 1664 539 demissis
1684 524 1698 547 ,
1718 480 1921 551 plumis

334 584 551 657 hispida
573 626 589 650 ,
634 597 767 637 voce
810 594 972 635 rauca
996 618 1012 644 ,
1052 577 1296 633 omnibus
1329 574 1582 630 membris
1618 572 1845 627 demissa
1872 580 1927 625 et

334 678 578 747 abiecta,
620 681 679 728 ut
714 668 1161 743 quemadmodum
1208 666 1353 733 dixi,
1401 664 1607 721 etiamsi
1654 663 1790 716 ﬁlios
1821 676 1924 715 non

335 767 553 830 videas,
598 770 826 817 matrem
867 770 1043 814 tamen
1086 757 1369 826 intelligas.
1420 754 1509 809 Sic
1536 768 1662 823 ergo
1689 751 1925 805 inﬁrmus

334 857 525 920 Jesus,
570 853 818 924 fatigatus
859 852 927 905 ab
973 850 1184 903 itinere.
1229 848 1333 902 lter
1370 847 1535 916 ipsius
1570 853 1653 901 est
1679 858 1803 898 caro
1831 857 1926 912 pro

334 946 494 1002 nobis
523 951 812 1012 assumpta.
843 939 1119 1008 Quomodo
1144 938 1285 993 enim
1318 937 1416 991 iter
1442 936 1596 990 habet
1619 935 1709 1004 qui
1734 933 1928 1003 ubique

336 1044 455 1101 εει,
499 1034 591 1104 qui
628 1047 890 1101 nusquam
928 1029 1116 1084 deest?
1153 1028 1270 1095 Quo
1312 1027 1388 1094 it,
1435 1034 1525 1080 aut
1550 1025 1691 1079 unde
1721 1025 1797 1091 it,
1825 1024 1927 1077 nisi

336 1129 463 1199 quia
502 1142 609 1181 non
643 1126 711 1180 ad
745 1139 843 1178 nos
880 1122 1102 1185 veniret,
1131 1119 1233 1174 nisi
1260 1118 1483 1173 formam
1507 1117 1728 1171 visibilis
1753 1117 1927 1171 carnis

335 1217 681 1274 assumeret?
707 1216 840 1283 Quia
864 1229 994 1284 ergo
1014 1213 1196 1268 venire
1216 1211 1282 1265 ad
1306 1226 1402 1265 nos
1418 1225 1483 1265 eo
1504 1209 1662 1263 modo
1678 1207 1926 1279 dignatus

335 1319 455 1374 est,
485 1317 547 1363 ut
570 1307 622 1362 in
645 1306 815 1360 forma
840 1305 978 1361 servi
1005 1312 1275 1372 assumpta
1294 1317 1454 1357 carne
1474 1309 1787 1371 appareret,
1813 1300 1926 1368 ipsa

336 1398 521 1454 carnis
559 1397 852 1466 assumptio
884 1405 967 1450 est
994 1396 1095 1449 iter
1121 1394 1304 1464 ipsius.
1334 1392 1459 1446 Ideo
1479 1392 1724 1463 fatigatus
1752 1392 1813 1443 ab
1838 1390 1927 1443 iti-

336 1507 458 1545 nere
498 1488 626 1559 quid
666 1494 752 1543 est
790 1486 965 1554 aliud,
997 1501 1153 1555 quam
1183 1483 1427 1553 fatigatus
1455 1483 1508 1537 in
1536 1482 1754 1537 Carne?
1781 1481 1928 1535 Inﬁr-

336 1597 459 1637 mus
506 1583 561 1635 in
602 1595 763 1634 carne
804 1579 959 1633 Jesus
988 1596 1000 1631 :
1034 1577 1127 1631 sed
1164 1577 1272 1631 noli
1305 1585 1359 1629 tu
1389 1574 1677 1638 inﬁrmari;
1708 1573 1758 1626 in
1788 1572 1928 1626 illius

337 1672 649 1728 inﬁrmitate
676 1681 730 1726 tu
752 1672 902 1727 fortis
921 1680 1066 1732 esto,
1091 1668 1212 1740 quia
1236 1668 1375 1738 quod
1408 1667 1674 1721 inﬁrmum
1699 1675 1782 1721 est
1807 1666 1923 1730 Dei,

337 1762 533 1818 fortius
556 1770 638 1816 est
662 1761 962 1815 hominibus
990 1758 1032 1830 (l
1057 1757 1174 1812 Cor.
1201 1774 1237 1823 I,
1269 1756 1386 1828 25).

410 1854 464 1908 8.
494 1853 604 1907 Sub
639 1853 739 1907 hac
768 1866 943 1906 rerum
987 1849 1213 1917 imagine
1254 1847 1422 1900 Adam
1451 1846 1542 1915 qui
1594 1853 1710 1900 erat
1759 1844 1925 1899 forma

270 1930 279 1939 ’
339 1945 506 1998 futuri
539 1944 713 2014 (Rom.
742 1959 797 2008 v,
826 1941 937 2011 14),
970 1939 1191 2009 praebuit
1222 1938 1374 1991 nobis
1402 1952 1645 2006 magnum
1676 1936 1925 1989 indicium

339 2033 701 2097 sacramenti;
729 2032 838 2085 imo
874 2032 1014 2084 Deus
1058 2029 1110 2082 in
1139 2028 1228 2081 illo
1272 2026 1516 2096 praebuit.
1545 2024 1677 2078 Nam
1717 2032 1771 2079 et
1798 2025 1927 2077 dor-

339 2127 518 2180 miens
543 2103 739 2179 meruit
767 2122 1009 2191 accipere
1032 2135 1248 2174 uxorem
1274 2160 1288 2183 ,
1317 2128 1369 2172 et
1393 2118 1460 2171 de
1482 2126 1627 2170 costa
1657 2118 1774 2185 ejus
1795 2114 1928 2170 facta

339 2226 425 2272 est
444 2216 496 2270 ei
525 2230 660 2269 uxor
684 2213 832 2283 (Gen.
861 2229 919 2278 ιι,
939 2212 1028 2282 2|)
1054 2230 1067 2265 :
1097 2211 1345 2280 quoniam
1369 2209 1435 2263 de
1456 2208 1666 2263 Christo
1696 2208 1748 2261 in
1770 2220 1930 2260 cruce

339 2305 847 2362 dormiente'futura
876 2311 991 2356 erat
1030 2300 1267 2354 Ecclesia
1306 2299 1373 2353 de
1402 2298 1568 2353 latere
1596 2298 1730 2366 ejus,
1763 2297 1828 2351 de
1856 2297 1931 2350 la-

342 2410 461 2455 tere
490 2398 696 2454 scilicet
736 2395 1084 2457 dormientis;
1115 2393 1238 2461 quia
1289 2398 1342 2445 et
1386 2392 1453 2445 de
1482 2391 1645 2444 latere
1674 2391 1730 2443 in
1770 2403 1930 2443 cruce

343 2488 628 2560 pendentis
647 2487 827 2540 lancea
852 2497 1101 2554 percusso
1129 2480 1307 2551 (Joan.
1330 2496 1449 2545 xtx,
1472 2480 1565 2549 54)
1589 2478 1929 2533 Sacramenta

344 2580 602 2637 Ecclesite
642 2576 1021 2648 proﬂuxerunt.
1055 2572 1161 2629 Sed
1199 2587 1362 2641 quare
1395 2570 1498 2623 hoc
1535 2570 1712 2624 dicere
1734 2569 1884 2622 volui
1912 2607 1927 2632 ,

346 2670 582 2727 fratres?
609 2668 739 2736 Quia
771 2666 1055 2720 inﬁrmitas
1086 2663 1283 2718 Christi
1312 2676 1408 2715 nos
1431 2660 1554 2714 facit
1592 2659 1775 2714 fortes.
1818 2659 1932 2712 Ma-

344 2779 450 2833 gna
473 2762 543 2815 ibi
570 2760 743 2828 imago
773 2756 1065 2827 praecessit.
1113 2754 1291 2809 Potuit
1337 2752 1475 2807 Deus
1503 2764 1719 2805 carnem
1745 2749 1929 2803 detra-

345 2854 482 2907 here
508 2850 708 2904 homini
750 2847 891 2902 unde
930 2846 1127 2901 faceret
1157 2843 1422 2909 feminam,
1455 2852 1508 2896 et
1536 2842 1703 2911 magis
1724 2841 1931 2895 videtur

346 2946 501 3017 quasi
545 2957 835 3011 congruere
864 2940 1117 3009 potuisse.
1166 2936 1351 2991 Fiebat
1392 2934 1535 2989 enim
1580 2949 1739 2989 sexus
1784 2933 1931 2988 inﬁr—

348 3038 511 3102 mior,
541 3044 598 3089 et
626 3032 794 3103 magis
822 3032 889 3085 de
917 3044 1081 3084 carne
1110 3028 1388 3082 inﬁrmitas
1422 3026 1536 3080 ﬁeri
1565 3025 1748 3080 debuit
1772 3040 1932 3096 quam

347 3127 418 3181 de
441 3140 569 3180 osse
594 3144 606 3177 :
636 3138 755 3177 ossa
785 3121 926 3177 enim
959 3121 1010 3174 in
1037 3133 1197 3173 carne
1242 3116 1473 3171 ﬁrmiora
1499 3126 1641 3169 sunt.
1680 3115 1796 3169 Non
1834 3114 1930 3169 de-

349 3216 513 3270 traxit
550 3228 768 3268 carnem
812 3210 954 3265 unde
998 3209 1197 3263 faceret
1236 3207 1539 3271 mulierem;
1569 3206 1663 3260 sed
1706 3204 1935 3260 detraxit

348 3323 431 3373 os,
464 3316 519 3361 et
541 3306 780 3360 detracto
805 3318 928 3357 osse
974 3302 1195 3356 formata
1222 3308 1303 3353 est
1352 3300 1563 3363 mulier,
1596 3308 1649 3353 et
1674 3300 1725 3353 in
1756 3299 1933 3353 locum

349 3398 491 3453 ossis
509 3412 634 3451 caro
659 3395 947 3463 adimpleta
976 3401 1078 3447 est.
1108 3393 1320 3446 Poterat
1344 3407 1437 3460 pro
1459 3406 1581 3446 osse
1602 3406 1662 3445 os
1686 3390 1931 3457 reddere,

350 3496 564 3557 poterat
588 3487 653 3542 ad
684 3485 979 3540 faciendam
1012 3483 1289 3537 mulierem
1320 3496 1423 3535 non
1447 3490 1670 3546 costam,
1702 3481 1795 3535 sed
1817 3495 1936 3535 car-

351 3595 476 3634 nem
515 3578 822 3633 detrahere.
867 3576 1004 3643 Quid
1044 3576 1205 3644 igitur
1246 3573 1607 3643 signiﬁcavit?
1654 3573 1813 3628 Facta
1854 3580 1936 3626 est

351 3672 543 3726 mulier
570 3672 620 3725 in
649 3679 795 3725 costa
836 3678 1083 3738 tanquam
1125 3666 1310 3720 fortis:
1342 3665 1509 3718 factus
1552 3671 1635 3718 est
1676 3664 1840 3717 Adam
1877 3664 1928 3716 in

352 3781 513 3820 carne
548 3773 797 3832 tanquam
828 3762 1088 3815 inﬁrmus.
1119 3759 1361 3812 Christus
1385 3766 1468 3811 est
1492 3765 1546 3810 et
1574 3754 1832 3820 Ecclesia,
1868 3754 1934 3808 il-

354 3854 456 3909 lius
484 3854 769 3908 inﬁrmitas
797 3860 977 3907 nostra
1001 3858 1084 3905 est
1112 3847 1380 3902 fortitudo.

423 3944 477 3998 9.
508 3943 688 4010 Quare
712 3958 841 4011 ergo
868 3943 997 3995 hora
1021 3940 1207 3994 sexta?
1227 3939 1359 4005 Quia
1380 3944 1534 3991 aetate
1559 3935 1737 3989 saeculi
1763 3944 1931 3990 sexta.

356 4035 619 4103 Computa
648 4035 699 4087 in
732 4031 1016 4102 Evangelio
1044 4039 1291 4099 tanquam
1322 4043 1478 4082 unam
1523 4028 1705 4081 horam
1730 4069 1746 4095 ,
1775 4042 1935 4081 unam

353 4134 569 4180 aetatem
617 4125 685 4179 ab
708 4124 875 4178 Adam
922 4137 1089 4191 usque
1132 4120 1197 4173 ad
1237 4119 1379 4182 Noe;
1428 4118 1711 4172 secundum
1755 4134 1782 4170 a
1826 4117 1939 4172 Noe

358 4230 529 4284 usque
570 4214 638 4269 ad
667 4213 967 4277 Abraham;
1014 4210 1221 4265 tertiam
1272 4208 1340 4262 ab
1378 4208 1642 4262 Abraham
1682 4223 1847 4277 usque
1871 4208 1938 4263 ad

360 4305 567 4369 David;
611 4313 851 4373 quartam
891 4317 920 4354 a
944 4300 1109 4355 David
1140 4313 1304 4368 usque
1328 4297 1393 4351 ad
1425 4297 1937 4365 transmigrationem

359 4394 706 4464 Babyloniae;
751 4393 988 4463 quintam
1046 4406 1074 4443 a
1123 4388 1581 4458 transmigratione
1638 4388 1941 4459 Babylonia

358 4498 533 4552 usque
571 4483 640 4536 ad
689 4482 1007 4551 baptismum
1057 4476 1277 4534 Joannis
1325 4493 1338 4529 :
1392 4476 1515 4530 inde
1568 4484 1715 4530 sexta
1748 4476 1937 4545 agitur.

357 4573 499 4640 Quid
526 4571 772 4626 miraris?
801 4571 956 4626 Venit
981 4569 1157 4634 Jesus,
1188 4576 1241 4621 et
1268 4564 1595 4620 humiliando
1621 4578 1679 4618 se
1702 4564 1848 4619 venit
1872 4564 1939 4619 ad

359 4674 605 4735 puteum.
638 4662 909 4733 Fatigatus
934 4660 1114 4726 venit,
1137 4658 1259 4728 quia
1282 4656 1546 4711 inﬁrmam
1569 4670 1784 4710 carnem
1813 4668 1939 4724 por-

363 4757 513 4810 tavit.
550 4756 689 4810 Hora
718 4761 900 4818 sexta,
925 4752 1045 4821 quia
1076 4757 1233 4805 aetate
1278 4746 1460 4802 saeculi
1505 4756 1672 4801 sexta.
1722 4745 1803 4800 Ad
1844 4761 1943 4814 pu-

366 4858 511 4903 teum
537 4890 554 4914 ,
586 4844 710 4916 quia
737 4845 800 4902 ad
846 4841 1253 4913 profunditatem
1280 4837 1437 4908 hujus
1478 4836 1816 4892 habitationis
1846 4851 1939 4891 no-

361 4948 510 4995 strae.
554 4936 705 4993 Unde
730 4934 919 4990 dicitur
944 4934 996 4988 in
1023 4930 1245 4987 Psalmis
1268 4970 1283 4994 ,
1318 4927 1397 4981 De
1425 4927 1691 5000 profundis
1729 4925 1942 4981 clamavi

361 5031 430 5083 ad
458 5040 527 5091 te,
554 5027 771 5082 Domine
799 5025 817 5097 (
846 5023 991 5080 Psal.
1020 5037 1208 5088 cntx,
1237 5020 1312 5091 1).
1351 5018 1534 5084 Sedit,
1562 5026 1621 5072 ut
1645 5017 1788 5084 dixi,
1819 5016 1941 5087 quia

361 5119 675 5174 humiliatus
699 5125 781 5171 est
801 5116 841 5168 ⁸.

436 5210 529 5264 to.
556 5204 627 5262 Et
652 5208 783 5261 venit
805 5205 1005 5260 mulier.
1028 5204 1217 5258 Forma
1241 5186 1515 5268 Ehlesiae,
1541 5198 1770 5268 nonjam
1792 5197 1946 5267 justi-

366 5302 562 5365 ﬁcataa,
611 5298 707 5354 sed
740 5299 850 5368 jam
887 5294 1272 5366 justiﬁcandte;
1297 5308 1421 5348 nam
1460 5291 1561 5346 hoc
1606 5291 1714 5361 agit
1741 5304 1939 5344 sermo.

366 5394 527 5448 Venit
555 5393 756 5461 ignara,
780 5390 981 5445 invenit
1009 5402 1152 5452 eum,
1177 5396 1232 5441 et
1255 5385 1427 5455 agitur
1452 5398 1573 5439 cum
1605 5383 1715 5436 illa.
1751 5380 1943 5437 Videa-

366 5500 488 5541 mus
510 5481 635 5553 quid
653 5523 668 5543 ,
698 5481 968 5536 videamus
994 5493 1158 5550 quare
1190 5496 1204 5532 :
1244 5475 1387 5530 Venit
1416 5474 1596 5529 mulier
1619 5474 1682 5527 de
1706 5472 1945 5528 Samaria

366 5576 577 5631 haurire
602 5588 802 5642 aquarii.
830 5568 1148 5626 Samaritani
1173 5567 1238 5620 ad
1260 5566 1563 5622 Judzeorum
1594 5573 1807 5634 gentem
1836 5577 1944 5619 non

366 5666 743 5739 pertinebant:
773 5662 1083 5732 alienigenae
1112 5661 1256 5716 enim
1296 5659 1525 5724 fuerunt,
1550 5656 1792 5728 quamvis
1816 5656 1945 5711 vici-

436 5780 456 5813 ι
474 5779 674 5829 siam.
698 5776 935 5827 mmBad.
960 5781 1127 5825 etAm.
1149 5780 1204 5822 At
1222 5779 1296 5821 Er.
1321 5778 1373 5821 et
1393 5778 1521 5832 nom,
1545 5766 1735 5820 humilis
1756 5765 1897 5819 venit.

584 5863 813 5922 Sanc'r.
855 5861 1129 5921 Ausus'r.
1178 5858 1286 5917 Ill.

1464 359 1871 422 TRACTATUS
1910 355 2026 415 XV.
2060 356 2287 419 CAPUT
2326 361 2415 419 IV.

3460 377 3600 437 15η

2031 493 2128 532 nas
2157 488 2325 535 terras
2352 481 2664 538 incolerent.
2696 482 2933 554 Longum
2959 496 3042 542 est
3072 487 3330 558 originem
3357 488 3595 550 Samari-

2033 577 2271 625 tanorum
2298 582 2557 642 retexere,
2583 590 2650 630 ne
2669 591 2766 630 nos
2782 577 2944 630 multa
2966 586 3198 643 teneant,
3216 590 3270 637 et
3294 587 3595 641 necessaria

2030 676 2136 716 non
2183 664 2457 733 loquamur
2498 684 2511 720 :
2554 667 2745 722 sufﬁcit
2786 683 2913 739 ergo
2957 679 3013 724 ut
3054 670 3415 730 Samaritanus
3460 675 3599 731 inter

2031 753 2355 829 alienigenas
2382 757 2714 827 deputemus.
2749 761 2816 815 Et
2849 777 2916 817 ne
2944 761 3044 817 hoc
3070 764 3318 821 audacius
3345 781 3432 822 me
3460 768 3605 823 arbi-

2033 845 2243 899 tremini
2263 845 2460 903 dixisse
2480 865 2636 918 quam
2662 852 2840 906 verius
2862 893 2877 918 ,
2909 853 3089 909 audite
3117 855 3289 924 ipsum
3319 857 3601 914 Dominum

2030 933 2227 1001 Jesum,
2256 936 2383 1006 quid
2426 937 2619 993 dixerit
2640 940 2707 995 de
2748 941 2839 995 illo
2867 942 3215 1010 Samaritano,
3258 961 3366 1002 uno
3392 947 3460 1002 de
3503 948 3600 1003 de-

2030 1039 2145 1080 cem
2171 1026 2394 1095 leprosis
2440 1043 2574 1099 quos
2596 1031 2971 1099 mundaverat,
3021 1035 3111 1104 qui
3156 1036 3301 1091 solus
3349 1037 3509 1094 rediit
3547 1050 3604 1096 ut

2030 1118 2225 1186 gratias
2249 1128 2430 1188 ageret
2456 1138 2471 1174 :
2502 1119 2689 1175 Nonne
2714 1123 2880 1178 decem
2918 1127 3144 1180 mandati
3173 1130 3328 1183 sunt?
3352 1140 3401 1185 et
3428 1147 3603 1187 novem

2031 1206 2117 1259 ubi
2130 1215 2242 1263 sunt
2261 1207 2287 1262 ?
2307 1225 2407 1262 non
2427 1218 2533 1262 erat
2556 1210 2687 1264 alius
2706 1212 2791 1279 qui
2811 1208 2951 1266 darit
2969 1215 3183 1284 gloriam
3205 1215 3335 1283 Deo,
3359 1219 3455 1273 nisi
3480 1221 3605 1274 alie-

2031 1298 2212 1366 nigena
2231 1298 2323 1352 iste
2343 1299 2493 1369 (Luc.
2530 1316 2658 1367 xvn,
2684 1302 2773 1367 17,
2802 1302 2913 1372 l8).
2946 1304 3181 1361 Pertinet
3222 1308 3288 1361 ad
3317 1308 3600 1380 imaginem

2031 1388 2142 1452 rei,
2165 1390 2305 1458 quod
2331 1391 2398 1444 ab
2426 1392 2734 1461 alienigenis
2754 1394 2899 1448 venit
2928 1395 3025 1449 ista
3050 1398 3257 1464 mulier,
3283 1415 3400 1472 quas
3421 1412 3603 1473 typum

2031 1479 2247 1546 gerebat
2268 1480 2523 1536 Ecclesiae
2549 1499 2561 1534 :
2586 1493 2807 1538 ventura
2828 1485 2967 1538 enim
2988 1495 3103 1541 erat
3124 1488 3357 1545 Ecclesia
3378 1492 3445 1547 de
3464 1492 3607 1549 Cen-

2036 1569 2190 1632 tibus,
2214 1569 2509 1640 alienigena
2536 1588 2565 1626 a
2586 1589 2783 1642 genere
2810 1574 3139 1632 Judteorum.
3170 1581 3460 1638 Audiamus
3478 1600 3607 1655 ergo

2033 1657 2085 1711 in
2119 1658 2203 1711 illa
2236 1675 2351 1725 nos,
2379 1669 2431 1714 et
2458 1661 2509 1715 in
2538 1662 2628 1716 illa
2653 1678 3001 1733 agnoscamus
3029 1683 3126 1723 nos
3148 1709 3165 1734 ,
3191 1678 3245 1724 et
3270 1670 3325 1726 in
3360 1672 3449 1728 illa
3480 1689 3606 1745 gra-

2035 1750 2132 1803 tias
2156 1751 2264 1804 Deo
2284 1767 2501 1821 agamus
2530 1769 2624 1823 pro
2651 1755 2825 1811 nobis.
2856 1756 2945 1811 Illa
2976 1759 3117 1812 enim
3139 1760 3305 1831 ﬁgura
3335 1772 3468 1828 erat,
3499 1781 3605 1820 non

2032 1841 2258 1905 veritas;
2299 1844 2420 1911 quia
2456 1856 2509 1898 et
2535 1845 2645 1913 ipsa
2686 1848 2940 1915 prmmisit
2982 1849 3225 1919 ﬁguram,
3254 1860 3309 1907 et
3347 1851 3483 1908 facta
3526 1864 3609 1911 est

2031 1934 2245 1987 veritas.
2275 1933 2407 1988 Nam
2433 1936 2655 1991 credidit
2681 1938 2731 1991 in
2762 1954 2902 2003 eum,
2930 1942 3018 2010 qui
3042 1941 3109 1996 de
3134 1943 3222 1997 illa
3250 1944 3470 2013 ﬁguram
3498 1961 3601 2001 no-

2032 2024 2115 2079 bis
2144 2027 2523 2093 praitendebat.
2570 2028 2712 2083 Venit
2738 2046 2865 2101 ergo
2891 2032 3092 2086 haurire
3117 2050 3319 2104 aquam.
3347 2036 3605 2106 Simplici-

2034 2123 2115 2168 ter
2140 2124 2356 2171 venerat
2380 2117 2595 2174 haurire
2619 2135 2844 2190 aquam,
2884 2122 3023 2177 sicut
3047 2124 3221 2180 solent
3260 2127 3344 2182 vel
3382 2118 3481 2183 viri
3524 2129 3608 2184 vel

2033 2205 2265 2262 feminae.

2106 2301 2191 2354 Η.
2247 2319 2267 2352 ‹
2296 2300 2433 2356 Dicit
2476 2302 2525 2357 ei
2567 2302 2720 2360 Iesus
2767 2322 2781 2360 :
2832 2306 2907 2361 Da
2936 2308 3066 2362 mihi
3112 2309 3314 2366 bibere.
3363 2311 3611 2383 Discipuli

2033 2388 2175 2445 enim
2201 2390 2315 2459 ejus
2338 2392 2579 2447 abierant
2624 2394 2676 2447 in
2720 2395 2986 2451 civitatem
3013 2439 3028 2463 ,
3075 2407 3134 2454 ut
3173 2399 3322 2456 cibos
3350 2410 3610 2459 emerent.

2036 2480 2171 2535 Dicit
2193 2498 2319 2552 ergo
2344 2484 2393 2537 ei
2420 2485 2613 2540 mulier
2642 2486 2730 2541 illa
2760 2487 3091 2545 Samaritana
3117 2510 3131 2546 :
3153 2493 3429 2558 Quomodo
3449 2504 3503 2549 tu
3523 2495 3614 2551 Ju-

2035 2571 2182 2627 daeus
2207 2589 2325 2629 cum
2356 2575 2451 2641 sis,
2487 2576 2671 2632 bibere
2704 2592 2732 2631 a
2760 2594 2845 2633 me
2875 2581 3081 2649 poscis,
3120 2598 3239 2652 quae
3272 2600 3391 2639 sum
3425 2587 3614 2641 mulier

2033 2661 2399 2719 Samaritana?
2422 2665 2536 2721 Non
2557 2668 2697 2722 enim
2720 2679 3003 2724 eoutuntur
3025 2671 3191 2726 Judaei
3209 2672 3609 2732 Samaritanis.»

2034 2752 2237 2809 Videtis
2276 2757 2637 2828 alienigenas:
2682 2761 2900 2815 omnino
2942 2763 3167 2818 vasculis
3213 2780 3396 2820 eorum
3441 2767 3611 2825 Judaei

2034 2857 2140 2897 non
2168 2845 2465 2899 utebantur.
2498 2848 2561 2901 Et
2582 2850 2702 2919 quia
2724 2849 2928 2905 ferebat
2968 2867 3148 2908 secum
3186 2856 3377 2911 mulier
3412 2873 3609 2914 vascu-

2034 2934 2142 2989 lum
2187 2936 2325 2991 unde
2369 2952 2558 3007 aquam
2591 2939 2842 3007 hauriret,
2887 2957 2953 2996 eo
2983 2943 3171 2998 mirata
3212 2954 3315 3012 est,
3356 2947 3476 3017 quia
3508 2948 3605 3004 Ju-

2035 3024 2183 3080 daeus
2213 3027 2426 3096 petebat
2449 3028 2515 3082 ab
2537 3044 2598 3083 ea
2624 3029 2823 3095 bibere,
2863 3031 3004 3101 quod
3035 3047 3139 3088 non
3166 3035 3407 3091 solebant
3435 3036 3611 3093 facere

2033 3113 2221 3170 Judaei.
2248 3114 2338 3171 llle
2364 3126 2539 3173 autem
2561 3120 2650 3190 qui
2690 3119 2875 3176 bibere
2898 3123 3170 3192 quaerebat
3190 3165 3205 3190 ,
3249 3124 3408 3182 fidem
3444 3127 3610 3199 ipsius

2034 3206 2275 3261 mulieris
2299 3207 2530 3263 sitiebat.

2108 3297 2195 3350 12.
2226 3297 2464 3369 Denique
2488 3299 2609 3354 audi
2631 3299 2751 3370 quis
2772 3299 3129 3371 petatbibere.
3148 3303 3426 3376 Respondit
3443 3307 3614 3376 Jesus,

2037 3396 2083 3443 et
2101 3388 2230 3442 dixit
2254 3390 2300 3442 ei
2321 3405 2340 3443 :
2365 3389 2428 3444 Si
2445 3392 2596 3445 scires
2621 3391 2806 3446 donum
2829 3393 2943 3459 Dei,
2965 3403 3009 3448 et
3038 3395 3150 3465 quis
3166 3398 3338 3466 estqui
3360 3398 3481 3452 dicit
3500 3399 3609 3467 tibi,

2039 3480 2121 3534 Da
2142 3482 2262 3534 mihi
2283 3482 2461 3549 bibere,
2490 3493 2541 3536 tu
2562 3483 2772 3552 forsitan
2802 3488 3005 3555 petisses
3032 3487 3095 3540 ab
3115 3504 3191 3551 eo,
3220 3498 3266 3543 et
3288 3490 3502 3545 dedisset
3528 3492 3615 3546 tibi

2037 3589 2219 3641 aquam
2238 3575 2415 3627 vivam.
2471 3576 2607 3630 Petit
2633 3576 2834 3642 bibere,
2875 3586 2928 3632 et
2954 3579 3215 3647 promittit
3255 3581 3456 3637 bibere.
3485 3584 3617 3654 Eget

2038 3664 2186 3732 quasi
2231 3673 2563 3732 accepturus,
2604 3673 2658 3719 et
2705 3665 2873 3721 affluit
2915 3675 3164 3737 tanquam
3210 3670 3513 3725 satiaturus.
3555 3672 3617 3726 Si

2038 3752 2227 3817 scires,
2257 3753 2459 3821 inquit,
2500 3754 2686 3806 donum
2731 3754 2846 3807 Dei.
2893 3756 3100 3809 Donum
3150 3756 3244 3810 Dei
3283 3766 3365 3811 est
3388 3759 3616 3828 Spiritus

2039 3851 2271 3896 sanctus.
2301 3842 2406 3897 Sed
2441 3843 2615 3897 adhuc
2636 3844 2839 3898 mulieri
2881 3853 3018 3900 tecte
3043 3847 3277 3916 loquitur
3297 3889 3312 3913 ,
3343 3859 3396 3903 et
3424 3851 3610 3920 paula-

2042 3931 2134 3986 tim
2162 3933 2321 3986 intrat
2352 3934 2403 3986 in
2429 3948 2540 3987 cor.
2572 3932 2834 3988 Fortassis
2855 3934 2963 4004 jam
2990 3935 3163 3991 docet.
3188 3936 3323 4003 Quid
3347 3941 3489 3993 enim
3510 3940 3607 3995 ista

2042 4021 2337 4077 hortatione
2364 4024 2576 4077 suavius
2603 4032 2656 4078 et
2682 4025 2999 4095 benignius?
3021 4026 3083 4082 Si
3107 4029 3256 4082 scires
3281 4029 3468 4083 donum
3493 4030 3607 4097 Dei,

2041 4122 2086 4165 et
2104 4113 2255 4167 scires
2278 4114 2389 4182 quis
2409 4122 2480 4166 est
2504 4114 2590 4182 qui
2613 4113 2732 4166 dicit
2762 4115 2868 4181 tibi,
2900 4113 2984 4168 Da
3019 4117 3141 4169 mihi
3163 4117 3355 4183 bibere,
3384 4128 3437 4172 tu
3462 4122 3588 4191 [orsi

2041 4213 2126 4256 tun
2152 4213 2359 4272 peteres,
2390 4212 2434 4258 et
2454 4204 2594 4257 daret
2622 4205 2709 4257 tibi
2734 4221 2916 4273 aquam
2945 4207 3105 4260 vivam
3135 4222 3153 4261 :
3179 4208 3280 4262 huc
3310 4223 3474 4278 usque
3498 4224 3616 4264 sus-

2042 4295 2242 4364 pendit.
2273 4294 2403 4350 Viva
2450 4310 2585 4366 aqua
2607 4295 2800 4351 dicitur
2817 4297 2971 4366 vulgo
2991 4296 3079 4351 illa
3101 4313 3218 4368 qua:
3237 4298 3303 4353 de
3322 4298 3466 4354 fonte
3484 4290 3614 4355 exit.

2042 4387 2134 4442 illa
2164 4387 2305 4442 enim
2336 4403 2457 4457 qute
2497 4388 2760 4457 colligitur
2784 4386 2853 4442 de
2881 4387 3057 4457 pluvia
3096 4389 3150 4443 in
3173 4389 3388 4445 lacunas
3416 4398 3508 4446 aut
3534 4392 3614 4446 ci-

2043 4488 2273 4545 sternas,
2300 4494 2436 4548 aqua
2460 4478 2577 4534 viva
2608 4494 2714 4532 non
2744 4477 2955 4532 dicitur.
2989 4478 3054 4532 Et
3089 4479 3135 4534 si
3160 4478 3227 4534 de
3250 4478 3396 4535 fonte
3433 4495 3617 4535 maneo

2049 4568 2198 4632 verit,
2230 4578 2285 4623 et
2311 4567 2363 4621 in
2392 4569 2510 4622 loco
2530 4568 2708 4637 aliquo
2736 4569 2958 4623 collecta
2985 4569 3215 4634 steterit,
3247 4584 3345 4625 nec
3368 4570 3436 4626 ad
3464 4587 3524 4627 se
3546 4572 3613 4627 il-

2044 4655 2134 4709 lud
2160 4655 2298 4711 unde
2327 4655 2575 4710 manabat
2596 4656 2901 4721 admiserit,
2934 4657 3028 4711 sed
3055 4658 3351 4730 interrupto
3373 4659 3392 4691 ⁸
3415 4670 3616 4720 meatu.

2043 4754 2291 4816 tanquam
2319 4761 2348 4798 a
2374 4743 2535 4800 fontis
2562 4747 2774 4801 tramite
2803 4755 3045 4815 separata
3066 4746 3259 4814 fuerit;
3288 4762 3396 4806 non
3420 4749 3614 4806 dicitur

2044 4850 2179 4905 aqua
2210 4836 2327 4890 viva
2357 4852 2371 4891 :
2402 4834 2497 4890 sed
2522 4835 2612 4889 illa
2655 4850 2788 4905 aqua
2818 4837 2934 4891 viva
2974 4837 3168 4893 dicitur
3187 4878 3206 4904 ,
3234 4854 3354 4910 qua:
3395 4854 3618 4897 manans
3644 4894 3647 4897 ,

2045 4927 2322 4995 excipitur.
2373 4925 2518 4981 Talis
2554 4940 2691 4996 aqua
2728 4935 2842 4981 erat
2885 4927 2938 4981 in
2976 4927 3067 4983 illo
3114 4927 3279 4985 fonte.
3309 4927 3447 4995 Quid
3487 4943 3618 5000 ergo

2044 5017 2387 5086 promittebat
2410 5015 2551 5086 quod
2574 5017 2824 5086 petebat?

2115 5109 2202 5162 13.
2234 5106 2432 5161 Tamen
2472 5106 2665 5162 mulier
2688 5122 2943 5178 suspensa
2967 5109 3041 5165 ait
3068 5127 3081 5164 :
3113 5108 3328 5163 Domine
3344 5149 3362 5175 ,
3383 5124 3541 5180 neque
3562 5111 3618 5166 in

2044 5216 2142 5272 quo
2168 5199 2375 5252 haurias
2400 5198 2571 5265 habes,
2604 5208 2650 5253 et
2675 5209 2851 5269 puteus
2871 5201 3004 5255 altus
3024 5208 3118 5255 est.
3135 5199 3325 5256 Videte
3348 5202 3618 5271 quomodo

2046 5288 2365 5344 intellexerit
2391 5302 2582 5358 aquam
2609 5289 2804 5355 vivam,
2832 5305 3022 5360 aquam
3046 5289 3249 5345 scilicet
3272 5304 3392 5359 qua:
3416 5300 3532 5347 erat
3559 5294 3617 5347 in

2045 5380 2137 5434 illo
2159 5380 2323 5435 fonte.
2355 5379 2433 5433 Tu
2464 5378 2596 5435 mihi
2623 5379 2702 5433 vis
2722 5379 2851 5434 dare
2875 5393 3064 5449 aquam
3084 5378 3277 5444 vivam,
3304 5388 3359 5435 et
3379 5396 3480 5452 ego
3498 5380 3616 5438 fero

2046 5470 2184 5525 unde
2210 5471 2465 5535 hauriam,
2490 5478 2545 5525 et
2573 5478 2628 5524 tu
2653 5486 2756 5524 non
2781 5470 2906 5525 fers.
2932 5470 3080 5538 Aqua
3106 5469 3224 5525 viva
3249 5470 3335 5526 hic
3362 5482 3462 5537 est,
3482 5490 3615 5544 quo-

2046 5561 2204 5616 modo
2226 5562 2354 5615 mihi
2381 5561 2599 5616 daturus
2628 5560 2725 5617 es?
2754 5560 2910 5615 Aliud
2936 5560 3231 5631 intelligens
3259 5573 3312 5618 et
3334 5567 3615 5628 carnaliter

2045 5654 2255 5725 sapiens
2283 5653 2671 5724 quodammodo
2690 5654 2882 5722 pulsat,
2909 5661 2966 5707 ut
2984 5655 3185 5724 aperiat
3204 5658 3453 5727 magister
3475 5660 3614 5729 quod

2110 5770 2127 5801 ¹
2151 5774 2280 5829 uss,
2303 5764 2520 5831 inrupta;
2542 5768 2665 5827 sive,
2688 5765 2891 5830 irrupto.

2733 5851 3338 5931 {Quarante—huit.)
