4118 6476
879 368 901 380 ⁸»
937 374 941 376 -
964 363 1030 380 -ιδρ

877 396 898 421 ιΔ
929 411 934 419 _
960 386 1040 427 ,βῖ-

311 401 453 504 {sui

1451 417 1856 481 ruacmus
1893 413 2010 472 xv.
2049 415 2276 477 citrur
2313 401 2403 477 tv.‘

3442 425 3578 482 15η

310 561 386 617 n'z.
421 553 621 626 aliquid
657 551 723 607 sit
751 543 967 611 oculus,
995 543 1140 601 solus
1190 550 1364 596 tamen
1407 535 1526 594 luce
1572 536 1890 608 perfruitur:
1999 535 2144 606 prius
2167 536 2298 591 vivit
2325 536 2533 601 anima;
2556 536 2673 606 quia
2696 535 2810 592 istis
2835 535 3052 606 regitur.
3082 533 3256 604 Quare
3276 546 3451 594 autem
3477 540 3578 596 viri

309 656 505 706 caetera
525 655 703 701 autem
723 638 961 696 membra
983 633 1212 692 carnalia
1239 633 1354 688 luce
1374 629 1622 702 perfundi
1642 635 1893 700 possunt,

310 745 488 799 lucem
515 736 714 795 sentire
742 749 850 790 non
883 737 1141 803 possunt;
1173 728 1319 782 solus
1347 740 1409 780 ea
1451 723 1636 779 oculus
1680 729 1736 777 et
1778 732 1898 790 per-
1950 734 1952 737 ·

310 833 549 891 funditur
574 835 627 894 et
653 823 962 900 perfruitur.
1002 819 1092 878 Sic
1135 820 1187 875 in
1228 818 1402 874 anima
1445 821 1630 871 nostra
1650 811 1898 884 quiddam

309 936 392 983 est
418 921 562 996 quod
600 919 900 977 intellectus
919 921 1156 971 vocatur.
1200 911 1310 968 Hoc
1341 912 1511 980 ipsum
1545 908 1735 962 animat
1757 904 1903 982 quod,

311 1017 615 1073 intellectus
634 1021 687 1066 et
707 1025 857 1065 mens
881 1007 1094 1071 dicitur,
1111 1001 1436 1058 illuminatur
1456 1001 1574 1054 luce
1595 996 1896 1067 superiore.

307 1109 422 1166 iam
451 1107 696 1176 superior
720 1099 807 1158 illa
833 1102 943 1170 lux,
970 1111 1074 1169 qua
1116 1110 1267 1150 mens
1293 1091 1520 1148 humana
1553 1089 1898 1151 illuminatur,

311 1200 452 1254 Deus
501 1205 612 1261 est;
644 1192 772 1249 Erat
813 1192 956 1248 enim
1004 1201 1175 1242 verum
1218 1187 1420 1250 tamen,
1475 1181 1609 1253 quod
1650 1180 1906 1234 illuminat

309 1303 510 1344 onmem
545 1285 795 1340 hominem
819 1283 1097 1336 venientem
1123 1280 1181 1332 in’
1215 1279 1346 1330 hunc
1378 1275 1624 1329 mundum
1653 1270 1829 1342 (Joan.
1861 1285 1899 1335 ι,

309 1377 388 1451 9).
429 1377 578 1434 Talis
609 1377 696 1432 lux
720 1373 968 1451 Christus
996 1375 1129 1435 erat,
1164 1367 1283 1422 talis
1309 1365 1397 1420 lux
1428 1378 1550 1419 cum
1573 1363 1798 1417 muliere
1827 1362 1906 1414 lo-

309 1447 604 1540 quebatur:
632 1474 685 1522 et
713 1447 800 1520 illa
845 1461 1117 1518 intellectu
1158 1473 1262 1514 non
1302 1457 1514 1522 aderat,
1547 1456 1634 1526 qui
1673 1455 1760 1510 illa
1788 1453 1906 1508 luce

310 1561 720 1625 illuminaretur,
740 1571 840 1611 nec
865 1565 1066 1610 tantum
1089 1551 1518 1624 perfunderetur,
1542 1561 1725 1604 verum
1747 1547 1906 1604 etiam

309 1653 602 1710 frueretur.
637 1650 778 1720 Ergo
807 1647 1060 1703 Dominus
1092 1655 1340 1714 tanquam
1379 1643 1609 1706 diceret,
1639 1639 1909 1694 lllustrare

312 1748 458 1811 volo,
489 1755 544 1801 et
572 1755 677 1799 nan
705 1741 854 1797 adest
881 1753 1078 1810 quem;
1121 1735 1277 1803 Voca,
1310 1733 1506 1804 inquit,
1534 1735 1696 1786 virum
1729 1740 1866 1784 tuum
1891 1743 1908 1782 :

313 1839 513 1895 adhibe
542 1835 868 1891 intellectum
912 1845 1006 1901 per
1041 1843 1199 1899 quem
1239 1825 1509 1889 docearis,
1537 1837 1642 1893 quo
1686 1820 1904 1890 regaris.

314 1931 462 2001 Ergo
507 1927 773 1984 constitue
813 1924 1045 1978 animam
1091 1929 1311 1989 excepto
1351 1919 1621 1972 intellectu
1662 1925 1908 1984 tanquam

314 2025 572 2082 feminam
599 2039 611 2074 :
638 2018 968 2074 intellectum
993 2021 1169 2069 autem
1190 2012 1407 2076 habere,
1437 2019 1683 2079 tanquam
1715 2007 1907 2060 virum.

315 2114 426 2171 Sed
458 2115 558 2167 istc
586 2111 668 2166 vir
692 2123 799 2164 non
823 2107 961 2162 bene
997 2105 1132 2174 regit
1155 2099 1404 2157 feminam
1443 2113 1592 2154 suam
1612 2139 1626 2162 ,
1661 2096 1760 2151 nisi
1790 2108 1912 2150 cum

315 2223 348 2261 a
377 2203 657 2274 superiore
697 2200 915 2270 regitur.
961 2191 1130 2266 Caput
1173 2193 1312 2248 enim
1352 2189 1587 2246 mulieris
1615 2189 1728 2254 vir,
1755 2196 1915 2257 caput

316 2305 504 2354 aute.
532 2293 628 2350 viri
657 2291 898 2348 Christus
935 2287 977 2361 (Ι
1004 2287 1119 2342 Cor.
1153 2303 1204 2341 χι
1222 2326 1237 2350 ,
1257 2285 1351 2357 3).
1392 2283 1731 2354 Loqucbatur
1759 2287 1916 2350 caput

319 2390 422 2444 viri
450 2401 573 2443 cum
604 2385 818 2451 femina,
844 2389 899 2439 et
924 2396 1028 2435 non
1049 2379 1235 2434 aderat
1263 2373 1361 2431 vir.
1405 2376 1472 2430 Et
1497 2383 1742 2445 tanquam
1772 2373 1915 2427 dice-

321 2493 406 2538 ret
434 2478 711 2544 Dominus,
742 2475 950 2532 Adhibe
975 2482 1131 2543 caput
1156 2477 1303 2527 tuum
1336 2478 1392 2524 ut
1426 2469 1513 2524 ille
1551 2469 1802 2539 suscipiat
1829 2483 1917 2523 ea-

321 2585 422 2648 put
445 2589 602 2629 suum
628 2589 643 2626 :
672 2585 798 2642 ergo
823 2584 946 2624 uoca
973 2568 1135 2621 virum
1161 2574 1320 2629 tuum,
1345 2567 1389 2617 et
1416 2556 1525 2617 vim?
1561 2562 1693 2626 huc;
1733 2561 1784 2616 id
1813 2570 1914 2625 est,
1941 2570 1946 2572 '

324 2668 539 2735 adesto,
563 2677 798 2736 praesens
819 2669 934 2716 esto
962 2677 976 2712 :
999 2656 1145 2714 velut
1171 2654 1313 2711 enim
1345 2654 1536 2708 absens
1556 2669 1634 2718 es,
1659 2652 1783 2706 dum
1813 2666 1918 2704 non

326 2757 584 2829 intelligis
622 2751 902 2827 praesentis
946 2764 1132 2803 vocem
1183 2745 1460 2809 veritatis;
1499 2758 1734 2816 praesens
1778 2752 1915 2812 esto,

1952 2839 1980 2894 ,2,
2025 2831 2374 2877 successerat.
2418 2820 2518 2878 Ubi
2568 2823 2707 2877 enim
2756 2837 2861 2877 non
2901 2825 3134 2901 succedit
3182 2825 3302 2894 ille,
3332 2842 3482 2882 error
3510 2827 3603 2882 do-

399 2940 494 2996 20.
539 2939 607 2994 Et
633 2907 806 2990 adhuc
843 2933 933 2988 illa
955 2929 1195 2986 nondum
1225 2927 1479 2985 advocato
1517 2924 1606 2980 illo
1637 2924 1748 2978 viro
1769 2964 1783 2990 ,
1815 2937 1920 2978 non

330 3028 602 3100 intelligit,
633 3025 808 3085 adhuc
849 3037 1065 3079 carnem
1096 3021 1270 3090 sapit;
1301 3017 1490 3074 absens
1519 3022 1600 3070 est
1627 3011 1769 3068 enim
1800 3012 1879 3067 vir
1905 3031 1919 3067 :
1954 3007 1982 3087 ’ξ

327 2849 424 2907 sed
450 2849 562 2903 noli
591 2845 740 2910 sola;
771 2857 892 2900 cum
923 2839 1038 2897 viro
1070 2847 1158 2895 tuo
1183 2835 1388 2892 adesto.

333 3123 461 3180 Non
496 3123 654 3176 habeo
675 3163 689 3184 ,
722 3119 926 3188 inquit,
955 3117 1136 3171 virum.
1184 3113 1252 3168 Et
1293 3110 1544 3165 Dominus
1570 3107 1806 3178 sequitur
1829 3149 1843 3171 ,
1870 3115 1926 3162 et

331 3216 591 3290 mysteria
632 3214 880 3286 loquitur.
922 3207 1192 3281 intelligas
1235 3219 1419 3261 revera
1458 3204 1612 3257 istam
1646 3201 1922 3255 mulierem

335 3323 444 3363 non
479 3304 727 3360 habuisse
751 3311 875 3357 tunc
901 3302 1110 3362 virum;
1140 3297 1234 3354 sed
1261 3295 1572 3351 coutebatur
1608 3291 1788 3348 nescio
1813 3307 1918 3361 quo
1984 3342 1986 3344 ,

1983 3387 1985 3389 ί
2031 3367 2124 3422 sed
2171 3363 2378 3422 adulter
2415 3386 2428 3422 :
2471 3368 2591 3423 ideo
2642 3370 2690 3423 ei
2740 3367 3025 3436 Dominus,
3072 3369 3182 3439 ait,
3235 3370 3370 3425 Bene
3414 3373 3606 3438 dixisti,

335 3414 445 3454 non
475 3396 714 3468 legitimo
744 3395 878 3454 viro,
909 3389 1152 3446 adultero
1180 3387 1346 3458 magis
1371 3401 1529 3455 quam
1563 3383 1697 3438 viro.
1731 3379 1798 3434 Et
1824 3381 1926 3434 Do-

337 3489 508 3542 minus
528 3487 573 3540 ei
601 3483 772 3540 :Bene
791 3481 982 3545 dixisti,
1010 3479 1142 3546 Quia
1162 3495 1260 3532 non
1282 3475 1438 3532 habeo
1463 3475 1640 3529 virum.
1671 3474 1821 3528 Unde
1842 3487 1928 3525 er—
1977 3524 1980 3528 .

341 3597 408 3653 go
424 3591 482 3635 tu
498 3577 704 3642 dixisti,
725 3575 862 3630 Voca
883 3577 1046 3629 uirum
1067 3571 1241 3626 tuum?
1269 3571 1332 3624 Et
1347 3567 1466 3622 audi
1489 3568 1609 3638 quia
1629 3565 1761 3619 bene
1787 3563 1931 3617 novit

343 3671 603 3729 Dominus
624 3684 743 3725 eam
765 3683 869 3721 non
891 3665 1088 3718 habere
1108 3663 1303 3726 virum,
1328 3657 1463 3712 Dicit
1481 3658 1547 3723 ei,
1571 3665 1672 3710 etc.
1702 3653 1774 3707 Nc
1798 3653 1931 3707 forte

343 3771 560 3834 putaret
577 3757 768 3814 mulier
783 3756 902 3812 ideo
913 3755 1110 3810 dixisse
1124 3751 1424 3813 Dominum,
1443 3747 1577 3801 liene
1592 3745 1782 3806 dixisti,
1802 3743 1934 3808 Quia
1963 3810 1977 3826 δ

346 3833 449 3910 non
481 3851 639 3907 habeo
665 3845 857 3914 virum,
887 3845 1024 3917 quod
1057 3845 1157 3899 hoc
1199 3859 1229 3897 a
1268 3841 1488 3895 muliere
1525 3833 1796 3900 didicerit,
1826 3849 1932 3887 non

348 3945 491 4016 quod
507 3945 623 4014 ipse
644 3939 783 3996 istud
803 3937 1072 3994 divinitate
1093 3930 1417 4004 cognoverit,
1437 3927 1558 3982 audi
1579 3924 1773 3995 aliquid
1794 3923 1934 3993 quod

350 4052 457 4092 non
481 4034 664 4090 dixisti
690 4051 704 4087 :
731 4031 958 4101 Quinque
985 4029 1116 4083 enim
1151 4026 1282 4078 viros
1312 4021 1544 4086 habuisti,
1575 4029 1620 4073 et
1660 4019 1752 4072 iste
1791 4032 1936 4089 quem

353 4125 524 4189 habes,
560 4139 660 4177 non
683 4127 754 4174 est
773 4119 846 4174 vir
871 4128 1006 4182 tuus,
1033 4116 1124 4169 hoc
1150 4129 1261 4168 vere
1286 4111 1478 4164 dixisti.

422 4215 513 4270 21.
554 4212 752 4267 Iterum
789 4209 930 4279 cogit
974 4207 1041 4261 de
1087 4205 1203 4260 istis
1248 4203 1480 4272 quinque
1522 4200 1648 4253 viris
1694 4195 1938 4252 subtilius

353 4301 554 4374 aliquid
585 4299 926 4374 perscrutari.
977 4296 1125 4351 Multi
1159 4295 1352 4364 quippe
1389 4289 1792 4352 intellexerunt,
1833 4301 1936 4340 non

356 4395 572 4467 quidem
620 4391 880 4454 absurde,
921 4401 1021 4442 nec
1072 4395 1446 4454 usquequaque
1503 4377 1937 4448 improbabilitcr,

357 4465 591 4558 quinque
611 4485 752 4538 viros
769 4479 1005 4536 mulieris
1021 4477 1198 4545 hujus,
1219 4476 1452 4545 quinque
1471 4472 1633 4527 libros
1655 4470 1819 4541 Moysi
1842 4465 1938 4540 (a).
1981 4540 1985 4543 _

359 4577 658 4633 Utebantur
695 4574 838 4629 enim
882 4572 960 4625 eis
987 4566 1336 4632 Samaritani,
1369 4573 1422 4620 et
1459 4563 1557 4618 sub
1592 4562 1777 4617 eadem
1803 4560 1946 4631 Lege

360 4672 514 4727 erant
543 4687 557 4721 :
585 4683 706 4724 nam
743 4665 863 4726 inde
891 4663 993 4719 illis
1021 4667 1075 4720 et
1102 4656 1434 4714 circumcisio
1462 4656 1652 4709 inerat.
1682 4649 1786 4709 Sed
1812 4666 1945 4723 quo-
2013 4680 2016 4683 λ

362 4762 506 4816 niam
536 4763 784 4830 angustat
805 4768 903 4808 nos
922 4750 1061 4821 quod
1085 4749 1338 4818 sequitur,
1367 4743 1433 4799 Et
1455 4761 1586 4798 nunc
1609 4759 1755 4814 quem
1775 4742 1943 4804 habes.

363 4867 468 4905 non
483 4857 556 4904 est
574 4849 649 4902 vir
665 4855 808 4908 tuus;
829 4843 1040 4898 videtur
1061 4837 1189 4894 mihi
1208 4837 1414 4892 facilius
1430 4851 1524 4890 nos
1542 4849 1695 4903 posse
1709 4833 1950 4903 accipere

366 4942 603 5013 quinque
624 4938 766 4993 viros
792 4937 997 5006 priores
1021 4932 1231 4997 animae,
1254 4929 1484 4998 quinque
1509 4938 1696 4982 sensus
1714 4923 1951 4995 corporis

367 5049 510 5090 esse.
553 5031 775 5100 Quando
811 5031 951 5084 enim
993 5027 1217 5102 quisque
1257 5023 1523 5086 nascitur,
1554 5029 1832 5089 antequam
1879 5017 1949 5072 uti

369 5126 544 5198 possit
579 5132 758 5180 mente
782 5134 942 5192 atque
980 5119 1205 5184 ratione,
1239 5132 1345 5172 non
1369 5116 1567 5186 regitur
1587 5115 1688 5168 nisi
1711 5112 1954 5168 sensibus

371 5216 572 5274 carnis.
615 5215 804 5269 Anima
833 5214 884 5269 in
912 5227 1076 5286 puero
1105 5205 1516 5280 parvulo,_quod
1541 5203 1748 5259 auditur
1771 5247 1785 5272 ,
1816 5202 1956 5273 quod

372 5307 607 5370 videtur,
640 5303 780 5374 quod
821 5303 968 5369 olet,
995 5298 1136 5371 quod
1172 5297 1344 5368 sapit,
1375 5296 1517 5367 quod
1548 5305 1687 5350 tactu
1713 5297 1955 5361 sentitur,

377 5399 484 5454 hoc
514 5396 713 5466 appetit
741 5403 833 5447 aut
859 5392 1008 5463 fugit.
1050 5389 1265 5459 Appetit
1294 5388 1545 5460 quidquid
1574 5387 1805 5451 mulcet,
1831 5383 1962 5455 fugit

379 5483 876 5561 quidquid'offendit
899 5483 998 5536 hos
1020 5481 1250 5550 quinque
1271 5492 1477 5533 sensus.
1521 5475 1627 5531 llos
1649 5477 1788 5531 enim
1810 5478 1961 5546 quin-
2007 5532 2011 5538 ,

381 5596 487 5652 que
527 5591 718 5634 sensus
754 5574 952 5630 mulcet
983 5573 1258 5641 voluptas,
1289 5569 1507 5625 offendit
1545 5568 1714 5621 dolor.
1757 5567 1961 5623 Secun-

390 5687 511 5730 Ium
556 5670 657 5727 hos
699 5670 930 5740 quinque
973 5679 1160 5722 sensus
1185 5705 1199 5734 ,
1247 5669 1492 5731 tanquam
1530 5660 1759 5730 quinque
1798 5662 1962 5727 viros,

450 5807 526 5868 (α)
549 5807 623 5866 sic
643 5802 889 5855 intellexit
911 5801 1199 5868 _Ambrosius
1219 5801 1270 5847 in
1301 5805 1432 5868 tate-.3
1455 5810 1590 5866 capp.
1633 5795 1690 5843 li
1715 5803 1765 5845 et
1797 5796 1871 5848 20.
1913 5805 1970 5868 tu,

387 5861 586 5930 (uigent
603 5863 712 5916 eum
730 5863 990 5928 Augustino
1008 5866 1162 5914 vismn
1179 5868 1254 5912 est
1279 5861 1531 5923 significari
1549 5870 1724 5909 sensus
1739 5863 1967 5916 corporis,
2015 5896 2041 5902 -.

2003 624 2126 681 dicti
2173 627 2338 682 sunt?
2372 625 2502 696 Quia
2544 628 2782 700 legitimi.
2824 629 2868 684 Α
2897 630 3004 684 Deo
3041 629 3234 700 quippe
3272 631 3426 699 facti,
3455 641 3510 689 et
3547 649 3578 690 a

2004 717 2115 774 Deo
2144 719 2324 773 donati
2351 719 2563 774 animat.
2603 719 2811 774 infirma
2841 727 2923 775 est
2946 718 3116 775 adhuc
3141 737 3259 792 qua:
3285 722 3398 778 istis
3423 721 3576 793 quin-

2004 822 2108 880 que
2132 807 2372 864 sensibus
2400 809 2620 881 regitur,
2649 817 2698 868 et
2729 811 2827 866 sub
2865 808 2980 866 istis
3008 812 3239 882 quinque
3279 813 3406 868 viris
3431 813 3538 884 agit
3562 832 3576 869 :

2005 910 2061 958 at
2090 901 2177 958 ubi
2213 904 2417 959 venerit
2463 904 2528 958 ad
2561 915 2728 959 annos
2762 905 3067 960 exserenda:
3111 905 3362 971 rationis,
3391 908 3439 961 si
3463 920 3588 962 eam

2005 991 2298 1064 susceperit
2334 994 2530 1064 optima
2577 993 2850 1064 disciplina
2893 1003 2947 1050 et
2990 989 3226 1050 doctrina
3273 997 3579 1066 sapientiae;

2007 1085 2238 1155 quinque
2259 1083 2362 1139 illis
2389 1083 2519 1140 viris
2540 1084 2606 1140 ad
2632 1081 2919 1155 regendum
2948 1099 3054 1141 non
3086 1085 3342 1156 succedit,
3376 1089 3475 1143 nisi
3501 1087 3583 1143 vir

2007 1189 2164 1230 verus
2194 1170 2456 1245 legitimus
2485 1183 2538 1230 et
2563 1173 2668 1230 illis
2697 1175 2904 1244 melior,
2927 1185 2979 1233 et
3009 1177 3095 1246 qui
3124 1177 3312 1232 melius
3334 1186 3500 1248 rogat,
3530 1188 3586 1233 et

2009 1271 2096 1340 qui
2123 1267 2187 1324 ad
2217 1270 2566 1326 mternitatem
2591 1279 2736 1342 regat
2757 1313 2770 1336 ,
2794 1270 2860 1325 ad
2889 1271 3232 1326 aeternitatem
3260 1268 3485 1340 excolat,
3517 1271 3594 1327 ad‘

2010 1363 2359 1417 aeternitatem
2406 1363 2647 1417 instruat.
2687 1362 2817 1417 Nam
2860 1361 2961 1417 nisi
2995 1361 3225 1433 quinque
3260 1377 3448 1419 sensus
3477 1377 3584 1418 non

2011 1451 2076 1505 ad
2101 1452 2449 1506 aeternitatem
2475 1467 2573 1508 nos
2603 1462 2812 1523 regunt,
2841 1453 2934 1508 sed
2956 1451 3020 1508 ad
3046 1453 3143 1508 ista
3175 1453 3482 1524 temporalia
3501 1455 3590 1510 vel

2011 1544 2305 1615 appetenda
2332 1543 2414 1599 vel
2436 1542 2701 1615 fugienda.
2735 1541 2834 1601 Ubi
2854 1557 2979 1601 vero
3006 1543 3300 1602 intellectus
3328 1543 3586 1617 sapientia

2012 1635 2244 1690 imbutus
2263 1650 2448 1705 regere
2473 1637 2695 1707 coeperit
2721 1637 2980 1702 animam,
3005 1637 3102 1690 scit
3136 1636 3260 1706 jam.
3278 1653 3380 1691 non
3415 1635 3594 1692 solum

2013 1726 2197 1798 fugere
2218 1728 2444 1796 foveam,
2463 1736 2516 1784 et
2536 1730 2805 1784 ambulare
2821 1729 2874 1784 in
2895 1729 3080 1799 aequali
3098 1729 3237 1798 quod
3259 1729 3392 1784 oculi
3413 1738 3590 1785 osteni
3610 1786 3614 1789 .

2013 1817 2144 1872 dunt
2169 1819 2357 1874 animae
2387 1817 2607 1874 inﬂrmre
2633 1837 2646 1874 :
2681 1835 2778 1874 nec
2809 1828 3013 1873 tantum
3039 1833 3261 1873 canoras
3281 1833 3438 1875 voces
3465 1807 3597 1875 sua?

2016 1910 2148 1965 viter
2177 1911 2378 1976 audire,
2411 1912 2755 1981 dissonasque
2782 1913 3040 1980 repellere
3065 1925 3078 1975 ;
3120 1913 3200 1966 vel
3230 1911 3434 1966 blandis
3457 1907 3590 1966 odo-

1975 2079 1977 2081 ι
2017 1998 2163 2054 ribus
2198 2001 2447 2056 delectari
2473 2043 2486 2065 ,
2515 2011 2830 2071 putoresque
2874 2011 3156 2071 respuere;
3181 2011 3270 2056 aut
3313 1999 3596 2057 dulcedine

2016 2091 2162 2163 capi,
2190 2101 2245 2147 et
2272 2093 2620 2149 amaritudine
2649 2093 2873 2158 oll’eudi;
2904 2101 2994 2147 aut
3023 2078 3227 2147 lenibus
3257 2091 3475 2149 mulceri
3496 2137 3510 2161 ,
3541 2102 3604 2151 ει·

2017 2183 2218 2252 asperis
2245 2182 2385 2238 lardi.
2420 2183 2518 2238 Ista
2539 2185 2678 2238 enim
2701 2184 2875 2237 omnia
2899 2180 3118 2238 intimus:
3145 2183 3333 2240 animae
3360 2193 3482 2239 sunt
3503 2201 3597 2241 ne-

2019 2274 2267 2329 cessaria.
2298 2275 2434 2343 Quid
2461 2287 2586 2345 ergo
2615 2275 2884 2344 regiminis
2913 2273 3192 2331 adhibetur
3217 2291 3315 2348 per
3340 2278 3486 2333 illum
3515 2277 3595 2334 in-

1978 2357 1983 2368 ³
2020 2364 2331 2420 tellectum?
2370 2365 2486 2420 Non
2526 2362 2644 2421 alba
2701 2376 2753 2421 et
2808 2367 2953 2438 nigra
2992 2367 3315 2424 disereturus
3351 2379 3464 2439 est,
3503 2371 3599 2426 sed

2016 2453 2156 2526 justa
2187 2465 2240 2510 et
2270 2454 2481 2526 injusta,
2515 2457 2649 2512 bona
2675 2465 2726 2512 et
2753 2460 2908 2524 mala,
2932 2459 3078 2513 utilia
3107 2469 3159 2515 et
3185 2463 3406 2530 inutilia,
3437 2464 3600 2518 casti-

2021 2557 2184 2604 tatem
2215 2557 2266 2604 ct
2297 2549 2692 2618 impudicitiam,
2726 2549 2862 2617 hanc
2889 2561 2943 2606 ut
2970 2561 3146 2619 amet,
3172 2555 3324 2609 istam
3360 2562 3417 2609 ut
3442 2556 3599 2623 vitet;

2023 2637 2336 2695 charitatcm
2364 2652 2418 2696 et
2443 2641 2642 2707 odium,
2672 2643 2722 2696 in
2752 2641 2851 2698 hac
2881 2654 2936 2698 ut
2961 2645 3048 2709 sit,
3082 2645 3134 2700 in
3167 2647 3255 2702 illo
3284 2655 3340 2700 ut
3367 2662 3470 2702 non
3509 2648 3598 2704 sit.

2092 2733 2182 2786 2‘2.
2226 2731 2321 2787 llic
2350 2734 2428 2787 vir
2455 2734 2684 2805 quinque
2715 2735 2819 2789 illis
2850 2735 2977 2791 viris
3021 2737 3072 2790 in
3107 2738 3204 2791 ista
3241 2739 3462 2794 muliere
3496 2755 3601 2795 non

2025 2916 2276 2970 minatur.
2319 2915 2450 2970 Nam
2478 2929 2598 2971 cum
2626 2917 2848 2986 ccepcrit
2888 2920 3060 2973 anima
3090 2933 3252 2988 capax
3287 2932 3406 2976 esse
3442 2921 3605 2976 ratio-

2025 3007 2144 3072 nis,
2174 3015 2266 3061 aut
2301 3022 2330 3060 a
2369 3008 2603 3077 sapiente
2643 3017 2820 3063 mente
2861 3011 3090 3080 regitur,
3140 3021 3230 3065 aut
3273 3013 3340 3068 ab
3381 3028 3602 3070 errore:

2029 3096 2120 3150 sed
2151 3110 2301 3151 error
2326 3111 2430 3150 non
2458 3097 2620 3166 regit,
2649 3097 2742 3152 sed
2770 3099 2959 3166 perdit.
2990 3099 3117 3154 Post
3147 3100 3276 3155 istos
3304 3117 3431 3172 ergo
3454 3103 3606 3172 quin-

1975 3183 1985 3201 ’·
2029 3199 2132 3254 que
2161 3199 2348 3240 sensus
2378 3187 2568 3240 mulier
2605 3183 2692 3240 illa
2733 3187 2903 3242 adhuc
2938 3187 3179 3254 errabat,
3207 3197 3260 3244 et
3298 3204 3447 3246 error
3487 3206 3606 3248 eam

2031 3277 2336 3330 ventitabat.
2385 3276 2547 3331 Error
2584 3286 2760 3332 autem
2797 3279 2896 3333 iste
2933 3293 3036 3333 non
3077 3290 3191 3335 erat
3217 3281 3480 3351 legitimus
3506 3283 3606 3351 vir,

2036 3458 2166 3524 Quia
2208 3476 2307 3513 non
2355 3461 2510 3514 habeo
2539 3462 2715 3514 virum.
2771 3460 3001 3532 Quinque
3029 3465 3158 3518 enim
3186 3465 3316 3519 viros
3358 3467 3612 3522 habuisti:

2034 3550 2266 3619 quinque
2311 3557 2362 3603 te
2416 3565 2601 3604 sensus
2649 3552 2823 3605 carnis
2870 3553 3040 3620 primo
3089 3565 3375 3620 rexerant;
3424 3557 3612 3612 venisti

2035 3640 2104 3693 ad
2139 3650 2346 3694 mta‘tem
2379 3639 2584 3695 utendtc
2625 3642 2872 3709 rationis,
2905 3657 3004 3698 nec
3043 3643 3107 3698 ad
3139 3647 3447 3713 sapientiam
3487 3662 3612 3717 per-

2036 3733 2254 3796 venisti,
2308 3733 2399 3786 scd
2443 3733 2494 3786 in
2544 3745 2777 3788 errorem
2829 3733 3075 3788 incidisti.
3131 3731 3270 3805 Ergo
3321 3745 3440 3804 post
3495 3737 3613 3792 illos

2038 3823 2269 3890 quinque
2294 3824 2432 3876 viros
2453 3866 2465 3888 ,
2508 3825 2600 3875 iste
2625 3839 2771 3892 quem
2810 3823 2957 3878 habes
2976 3865 2990 3890 ,
3021 3840 3121 3878 non
3149 3834 3221 3879 est
3257 3834 3370 3880 tuus
3410 3828 3502 3881 vir.
3549 3828 3616 3883 Et

2039 3912 2162 3980 quid
2193 3921 2323 3978 erat,
2351 3913 2394 3966 si
2428 3913 2509 3966 vir
2537 3927 2639 3966 non
2667 3923 2811 3980 erat,
2849 3914 2948 3967 nisi
2975 3913 3226 3970 adulter?
3263 3913 3398 3970 Voca
3440 3917 3616 3986 itaque

2041 4015 2149 4055 non
2174 4001 2492 4065 adulterum,
2525 4002 2617 4056 sed
2643 4005 2800 4056 vitum
2838 4012 2977 4056 tuum
2999 4018 3020 4068 ;
3045 4009 3102 4057 ut
3129 4003 3394 4059 intellectu
3420 4020 3506 4060 me
3529 4020 3616 4060 ca-

2039 4091 2174 4161 pias,
2203 4103 2308 4144 non
2337 4105 2518 4146 errore
2536 4090 2603 4146 de
2630 4107 2716 4146 me
2740 4092 2934 4161 aliquid
2960 4093 3148 4148 falsum
3173 4095 3392 4150 sentias.
3431 4095 3618 4152 Adhuc

2042 4183 2182 4235 enim
2203 4183 2413 4237 errabat
2431 4183 2640 4252 mulier,
2664 4196 2780 4254 quze
2802 4197 2993 4253 aquam
3019 4183 3160 4239 illam
3183 4185 3474 4256 cogitabat;
3497 4203 3618 4243 cum

2039 4272 2148 4341 jam
2177 4273 2431 4327 Dominus
2461 4273 2526 4326 de
2546 4272 2746 4343 Spiritu
2774 4282 2957 4330 sancto
2982 4273 3303 4346 loqueretur.
3332 4277 3512 4344 Quare
3528 4294 3618 4334 er-

2046 4366 2214 4430 rabat,
2243 4367 2341 4419 nisi
2367 4367 2487 4435 quia
2519 4367 2834 4433 adulterum,
2858 4379 2964 4422 non
2987 4369 3160 4423 virum
3181 4368 3445 4426 habebat?
3469 4366 3623 4428 Tolle

1996 4532 1999 4544 Ι
2046 4469 2172 4526 ergo
2199 4456 2320 4510 hinc
2345 4459 2503 4510 istum
2530 4457 2829 4513 adulterum
2857 4459 2947 4528 qui
2973 4468 3024 4515 te
3051 4462 3370 4531 corrumpit,
3395 4469 3450 4518 et
3475 4463 3623 4530 uade,

2000 4622 2008 4629 ι
2046 4563 2167 4601 voca
2189 4548 2351 4602 virum
2371 4558 2528 4602 tuum.
2565 4548 2722 4615 Voca,
2754 4556 2810 4604 et
2830 4551 2972 4616 veni,
3005 4559 3060 4605 ut
3086 4551 3346 4623 intelligas
3373 4567 3479 4608 me.

2119 4637 2210 4691 25.
2250 4635 2384 4690 Dicit
2407 4638 2453 4690 ei
2478 4637 2658 4691 mulier
2685 4655 2703 4691 :
2727 4637 2959 4707 Domine,
2990 4641 3130 4695 video
3158 4642 3276 4711 quia
3304 4643 3550 4714 propheta
3574 4655 3626 4697 es

2051 4737 2124 4783 tu.
2164 4729 2338 4799 Coepit
2364 4729 2543 4784 venire
2581 4731 2693 4796 vir,
2723 4729 2956 4786 nondum
2995 4733 3150 4801 plene
3176 4733 3339 4790 venit.
3383 4734 3626 4804 Prophe-

2055 4829 2159 4876 tam
2182 4821 2462 4876 Dominum
2489 4822 2721 4890 putabat.
2750 4823 2875 4877 Erat
2891 4823 3101 4892 quidem
3123 4833 3173 4878 et
3196 4825 3447 4895 pr0pbeta
3468 4840 3626 4880 :nam

2054 4912 2122 4968 de
2147 4914 2326 4982 seipse
2345 4913 2440 4976 ait,
2466 4912 2584 4965 Non
2608 4921 2680 4967 est
2705 4914 2950 4983 propheta
2973 4916 3079 4969 sine
3103 4918 3307 4982 honore,
3336 4917 3436 4970 nisi
3459 4917 3510 4970 in
3537 4931 3630 4986 pa-

2057 5008 2154 5059 tria
2178 5013 2271 5060 sua
2290 5004 2433 5076 (Luc.
2461 5005 2654 5076 rv,24).
2690 5006 2818 5061 Item
2849 5007 2916 5062 de
2945 5007 3035 5062 illo
3061 5008 3257 5063 dictum
3279 5008 3446 5063 estad
3477 5008 3629 5079 Moy-

2059 5109 2152 5150 sea
2173 5138 2186 5163 ,
2217 5091 2528 5165 Prop/totam
2555 5099 2622 5150 eis
2648 5097 2896 5152 suscitabo
2924 5099 2986 5152 de
3013 5099 3252 5168 [ian-ibus
3276 5115 3465 5164 eorum,
3492 5099 3632 5154 simi-

2061 5186 2159 5241 lem
2185 5187 2259 5240 tui
2284 5185 2752 5258 (Deut.xvm,18).
2794 5186 3033 5243 Similem
3063 5188 3260 5243 scilicet
3298 5187 3371 5242 ad
3409 5187 3632 5246 formam

2063 5277 2273 5341 carnis,
2305 5291 2410 5332 non
2446 5275 2511 5330 ad
2538 5277 2878 5331 eminentiam
2909 5276 3215 5348 majestatis.
3256 5276 3396 5348 Ergo
3427 5278 3635 5335 inveni-

2065 5381 2184 5424 mns
2205 5367 2484 5423 Dominum
2504 5367 2686 5423 Jesum
2706 5368 2906 5424 dictum
2925 5367 3253 5437 prophetam.
3284 5369 3634 5441 Proindejam

2068 5474 2171 5515 non
2213 5459 2434 5513 multum
2473 5467 2616 5514 errat
2650 5459 2856 5514 mulier
2885 5459 3003 5512 ista.
3053 5457 3244 5520 Video,
3290 5462 3494 5530 inquit,
3520 5463 3640 5530 quia

2070 5553 2314 5621 propheta
2342 5567 2391 5604 ee
2433 5561 2503 5605 tu.
2544 5551 2730 5621 Incipit
2762 5563 2951 5603 vocare
2990 5550 3182 5615 virum,
3217 5551 3509 5608 adulterum
3543 5536 3647 5608 ex:

2072 5645 2287 5701 cludere
2313 5664 2324 5699 :
2357 5643 2511 5698 Video
2533 5644 2648 5712 quia
2675 5643 2920 5712 propheta
2936 5658 2988 5695 ea
3011 5652 3082 5695 tu.
3112 5644 3174 5697 Et
3199 5644 3380 5714 incipit
3404 5657 3643 5714 quaerere

1995 5758 2012 5766 ··
2074 5737 2210 5806 quod
2236 5737 2377 5790 illam
2403 5736 2537 5789 solet
2553 5745 2782 5792 monere.
2808 5732 3085 5788 Contentio
3103 5736 3294 5805 quippe
3311 5736 3478 5789 fuerat
3507 5735 3644 5790 inter

2079 5830 2439 5887 Samaritanos
2466 5838 2517 5885 et
2545 5826 2773 5891 Judzcos,
2804 5826 2924 5897 quia
2951 5827 3120 5884 Judaei
3147 5830 3195 5883 in
3221 5828 3416 5896 temle
3434 5841 3470 5884 δ
3488 5824 3644 5883 Salo-
