4118 6488
499 385 642 484 ιω

503 513 662 558 mone
691 497 946 554 fabricato
987 495 1277 550 adorabaut
1317 491 1518 556 Deum;
1564 486 1882 544 Samaritani
1925 486 2084 556 longe

503 593 628 650 inde
653 589 830 660 positi,
857 605 960 642 non
991 587 1042 640 iu
1073 603 1136 642 eo
1156 584 1464 639 adorabant.
1493 581 1618 635 ldco
1640 579 1808 634 Judzei
1837 579 2088 632 meliores

501 703 564 744 se
585 701 704 742 esse
719 683 1010 754 jactabam,
1033 681 1153 749 quia
1183 680 1232 732 in
1258 677 1454 745 templo
1471 674 1724 728 adorabat
1751 674 1936 728 Deum.
1964 669 2088 724 Non

501 781 636 835 enim
665 785 934 832 coutuntur
955 771 1126 826 Judwi
1149 768 1486 824 Samaritanis
1517 781 1534 821 :
1561 766 1682 837 quia
1710 765 1956 820 dicebam
1984 763 2084 825 eis,

499 867 781 940 Quomodo
803 880 894 920 vos
917 863 1146 933 iactatis,
1170 869 1224 916 et
1248 859 1367 914 ideo
1395 875 1490 914 vos
1519 859 1766 913 meliores
1789 856 1940 910 nobis
1966 869 2087 910 esse

499 958 812 1033 perhibetis.
845 957 963 1026 quia
994 953 1244 1022 templum
1275 952 1480 1005 habetis
1503 951 1642 1021 quod
1671 965 1767 1008 nos
1793 964 1898 1002 non
1926 945 2088 1002 habe-

499 1049 666 1106 mus?
703 1046 966 1116 Numquid
999 1055 1176 1114 patres
1203 1043 1370 1098 nostri
1407 1042 1498 1112 qui
1537 1043 1643 1096 Deo
1678 1041 1990 1111 placuerunt
2029 1038 2084 1092 in

503 1140 598 1196 illo
627 1139 827 1209 templo
865 1134 1266 1191 adoraveruut?
1301 1149 1476 1187 nonne
1515 1133 1566 1186 in
1591 1141 1784 1190 .monte
1824 1131 1925 1184 isto
1954 1128 2086 1182 ado—

501 1239 776 1294 raverunt,
827 1228 916 1282 ubi
957 1243 1054 1282 nos
1078 1227 1299 1282 smnus?
1325 1225 1511 1278 Melius
1531 1239 1658 1294 ergo
1679 1237 1797 1288 nos,
1821 1221 2086 1290 inquiunt,

485 1321 556 1390 iin
594 1321 694 1376 hoc
723 1330 904 1374 monte
929 1319 1092 1372 Deum
1118 1331 1383 1386 rogamus,
1416 1315 1503 1368 ubi
1535 1323 1713 1384 patres
1744 1313 1908 1366 nostri
1936 1326 2089 1382 roga-

500 1421 712 1467 verunt.
735 1409 1140 1466 Contcndebant
1165 1409 1374 1477 utrique
1405 1407 1592 1476 ignari,
1630 1405 1750 1474 quia
1783 1406 1952 1458 virum
1979 1419 2088 1458 non

498 1503 757 1558 habentes
787 1522 800 1555 :
829 1503 901 1556 illi
937 1517 1029 1572 pro
1068 1501 1294 1570 templo,
1329 1500 1402 1554 illi
1433 1513 1529 1568 pro
1557 1506 1740 1552 monte
1769 1497 2089 1552 iutlabantur

504 1593 763 1650 adversus
793 1595 1040 1648 invicem.

570 1685 660 1740 24.
709 1684 962 1738 Dominus
1004 1693 1176 1736 tamen
1219 1681 1378 1736 modo
1420 1679 1544 1752 quid
1589 1679 1746 1736 docet
1785 1679 2086 1744 mulierem,

501 1784 752 1848 tanquam
781 1775 931 1844 cujus
955 1791 1034 1828 vir
1059 1774 1280 1842 cceperit
1305 1787 1540 1841 prmseus
1569 1773 1725 1826 esse?
1753 1771 1886 1824 Dicit
1911 1771 1956 1822 ei
1979 1787 2090 1822 mu-

501 1871 596 1926 lier
627 1887 646 1924 :
681 1871 919 1932 Domine,
949 1869 1090 1923 video
1123 1868 1238 1936 quia
1269 1867 1514 1936 prapheta
1544 1882 1594 1920 es
1621 1875 1692 1918 tu.
1729 1863 1906 1916 Patres
1932 1865 2090 1916 nostri

499 1963 556 2017 in
581 1971 745 2016 monte
773 1963 865 2014 hoc
886 1960 1239 2018 adoraverunt,
1263 1967 1308 2011 et
1333 1975 1417 2010 vos
1439 1957 1602 2010 dicitis
1621 1958 1738 2028 quia
1757 1955 2090 2024 Jerosolymis

499 2063 572 2109 est
597 2054 735 2107 locus
765 2054 884 2106 ubi1
915 2053 1128 2106 adorare
1165 2061 1377 2120 Oportet.
1415 2049 1545 2102 Dicit
1569 2051 1615 2102 ei
1640 2047 1788 2102 Jesus
1825 2063 1843 2100 :
1879 2047 2086 2113 Mulier,

498 2144 645 2198 crede
675 2144 815 2196 mihi.
851 2143 1042 2198 Veniet
1067 2143 1206 2196 enim
1242 2142 1478 2194 Ecclesia
1499 2181 1514 2206 ,
1551 2141 1688 2194 sicut
1709 2139 1902 2192 dictum
1929 2149 2010 2192 est
2037 2140 2086 2194 in

497 2238 732 2293 Canticis
757 2238 1104 2302 canticorum,
1133 2236 1290 2288 veniet
1320 2244 1364 2288 et
1391 2235 1687 2304 pertransiet
1709 2232 1771 2286 ab
1801 2233 1942 2286 initio
1969 2230 2090 2300 ﬁdei

499 2329 672 2400 (Cant.
696 2345 769 2394 tv,
795 2330 850 2394 8,
882 2347 979 2384 sec.
1003 2328 1190 2398 LXX).
1221 2327 1412 2381 Veniet
1437 2337 1493 2380 ut
1517 2335 1864 2396 pertranseat,
1891 2333 1944 2380 et
1969 2340 2090 2393 per-

497 2420 728 2476 transire
767 2435 872 2474 non
918 2427 1092 2488 potest
1135 2417 1236 2472 nisi
1273 2418 1337 2470 ab
1382 2418 1522 2470 initio
1567 2417 1706 2486 ﬁdei.
1753 2415 1939 2472 Merito
1977 2415 2086 2484 jam

497 2520 764 2582 praesente
791 2512 904 2564 viro
929 2509 1097 2573 audit,
1130 2509 1336 2572 Mulier,
1364 2508 1510 2562 crede
1535 2507 1674 2560 mihi.
1705 2506 1820 2561 Jmu
1846 2507 1984 2560 enim
2007 2514 2090 2560 est

497 2603 552 2658 in
583 2613 632 2658 te
659 2603 746 2674 qui
774 2602 989 2666 credat,
1031 2601 1150 2670 quia
1193 2614 1428 2670 praesens
1462 2610 1546 2654 est
1573 2599 1654 2652 vir
1684 2607 1824 2652 tuus.
1867 2598 2086 2666 Cmpisti

497 2693 687 2748 adesse
717 2693 1022 2756 intellectu,
1065 2690 1278 2760 quando
1317 2705 1402 2746 me
1443 2689 1754 2758 prophetam
1791 2691 2084 2760 appellasti.

499 2784 708 2848 Mulier,
740 2785 885 2837 crede
909 2783 1031 2834 mihi
1059 2798 1076 2834 :
1103 2783 1224 2852 quia
1252 2783 1352 2835 nisi
1375 2783 1726 2848 credideritis,
1755 2799 1860 2836 non
1889 2781 2087 2836 intelli-

497 2875 632 2946 getis
661 2871 810 2946 (lsai.
835 2889 923 2936 vn,
950 2872 1002 2935 9,
1027 2888 1126 2925 sec.
1149 2871 1334 2938 LXX).
1361 2871 1522 2942 Ergo,
1549 2871 1754 2938 Mulier,
1777 2873 1922 2926 crede
1943 2873 2084 2940 mihi,

497 2966 616 3036 quia
645 2965 801 3018 veniet
829 2964 974 3026 liora,
1003 2963 1206 3032 quando
1237 2979 1393 3030 neque
1419 2964 1470 3016 in
1503 2973 1668 3016 monte
1695 2965 1788 3016 hoc
1809 3007 1823 3028 ,
1855 2981 2011 3034 neque
2034 2965 2090 3018 in

496 3055 828 3125 Jerosolymis
867 3053 1144 3108 adorabilis
1175 3053 1398 3106 Patrem.
1453 3053 1548 3106 Vos
1575 3055 1798 3107 adoratis
1835 3055 1968 3124 quod
2003 3072 2090 3108 ne-

495 3147 655 3212 scitis,
681 3163 772 3200 nos
799 3146 1072 3199 adoramus
1099 3144 1232 3215 quod
1259 3146 1476 3208 scimus;
1505 3146 1622 3212 quia
1647 3147 1786 3200 salus
1810 3163 1871 3199 ea:
1893 3145 2090 3200 Ιηάωὶδ

499 3249 588 3294 est.
626 3239 730 3294 Sed
757 3239 917 3292 veniet
947 3239 1090 3292 hora.
1133 3236 1392 3304 Quando?
1419 3235 1488 3290 Et
1524 3254 1656 3292 nunc
1683 3249 1773 3292 est.
1805 3239 1934 3306 Quae
1963 3255 2090 3310 ergo

499 3330 672 3386 hora?
718 3330 934 3394 Quando
981 3328 1084 3383 reri
1125 3329 1418 3382 adoratores
1465 3327 1744 3381 adorabunt
1789 3327 1996 3382 Patrem
2037 3332 2090 3382 in

497 3423 678 3493 spiritu
703 3431 749 3476 et
775 3423 1017 3484 ueritate;
1049 3436 1152 3474 non
1185 3421 1236 3472 in
1267 3431 1448 3474 monte
1479 3421 1580 3474 isto
1599 3460 1615 3484 ,
1647 3435 1751 3474 non
1785 3421 1836 3474 in
1865 3423 2086 3492 templo,

499 3514 594 3568 sed
625 3514 678 3568 in
713 3513 898 3581 Spiritu
926 3521 980 3566 et
1005 3511 1246 3566 veritate.
1281 3509 1420 3564 Nam
1460 3519 1504 3563 et
1545 3509 1699 3563 Pater
1728 3511 1852 3564 tales
1889 3513 2086 3580 quaa‘it,

500 3605 584 3675 qui
608 3604 818 3658 adorent
843 3620 974 3658 eum.
1005 3605 1181 3670 Quare
1202 3603 1358 3656 Pater
1384 3603 1514 3656 tales
1539 3603 1729 3671 quaerit
1752 3605 1840 3672 qui
1865 3603 2090 3658 adorent

501 3711 645 3762 eum,
673 3711 776 3750 non
809 3695 860 3748 in
889 3703 1104 3760 monte,
1137 3709 1240 3748 non
1265 3694 1318 3746 in
1351 3693 1575 3760 templo,
1609 3693 1701 3748 sed
1733 3694 1784 3747 in
1826 3695 2011 3766 spiritu
2037 3707 2092 3748 et

501 3787 762 3841 veritate?
783 3785 1009 3856 Spiritus
1029 3795 1100 3838 est
1121 3783 1278 3838 Deus.
1303 3783 1354 3837 Si
1377 3797 1570 3852 corpus
1589 3793 1732 3838 esset
1751 3784 1912 3848 Deus,
1935 3801 2094 3855 opor-

503 3877 650 3932 tebat
668 3891 788 3931 emn
811 3876 1021 3930 adorari
1039 3875 1097 3928 in
1119 3881 1322 3938 monte,
1350 3873 1470 3942 quia
1493 3887 1780 3941 corporeus
1800 3883 1884 3928 cst
1903 3889 2088 3939 mons;

506 3969 786 4038 Oportebat
806 3984 926 4022 eum
953 3967 1164 4020 adorari
1193 3966 1244 4018 in
1273 3967 1492 4032 templo,
1521 3967 1644 4034 quia
1671 3981 1982 4035 corporeum
2011 3977 2093 4022 est

507 4059 784 4128 templum.
809 4059 1032 4128 Spiritus
1055 4065 1124 4112 est
1152 4055 1322 4118 Deus;
1353 4066 1399 4108 et
1419 4072 1502 4110 eos
1525 4055 1611 4125 qui
1639 4056 1853 4110 adorant
1879 4073 2010 4123 eum,
2040 4057 2093 4110 in

505 4151 686 4222 spiritu
719 4157 764 4202 et
789 4149 993 4201 veritate
1020 4155 1212 4218 Oportet
1238 4147 1469 4199 adorare.

579 4241 668 4296 25.
700 4239 1046 4304 Audivimus,
1075 4247 1128 4292 et
1157 4237 1492 4292 manifestum
1524 4245 1639 4300 est;
1674 4235 1814 4290 iuras
1841 4237 2088 4303 ieramus,

507 4335 649 4392 intro
679 4333 826 4388 missi
853 4347 1056 4386 smnus.
1087 4330 1130 4386 Ο
1155 4330 1200 4386 si
1229 4331 1516 4384 invenirem
1535 4369 1551 4394 ,
1587 4329 1829 4390 dicebas,
1859 4337 2090 4381 montem

509 4427 738 4496 aliquem
770 4425 932 4480 altum
962 4433 1017 4478 et
1040 4423 1368 4478 solitarium!
1401 4423 1562 4477 credo
1587 4422 1728 4475 enim
1755 4422 1874 4490 quia
1907 4420 1957 4473 in
1986 4421 2092 4474 alto

511 4529 595 4574 est
617 4521 776 4584 Deus,
805 4519 968 4587 magis
993 4531 1078 4572 me
1101 4515 1314 4569 exaudit
1338 4531 1401 4569 ex
1429 4515 1554 4568 alto.
1577 4513 1710 4581 Quia
1735 4515 1786 4566 in
1811 4523 1990 4566 monte
2009 4528 2088 4578 es,

510 4610 864 4680 propinquum
899 4619 949 4662 te
987 4608 1095 4660 Deo
1133 4616 1312 4675 putas,
1345 4615 1397 4658 et
1424 4607 1528 4658 cito
1560 4613 1610 4658 te
1635 4604 1902 4669 exaudiri,
1941 4604 2092 4672 quasi

507 4701 576 4758 de
604 4703 843 4772 proximo
867 4699 1222 4756 clamantem?
1251 4701 1304 4753 In
1343 4699 1566 4753 excelsis
1601 4697 1829 4764 habitat,
1866 4697 1958 4754 sed
1995 4698 2091 4752 Itu-

510 4793 652 4846 utilia
671 4792 893 4862 respicit.
911 4791 1087 4860 ‘Prope
1111 4799 1181 4844 est
1205 4789 1472 4844 Dominus.
1507 4789 1746 4857 Quibus?
1777 4789 1912 4844 forte
1939 4791 2093 4844 altis?

515 4883 612 4940 His
634 4887 719 4956 qui
745 4885 1046 4938 obtriverunt
1069 4899 1156 4936 cor
1177 4881 1350 4950 (Psal.
1377 4897 1570 4946 xxxnt,
1597 4883 1706 4950 i9).
1729 4883 1856 4936 Mira
1877 4897 1962 4938 res
1981 4893 2090 4938 est:

511 4985 566 5032 et
595 4977 646 5030 in
671 4976 790 5030 altis
819 4974 1052 5038 habitat,
1095 4981 1148 5028 et
1184 4973 1466 5026 humilibus
1495 4972 1810 5042 propinquat
1839 4991 1850 5027 :
1883 4975 2096 5028 humilia

508 5068 731 5136 respicit,
758 5066 951 5120 excelsa
976 5074 1140 5117 autem
1165 5080 1196 5116 a
1223 5063 1368 5134 longe
1392 5065 1644 5133 cognoscit
1669 5062 1836 5133 (Psal.
1859 5081 2088 5134 cxxxvu,

471 5161 476 5166 ’
511 5157 565 5226 6)
589 5173 604 5220 ;
631 5157 892 5226 superbos
921 5156 1076 5226 longe
1113 5153 1291 5218 videt,
1325 5169 1389 5208 eo
1419 5153 1523 5208 illis
1553 5156 1727 5210 minus
1755 5157 2090 5227 propinquat,

510 5263 617 5320 quo
655 5249 758 5302 sibi
787 5247 1037 5302 videntur
1063 5247 1298 5300 altiores.
1339 5246 1626 5313 Quaerebas
1659 5263 1786 5318 ergo
1820 5252 2094 5305 montem?

511 5339 776 5396 descende
819 5350 876 5394 ut
911 5340 1158 5410 attingas.
1200 5337 1304 5394 Sed
1345 5339 1634 5395 ascendere
1671 5340 1786 5394 vis?
1827 5343 2093 5400 ascende:

513 5431 622 5488 noli
657 5440 888 5484 montem
931 5445 1192 5501 quaerere.
1225 5429 1578 5498 Ascensiones,
1621 5432 1820 5502 inquit,
1858 5434 1913 5488 in
1946 5437 2097 5491 corde

511 5524 622 5595 ejus
653 5521 778 5592 (hoc
803 5522 1043 5576 Psalmus
1067 5522 1214 5592 dicit)
1231 5565 1246 5589 ,
1277 5522 1330 5575 in
1358 5523 1582 5577 convalle
1608 5524 1902 5594 plorationis
1922 5526 2092 5597 (Psal.

515 5629 734 5676 unm,
758 5613 810 5678 6,
835 5615 914 5682 7).
935 5612 1202 5668 Convallis
1223 5611 1572 5668 humilitatem
1596 5615 1772 5671 habet.
1799 5617 1934 5688 Ergo
1955 5619 2096 5674 intus

511 5723 612 5779 age
641 5717 830 5762 totum.
861 5705 930 5762 Et
957 5707 1002 5760 si
1034 5707 1170 5762 forte
1202 5708 1397 5777 quarris
1425 5707 1658 5781 aliquem
1695 5708 1872 5766 locum
1907 5712 2092 5782 altum,

487 5847 494 5856 ο
585 5827 605 5860 ι
621 5829 672 5874 ιιι
691 5831 794 5878 uss.
817 5823 1068 5884 omittitur,
1089 5827 1160 5874 est
1182 5821 1312 5872 locus
1334 5820 1430 5872 ubi.

1437 375 1502 429 ΙΝ
1539 369 1822 430 JOANNlS
1861 367 2328 436 EVANGELIUM,
2369 371 2429 428 S.
2467 369 2838 429 AUGUSTINI

3639 375 3782 438 i520

2193 487 2421 556 aliquem
2447 489 2616 544 locum
2637 497 2902 554 sanctum,
2921 487 3064 546 intus
3081 487 3273 548 exhibe
3291 498 3346 550 te
3367 492 3620 564 templum
3645 495 3776 552 Deo.

2191 577 2470 649 Templum
2494 581 2636 635 enim
2663 583 2752 638 Dei
2776 591 3014 638 sanctum
3036 593 3140 649 est,
3161 585 3300 656 quod
3323 587 3451 642 estis
3471 602 3569 642 vos
3593 587 3632 660 (l
3657 589 3777 646 Cor.

2191 686 2271 736 lit,
2301 674 2410 742 t7).
2447 673 2499 726 In
2525 676 2720 744 templo
2743 675 2823 730 vis
2847 676 3040 750 orare?
3069 676 3122 730 in
3151 686 3202 731 te
3227 693 3341 734 ora.
3369 678 3474 734 Sed
3499 681 3643 750 prius
3663 693 3781 738 esto

2192 764 2446 832 tomplum
2471 766 2581 832 Dei,
2605 767 2724 836 quia
2744 768 2828 822 ille
2849 767 2900 822 in
2925 749 3122 838 templo
3138 785 3233 824 suo
3249 749 3779 830 exaudietorantem.

2261 855 2352 912 26.
2394 855 2539 912 Venit
2567 877 2683 930 ergo
2710 860 2856 924 hora,
2884 870 2930 915 et
2955 879 3088 915 nunc
3115 871 3205 924 est,
3233 865 3438 934 quando
3462 867 3566 920 veri
3589 868 3782 924 adora-

2194 958 2324 1002 tores
2353 949 2634 1004 adorabunt
2663 949 2868 1005 Patrem
2901 953 2954 1006 in
2985 953 3164 1020 spiritu
3187 965 3235 1010 et
3257 958 3479 1012 ueritate.
3511 957 3624 1014 Nos
3651 961 3784 1016 ado-

2189 1057 2364 1096 ramus
2386 1041 2518 1118 quod
2541 1043 2746 1108 scimus,
2769 1059 2855 1097 vos
2879 1043 3105 1100 adoratis
3131 1047 3265 1116 quod
3285 1049 3518 1116 nescitis;
3543 1053 3786 1121 quoniam

2189 1135 2328 1190 salus
2355 1151 2419 1189 ea:
2442 1133 2639 1190 ludatis
2679 1145 2770 1192 est.
2811 1137 3030 1192 Multum
3069 1137 3219 1194 dedit
3253 1139 3452 1196 Judznis
3487 1161 3500 1198 :
3537 1143 3632 1198 sed
3671 1145 3788 1200 noli

2192 1225 2323 1280 istos
2369 1229 2628 1295 reprobos
2671 1229 2935 1298 accipere.
2983 1229 3243 1284 Parietem
3293 1231 3439 1286 illum
3479 1233 3660 1304 accipe
3699 1235 3784 1290 cui

2192 1315 2474 1384 adjunctus
2500 1327 2582 1370 est
2603 1317 2756 1382 alius,
2789 1327 2844 1372 ut
2865 1319 3039 1388 pacati
3067 1321 3119 1374 in
3151 1320 3326 1390 lapide
3352 1324 3616 1392 angulari,
3641 1325 3786 1395 quod

2191 1417 2276 1464 est
2303 1406 2568 1469 Christus,
2595 1407 2928 1477 copulentur.
2959 1409 3110 1466 Unus
3137 1411 3279 1466 enim
3309 1411 3484 1482 paries
3508 1429 3538 1466 a
3559 1414 3780 1484 ludatis,

2193 1513 2329 1554 unus
2354 1515 2382 1550 a
2411 1499 2671 1556 Gentibus
2697 1518 2709 1554 :
2733 1501 2892 1571 longe
2921 1517 2953 1558 a
2977 1517 3036 1558 se
3067 1504 3152 1558 isti
3181 1505 3448 1574 parietes,
3485 1507 3580 1562 sed
3615 1508 3788 1566 donec

2193 1591 2246 1645 in
2281 1592 2473 1662 angulo
2509 1593 2919 1662 eonjuugantur.
2961 1594 3288 1664 Alienigena:
3329 1605 3506 1652 autem
3549 1597 3788 1670 hospites

2193 1691 2377 1746 erant,
2434 1692 2486 1737 et
2541 1684 2804 1752 peregrini
2863 1699 2893 1738 a
2948 1687 3278 1742 testamentis
3329 1689 3418 1743 Dei
3471 1687 3684 1762 (Ephes.
3725 1709 3783 1760 ιι,

2195 1771 2406 1844 12-22).
2437 1772 2738 1827 Secundum
2779 1774 2878 1828 hoc
2906 1789 3035 1844 ergo
3072 1775 3268 1832 dictum
3295 1787 3406 1846 est,
3445 1779 3556 1834 Nos
3583 1783 3770 1836 adora-

2193 1881 2305 1916 mus
2363 1864 2500 1932 quod
2566 1865 2770 1918 scimus.
2820 1864 2901 1919 Ex
2947 1881 3176 1935 persona
3222 1869 3438 1940 quidem
3481 1870 3786 1928 Judaeorum

2193 1955 2392 2009 dictum
2425 1965 2538 2018 est,
2567 1955 2660 2010 sed
2689 1973 2794 2010 non
2825 1959 3062 2012 omnium
3093 1959 3429 2030 Judmorum,
3459 1979 3566 2020 non
3601 1981 3788 2034 repro-

2195 2045 2382 2100 borum
2408 2045 2712 2100 Judacorum
2739 2065 2751 2100 :
2777 2047 2869 2102 scd
2901 2048 2967 2104 de
2995 2051 3239 2120 qualibus
3274 2049 3487 2108 luerunt
3519 2056 3784 2126 Apostoli,

2194 2138 2379 2206 quales
2411 2137 2623 2193 fuerunt
2655 2139 2972 2206 Prophetas,
3011 2141 3195 2210 quales
3233 2141 3448 2198 fuerunt
3487 2145 3564 2198 illi
3601 2161 3788 2200 omnes

2195 2229 2395 2294 sancti,
2433 2229 2522 2298 qui
2561 2230 2738 2282 omnia
2775 2245 2869 2284 sua
2903 2231 3288 2299 vendiderunt,
3325 2241 3380 2287 et
3409 2235 3576 2303 pretia
3605 2251 3788 2334 2mm

2194 2335 2410 2372 suarum
2455 2319 2520 2373 ad
2573 2321 2738 2390 pedes
2776 2322 3155 2390 Apostolorum
3204 2335 3493 2393 posuerunt
3540 2319 3673 2398 (Αᾶ.
3712 2344 3784 2398 tv,

2195 2411 2265 2466 34
2284 2453 2298 2476 ,
2330 2412 2441 2483 55).
2485 2412 2598 2467 Non
2628 2415 2768 2468 enim
2799 2415 2994 2484 repulit
3022 2413 3162 2469 Deus
3199 2415 3408 2485 plebem
3447 2431 3599 2472 suam
3628 2429 3786 2492 quam

2195 2503 2462 2571 prarscivit
2491 2501 2665 2576 (Rom.
2695 2521 2784 2570 ιι,
2815 2505 2892 2574 2).

2265 2594 2355 2648 27.
2387 2594 2603 2648 Audivit
2627 2595 2728 2649 hoc
2756 2595 2948 2651 mulier
2973 2597 3070 2650 ista
3089 2639 3102 2662 ,
3136 2605 3190 2652 et
3214 2597 3436 2654 addidit.
3465 2599 3786 2656 Iamdudum

2195 2687 2506 2756 prophetam
2550 2687 2789 2754 dixerat;
2829 2689 2960 2743 vidit
3000 2690 3122 2744 talia
3161 2689 3340 2747 dicere
3381 2708 3500 2747 eum
3531 2707 3654 2748 cum
3681 2709 3788 2764 quo

2195 2777 2537 2846 loquebatur,
2567 2795 2684 2848 qute
2705 2779 2814 2850 jam
2843 2781 2961 2848 plus
2992 2791 3172 2836 essent
3209 2781 3275 2836 ad
3317 2783 3628 2854 prophetam
3653 2785 3706 2848 ¹;
3735 2792 3790 2839 et

2193 2869 2320 2939 qttid
2367 2870 2676 2940 respondit,
2723 2871 2946 2930 videte:
2984 2871 3113 2926 Dicit
3157 2874 3204 2926 ei
3247 2873 3465 2940 mulier,
3511 2874 3634 2930 Scio
3669 2876 3789 2946 quia

2195 2959 2412 3014 Messias
2439 2962 2597 3014 veniet
2616 3003 2630 3024 ,
2659 2963 2744 3030 qui
2773 2962 2958 3015 dicitur
2985 2961 3214 3017 Christus
3247 2979 3265 3017 :
3294 2979 3411 3018 cum
3448 2981 3565 3036 ergo
3601 2965 3788 3020 venerit

2195 3052 2313 3116 ille,
2355 3053 2524 3104 omnia
2565 3053 2706 3106 nobis
2751 3053 3130 3108 demonstrabit.
3163 3053 3310 3123 Quid
3331 3063 3414 3110 est
3441 3053 3583 3108 hoc?
3609 3054 3786 3121 Modo,

2196 3145 2383 3214 inquit,
2417 3145 2484 3198 de
2513 3145 2714 3215 templo
2746 3147 3074 3202 contendunt
3099 3147 3290 3216 Judaei,
3317 3157 3370 3203 et
3399 3163 3496 3202 nos
3521 3148 3587 3204 de
3607 3160 3788 3204 monte

2195 3235 2565 3290 contendimus
2593 3253 2605 3288 :
2634 3251 2754 3292 cum
2785 3237 2874 3292 ille
2901 3238 3141 3304 venerit,
3183 3251 3236 3292 et
3275 3249 3508 3295 montem
3547 3249 3785 3310 spernet,

2196 3337 2246 3382 et
2275 3329 2526 3396 templum
2550 3338 2790 3394 evertet;
2819 3330 3031 3384 docebit
3058 3347 3155 3388 nos
3179 3331 3279 3386 iste
3300 3335 3499 3400 omnia,
3527 3343 3584 3388 ut
3605 3335 3788 3404 inspi-

2199 3419 2302 3472 ritu
2332 3428 2386 3472 et
2415 3420 2635 3473 veritate
2665 3421 2973 3475 noverimus
2999 3421 3244 3476 adorare.
3284 3423 3496 3478 Sciebat
3520 3425 3638 3494 quis
3665 3403 3786 3480 eam

2199 3520 2374 3578 posset
2397 3509 2606 3575 docere,
2635 3511 2726 3564 sed
2749 3511 2858 3580 jam
2881 3511 3162 3568 docentem
3187 3513 3418 3568 nondum
3439 3515 3783 3586 agnoscebat.

2197 3599 2312 3654 Jam
2335 3615 2462 3669 ergo
2483 3599 2638 3669 digna
2659 3609 2776 3654 erat
2796 3601 2878 3655 cui
2904 3601 3347 3656 manifestaretur.
3368 3603 3585 3660 Messias
3605 3621 3786 3662 autem

2197 3703 2387 3748 unctus
2413 3703 2495 3748 cst
2515 3711 2536 3768 ;‘
2559 3703 2747 3747 unctus
2771 3709 2944 3763 grtcce
2968 3693 3211 3748 Christus
3236 3705 3354 3762 est“,
3387 3695 3632 3752 ltebraice
3651 3697 3788 3753 Mes-

2197 3785 2304 3838 sias
2325 3793 2405 3838 est
2433 3801 2444 3835 :
2477 3783 2614 3838 unde
2635 3793 2687 3838 ct
2707 3785 2919 3854 punice,
2947 3783 3117 3840 Messe
3136 3785 3331 3840 dicitur
3349 3802 3506 3858 uage.
3533 3787 3787 3858 Cognatas

2198 3877 2390 3944 quippe
2416 3887 2539 3931 sunt
2568 3877 2762 3946 lingua:
2789 3877 2905 3932 ista:
2929 3885 2984 3932 et
3005 3877 3224 3946 vicinaa,
3259 3878 3502 3936 hebraica
3523 3923 3538 3948 ,
3571 3883 3783 3951 punica,

2198 3975 2252 4018 et
2277 3981 2418 4036 syra.

2267 4056 2356 4110 28.
2393 4057 2530 4125 Ergo
2560 4057 2680 4109 dicit
2709 4057 2755 4110 ei
2783 4055 2997 4124 mulier,
3030 4055 3150 4114 Scio
3189 4059 3308 4130 quia
3349 4059 3562 4116 Messias
3603 4063 3783 4131 veniet,

2197 4147 2284 4217 qui
2305 4147 2486 4200 dicitur
2510 4146 2738 4200 Christus
2764 4163 2783 4200 :
2806 4163 2918 4200 cum
2945 4165 3062 4219 ergo
3089 4151 3272 4202 venerit
3295 4149 3399 4216 ille,
3429 4151 3569 4204 nobis
3589 4169 3790 4206 annun-

2199 4239 2338 4292 tiabit
2361 4239 2548 4291 omnia.
2575 4237 2707 4291 Dicit
2734 4240 2778 4292 ei
2801 4238 2952 4294 Iesus
2981 4255 2999 4293 :
3025 4239 3135 4310 Ego
3159 4239 3270 4294 sum
3293 4243 3378 4312 qui
3407 4241 3583 4312 loquor
3603 4254 3782 4298 tecum.

2197 4328 2418 4382 Vocavit
2443 4329 2612 4382 virum
2642 4344 2818 4394 suum,
2849 4327 3022 4384 factus
3051 4341 3132 4385 est
3163 4332 3242 4384 vir
3269 4333 3385 4400 ejus
3413 4345 3572 4402 caput
3601 4337 3787 4390 mulie-

2197 4421 2270 4475 ris
2291 4463 2304 4484 ,
2336 4421 2501 4475 factus
2526 4431 2608 4476 est
2630 4421 2874 4476 Christus
2902 4432 3061 4492 caput
3097 4424 3192 4477 viri
3237 4425 3278 4494 (I
3307 4425 3422 4480 Cor.
3455 4443 3531 4492 ιι,
3564 4427 3640 4499 3).
3665 4427 3786 4482 lam

2197 4511 2390 4566 mulier
2413 4511 2689 4565 ordinatur
2713 4513 2767 4566 in
2789 4512 2910 4574 ﬁde,
2933 4521 2986 4568 et
3007 4513 3206 4580 regitur
3231 4515 3366 4570 bene
3387 4517 3607 4572 victura.
3635 4519 3788 4572 Post-

2196 4617 2419 4671 eaquam
2458 4601 2660 4656 audivit
2691 4601 2822 4666 hoc,
2855 4601 2965 4672 Ego
2993 4619 3102 4656 sum
3137 4604 3225 4674 qui
3256 4604 3432 4674 loquor
3457 4615 3648 4675 tecum,
3671 4607 3788 4678 jam

2196 4693 2333 4748 ultra
2375 4694 2498 4764 quid
2540 4694 2777 4759 diceret;
2807 4695 3021 4764 quando
3047 4693 3287 4750 Christus
3325 4697 3576 4754 Dominus
3612 4701 3786 4754 maui-

2195 4786 2393 4842 t'estare
2421 4801 2480 4839 se
2503 4785 2668 4839 voluit
2697 4785 2925 4849 mulieri,
2956 4787 3038 4841 cui
3068 4787 3292 4852 dixerat,
3327 4789 3483 4843 Crede
3515 4790 3680 4843 mihi?

2267 4878 2356 4932 29.
2386 4875 2453 4930 Et
2475 4878 2712 4930 continuo
2733 4887 2970 4932 venerunt
2991 4879 3228 4950 discipuli
3251 4882 3381 4950 ejus,
3404 4889 3452 4936 et
3473 4881 3789 4936 mirabantur

2197 4971 2316 5040 quia
2341 4986 2454 5022 cum
2481 4967 2689 5022 muliere
2715 4967 3026 5038 loquebatur.
3052 4969 3182 5038 Quia
3205 4973 3474 5041 quaerebat
3497 4973 3784 5044 perditam,

2199 5063 2286 5132 qui
2318 5069 2533 5114 venerat
2563 5075 2800 5129 quaerere
2828 5061 2967 5132 quod
2999 5063 3250 5132 perierat,
3283 5063 3382 5120 hoc
3411 5065 3485 5122 illi
3517 5067 3788 5122 miraban-

2201 5161 2303 5206 tur.
2335 5151 2536 5204 Bonum
2563 5151 2704 5205 enim
2728 5149 3074 5218 mirabantur,
3099 5169 3202 5206 non
3224 5153 3420 5209 malum
3442 5157 3789 5228 suspicaban-

2199 5251 2304 5299 tur.
2337 5241 2502 5296 Nemo
2526 5251 2692 5298 tamen
2721 5242 2848 5296 dixit
2873 5258 2892 5298 :
2920 5243 3054 5308 Quid
3081 5245 3261 5314 quaeris
3291 5253 3380 5299 aut
3418 5249 3540 5318 quid
3565 5249 3786 5320 loqueris

2199 5351 2312 5390 cum
2338 5335 2436 5388 ea?

2272 5427 2359 5482 '50.
2389 5425 2611 5496 Reliquit
2635 5441 2750 5498 ergo
2781 5423 3012 5496 hydriam
3037 5441 3183 5482 suam
3207 5427 3406 5484 mulier.
3429 5431 3648 5500 Audito,
3671 5435 3784 5507 Ego
3873 5423 3892 5434 .

2199 5538 2312 5576 sum
2339 5521 2629 5590 quitoquor
2655 5529 2846 5580 tecum,
2877 5527 2930 5574 et
2959 5529 3173 5591 recepto
3213 5522 3263 5576 in
3301 5537 3394 5578 cor
3429 5523 3639 5582 Christo
3673 5527 3781 5582 Do—

2199 5613 2378 5679 mino,
2413 5611 2538 5682 quid
2574 5609 2802 5674 faceret,
2845 5609 2946 5664 nisi
2971 5611 3078 5682 jam
3108 5611 3352 5685 hydriam
3379 5616 3698 5685 dimitteret,
3727 5629 3784 5674 et

2199 5707 2566 5775 evangelizare
2593 5702 2867 5758 curreret?
2907 5703 3135 5774 Projecit
3165 5708 3538 5780 cupiditatem,
3569 5721 3625 5766 et
3654 5725 3779 5767 uro-

2268 5825 2284 5856 ²
2307 5831 2356 5876 tn
2377 5836 2468 5874 se;
2494 5829 2620 5882 Mss,
2641 5817 2750 5886 plus
2769 5825 2888 5872 esset
2911 5833 2942 5870 a
2963 5819 3212 5886 propheta.
