4118 6480
334 329 470 388 1521

334 442 545 514 peravit
600 445 917 500 annuntiare
973 446 1270 502 veritatem.
1327 447 1543 507 Discant
1594 453 1684 522 qui
1737 452 1920 511 volunt

332 533 732 603 evangelizare,
775 535 1055 605 projiciant
1083 537 1322 608 hydriam
1353 542 1419 596 ad
1447 552 1680 612 puteum.
1723 545 1921 600 Recor-

329 622 536 683 damini
578 624 700 695 quid
745 627 988 695 superius
1031 627 1254 684 dixerim
1297 631 1365 686 de
1404 631 1591 704 hydria
1627 651 1764 691 :vas
1805 646 1922 692 erat

329 715 477 769 unde
502 731 634 786 aqua
661 717 1022 786 hauriebatur,
1054 736 1230 791 graeco
1257 726 1473 780 nomine
1499 727 1791 797 appellatur
1817 730 1917 802 hy-

327 806 444 860 dria
466 848 482 871 ,
515 809 764 877 quoniam
797 825 970 880 graace
1011 817 1129 884 ὕδωρ
1166 830 1299 884 aqua
1341 817 1563 885 dicitur;
1599 829 1843 891 tanquam
1872 823 1919 878 si

326 901 610 968 aquarium
636 901 923 957 diceretur.
952 904 1182 976 Projecit
1215 924 1340 980 ergo
1366 910 1604 983 hydriam
1623 957 1636 977 ,
1669 931 1785 982 quae
1805 916 1917 985 jam

326 1004 436 1043 non
468 991 620 1056 usui,
651 991 747 1046 sed
787 994 936 1048 oneri
973 993 1070 1050 fuit
1108 1016 1122 1051 :
1163 999 1314 1054 avida
1352 1004 1545 1072 quippe
1584 1004 1920 1061 desiderabat

323 1094 465 1148 aqua
498 1082 586 1135 illa
617 1083 820 1138 satiari.
854 1084 922 1141 Ut
963 1089 1231 1144 nuntiaret
1275 1091 1576 1160 Christum,
1623 1110 1785 1151 onere
1823 1099 1919 1150 ab-

319 1173 505 1242 jecto,
548 1177 769 1229 cucurrit
811 1178 878 1230 ad
917 1179 1164 1235 civitatem
1185 1224 1197 1247 ,
1231 1193 1275 1236 et
1304 1184 1422 1236 dicit
1454 1184 1556 1240 illis
1592 1188 1874 1242 hominibus
1897 1205 1918 1245 :

338 1262 536 1330 Venite,
567 1275 614 1320 et
638 1266 796 1322 videte
816 1269 1064 1324 hominem
1084 1273 1311 1342 qui'mihi
1331 1276 1459 1328 dixit
1480 1280 1645 1331 omnia
1664 1296 1917 1349 quaecum-

320 1370 420 1424 que
456 1357 574 1425 feci.
611 1358 977 1427 Pedetentim,
1024 1380 1091 1419 ne
1134 1365 1207 1418 illi
1249 1367 1398 1436 quasi
1445 1368 1830 1434 irascerentur,
1863 1382 1916 1426 et

323 1445 767 1516 indignarentur,
809 1461 863 1506 et
900 1467 1367 1524 persequerentur.
1422 1458 1626 1525 Venite,
1672 1473 1717 1515 et
1759 1464 1916 1517 videte

320 1535 582 1593 hominem
620 1543 706 1611 qui
745 1543 874 1596 dixit
907 1545 1030 1598 mihi
1058 1548 1226 1601 omnia
1257 1565 1579 1620 qutecumque
1602 1556 1696 1622 feci
1722 1569 1741 1607 :
1764 1572 1914 1608 num-

321 1629 445 1695 quid
467 1629 578 1699 ipse
601 1641 670 1685 est
690 1632 954 1689 Christus?
982 1633 1234 1692 Exierunt
1257 1639 1322 1693 de
1344 1640 1557 1706 civitate,
1590 1653 1634 1696 et
1659 1644 1914 1698 veniebant

323 1720 394 1772 ad
421 1738 560 1776 eum.

393 1814 485 1869 51.
515 1814 584 1869 Et
603 1817 792 1873 interea
808 1822 1051 1891 rogabant
1066 1837 1178 1876 eum
1199 1823 1436 1895 discipuli
1451 1827 1668 1882 dicentes
1687 1845 1705 1883 :
1723 1829 1886 1884 Rabbi
1897 1875 1912 1898 ,

321 1908 601 1962 manduca.
634 1911 811 1966 lerant
839 1914 980 1967 enim
1009 1929 1190 1971 emere
1228 1918 1373 1973 cibos
1412 1930 1464 1974 et
1498 1933 1774 1978 venerant.
1813 1924 1917 1980 Ille

320 2009 495 2052 autent
515 2002 644 2054 dixit
675 2018 694 2056 :
718 2001 830 2074 Ego
856 2005 1012 2059 habeo
1031 2007 1194 2060 cibum
1215 2009 1519 2066 manducare
1542 2030 1685 2082 quem
1708 2031 1794 2070 vos
1814 2034 1915 2072 non

318 2092 483 2145 scitis.
533 2093 774 2148 Dicebant
817 2113 938 2168 ergo
979 2099 1214 2168 discipuli
1258 2101 1326 2154 ad
1365 2103 1618 2159 invicem:
1652 2107 1914 2180 Numquid

319 2185 509 2253 aliquis
532 2186 704 2240 attulit
729 2188 775 2241 ei
799 2190 1104 2245 manducare
1120 2192 1146 2245 .9
1173 2191 1307 2258 Quid
1329 2195 1516 2250 mirum
1539 2197 1580 2250 si
1612 2199 1799 2253 mulier
1823 2201 1913 2255 illa

321 2277 790 2349 nonﬁitelligebat
814 2283 1042 2350 aquam?
1069 2298 1198 2339 ecce
1226 2285 1465 2355 discipuli
1496 2291 1728 2345 nondum
1760 2292 1916 2346 intel-

321 2367 498 2438 ligunt
526 2385 727 2425 escam.
757 2373 968 2427 Audivit
1009 2385 1184 2430 autem
1219 2377 1562 2448 cogitationes
1592 2383 1798 2438 illorum
1820 2426 1833 2449 ,
1862 2394 1916 2439 et

321 2459 429 2530 jam
474 2463 690 2518 instruit
725 2474 781 2517 ut
815 2466 1100 2534 magister;
1138 2484 1242 2521 non
1289 2485 1383 2538 per
1423 2471 1734 2541 circuitum,
1779 2475 1916 2530 sicut

323 2551 472 2606 illam
503 2559 656 2622 cujus
683 2555 854 2611 adhuc
879 2559 1048 2612 virum
1086 2559 1408 2628 requirebat,
1440 2563 1532 2616 sed
1557 2563 1666 2632 jam
1691 2575 1911 2633 aperte:

325 2640 478 2697 Heus
497 2685 512 2710 ,
545 2645 746 2715 inquit,
777 2648 916 2701 cibus
944 2659 1014 2702 est
1044 2659 1097 2702 ut
1125 2650 1309 2718 faciam
1350 2653 1650 2707 voluntatem
1688 2657 1797 2726 ejus
1831 2657 1917 2723 qui

321 2735 466 2788 misit
493 2753 591 2789 me.
637 2736 778 2807 Ergo
816 2746 868 2792 et
909 2748 1063 2808 potus
1097 2741 1208 2809 ipse
1237 2753 1350 2795 erat
1377 2743 1432 2796 in
1460 2745 1543 2797 illa
1573 2746 1826 2812 muliere,
1859 2755 1917 2802 ut

324 2827 529 2882 faceret
554 2829 882 2884 voluntatem
907 2831 1052 2899 ejus,
1079 2833 1168 2902 qui
1203 2834 1422 2888 miserat
1448 2850 1592 2890 eum.
1623 2835 1747 2891 Ideo
1773 2821 1916 2894 dice-

321 2917 437 2985 bat,
475 2920 627 2984 Sitio,
655 2921 722 2974 da
742 2922 866 2975 mihi
890 2922 1088 2987 bibere;
1117 2924 1320 2980 scilicet
1345 2935 1402 2980 ut
1429 2927 1584 2982 ﬁdem
1613 2929 1665 2982 in
1693 2945 1754 2984 ea
1784 2946 1915 3001 ope-

324 3020 560 3075 raretur,
594 3021 646 3065 et
674 3011 830 3067 ﬁdem
857 3016 972 3083 ejus
991 3014 1216 3081 biberet,
1249 3026 1302 3071 et
1321 3033 1437 3072 eam
1470 3020 1521 3073 in
1546 3036 1740 3091 corpus
1759 3038 1916 3080 suum

322 3103 598 3173 trajiceret
622 3121 635 3157 :
659 3120 853 3174 corpus
872 3107 1014 3162 enim
1037 3107 1151 3176 ejus
1169 3108 1423 3164 Ecclesia.
1447 3110 1564 3182 Ipse
1581 3122 1652 3166 est
1673 3131 1820 3185 ergo,
1845 3117 1916 3171 in-

323 3196 482 3264 quit,
530 3198 670 3252 cibus
710 3215 848 3253 meus
889 3209 946 3254 ut
988 3201 1172 3272 faciam
1217 3202 1518 3258 voluntatem
1555 3207 1664 3277 ejus
1715 3209 1800 3277 qui
1838 3225 1917 3263 me

324 3287 484 3340 misit.

396 3377 490 3431 32.
525 3376 713 3432 Nonne
759 3395 848 3434 vos
888 3380 1052 3436 dicitis
1089 3381 1225 3453 quod
1265 3383 1432 3437 adhuc
1469 3395 1685 3456 quatuor
1725 3405 1918 3446 menses

326 3477 484 3534 sunt,
512 3478 560 3522 et
587 3473 759 3524 messis
801 3473 974 3527 venit?
1003 3473 1059 3527 In
1085 3489 1220 3544 opus
1259 3474 1528 3546 fervebat,
1561 3488 1614 3534 et
1643 3483 1916 3551 Operarios

327 3560 546 3614 mittere
585 3561 918 3630 disponebat.
960 3563 1067 3618 Vos
1103 3574 1332 3635 quatuor
1359 3583 1570 3623 menses
1599 3574 1915 3641 computatis

327 3669 499 3723 usque
524 3653 590 3707 ad
618 3669 882 3722 messem;
915 3671 1014 3726 ego
1041 3657 1192 3712 vobis
1219 3659 1375 3713 aliam
1407 3676 1635 3716 messem
1661 3664 1834 3718 albam
1862 3674 1916 3720 et

327 3753 572 3814 paratam
601 3746 848 3800 ostendo.
881 3743 1011 3802 Ecce
1033 3749 1143 3802 dico
1161 3747 1317 3814 vobis,
1341 3750 1497 3804 levate
1516 3753 1688 3806 oculos
1707 3763 1910 3823 vestros,

327 3845 375 3888 et
404 3836 569 3889 videte
595 3838 711 3905 quia
729 3839 844 3906 jam
872 3839 1002 3908 alba:
1028 3849 1141 3893 sunt
1170 3841 1396 3910 regiones
1423 3842 1490 3894 ad
1520 3859 1743 3897 messem.
1773 3847 1914 3916 Ergo

332 3940 604 3980 messores
629 3928 889 3982 missurus
913 3936 1014 3981 est.
1043 3926 1109 3982 In
1131 3928 1223 3982 hoc
1244 3931 1378 3983 enim
1405 3940 1474 3983 est
1498 3934 1698 3986 verbum
1721 3952 1911 4002 verum,

325 4019 452 4087 quia
490 4019 622 4071 alius
661 4029 733 4073 est
770 4022 852 4089 qui
895 4022 1058 4087 metit,
1088 4022 1216 4074 alius
1252 4023 1335 4087 qui
1378 4025 1590 4077 seminat
1623 4042 1641 4078 :
1672 4036 1727 4079 ut
1757 4037 1801 4080 et
1829 4030 1915 4097 qui

331 4112 548 4163 seminat
573 4112 722 4164 simul
751 4113 965 4182 gaudeat
996 4123 1042 4167 et
1069 4114 1155 4184 qui
1179 4115 1332 4168 metit.
1369 4114 1475 4186 Ego
1501 4118 1614 4170 misi
1632 4134 1716 4173 vos
1736 4130 1916 4176 metere

330 4200 469 4268 quod
507 4216 595 4254 vos
633 4218 733 4272 non
771 4202 1036 4257 laborastis
1065 4219 1083 4257 :
1113 4204 1203 4257 alii
1245 4205 1626 4272 laboraverunt,
1659 4219 1702 4262 et
1739 4225 1824 4264 vos
1861 4212 1916 4266 in

333 4290 558 4343 laborem
586 4307 758 4345 eorum
783 4294 1046 4347 introistis.
1087 4294 1221 4361 Quid
1260 4297 1423 4364 ergo?
1454 4313 1722 4354 messores
1750 4303 1912 4370 misit,

333 4394 442 4432 non
477 4380 866 4438 seminatores?
905 4383 1021 4449 Quo
1064 4386 1364 4441 messores?
1389 4386 1489 4442 Ubi
1515 4388 1623 4458 jam
1651 4390 1738 4444 alii
1769 4392 1916 4446 labo-

331 4484 610 4529 raverunt.
642 4475 770 4529 Nam
802 4477 890 4530 ubi
917 4477 1025 4545 jam
1052 4477 1346 4532 laboratum
1375 4489 1489 4534 erat
1509 4522 1522 4545 ,
1551 4484 1730 4551 utique
1756 4484 1918 4538 semi-

334 4573 518 4619 natum
560 4577 707 4631 erat;
740 4575 796 4621 et
819 4567 959 4636 quod
989 4570 1302 4622 seminatum
1332 4579 1478 4636 erat,
1507 4571 1613 4640 jam
1652 4583 1917 4630 maturum

338 4664 449 4709 erat
473 4655 688 4723 factum,
719 4657 904 4713 falcem
935 4667 988 4713 et
1011 4660 1248 4713 trituram
1276 4660 1624 4719 desiderabat.
1652 4664 1768 4732 Quo
1789 4682 1916 4736 ergo

336 4755 488 4800 erant
511 4761 781 4802 messores
808 4749 1086 4804 mittendi?
1110 4747 1208 4806 Ubi
1233 4750 1341 4819 jam
1367 4751 1641 4822 Pr0phetae
1665 4756 1919 4826 praedica-

335 4847 559 4902 verant;
593 4839 692 4907 ipsi
720 4840 860 4893 enim
882 4841 1250 4896 semiualores.
1281 4843 1411 4897 Nam
1440 4844 1482 4898 si
1509 4845 1604 4913 ipsi
1634 4863 1737 4900 non
1759 4849 1920 4903 semi-

334 4942 588 4998 natores,
617 4935 760 4990 unde
800 4935 866 4989 ad
910 4935 1058 4989 illam
1093 4937 1366 4991 mulierem
1406 4949 1750 5008 pervenerat,
1797 4940 1917 4996 Scio

335 5028 453 5096 quia
483 5028 702 5083 Messias
724 5031 924 5084 veniet?
950 5031 1066 5086 Iam
1097 5033 1192 5086 ista
1222 5034 1410 5087 mulier
1444 5033 1642 5089 fructus
1681 5046 1917 5094 maturus

335 5131 471 5187 erat,
501 5132 554 5176 et
576 5133 728 5177 erant
751 5123 885 5178 alba:
912 5140 1132 5188 messes,
1162 5133 1216 5179 et
1237 5126 1419 5180 falcem
1447 5129 1769 5197 quarrcbant.
1797 5131 1919 5186 Misi

334 5228 420 5266 vos
443 5229 573 5283 ergo
598 5232 613 5268 :
640 5214 780 5284 quo?
809 5215 996 5270 Metere
1019 5217 1152 5286 quod
1177 5234 1276 5270 non
1301 5218 1580 5272 seminastis
1605 5236 1624 5274 :
1648 5221 1735 5274 alii
1761 5219 1916 5275 semi-

335 5317 613 5371 naverunt,
649 5317 696 5360 et
724 5323 811 5360 vos
836 5307 889 5360 in
918 5307 1108 5362 labores
1136 5325 1306 5362 eorum
1335 5310 1594 5364 introistis.
1637 5313 1734 5377 Qui
1765 5314 1914 5369 labo-

335 5397 630 5451 raverunt?
655 5397 772 5468 Ipse
797 5398 1062 5453 Abraham
1081 5440 1096 5464 ,
1129 5399 1272 5453 Isaac
1292 5441 1306 5464 ,
1336 5408 1389 5454 et
1411 5399 1593 5454 Jacob.
1624 5401 1806 5470 Legite
1836 5403 1916 5457 Ia-

337 5487 491 5543 bores
518 5503 704 5546 eorum
732 5508 744 5543 :
773 5491 826 5544 in
858 5491 1104 5545 omnibus
1130 5491 1397 5546 laboribus
1423 5507 1603 5547 eorum
1642 5495 1914 5566 prophetia

335 5578 564 5644 Christi;
611 5591 666 5636 et
708 5581 828 5636 ideo
864 5582 1231 5637 seminatores.
1264 5583 1468 5655 Moyses
1507 5593 1559 5638 et
1597 5587 1772 5640 creteri
1814 5587 1914 5641 l’a-

335 5673 584 5727 triarcba:
613 5683 668 5727 et
691 5688 877 5729 omnes
903 5674 1212 5747 Prophette,
1259 5685 1451 5745 quanta
1498 5677 1821 5744 pertulerunt
1861 5667 1933 5756 in.

334 5761 424 5818 illo
456 5763 656 5836 frigore
693 5767 905 5835 quando
946 5765 1315 5824 Seminabant?
1345 5766 1480 5837 Ergo
1505 5766 1614 5837 jam
1649 5767 1705 5824 in
1730 5768 1913 5828 Judtea

1451 333 1864 398 macram;
1895 338 2032 400 xw.
2069 305 2294 401 cipur
2356 343 2444 421 tv.

3453 352 3595 412 1522

2026 471 2216 513 ηιεεειε
2242 469 2424 529 parata
2451 468 2585 517 erat.
2613 461 2799 520 Merito
2822 464 2893 522 ibi
2924 473 3175 538 tanquam
3211 469 3417 526 matur'a
3445 488 3599 546 seges

2026 546 2143 615 fuit,
2171 553 2380 620 quando
2405 563 2483 610 tot
2507 555 2776 612 hominum
2805 558 2965 614 millia
2994 562 3162 631 pretia
3184 577 3363 619 rerum
3383 579 3599 622 suarum

2025 639 2345 711 aﬂ'erebant,
2375 655 2427 699 et
2452 646 2516 700 ad
2545 647 2708 716 pedes
2733 650 3106 720 Apostolorum
3138 666 3413 723 ponentes,
3440 672 3602 727 expe-

2023 731 2148 787 ditis
2179 736 2410 792 humeris
2436 755 2466 793 a
2494 743 2712 796 sarcinis
2739 745 3098 812 saecularibus,
3124 746 3392 802 Christum
3423 750 3603 807 Domio

2025 839 2152 878 num
2193 828 2593 896 sequebantur:
2631 849 2753 888 vere
2795 845 2996 888 matura
3043 839 3249 893 messis.
3301 839 3434 906 Quid
3479 841 3605 897 inde

2024 915 2221 972 factum
2249 919 2368 974 est?
2397 921 2469 976 De
2500 924 2609 991 ipsa
2640 941 2813 981 messe
2851 927 3015 995 ejecta
3060 939 3181 983 sunt
3220 945 3384 999 pauca
3414 945 3600 1000 grana,

2025 1016 2079 1063 et
2099 1011 2497 1068 seminaverunt
2517 1015 2696 1070 orbem
2722 1026 3003 1087 terrarum,
3031 1031 3083 1074 et
3104 1023 3269 1090 surgit
3289 1022 3386 1074 alia
3413 1024 3602 1078 messis

2023 1115 2141 1169 quae
2166 1102 2218 1156 in
2247 1105 2346 1157 line
2371 1107 2547 1159 srrculi
2577 1109 2818 1163 metenda
2841 1121 2941 1164 est.
2974 1113 3045 1165 De
3069 1113 3162 1165 ista
3191 1129 3363 1168 messe
3389 1113 3602 1180 dicitur,

2027 1193 2126 1258 Qui
2167 1195 2413 1249 seminant
2455 1197 2505 1250 in
2552 1199 2821 1268 lacrymis,
2869 1202 2919 1254 in
2968 1203 3153 1272 gaudio
3199 1213 3383 1257 metent
3427 1203 3601 1273 (Psal.

2022 1300 2164 1339 cxxv
2184 1328 2198 1351 ,
2226 1288 2301 1356 5).
2349 1289 2427 1341 Ad
2465 1289 2616 1343 istam
2647 1306 2772 1359 ergo
2801 1307 3024 1346 messem
3067 1309 3170 1347 non
3202 1294 3474 1362 Apostoli,
3509 1295 3605 1349 sed

2023 1376 2208 1443 Angeli
2274 1377 2549 1432 mittentur
2596 1397 2609 1433 :
2657 1380 2934 1445 Messores,
2995 1383 3188 1451 inquit,
3252 1383 3432 1454 Angeli
3484 1396 3605 1438 sunt

2023 1465 2235 1535 (Matth.
2253 1485 2366 1534 xm,
2393 1469 2504 1539 59).
2534 1471 2633 1524 Ista
2656 1487 2782 1541 ergo
2803 1472 2991 1527 messis
3011 1474 3202 1527 crescit
3223 1475 3359 1528 inter
3378 1474 3601 1541 zizania,

2022 1568 2075 1612 et
2101 1569 2370 1627 exspectat
2397 1564 2608 1631 purgari
2641 1563 2690 1615 in
2721 1564 2842 1617 line.
2875 1564 2964 1617 Illa
2993 1580 3117 1617 vero
3149 1567 3333 1620 messis
3356 1567 3463 1636 jam
3492 1582 3604 1620 ma-

2022 1659 2138 1703 tura
2160 1663 2294 1718 erat,
2319 1669 2422 1722 quo
2446 1655 2588 1722 prius
2609 1656 2752 1708 missi
2782 1666 2904 1709 sunt
2924 1656 3188 1726 discipuli,
3215 1659 3299 1712 ubi
3322 1657 3604 1726 Propheta:

2021 1741 2413 1797 laboraverunt.
2448 1745 2552 1798 Sed
2585 1754 2782 1810 tamen,
2815 1745 3022 1811 fratres,
3051 1747 3225 1801 videte
3255 1748 3379 1817 quid
3405 1749 3602 1803 dictum

2021 1833 2089 1887 sit
2119 1851 2130 1886 :
2164 1833 2332 1888 Simul
2357 1836 2573 1904 gaudeat
2602 1847 2648 1890 et
2675 1838 2760 1907 qui
2788 1840 2999 1891 seminat
3027 1849 3070 1892 et
3106 1841 3191 1909 qui
3225 1842 3379 1894 metit.
3420 1841 3606 1911 Dispu-

2019 1925 2146 1978 res‘
2177 1928 2430 1994 temporis
2461 1927 2668 1980 labores
2698 1929 2992 1983 habuerunt
3023 1947 3035 1983 :
3067 1931 3162 1984 sed
3188 1932 3376 2000 gaudio
3405 1931 3604 2001 puriter

2019 2014 2390 2083 perfruentur,
2431 2019 2726 2072 mercedem
2771 2019 2926 2072 simul
2971 2023 3237 2091 accepturi
3279 2032 3406 2078 sunt
3438 2024 3600 2078 vitam

2021 2114 2292 2160 mlernam.

2092 2195 2181 2249 '53.
2223 2194 2307 2249 Ea:
2335 2198 2527 2251 civitate
2552 2209 2716 2253 autem
2739 2203 2828 2255 illa
2857 2204 3000 2257 multi
3023 2205 3338 2260 crediderunt
3384 2207 3437 2260 in
3478 2224 3598 2262 eum

2023 2286 2356 2351 Samaritani,
2383 2301 2587 2362 propter
2614 2294 2815 2346 verbum
2865 2297 3086 2349 mulieris
3114 2299 3450 2352 testimonium
3482 2315 3600 2370 per-

2021 2378 2254 2456 hibentis,
2306 2380 2436 2445 Quia
2465 2383 2591 2436 dixit
2622 2385 2742 2436 mihi
2783 2387 2950 2438 omnia
2974 2404 3295 2458 quwcumquc
3322 2391 3435 2457 fe:i.
3476 2388 3603 2444 Cant

2021 2453 2264 2523 venissent
2287 2483 2451 2526 autem
2482 2475 2549 2527 ad
2566 2491 2678 2528 eum
2705 2475 3034 2541 Samaritant’,
3064 2467 3360 2548 rogaverunt
3381 2489 3436 2533 ut
3461 2481 3601 2549 apud

2022 2577 2103 2614 eos
2133 2575 2370 2629 maneret,
2400 2575 2446 2619 et
2471 2568 2655 2620 mansit
2702 2569 2767 2621 ibi
2809 2570 2935 2622 duos
2969 2572 3094 2624 dies.
3144 2572 3208 2624 Et
3234 2571 3394 2627 inulto
3433 2575 3602 2642 plures

2023 2653 2338 2708 crediderunt
2359 2666 2561 2727 propter
2580 2676 2856 2712 sermonem
2881 2662 2991 2732 ejus
3017 2678 3034 2714 :
3055 2672 3100 2715 et
3123 2665 3319 2718 mulieri
3337 2664 3564 2718 dicebant
3582 2681 3602 2718 :

2025 2744 2156 2809 Quia
2167 2747 2280 2816 jam
2301 2764 2399 2801 non
2417 2761 2621 2819 propter
2639 2759 2773 2802 luant
2795 2752 3039 2819 loquelam
3061 2755 3306 2808 credimus
3321 2757 3449 2825 ;ipsi
3469 2757 3604 2809 enim

2018 2843 2114 2890 nos
2157 2839 2460 2903 audivimus,
2504 2849 2551 2894 et
2600 2843 2783 2895 scimus
2825 2844 2941 2913 quia
2983 2845 3063 2897 hic
3107 2854 3178 2898 est
3217 2861 3326 2899 vere
3364 2846 3603 2900 Salvator

2021 2929 2216 2982 mamli.
2247 2931 2308 2982 Et
2331 2929 2432 2985 hoc
2475 2932 2744 3001 paululum
2777 2934 3300 2990 animadvertendum
3327 2947 3428 3004 esl,
3474 2938 3598 3008 quia

2021 3017 2180 3072 lectio
2211 3021 2486 3074 terminata
2514 3030 2612 3075 est.
2643 3022 2826 3078 Mulier
2869 3025 3095 3093 primum
3133 3028 3409 3094 nuntiavit,
3459 3037 3511 3082 et
3533 3029 3602 3084 ad

2021 3110 2258 3165 mulieris
2291 3112 2701 3168 testimonimum
2729 3116 3065 3171 crediderunt
3085 3117 3421 3186 Samaritaui,
3441 3129 3494 3174 et
3508 3137 3600 3175 ro-

2021 3212 2281 3269 gaverunt
2306 3217 2425 3257 eum
2457 3214 2514 3256 ut
2545 3205 2682 3274 apud
2713 3220 2806 3260 eos
2836 3218 3094 3274 maneret,
3127 3221 3179 3262 et
3206 3211 3398 3264 mansit
3422 3211 3490 3265 ibi
3513 3213 3596 3267 bi-

2021 3291 2148 3358 duo,
2180 3301 2233 3346 et
2264 3293 2440 3361 plures
2468 3294 2806 3350 crediderunt
2833 3315 2847 3349 :
2879 3305 3073 3351 etcum
3101 3299 3469 3366 credidissent,
3515 3303 3598 3357 di-

2021 3380 2213 3434 cebant
2244 3383 2471 3454 mulieri,
2505 3383 2622 3436 Non
2641 3386 2753 3454 jam
2787 3396 2990 3456 propter
3018 3387 3220 3442 verbum
3257 3402 3398 3443 tuum
3434 3393 3600 3446 mdi-

2021 3488 2151 3536 mus,
2182 3473 2271 3526 sed
2297 3475 2394 3544 ipsi
2419 3477 2738 3544 cognovimus
2757 3518 2771 3543 ,
2815 3487 2862 3530 et
2889 3479 3074 3532 scimus
3111 3481 3228 3551 quia
3257 3497 3367 3535 vere
3409 3483 3489 3536 hic
3526 3495 3602 3538 est

2023 3563 2259 3617 Salvator
2279 3565 2482 3630 mundi;
2530 3567 2700 3634 primo
2726 3583 2822 3637 per
2851 3568 3042 3622 famam
3071 3572 3112 3635 ³,
3138 3581 3320 3638 postea
3352 3587 3446 3642 per
3460 3588 3598 3643 prae-

2019 3654 2276 3706 sentiam.
2317 3653 2404 3708 Sic
2439 3655 2612 3724 agitur
2636 3655 2790 3710 hodie
2819 3673 2938 3710 cum
2983 3659 3060 3711 eis
3097 3661 3186 3727 qui
3217 3659 3341 3714 foris
3366 3672 3507 3725 sunt,
3548 3672 3603 3717 et

2020 3743 2253 3796 nondum
2284 3754 2406 3797 sunt
2431 3746 2734 3798 christiani:
2774 3746 3015 3800 Christus
3041 3749 3308 3802 nuntiatur
3335 3765 3427 3818 per
3458 3753 3601 3805 chri-

2019 3833 2220 3887 stianos
2246 3834 2445 3887 amicos
2465 3851 2479 3899 ;
2501 3846 2745 3904 tanquam
2768 3836 2854 3890 illa
2883 3837 3122 3903 muliere,
3147 3839 3248 3893 hoc
3262 3850 3344 3894 est
3361 3841 3598 3896 Ecclesia

2017 3925 2384 3990 annuntiante,
2416 3925 2482 3978 ad
2503 3925 2770 3980 Christum
2802 3929 3038 3994 veniunt,
3068 3929 3289 3984 credunt
3316 3946 3411 4000 per
3440 3933 3594 3987 istam

2018 4014 2240 4080 famam;
2272 4028 2449 4071 manet
2476 4019 2613 4086 apud
2636 4034 2728 4074 eos
2757 4020 2935 4085 biduo,
2961 4021 3061 4075 hoc
3100 4030 3202 4085 est,
3231 4023 3319 4076 dat
3354 4023 3455 4078 illis
3491 4026 3597 4080 duo

2021 4119 2281 4176 praecepta
2311 4108 2612 4175 charitatis;
2634 4119 2683 4164 et
2710 4113 2872 4164 multo
2897 4113 3074 4182 plures
3099 4122 3152 4166 et
3182 4115 3382 4185 firmius
3407 4116 3599 4172 incum

2018 4200 2266 4266 credunt,
2295 4201 2542 4270 quoniam
2575 4217 2696 4256 vere
2723 4202 2835 4270 ipse
2863 4213 2944 4257 est
2964 4203 3203 4258 Salvator
3226 4205 3429 4260 mundi.

2516 4312 2922 4370 TRACTATUS
2963 4315 3099 4371 XVI.

2019 4419 2094 4474 Ab
2115 4437 2171 4474 eo
2199 4419 2458 4492 Evangelii
2478 4424 2608 4489 loco,
2628 4425 2896 4480 I’ostduos
2911 4437 3086 4482 autem
3106 4429 3218 4484 dies
3244 4431 3370 4486 exiit
3389 4432 3529 4502 inde,
3548 4445 3603 4492 et

2091 4512 2219 4566 abiit
2247 4513 2295 4566 in
2322 4513 2622 4580 Galilaeam;
2652 4532 2807 4586 usque
2829 4519 2896 4571 ad
2920 4519 3004 4586 id,
3041 4521 3104 4574 Et
3128 4521 3354 4578 credidit
3379 4525 3513 4594 ipse,
3547 4535 3601 4582 et
3683 4523 3692 4535 ’

2091 4603 2280 4659 domus
2306 4604 2420 4673 ejus
2442 4613 2567 4658 tota.
2599 4606 2721 4676 Cap.
2753 4623 2826 4672 iv,
2873 4609 2907 4678 ᾖ
2932 4650 2944 4662 .
2969 4612 3151 4667 45-55.

2094 4719 2144 4771 I.
2163 4718 2424 4774 Hodierna
2446 4722 2744 4790 evangelica
2776 4723 2952 4788 lectio,
2981 4724 3214 4780 hesterni
3233 4727 3336 4782 diei
3360 4730 3601 4798 sequitur

2021 4808 2325 4875 lectionem,
2353 4828 2473 4881 quae
2502 4813 2655 4867 nobis
2691 4813 2756 4867 ad
2782 4814 3151 4883 disputandum
3184 4818 3509 4888 proponitur.
3539 4819 3596 4874 In

2021 4916 2122 4969 qua
2153 4901 2362 4970 quidem
2390 4919 2578 4958 sensus
2608 4919 2713 4958 non
2742 4916 2867 4959 sunt
2890 4907 3290 4977 investigatione
3327 4909 3590 4978 difﬁciles,
3665 4913 3671 4919 ’

2021 4991 2112 5046 sed
2145 4992 2286 5062 digni
2327 4995 2732 5063 praedicatione,
2765 4997 2906 5066 digni
2937 4999 3283 5054 admiratione
3324 5010 3376 5054 et
3416 5001 3602 5054 lauda-

2023 5083 2184 5136 tione.
2215 5084 2441 5138 Proinde
2479 5087 2648 5140 locum
2688 5088 2843 5141 istum
2874 5089 3139 5159 Evangelii
3171 5105 3292 5144 cum
3330 5105 3603 5146 commen-

2021 5175 2235 5230 datione
2255 5192 2732 5235 commemoremus
2755 5182 2944 5250 potius,
2972 5199 3128 5251 quam
3151 5197 3270 5235 cum
3291 5177 3600 5238 difficultate

2024 5276 2329 5322 tractemus.
2356 5267 2491 5321 Abiit
2514 5270 2654 5323 enim
2681 5271 2832 5325 Jesus
2859 5282 2978 5340 post
3003 5272 3214 5328 biduum
3239 5272 3377 5340 quod
3397 5271 3600 5328 fecerat

2021 5359 2073 5412 in
2098 5360 2334 5414 Samaria
2363 5360 2413 5413 in
2438 5359 2701 5414 Calilteam
2729 5363 2816 5416 ubi
2845 5364 3068 5417 nutritus
3093 5373 3226 5416 erat.
3253 5363 3478 5420 Secutus
3503 5381 3597 5420 au-

2021 5457 2128 5504 tem
2158 5450 2490 5520 Evangelista
2517 5454 2590 5506 ait
2618 5470 2630 5506 :
2659 5453 2781 5521 Ipse
2801 5454 2930 5506 enim
2953 5453 3101 5508 Iesus
3123 5457 3459 5510 testimonium
3480 5473 3599 5528 per-

2019 5540 2179 5594 hibuit
2216 5542 2332 5612 quia
2373 5543 2614 5612 propheta
2645 5545 2694 5596 in
2726 5547 2891 5613 patria
2916 5560 3008 5597 sua
3033 5545 3270 5602 honorem
3299 5565 3399 5603 non
3427 5548 3592 5602 habet.

2084 5717 2100 5748 ί
2127 5722 2177 5765 tn
2198 5717 2352 5766 tribus
2372 5724 2500 5780 Mss,
2523 5717 2742 5780 Disparts

2087 5781 2108 5814 ³
2133 5785 2262 5841 ιον..
2285 5793 2370 5844 per
2387 5779 2616 5842 feminam
2640 5791 2657 5832 .°
2687 5779 3084 5835 dissentientibus
3117 5784 3258 5838 editis
3279 5786 3383 5836 aliis
3413 5791 3464 5834 et
3484 5790 3597 5839 MSS.
