4082 6470
566 333 705 390 £593

567 442 680 504 Non
710 448 990 516 propterea
1021 443 1141 511 post
1164 432 1380 493 biduum
1417 429 1662 490 discessit
1686 425 1843 482 Iesus
1866 423 1933 516 de
1956 421 2144 478 Sama-

570 535 680 605 ria,
723 515 847 605 quia
890 531 1147 592 honorem
1197 527 1251 582 in
1295 524 1529 580 Samaria
1575 535 1680 574 non
1725 515 2003 573 habebat:
2038 527 2149 569 non

543 628 711 695 enim
738 624 976 682 Samaria
1015 620 1183 691 patria
1225 618 1388 686 ipsius
1425 621 1572 679 erat,
1614 609 1706 666 sed
1745 607 1984 664 Galilma.
2014 605 2148 660 Cum

569 734 703 790 ergo
732 718 887 772 istam
917 713 1239 770 deseruisset
1265 717 1370 763 tam
1401 706 1536 770 cito,
1570 712 1622 759 et
1655 701 1723 758 ad
1755 700 2024 758 Galilzeam
2053 711 2149 754 ve-

571 791 742 868 nisset
764 808 854 865 ubi
879 805 1108 861 nutritus
1131 810 1245 858 erat
1264 818 1278 864 ;
1307 796 1572 870 quomodo
1597 802 1872 851 attestatur
1894 792 2010 864 quia
2033 805 2154 859 pro-

575 903 726 973 pheta
750 901 801 954 in
832 898 996 970 patria
1023 911 1114 950 sua
1143 893 1380 946 honorem
1419 905 1519 941 non
1549 885 1734 939 habet?
1761 883 1921 952 Magis
1947 880 2152 938 videtur

574 972 812 1050 attestari
838 988 1072 1060 potuisse
1095 983 1235 1054 quod
1262 980 1515 1052 propheta
1548 979 1598 1033 in
1644 977 1805 1047 patria
1847 989 1942 1030 sua
1979 972 2151 1028 hono-

575 1101 691 1142 rem
711 1098 815 1139 non
839 1081 1079 1144 haberet,
1103 1077 1146 1132 si
1168 1080 1534 1129 contemneret
1556 1085 1772 1141 pergere
1794 1069 1843 1122 in
1858 1067 2150 1134 Galilmam,

576 1186 628 1230 et
658 1176 709 1230 in
741 1171 978 1230 Samaria
1007 1167 1365 1223 remansisset.
2025 1202 2029 1206 .
2105 1226 2119 1243 Ι

646 1266 700 1319 2.
731 1261 973 1319 lntendat
1001 1273 1127 1328 ergo
1152 1255 1393 1311 Charitas
1425 1262 1602 1310 vestra
1644 1251 1960 1306 insinuatum
2002 1247 2154 1302 nobis

579 1373 684 1414 non
722 1355 990 1412 modicum
1025 1358 1412 1408 sacramentum
1434 1389 1448 1412 ,
1493 1353 1807 1417 suggerente
1840 1342 2063 1398 Domino
2098 1349 2158 1396 et

577 1452 807 1506 donante
832 1447 973 1518 quod
998 1447 1204 1516 loquar.
1229 1444 1583 1512 Quaestionem
1610 1439 1933 1510 propositam
1961 1449 2157 1506 cogno-

580 1541 753 1608 vistis,
785 1539 1101 1594 solutionem
1123 1537 1237 1605 ejus
1261 1534 1541 1604 exquirite.
1573 1531 1677 1588 Sed
1703 1539 2004 1601 repetamus
2031 1542 2155 1597 pro-

580 1633 934 1706 positionem,
976 1639 1032 1684 ut
1074 1629 1390 1684 solutionem
1433 1623 1836 1684 desiderabilem
1882 1622 2155 1676 faciamus.

579 1726 761 1782 Movet
795 1739 890 1780 nos
919 1738 1014 1778 cur
1040 1720 1372 1790 Evangelista
1413 1717 1638 1783 dixerit,
1681 1715 1801 1785 Ipse
1841 1714 1975 1767 enim
2007 1711 2159 1766 Iesus

582 1817 917 1872 testimonium
940 1813 1184 1885 perhibuit
1208 1810 1341 1882 quod
1363 1809 1604 1880 praplzeta
1625 1808 1680 1861 in
1704 1806 1868 1874 patria
1891 1821 1983 1859 sua
2003 1805 2160 1858 bono-

582 1918 691 1962 rem
710 1921 812 1959 non
831 1902 996 1958 habet.
1014 1901 1127 1956 Hoc
1144 1899 1367 1970 permoti
1387 1897 1674 1954 reteximus
1688 1893 1848 1950 verba
1865 1892 2158 1963 superiora,

584 2003 647 2052 ut
663 1995 995 2052 inveniamus
1019 2008 1114 2049 cur
1137 1993 1238 2046 hoc
1260 1989 1595 2060 Evangelista
1619 1987 1796 2042 dicere
1820 1985 2078 2050 voluerit;
2103 1993 2161 2040 et

581 2086 882 2142 invenimus
917 2083 1188 2153 superiora
1233 2080 1394 2134 verba
1438 2079 1552 2147 ejus
1590 2078 1659 2131 ita
1694 2076 1992 2141 narrantis,
2023 2090 2158 2146 quo-

583 2179 725 2233 niam
755 2183 874 2246 post
897 2175 1116 2230 biduum
1145 2170 1410 2244 profectus
1441 2179 1523 2224 est
1559 2167 1626 2222 de
1661 2167 1894 2222 Samaria
1933 2168 1986 2219 in
2019 2165 2161 2222 Gali-

582 2268 758 2325 laeam.
788 2266 1010 2334 Propter
1035 2264 1135 2318 hoc
1163 2276 1290 2330 ergo
1312 2260 1489 2314 dixisti
1508 2301 1522 2322 .
1555 2276 1586 2314 o
1607 2258 1970 2328 Evangelista,
2007 2257 2157 2312 testi-

583 2357 820 2413 monium
852 2353 1184 2425 perhibuisse
1211 2352 1388 2406 Jesum
1432 2349 1571 2419 quod
1612 2347 1866 2418 propheta
1909 2349 1959 2402 in
1989 2349 2160 2418 patria

583 2461 679 2503 sua
710 2447 965 2502 honorem
997 2459 1104 2500 non
1133 2443 1384 2506 haberet;
1415 2441 1534 2510 quia
1561 2447 1683 2510 post
1707 2439 1919 2494 biduum
1951 2439 2161 2509 reliquit

583 2537 913 2601 Samariam,
957 2544 1011 2590 et
1049 2533 1351 2604 properavit
1387 2532 1564 2586 venire
1607 2531 1660 2585 in
1699 2530 2007 2586 Galilmam?
2046 2530 2158 2585 lmo

584 2643 714 2684 vero
739 2627 889 2698 quasi
915 2625 1097 2682 videor
1122 2623 1251 2679 mihi
1284 2622 1657 2693 congruentius
1686 2621 2006 2692 intelligere,
2029 2622 2156 2692 quia

583 2722 629 2776 si
668 2722 924 2775 honorem
956 2718 1007 2772 in
1035 2716 1201 2786 patria
1231 2730 1324 2771 sua
1353 2714 1508 2769 Jcsus
1537 2727 1641 2769 non
1677 2713 1924 2778 haberet,
1955 2727 2065 2768 non
2091 2713 2157 2770 ad

583 2811 823 2867 eamdem
853 2808 1035 2865 relicta
1061 2807 1298 2864 Samaria
1324 2805 1612 2861 festinaret.
1641 2804 1744 2859 Sed
1773 2805 1823 2860 ni
1851 2805 2021 2873 fallor,
2049 2805 2158 2860 imo

580 2903 702 2974 quia
731 2916 914 2958 verum
939 2909 1039 2963 est,
1067 2907 1120 2953 et
1149 2913 1253 2952 non
1281 2896 1457 2963 fallor,
1483 2895 1670 2951 melius
1690 2896 1829 2950 enim
1853 2910 2009 2966 quam
2035 2910 2154 2968 ego,

580 2993 712 3050 vidit
738 2991 1073 3062 Evangelista
1115 2988 1241 3060 quid
1278 2987 1508 3053 diceret,
1553 2987 1740 3042 melius
1769 3001 1854 3042 me
1882 2988 2157 3043 veritatem

580 3083 814 3151 videbat,
845 3082 932 3152 qui
960 3096 1075 3138 eam
1106 3080 1173 3136 de
1195 3088 1414 3150 pectore
1441 3079 1651 3136 Domini
1681 3079 1912 3134 bibebat.
1937 3079 2054 3150 Ipse
2077 3088 2159 3136 est

579 3174 724 3230 enim
748 3173 978 3230 Joannes
1006 3172 1347 3241 evangelista,
1377 3171 1464 3240 qui
1493 3171 1631 3226 inter
1659 3185 1846 3228 omnes
1871 3172 2159 3241 discipulos

579 3281 743 3338 super
769 3274 952 3337 pectus
975 3265 1181 3320 Domini
1208 3262 1606 3328 discumbebat;
1637 3270 1691 3318 et
1718 3277 1874 3333 quem
1905 3263 2158 3322 Dominus

577 3360 890 3446 cbgritatem
918 3360 1115 3416 debens
1141 3359 1407 3421 omnibus,
1439 3366 1617 3412 tamen
1651 3371 1762 3429 pra:
1795 3357 2003 3412 cmteris
2035 3357 2158 3412 dili-

577 3453 738 3523 gebat
765 3451 940 3523 (Joan.
978 3466 1094 3517 xm,
1134 3449 1224 3514 25,
1253 3457 1300 3502 et
1340 3463 1459 3516 xxx,
1484 3447 1598 3519 20).
1629 3447 1771 3518 Ergo
1815 3447 1905 3503 ille
1943 3448 2156 3504 fallere-

580 3553 686 3610 tur,
728 3551 783 3600 et
828 3557 927 3613 ego
956 3551 1097 3597 recta
1137 3539 1428 3598 sentirem?
1457 3539 1571 3596 lmo
1613 3539 1662 3593 si
1707 3539 1791 3609 pie
1815 3539 1993 3608 sapio,
2027 3539 2158 3596 obe-

584 3634 791 3691 dienter
826 3633 1036 3689 audiam
1065 3631 1206 3702 quod
1257 3629 1422 3698 dixit,
1468 3637 1526 3686 ut
1559 3643 1771 3686 merear
1798 3629 1997 3686 sentire
2017 3629 2160 3700 quod

585 3726 770 3787 sensit.

652 3817 707 3874 '5.
737 3815 977 3886 Accipite
1004 3813 1212 3886 itaque,
1251 3812 1582 3879 cbarissimi,
1622 3813 1749 3885 quid
1788 3811 1873 3867 hic
1911 3812 2159 3881 sentiam,

582 3908 699 3965 sine
722 3906 1057 3976 prtejudicio,
1084 3906 1129 3960 si
1160 3920 1253 3962 vos
1289 3905 1480 3961 melius
1502 3904 1702 3976 aliquid
1731 3907 2024 3962 senseritis.
2053 3906 2162 3964 Ma-

581 3997 804 4067 gistrum
829 3997 971 4051 enim
1001 4010 1163 4050 unum
1183 4010 1374 4050 omnes
1397 3994 1675 4062 habemus,
1697 3995 1826 4050 etin
1851 4010 1956 4049 una
1978 3995 2162 4052 schola

581 4084 930 4155 condiscipuli
951 4099 1154 4140 sumus.
1184 4086 1295 4140 lloc
1314 4100 1441 4154 ergo
1465 4085 1663 4150 sentio,
1687 4093 1746 4140 et
1777 4085 1951 4142 videte
1978 4087 2026 4144 si
2053 4103 2162 4145 non

582 4184 675 4232 aut
700 4189 881 4230 verum
913 4183 1028 4241 est,
1055 4183 1146 4229 aut
1181 4173 1501 4245 propinquat
1541 4175 1746 4229 veritati
1788 4177 1928 4246 quod
1965 4178 2159 4238 sentio.

583 4266 645 4322 in
670 4265 906 4322 Samaria
937 4265 1154 4321 biduum
1182 4265 1302 4320 fecit
1321 4306 1336 4330 ,
1365 4274 1417 4319 et
1446 4265 1785 4320 crediderunt
1823 4267 1876 4320 in
1913 4283 2034 4323 eum
2061 4269 2160 4325 Sa-

584 4356 831 4412 maritani
865 4373 878 4410 :
913 4364 988 4411 tot
1028 4355 1142 4411 dies
1185 4356 1238 4410 in
1283 4353 1499 4412 Galilaea
1541 4355 1692 4421 fecit,
1723 4365 1778 4412 et
1805 4374 1910 4414 non
1945 4359 2000 4415 in
2037 4376 2161 4418 eum

581 4445 922 4503 crediderunt
959 4445 1183 4502 Galilaai.
1227 4444 1473 4501 Retexite
1511 4445 1596 4500 vel
1637 4447 1857 4504 recolite
1904 4451 2160 4507 memoria

583 4538 818 4596 hesterni
842 4539 946 4596 diei
975 4547 1029 4594 et
1052 4540 1333 4595 lectionem
1363 4549 1416 4594 et
1442 4554 1764 4596 sermonem.
1796 4541 1953 4598 Venit
1981 4543 2031 4598 in
2063 4545 2160 4601 Sa-

580 4632 824 4698 mariam,
848 4632 936 4688 ubi
959 4646 1080 4687 eum
1104 4632 1275 4702 primo
1292 4631 1483 4687 mulier
1503 4632 1592 4687 illa
1616 4631 2016 4704 praedicaverat,
2038 4652 2159 4693 cum

577 4737 686 4795 qua
713 4723 782 4780 ad
808 4732 1020 4794 puteum
1049 4723 1213 4780 Iacob
1252 4725 1457 4781 loeutus
1490 4734 1606 4782 erat
1641 4741 1830 4798 magna
1868 4731 2154 4801 mysteria:

577 4829 645 4874 eo
672 4817 787 4872 viso
808 4815 1126 4873 Samaritan‘i
1154 4825 1209 4871 et
1231 4817 1412 4873 audito
1434 4818 1775 4874 crediderunt
1803 4822 1857 4875 in
1883 4837 2003 4877 eum
2037 4837 2159 4893 pro-

577 4915 697 4976 pter
722 4906 939 4963 verbum
964 4906 1226 4974 mulieris,
1255 4915 1311 4964 et
1334 4907 1540 4964 ﬁrmius
1569 4911 1908 4967 crediderunt
1942 4923 2157 4984 propter

577 4996 800 5056 verbum
823 4997 961 5064 ejus,
989 5006 1044 5054 et
1068 4998 1249 5068 plures
1275 5000 1615 5057 crediderunt
1637 5021 1650 5056 :
1676 5005 1755 5059 sic
1781 5007 2030 5076 scripturn
2053 5017 2154 5064 est.

577 5090 655 5147 lbi
679 5090 822 5148 laeto
839 5091 1002 5148 biduo
1024 5092 1150 5164 (quo
1169 5108 1392 5149 numero
1415 5095 1622 5151 dierum
1643 5099 1866 5168 mystice
1884 5115 2158 5157 commen-

575 5179 733 5238 datus
758 5191 843 5238 est
865 5181 1092 5238 duorum
1136 5197 1391 5239 numerus
1424 5195 1836 5256 praceptorum,
1881 5190 1932 5245 in
1966 5192 2157 5262 quibus

573 5271 785 5328 duobus
802 5275 1083 5345 praceptis
1101 5283 1207 5329 tota
1227 5275 1338 5331 Lex
1355 5277 1552 5346 pendet
1569 5287 1623 5333 et
1643 5278 1922 5351 Prophetas
1941 5281 2152 5355 [Ματιή.

576 5375 723 5428 uti,
754 5362 980 5436 5740],
1019 5366 1155 5421 sicut
1193 5365 1441 5422 hesterno
1486 5368 1572 5423 die
1613 5384 1712 5425 nos
1754 5374 2155 5434 commendasse

575 5453 952 5524 mministis),
978 5458 1148 5528 pergit
1170 5457 1222 5512 in
1241 5457 1534 5525 Galilaeam,
1566 5470 1619 5515 et
1639 5464 1784 5518 venit
1807 5465 1858 5518 in
1886 5466 2152 5524 civitatem

575 5541 778 5601 Canam
815 5543 1081 5614 Galilaiae,
1118 5549 1209 5604 ubi
1239 5564 1428 5619 aquam
1459 5551 1639 5606 vinum
1675 5552 1817 5609 fecit.
1866 5556 1940 5610 lbi
1979 5569 2154 5615 autem

575 5634 788 5705 quando
816 5651 1004 5706 aquam
1038 5640 1091 5693 in
1124 5642 1305 5696 vinum
1334 5645 1626 5712 convertit,
1657 5647 1794 5702 sicut
1820 5650 2004 5706 scribit
2040 5651 2155 5724 ipse

574 5725 834 5798 Joannes,
868 5727 1208 5811 crediderunt
1235 5733 1289 5791 in
1317 5748 1437 5793 eum
1465 5734 1709 5812 discipuli
1747 5739 1860 5813 ejus
1889 5740 2062 5815 (locis.
2091 5760 2152 5818 ιι,

1504 316 1567 371 ΙΝ
1605 310 1884 374 JOANNIS
1921 300 2386 368 ΕγΑΝςεωυυ,
2411 302 2468 362 S.
2510 303 2874 364 AUGUSTINI

2256 419 2410 488 1-H)
2441 435 2455 472 :
2485 426 2539 476 et
2574 419 2756 493 utique
2793 421 2948 490 plena
2982 427 3097 474 erat
3124 417 3312 476 domus
3341 416 3508 475 turbis
3544 417 3830 476 convivan-

2255 511 2406 568 tium.
2436 507 2654 566 Factum
2683 519 2766 566 εει
2791 519 2896 564 tam
2925 524 3174 579 magnum
3202 507 3534 573 miraculum.
3563 516 3750 564 etnon
3775 508 3828 564 in

2254 616 2374 657 eum
2406 599 2742 656 crediderunt
2771 600 2874 656 nisi
2913 599 3162 669 discipuli
3198 599 3331 669 ejus.
3374 601 3521 656 lianc
3561 599 3828 656 civitatem

2256 698 2484 755 Galilaea:
2511 697 2671 753 modo
2697 696 2960 767 repetivit.
2988 695 3054 752 Et
3076 712 3189 750 ecce
3209 695 3416 766 quidam
3439 695 3662 764 regulus,
3683 695 3831 764 cujus

2253 791 2395 864 ﬁlius
2423 789 2806 860 inﬁrmabatur,
2852 788 2981 842 venit
3019 787 3088 842 ad
3125 803 3270 851 eum,
3301 796 3347 840 et
3387 802 3566 856 rogare
3605 785 3754 855 erepit
3779 793 3835 841 stt

2258 879 2608 946 descenderet,
2634 879 2700 934 ad
2725 879 2868 932 illam
2892 878 3157 934 civitatem
3181 877 3267 931 vel
3289 877 3508 933 domum
3523 915 3538 941 ,
3565 883 3612 930 et
3636 884 3837 931 semet

2258 972 2422 1042 [ilium
2447 973 2594 1042 ejus;
2623 970 2893 1041 incipiebat
2929 971 3061 1023 enim
3101 969 3252 1024 mori.
3296 967 3399 1036 Qui
3443 967 3688 1038 rogabat,
3731 982 3836 1022 non

2259 1063 2551 1120 credebat?
2577 1063 2711 1134 Quid
2738 1078 2766 1115 a
2795 1078 2879 1118 me
2907 1070 3184 1131 exspectas
3209 1060 3430 1118 audire?
3457 1060 3738 1116 Dominum
3761 1061 3840 1114 in-

2261 1163 2467 1225 terrege
2509 1154 2638 1224 quid
2667 1155 2731 1208 de
2761 1154 2851 1208 illo
2882 1153 3124 1210 senserit.
3164 1151 3396 1221 Rogatus
3425 1151 3570 1208 enim
3601 1150 3720 1204 talia
3753 1165 3838 1207 re-

2262 1246 2474 1316 spondit
2503 1265 2516 1300 :
2552 1245 2669 1300 Nisi
2701 1246 2846 1316 signa
2870 1254 2918 1299 et
2948 1244 3178 1314 prodigia
3203 1243 3424 1298 uideritis
3442 1285 3457 1309 ,
3487 1259 3589 1298 non
3618 1242 3838 1298 creditis.

2264 1338 2450 1406 Arguit
2475 1337 2744 1392 hominem
2788 1337 2843 1391 in
2881 1337 2986 1392 [ide
3026 1336 3292 1406 tepidum,
3325 1344 3414 1392 aut
3442 1333 3722 1404 frigidum,
3753 1343 3844 1389 aut

2265 1428 2480 1482 omnino
2507 1428 2700 1484 nullius
2725 1427 2846 1484 ﬁdei
2877 1445 2888 1479 :
2917 1426 3009 1484 sed
3039 1434 3244 1482 tentare
3279 1425 3578 1496 cupientem
3607 1425 3675 1481 de
3703 1425 3846 1480 sani-

2267 1526 2372 1573 tate
2396 1519 2484 1574 [itii
2508 1519 2608 1585 sui,
2635 1519 2805 1589 qualis
2825 1527 2966 1579 esset
2983 1516 3246 1585 Christus.
3268 1519 3386 1588 quis
3405 1526 3568 1585 esset,
3587 1527 3843 1588 quantum

2265 1619 2465 1680 posset.
2493 1609 2663 1666 Verba
2684 1610 2828 1670 enim
2846 1611 3079 1681 rogantis
3101 1609 3416 1670 audivimus.
3440 1625 3535 1665 cor
3557 1609 3845 1666 difﬁdentis

2267 1717 2374 1754 non
2399 1700 2638 1756 videmus
2670 1720 2682 1755 :
2709 1701 2801 1756 sed
2834 1702 2920 1756 ille
2949 1701 3333 1771 pronuntiavit,
3361 1702 3450 1771 qui
3478 1709 3532 1755 et
3559 1701 3718 1757 verba
3751 1716 3846 1755 au-

2264 1793 2396 1848 divit
2436 1800 2490 1848 et
2531 1807 2624 1848 cor
2665 1793 2917 1865 inspexit.
2967 1792 3203 1862 Denique
3247 1800 3305 1850 et
3354 1792 3468 1861 ipse
3509 1791 3845 1862 Evangelista

2267 1886 2570 1942 testimonio
2598 1886 2915 1944 narrationis
2941 1900 3050 1942 suae
3075 1885 3309 1944 ostendit
3330 1885 3449 1954 quia
3475 1884 3710 1942 nondum
3729 1899 3848 1940 cre-

2269 1978 2505 2047 diderat,
2537 1979 2628 2050 qui
2668 1979 2846 2034 venire
2879 1978 2944 2035 ad
2981 1978 3200 2038 domum
3238 1993 3388 2036 suam
3430 1978 3710 2036 Dominum
3749 1992 3845 2033 eu-

2268 2071 2466 2142 piebat,
2498 2070 2563 2125 ad
2592 2071 2881 2126 sanandum
2913 2070 3077 2128 ﬁliuni
3101 2070 3238 2140 ejus.
3262 2069 3397 2126 Nam
3425 2079 3766 2141 posteaquam
3793 2071 3846 2126 ei

2268 2164 2564 2218 nuntiatum
2603 2170 2686 2218 est
2709 2177 2898 2218 sanum
2925 2176 3048 2219 esse
3084 2162 3248 2222 tilium
3279 2162 3423 2232 ejus.
3449 2170 3506 2220 et
3543 2161 3743 2218 invenit
3782 2175 3847 2217 ea

2268 2254 2397 2310 hora
2424 2267 2686 2322 sanatum,
2715 2269 2815 2326 qua
2840 2255 2968 2310 hora
2992 2254 3246 2314 Dominus
3268 2254 3494 2322 dixerat,
3528 2253 3697 2323 Vada
3709 2255 3848 2323 ﬁlius

2270 2356 2384 2400 tuus
2408 2347 2561 2410 vivit;
2590 2357 2636 2401 et
2660 2346 2902 2413 credidit,
2937 2346 3128 2416 inquit,
3152 2346 3281 2416 ipse,
3309 2355 3356 2400 et
3384 2345 3560 2400 deum
3585 2346 3697 2415 ejus
3717 2353 3844 2401 tota.

2267 2437 2324 2494 Si
2361 2452 2486 2508 ergo
2526 2445 2807 2508 propterea
2845 2437 3069 2494 credidit
3099 2437 3214 2507 ipse
3241 2445 3296 2495 et
3321 2437 3511 2497 domus
3551 2435 3668 2506 ejus
3712 2444 3845 2503 tota,

2267 2527 2387 2599 quia
2419 2529 2688 2584 nuntiatus
2716 2536 2799 2584 est
2824 2529 2873 2582 ei
2912 2528 3052 2584 ﬁlius
3079 2528 3196 2598 ejus
3220 2543 3411 2595 sanus,
3441 2536 3498 2588 et
3518 2528 3851 2598 comparavit

2268 2617 2454 2674 horam
2483 2619 2831 2674 nuntiantium
2866 2619 3012 2676 horae
3051 2620 3485 2689 prmnuntiantis;
3514 2619 3728 2690 quando
3755 2635 3849 2675 ro-

2265 2711 2455 2780 gabat,
2488 2711 2723 2768 nondum
2759 2711 3027 2770 credebat.
3058 2711 3374 2768 Samaritani
3401 2713 3604 2769 nullum
3635 2714 3849 2784 signum

2267 2813 2731 2874 exspectaverant,
2759 2804 2921 2860 verbo
2944 2803 3062 2874 ejus
3084 2805 3452 2862 tantummodo
3473 2804 3846 2863 crediderant:

2267 2895 2412 2950 cives
2437 2905 2615 2964 autem
2642 2895 2759 2966 ejus
2779 2895 2963 2950 audire
2989 2903 3316 2962 meruerunt,
3345 2893 3464 2952 Nisi
3485 2897 3630 2966 signa
3655 2905 3703 2954 et
3729 2912 3854 2966 pro-

2268 2984 2405 3054 digia
2437 2985 2686 3054 videritis,
2717 3002 2819 3040 non
2849 2984 3086 3050 creditis;
3113 2995 3168 3042 et
3207 2985 3279 3042 ibi
3317 2993 3493 3046 tamen
3534 2985 3675 3043 facto
3699 2995 3855 3042 tanto

2265 3076 2560 3143 miraculo,
2592 3091 2699 3132 non
2728 3077 2951 3134 credidit
2979 3076 3080 3132 nisi
3107 3077 3222 3147 ipse
3261 3085 3318 3134 et
3355 3076 3545 3134 domus
3585 3077 3724 3146 ejus.
3764 3075 3854 3134 Ad

2267 3167 2438 3222 solum
2465 3183 2770 3224 sermonem
2795 3167 3134 3224 crediderunt
3170 3167 3347 3236 plures
3380 3166 3700 3224 Samaritani
3734 3185 3749 3224 :
3779 3167 3854 3224 ad

2265 3258 2397 3316 illud
2430 3259 2738 3313 miraculum
2774 3259 2885 3313 sola
2915 3259 3002 3312 illa
3029 3259 3220 3313 domus
3244 3258 3496 3324 credidit,
3528 3258 3616 3315 ubi
3649 3257 3853 3318 factum

2267 3359 2365 3416 est.
2399 3350 2533 3417 Quid
2562 3351 2748 3422 igitur,
2781 3349 2971 3408 fratres
2992 3391 3006 3417 ,
3035 3351 3164 3422 quid
3190 3350 3343 3410 nobis
3365 3350 3706 3410 commendat
3737 3351 3855 3407 Do-

2267 3441 2480 3498 minus?
2509 3441 2658 3498 Tunc
2681 3442 2894 3498 Galilma
2919 3442 3116 3500 Judazze
3138 3443 3309 3513 patria
3332 3451 3450 3498 erat
3473 3443 3702 3508 Domini.
3723 3444 3856 3514 quia

2267 3531 2340 3588 ibi
2361 3533 2588 3590 nutritus
2616 3541 2698 3590 est
2733 3551 2745 3586 :
2782 3547 2923 3588 nunc
2949 3549 3077 3590 vero
3100 3535 3222 3604 quia
3250 3533 3517 3603 portendit
3537 3532 3738 3602 aliquid
3764 3548 3855 3590 res

2266 3624 2392 3691 illa;
2435 3641 2543 3681 non
2580 3627 2723 3684 enim
2761 3627 2875 3682 sine
2911 3642 3070 3683 causa
3103 3626 3244 3682 dicta
3279 3634 3406 3688 sunt
3438 3625 3712 3696 prodigia,
3748 3625 3856 3682 nisi

2266 3717 2388 3789 quia
2412 3717 2610 3788 aliquid
2634 3717 2956 3787 portendunt
2984 3735 2997 3771 :
3027 3717 3323 3788 prodigium
3357 3715 3500 3773 enim
3519 3715 3855 3786 appellatum

2267 3817 2348 3864 est
2386 3809 2535 3880 quasi
2575 3809 2929 3879 porrodicium
2952 3811 2993 3877 ί,
3013 3808 3158 3879 quod
3187 3822 3346 3878 porro
3370 3808 3547 3876 dicat,
3585 3820 3751 3877 porro
3781 3807 3858 3863 si-

2265 3901 2498 3972 gniﬁcet,
2527 3909 2582 3956 et
2605 3901 2803 3972 aliquid
2830 3901 3063 3956 futurum
3087 3915 3207 3957 esse
3229 3899 3508 3970 portendat
3533 3916 3546 3952 :
3569 3897 3694 3968 quia
3717 3911 3858 3968 ergo

2266 3992 2462 4064 aliquid
2508 3993 2595 4047 illa
2638 3994 2814 4048 omnia
2857 3993 3269 4063 portendebant.
3300 3992 3495 4062 aliquid
3535 3972 3624 4047 illa
3666 3991 3858 4047 omnia

2267 4085 2645 4154 praedicebant,
2676 4084 2930 4142 faciamus
2955 4086 3116 4142 modo
3141 4100 3240 4142 nos
3265 4085 3487 4155 patriam
3511 4084 3722 4142 Domini
3755 4100 3860 4142 no-

2266 4175 2363 4231 stri
2387 4174 2512 4231 Jesu
2541 4174 2735 4230 Christi
2765 4175 3054 4233 secundum
3083 4190 3298 4233 carnem
3322 4175 3464 4248 (non
3491 4174 3636 4232 enim
3664 4173 3860 4232 habuit

2267 4264 2491 4335 patriam
2523 4265 2574 4321 in
2605 4274 2768 4332 terra,
2797 4266 2902 4322 nisi
2927 4266 3218 4324 secundum
3243 4280 3483 4332 carnem,
3510 4279 3671 4336 quam
3696 4279 3856 4321 acce-

2267 4354 2345 4426 pit
2369 4355 2423 4410 in
2443 4357 2648 4428 terra);
2678 4358 2928 4414 faciamus
2955 4373 3085 4428 ergo
3109 4357 3332 4427 patriam
3356 4357 3566 4416 Domini
3595 4357 3857 4426 populum

2237 4445 2590 4519 ,Judaaorum.
2623 4448 2763 4504 Ecce
2803 4449 2856 4504 in
2902 4449 3070 4519 patria
3109 4463 3203 4504 sua
3241 4449 3498 4507 honorem
3528 4463 3636 4506 non
3664 4447 3855 4506 habet.

2264 4537 2420 4595 Modo
2444 4539 2659 4595 attende
2683 4539 2988 4597 Judaeorum
3017 4541 3198 4598 turbas
3213 4582 3228 4607 ,
3254 4541 3468 4601 attende
3490 4540 3601 4610 jam
3633 4550 3858 4610 gentem

2266 4630 2408 4686 illam
2438 4630 2731 4702 dispersam
2760 4640 2872 4688 toto
2895 4631 3025 4690 orbe
3051 4640 3344 4700 terrarum,
3373 4640 3429 4689 et
3452 4630 3684 4689 evulsam
3704 4631 3860 4688 radi-

2266 4722 2415 4778 cibus
2434 4722 2574 4790 suis;
2597 4723 2812 4779 attende
2832 4737 3010 4780 ramos
3029 4722 3248 4790 fractos,
3265 4722 3530 4789 concisos,
3545 4721 3857 4791 dispersos.
3884 4780 3894 4794 _

2265 4815 2470 4880 aridos,
2502 4815 2695 4886 quibus
2736 4815 2916 4870 fractis
2961 4815 3124 4872 inseri
3168 4815 3363 4871 meruit
3397 4813 3634 4869 oleaster
3666 4811 3860 4883 (Rom.

2263 4921 2355 4973 ιι,
2392 4907 2484 4976 17)
2513 4923 2525 4958 :
2555 4905 2676 4961 vide
2719 4905 2925 4962 turbam
2964 4905 3304 4974 Judzeorum,
3333 4904 3458 4976 quid
3495 4903 3626 4962 dicit
3653 4904 3863 4962 modo?

2263 4995 2433 5063 Quem
2477 4994 2684 5062 colitis,
2728 5010 2885 5064 quem
2925 4995 3186 5061 adoratis,
3218 4995 3379 5051 frater
3403 5005 3584 5051 noster
3609 4999 3752 5049 erat.
3786 4993 3864 5050 Et

2263 5104 2362 5144 nos
2398 5087 2848 5158 respondeamus,
2890 5087 3149 5159 Pmpheta
3183 5088 3245 5142 in
3283 5089 3449 5160 patria
3476 5103 3571 5144 sua
3605 5087 3864 5142 honorem

2264 5196 2364 5235 non
2392 5180 2557 5234 habet.
2590 5179 2825 5252 Denique
2849 5178 2926 5235 illi
2954 5178 3315 5237 ambulantem
3351 5179 3634 5235 Dominum
3661 5175 3862 5234 Jesum

2265 5273 2316 5327 in
2337 5281 2500 5340 terra,
2519 5271 2907 5344 facientemque
2926 5269 3176 5328 miracula
3196 5289 3210 5338 ;
3237 5285 3409 5328 caecos
3427 5271 3860 5335 illuminantem,

2264 5366 2636 5423 surdis‘aures
2677 5366 3041 5438 aperientem,
3085 5373 3354 5422 mutorum
3395 5379 3488 5421 ora
3525 5363 3859 5430 solventem,

2264 5459 2671 5532 paralyticorum
2697 5457 2932 5516 membra
2965 5458 3345 5529 stringentem,
3374 5473 3536 5528 super
3559 5471 3706 5514 mare
3733 5471 3865 5514 am-

2264 5549 2530 5605 bulantem
2551 5591 2568 5617 ,
2608 5550 2779 5606 ventis
2814 5549 3166 5620 imperantem
3209 5558 3264 5605 et
3301 5548 3573 5614 ﬂuctibus,
3604 5555 3862 5604 mortuos

2264 5641 2644 5707 suscitantem;
2676 5650 2820 5696 tanta
2857 5641 3006 5710 signa
3050 5641 3330 5698 facientem
3362 5639 3642 5710 viderunt,
3673 5649 3729 5696 et
3758 5639 3860 5698 vix

2327 5756 2347 5790 ⁸
2370 5761 2422 5808 ιιι
2442 5752 2694 5819 NW
2713 5759 2842 5818 υεειο
