4118 6512
299 365 326 418 1
335 362 446 420 525

297 476 427 531 inde
455 476 606 546 pauci
627 474 983 534 credidemnt.
1010 473 1212 544 Populo
1237 473 1330 538 Dei
1355 474 1544 546 loquor
1567 493 1582 532 :
1607 483 1713 532 tam
1733 472 1884 532 multi

297 563 662 634 credidimus,
689 581 809 636 qua}
843 565 991 635 signa
1021 565 1284 622 vidimus?
1310 564 1440 621 Illud
1469 581 1596 638 ergo
1622 565 1763 638 quod
1803 563 1883 624 fa.-

295 666 447 728 ctum
495 667 578 713 est
624 665 776 726 tunc,
806 656 910 712 hoc
946 657 1088 728 quod
1129 649 1271 712 nunc
1309 657 1481 728 agitur
1517 656 1881 730 portendebat.

297 745 477 804 Judaei
507 750 719 804 fuerunt
753 749 837 806 vel
878 758 1002 805 sunt
1038 749 1239 806 similes
1263 750 1528 818 Galilazis;
1557 765 1655 806 nos
1683 747 1884 806 similes

298 837 410 896 illis
438 839 806 897 Samaritanis.
840 842 1183 913 Evangelium
1228 843 1555 909 audivimus,
1597 840 1884 912 Evangelia

299 931 704 1000 consensimus,
740 949 836 1004 per
867 933 1209 1004 Evangelium
1255 935 1306 989 in
1351 934 1618 990 Christum
1657 931 1884 990 credidi-

297 1041 457 1092 mus;
493 1025 636 1080 nulla
664 1022 811 1096 signa
839 1025 1084 1095 vidimus,
1117 1027 1256 1082 nulla
1285 1027 1562 1097 exigimus.

371 1118 425 1171 i.
460 1117 711 1184 Quamvis
739 1119 880 1174 enim
905 1135 1044 1174 unus
1073 1135 1135 1174 ex
1162 1118 1442 1174 duodecim
1467 1117 1654 1174 electis
1677 1125 1730 1173 et
1757 1130 1882 1196 sane

297 1207 431 1272 ctis,
471 1218 643 1262 tamen
675 1208 908 1264 Israelita
946 1209 1071 1276 fuit,
1103 1210 1168 1264 de
1208 1217 1366 1280 gente
1401 1209 1606 1264 scilicet
1636 1208 1880 1276 Domini,

295 1295 535 1353 Thomas
574 1297 694 1366 ille,
737 1299 826 1371 qui
864 1301 916 1354 in
949 1300 1061 1354 loca
1100 1302 1377 1356 vulnerum
1422 1293 1613 1373 digitos
1642 1299 1884 1371 cupiebat

295 1388 532 1443 mittere.
563 1389 806 1444 Sic-eum
834 1383 1006 1461 arguit
1036 1385 1289 1445 Dominus
1317 1389 1582 1460 quomodo
1615 1391 1773 1448 ismm
1798 1405 1882 1448 re-

295 1479 503 1549 gulum.
534 1479 671 1535 Huic
699 1477 849 1547 dixit,
883 1477 1001 1535 Nisi
1029 1482 1170 1553 signa
1199 1491 1244 1536 et
1277 1483 1508 1556 prodigia
1536 1483 1754 1539 videritis
1783 1500 1882 1540 non

296 1571 504 1625 creditis
527 1588 546 1626 :
576 1571 650 1626 illi
677 1581 851 1627 aulem
882 1573 1045 1638 dixit,
1081 1565 1221 1640 Quia.
1251 1562 1420 1630 vidisti
1438 1617 1453 1643 ,
1496 1559 1768 1630 credidisti.
1799 1573 1884 1634 Ad

296 1661 551 1718 Galilmos
576 1673 812 1727 venerat,
846 1675 964 1734 post
1002 1664 1364 1720 Samaritanos
1394 1666 1480 1736 qui
1508 1667 1740 1724 sermoni
1769 1667 1882 1736 ejus

295 1753 667 1818 crediderant,
696 1754 835 1826 apud
861 1773 994 1827 quos
1033 1759 1176 1814 nulla
1206 1759 1456 1814 miracula
1487 1747 1717 1827 fecerat,
1748 1775 1881 1832 quos

298 1848 487 1905 ﬁrmos
518 1851 570 1904 in
613 1848 714 1905 ﬁde
740 1863 956 1906 securus
980 1847 1085 1906 cito
1111 1851 1418 1919 dimiserat,
1446 1854 1566 1923 quia
1596 1853 1884 1914 divinitatis

299 1941 584 2008 prmsentia
606 1956 712 1996 non
737 1941 1025 1997 dimiserat.
1058 1937 1199 2014 Ergo
1223 1944 1434 2013 quando
1459 1943 1669 2000 dicebat
1697 1945 1880 2002 Domi-

298 2047 398 2084 nus
429 2031 674 2100 Thomre,
707 2030 852 2099 Veni,
881 2033 1017 2087 mitte
1046 2045 1249 2090 ntanum
1279 2043 1436 2104 tuam,
1467 2045 1512 2092 et
1538 2037 1640 2092 ηοιὶ
1668 2053 1773 2095 esse
1797 2040 1879 2094 itt-

297 2121 560 2188 credatas,
605 2123 693 2177 sed
722 2122 924 2192 ﬁdelis;
953 2133 1005 2179 et
1047 2137 1167 2179 cum
1214 2118 1302 2179 ille
1329 2123 1679 2196 exclamaret,
1729 2129 1883 2186 tactis

297 2211 582 2266 vulnerum
611 2211 776 2279 locis,
824 2223 877 2270 et
903 2215 1138 2280 diceret,
1187 2213 1434 2271 Dominus
1473 2234 1643 2284 meus,
1673 2227 1720 2274 et
1745 2217 1882 2286 Deus

299 2319 439 2357 meus
469 2320 488 2356 :
534 2305 837 2377 increpatur
880 2315 933 2360 et
982 2306 1174 2361 dicitur
1229 2307 1309 2373 ei,
1347 2309 1479 2374 Quia
1520 2310 1729 2379 vidisti,
1775 2328 1883 2367 cre-

300 2395 494 2451 didisti.
525 2397 731 2465 Quare,
760 2398 861 2452 nisi
897 2399 1013 2470 quia
1050 2399 1294 2469 prOpheta
1329 2401 1382 2454 in
1411 2402 1576 2472 patria
1599 2419 1691 2458 sua
1717 2403 1881 2460 Itono-

299 2506 402 2542 rem
458 2508 557 2544 non
608 2491 788 2545 habet?
828 2491 959 2561 Quia
1007 2507 1132 2546 vero
1178 2492 1318 2562 apud
1374 2489 1697 2565 alienigenas
1753 2511 1880 2566 pro-

299 2580 460 2651 pheta
503 2582 603 2638 iste
640 2582 896 2638 honorem
936 2583 1124 2647 habet,
1169 2581 1295 2654 quid
1322 2585 1590 2656 sequitur?
1614 2585 1759 2642 Beati
1797 2589 1882 2657 qui

300 2691 399 2726 non
428 2675 658 2728 viderunt
698 2683 742 2728 et
775 2674 1125 2728 crediderunt‘
1160 2673 1336 2745 (Joan.
1368 2692 1460 2742 xx,
1492 2668 1698 2746 25-99).
1732 2667 1879 2733 Prai—

299 2763 422 2817 dicti
447 2779 630 2819 sumus
652 2781 778 2830 nos;
808 2771 861 2820 et
888 2766 1028 2835 quod
1056 2765 1308 2821 Dominus
1332 2776 1453 2821 ante
1480 2765 1729 2834 laudavit,
1755 2767 1880 2824 etin

298 2856 454 2910 nobis
495 2856 718 2924 implere
760 2857 1001 2928 dignatus
1040 2865 1140 2910 est.
1171 2855 1429 2912 Viderunt
1467 2857 1556 2927 qui
1599 2855 1879 2914 cruciﬁxe-

300 2953 444 3011 runt,
478 2947 853 3017 palpaverunt,
883 2953 936 3001 et
964 2947 1037 3000 sic
1064 2948 1214 3016 pauci
1245 2947 1582 3002 crediderunt
1611 2967 1623 3002 :
1654 2964 1752 3005 nos
1775 2965 1881 3008 non

297 3035 547 3101 vidimus,
576 3053 680 3092 non
701 3038 1166 3105 contrectavimus,
1193 3037 1509 3104 audivimus,
1536 3038 1876 3097 credidimus.

298 3126 413 3182 Fiat
457 3129 510 3183 in
557 3129 740 3198 nobis,
786 3131 1087 3200 perficiatur
1127 3130 1178 3184 in
1221 3127 1372 3186 nobis
1415 3129 1680 3186 beatitudo
1723 3149 1882 3204 quam

301 3219 579 3288 promisit;
620 3228 673 3275 et
701 3221 816 3287 hic,
859 3221 980 3292 quia
1010 3221 1190 3292 patrim
1222 3221 1387 3292 ipsius
1431 3221 1631 3290 praelati
1662 3239 1880 3293 sumus;

299 3318 350 3365 et
379 3311 435 3365 in
484 3309 661 3367 futuro
703 3313 928 3380 sazeulo,
975 3313 1096 3384 quia
1139 3329 1233 3384 pro
1277 3313 1436 3374 ramis
1480 3311 1660 3370 fractis
1699 3311 1882 3374 inserti

299 3416 506 3459 sumus.

367 3495 424 3550 5.
467 3494 577 3550 Hos
600 3493 742 3550 enim
767 3505 947 3553 ramos
970 3510 1028 3552 se
1063 3493 1349 3552 tracturum
1376 3511 1494 3552 esse
1522 3497 1880 3568 monstrabat,

301 3596 351 3642 et
392 3587 539 3642 hunc
589 3588 877 3644 oleastrum
919 3589 1272 3658 inserturum,
1326 3587 1538 3659 quando
1587 3601 1884 3650 commotus

302 3679 640 3736 Centurionis
680 3679 811 3749 ﬁde,
842 3677 932 3754 qui
974 3681 1021 3737 ei
1061 3679 1224 3747 dixit,
1265 3701 1282 3734 ‹
1315 3681 1429 3738 Neu
1461 3697 1578 3738 sum
1607 3681 1796 3755 dignus
1827 3692 1884 3739 ut

302 3773 400 3829 sub
441 3782 639 3830 tectum
674 3783 851 3829 meum
891 3773 1087 3839 intres;
1121 3773 1215 3828 sed
1252 3777 1454 3828 tantum
1480 3771 1566 3828 dic
1591 3774 1789 3842 verbo,
1831 3781 1885 3828 et

302 3867 576 3921 sanabitur
601 3881 732 3936 puer
757 3879 907 3921 meus
932 3883 944 3918 :
975 3881 1096 3919 nam
1123 3873 1174 3920 et
1201 3877 1298 3934 ego
1324 3864 1484 3919 homo
1513 3879 1628 3919 sum
1661 3863 1759 3920 sub
1785 3881 1881 3935 po-

302 3964 492 4012 testate
518 3958 865 4023 coustitutus,
905 3955 1105 4011 habens
1149 3951 1245 4010 sub
1281 3966 1365 4010 me
1406 3955 1629 4023 milites,
1670 3963 1723 4010 et
1765 3953 1883 4012 dico

303 4046 449 4115 huic,
478 4046 649 4114 Vade,
672 4053 726 4102 et
749 4045 924 4112 vadit;
957 4053 1009 4102 et
1028 4047 1168 4111 huic,
1195 4045 1347 4113 Veni,
1372 4055 1426 4101 et
1451 4045 1620 4112 ‘venit;
1652 4053 1706 4102 et
1727 4061 1884 4103 servo

303 4154 446 4205 meo,
479 4137 586 4192 Fac
610 4136 740 4205 hoc,
773 4146 826 4193 et
852 4137 993 4192 facit.
1040 4137 1338 4193 Conversus
1371 4135 1438 4192 ad
1474 4151 1567 4192 eos
1595 4136 1684 4207 qui
1711 4147 1768 4192 Se
1795 4151 1882 4200 se-

303 4230 637 4301 quebantur,
668 4227 818 4295 dixit,
849 4227 1020 4284 Amen
1053 4227 1171 4283 dico
1201 4228 1378 4294 vobis,
1410 4238 1516 4281 non
1560 4225 1735 4282 inveni
1764 4231 1883 4282 tan-

303 4327 410 4374 tam
437 4318 596 4374 tidem
621 4319 674 4372 in
693 4317 876 4374 Israel.
904 4336 923 4371 ι
955 4319 1129 4386 Quare
1150 4330 1253 4372 non
1277 4317 1480 4373 invenit
1503 4324 1701 4372 tantam
1725 4317 1883 4374 ﬁdem

302 4410 354 4464 in
386 4409 588 4464 Israel?
630 4409 764 4476 Quia
804 4411 1047 4481 propheta
1087 4409 1142 4463 in
1185 4409 1349 4480 patria
1375 4419 1466 4462 sua
1508 4409 1746 4461 honorem
1783 4423 1884 4462 non

303 4501 472 4555 habet.
502 4499 769 4571 Numquid
800 4513 904 4556 non
939 4505 995 4555 et
1028 4497 1104 4554 illi
1138 4498 1430 4555 centurioni
1468 4503 1673 4566 poterat
1707 4491 1884 4553 dicere

302 4592 580 4656 Dominus,
615 4591 756 4662 quod
780 4590 912 4646 dixit
935 4587 1059 4645 huic
1081 4590 1286 4660 regulo,
1327 4587 1486 4656 Vade,
1522 4599 1643 4658 puer
1671 4595 1783 4641 tuus
1808 4585 1883 4641 vi-

299 4683 406 4736 ta't?
454 4681 648 4738 Videte
672 4681 1066 4737 distinctionem
1091 4697 1104 4736 :
1137 4681 1353 4751 regulus
1388 4680 1486 4734 iste
1510 4679 1788 4734 Dominum
1817 4677 1884 4734 ad

301 4772 521 4831 domum
549 4785 699 4827 suam
721 4772 1045 4829 descendere
1071 4771 1344 4842 cupiebat;
1377 4769 1466 4825 ille
1489 4769 1729 4824 centurio
1751 4765 1886 4822 indl-

301 4878 466 4934 gnum
497 4877 560 4919 se
581 4877 700 4918 esse
719 4861 946 4918 dicebat.
969 4861 1052 4918 illi
1075 4861 1364 4927 dicebatur,
1393 4860 1502 4932 Ego
1523 4860 1665 4914 venio
1686 4861 1708 4892 ⁸
1734 4869 1780 4913 et
1799 4873 1887 4913 ctr-

301 4957 425 5010 rabo
449 4967 601 5019 eum;
629 4953 753 5009 huic
772 4950 971 5008 dictum
997 4961 1078 5008 est
1094 4992 1116 5020 ,
1146 4949 1302 5018 Vade,
1337 4950 1472 5020 ﬁlius
1500 4957 1612 5004 tuas
1639 4950 1776 5005 vivit.
1803 4948 1884 5005 IllI

303 5047 646 5116 praesentiam
669 5045 1044 5116 promittebat;
1076 5044 1217 5099 hunc
1240 5043 1402 5099 verbo
1427 5041 1663 5098 sanabat.
1690 5043 1792 5098 iste
1815 5049 1885 5098 ta-

302 5153 426 5194 men
462 5139 803 5208 prasentiam
828 5138 942 5209 ejus
979 5137 1352 5208 extorquebat;
1385 5135 1474 5191 ille
1505 5148 1565 5192 se
1603 5133 1886 5206 praesentia

303 5233 421 5302 ejus
447 5231 719 5302 indignum
747 5243 867 5288 esse
902 5229 1133 5285 dicebat.
1155 5228 1272 5284 ilic
1289 5241 1500 5283 cessum
1529 5235 1610 5283 est
1636 5228 1884 5296 elationi;

305 5324 412 5379 illic
438 5335 752 5380 concesSum
773 5331 857 5380 est
878 5321 1180 5378 humilitati.
1205 5320 1478 5391 Tanquam
1506 5319 1626 5376 huic
1649 5319 1847 5377 diceret
1865 5363 1881 5389 ,

313 5412 474 5480 Vade,
518 5415 658 5482 ﬁlius
681 5422 798 5469 tuus
823 5414 973 5481 vivit,
1001 5413 1110 5468 nell
1136 5412 1264 5467 mihi
1305 5411 1517 5466 taedium
1543 5410 1736 5466 facere.
1767 5409 1888 5464 Nisi

305 5507 451 5577 signa
491 5516 540 5561 et
569 5507 802 5579 prodigia
841 5506 1091 5572 vid-eritis,
1137 5521 1238 5558 non
1277 5503 1521 5559 creditis:
1549 5504 1885 5574 praesentiam

305 5613 480 5654 meam
509 5600 591 5654 vis
620 5599 675 5656 in
703 5599 868 5655 domo
894 5605 1001 5666 tua,
1033 5611 1248 5667 possum
1277 5605 1332 5652 et
1347 5596 1511 5652 verbo
1529 5595 1745 5668 jubere;
1774 5595 1886 5652 noli

368 5733 386 5796 ξ
410 5738 541 5793 Mss,
564 5729 647 5796 qui
666 5744 759 5782 non
779 5732 938 5796 rident
959 5737 1004 5782 et
1023 5734 1241 5796 credunt.

368 5794 390 5824 ³
413 5791 547 5856 μοιτί,
576 5791 673 5858 Ego
693 5793 895 5846 vatiam.
919 5795 1088 5846 caeteri
1110 5793 1238 5856 libri,
1263 5800 1359 5858 Ego
1376 5791 1525 5845 vento.

1437 357 1845 420 TRAGTATUS
1869 351 2020 438 xvi.
2059 355 2280 418 CAPUT
2319 355 2411 416 to.

3422 365 3562 424 i526

1991 479 2048 528 tu
2067 471 2133 528 de
2158 473 2319 544 signis
2349 472 2565 532 credere
2591 491 2604 526 :
2637 474 2877 530 centurio
2899 474 3192 548 alienigena
3219 477 3442 533 credidit
3471 494 3555 534 me

1990 566 2156 622 verbo
2194 582 2348 636 posse
2385 567 2590 636 facere,
2630 577 2686 626 et
2725 576 3008 638 antequem
3033 568 3267 624 iacerem
3301 561 3560 640 credidit;

1991 660 2106 724 Vos,
2135 659 2230 713 nisi
2255 660 2401 730 signa
2427 670 2470 714 et
2499 661 2731 733 prodigia
2754 661 2975 717 videritis
2993 704 3007 728 ,
3035 673 3136 715 non
3169 654 3388 718 creditis.
3421 653 3566 735 Ergo

1989 751 2036 806 si
2062 750 2130 806 ita
2161 759 2260 818 est,
2291 751 2596 823 frangantur
2623 752 2834 824 superbi
2861 753 3016 821 rami,
3047 751 3263 810 humilis
3298 753 3563 812 inseratur

1989 843 2256 900 oleaster:
2290 855 2502 902 maneat
2524 855 2700 906 tamen
2721 847 2894 914 radix,
2923 847 3027 904 illis
3054 847 3314 918 praecisis,
3345 847 3460 906 istis
3488 863 3566 906 re-

1989 934 2176 1004 ceptis.
2210 934 2310 991 Ubi
2337 944 2520 994 manet
2553 937 2743 994 radix?
2773 935 2830 992 In
2856 931 3198 994 Patriarehis.
3229 938 3441 995 Etenim
3467 953 3563 1009 pa-

1989 1015 2089 1084 tria
2108 1026 2300 1082 Christi
2326 1028 2551 1100 populus
2573 1028 2757 1096 Israel,
2776 1022 2894 1101 quia
2921 1044 2987 1086 ex
3008 1030 3088 1085 eis
3112 1031 3256 1088 venit
3271 1023 3564 1091 secundum

1987 1131 2202 1175 carnem
2228 1138 2239 1173 :
2273 1120 2367 1176 sed
2394 1119 2550 1191 hujus
2570 1122 2773 1178 arboris
2795 1122 2966 1188 radix,
2994 1121 3283 1189 Abraham,
3313 1112 3479 1190 Isaac,
3510 1130 3568 1180 et

1988 1208 2172 1279 Jacob,
2210 1212 2524 1282 patriarchae
2550 1214 2737 1272 sancti.
2781 1211 2846 1269 Et
2870 1215 2960 1272 ubi
2985 1215 3102 1272 isti?
3131 1214 3187 1270 In
3215 1216 3401 1292 requie
3426 1211 3568 1294 apud

1989 1303 2154 1359 Deum
2173 1345 2187 1370 ,
2220 1305 2272 1358 in
2306 1303 2508 1360 honore
2536 1320 2762 1376 magno:
2794 1305 2924 1361 utin
2953 1305 3181 1363 Abrahae
3206 1307 3378 1364 sinum
3412 1305 3566 1376 adju-

1987 1404 2073 1452 tus
2095 1398 2112 1428 ¹
2143 1397 2233 1453 ille
2275 1413 2483 1468 pauper
2508 1408 2630 1470 post
2657 1400 2895 1468 corporis
2940 1400 3145 1455 exitum
3185 1399 3480 1467 levaretur,
3511 1387 3568 1453 et

1987 1488 2040 1542 in
2063 1488 2291 1543 Abrahae
2312 1489 2431 1543 sinu
2454 1490 2521 1546 de
2544 1491 2834 1560 longinquo
2856 1505 2888 1544 a
2913 1479 3142 1560 superbo
3169 1491 3330 1546 divite
3352 1491 3559 1545 videre-

1989 1588 2076 1638 tur
2097 1578 2243 1649 (Luc.
2273 1596 2383 1646 xw,
2405 1579 2497 1648 22,
2518 1580 2630 1651 ea).
2651 1581 2794 1653 Ergo
2815 1580 2968 1636 radix
2990 1588 3188 1652 manet,
3212 1580 3364 1642 radix
3382 1579 3565 1654 lauda:

1988 1679 2074 1730 tur
2099 1689 2112 1728 :
2143 1671 2238 1730 sed
2268 1673 2402 1728 rami
2429 1673 2643 1744 superbi
2675 1682 2731 1729 et
2755 1673 2973 1744 praecidi
2997 1681 3053 1729 et
3078 1687 3325 1730 arescere
3348 1687 3561 1734 merue-

1987 1773 2142 1829 runt;
2171 1765 2400 1826 oleaster
2421 1774 2599 1826 autem
2620 1765 2834 1826 humilis
2854 1766 3064 1824 illorum
3084 1765 3399 1838 praecisione
3420 1765 3566 1822 inve-

1987 1855 2064 1914 nit
2081 1859 2276 1914 locum.
2448 1876 2452 1881 ’

2058 1946 2110 2001 6.
2140 1947 2278 2020 Audi
2303 1962 2431 2022 ergo
2455 1947 2900 2020 quemadmodum
2928 1949 3282 2020 praecidantur
3311 1948 3446 2005 rami
3471 1962 3566 2008 na-

1987 2040 2204 2105 turales,
2237 2039 2680 2110 quemadmodum
2726 2041 2992 2096 inseratur
3030 2040 3289 2106 oleaster,
3333 2053 3402 2094 ex
3447 2038 3566 2109 ipso

1986 2126 2295 2186 c'enturiOne
2314 2173 2328 2199 ,
2369 2143 2524 2203 quem
2555 2140 2772 2202 propter
2803 2131 3256 2200 comparationem
3295 2126 3451 2198 hujus
3479 2135 3566 2183 re-

1986 2220 2092 2292 guli
2120 2221 2644 2276 commemorandum
2674 2222 2875 2292 putavi.
2904 2221 3082 2288 Amen,
3114 2218 3304 2290 inquit,
3335 2219 3452 2271 dico
3473 2233 3564 2271 υσδ

1986 2309 2090 2377 bis,
2120 2327 2220 2366 non
2255 2312 2420 2366 inveni
2446 2319 2636 2365 tantam
2662 2313 2814 2380 ﬁdem
2849 2313 2903 2365 in
2927 2310 3091 2365 Israel
3113 2325 3132 2363 :
3160 2318 3422 2380 propterea
3451 2309 3566 2361 dico

1985 2403 2142 2468 vobis,
2173 2403 2292 2472 quia
2310 2403 2454 2456 multi
2477 2403 2539 2457 ab
2563 2403 2754 2457 oriente
2776 2410 2822 2457 et
2846 2401 3116 2456 occidente.
3143 2399 3314 2467 Quam
3334 2400 3440 2454 late
3461 2406 3567 2453 ter-

1985 2507 2097 2548 ram
2114 2493 2718 2563 occupaveratoleaster!
2737 2494 2930 2548 Amara
2947 2489 3077 2547 silva
3093 2490 3326 2546 mundus
3336 2488 3422 2545 hic
3435 2488 3534 2543 fuit
3549 2505 3564 2544 :

1986 2585 2079 2640 sed
2106 2593 2324 2655 propter
2349 2584 2694 2640 humilitatem
2712 2624 2726 2650 ,
2761 2593 2978 2653 propter
3002 2580 3124 2637 Non
3150 2593 3261 2638 sum
3302 2579 3486 2657 digna;
3510 2587 3576 2631 ut

1985 2678 2074 2733 sub
2111 2687 2294 2732 tectum
2327 2693 2490 2731 meum
2515 2677 2702 2743 intres,
2735 2674 2889 2730 Multi
2927 2675 2990 2728 ab
3018 2675 3208 2729 oriente
3235 2683 3280 2726 et
3317 2669 3568 2726 occidente

1986 2769 2201 2823 uenient.
2233 2769 2301 2823 Et
2341 2777 2465 2838 puta
2503 2767 2623 2838 quia
2651 2768 2862 2822 venient
2891 2783 2902 2818 :
2935 2765 3060 2836 quid
3099 2765 3166 2820 de
3201 2764 3310 2818 illis
3352 2763 3480 2817 flet?
3507 2761 3566 2816 Si

1987 2859 2129 2914 enim
2150 2859 2386 2924 venient,
2410 2859 2516 2927 jam
2537 2856 2746 2927 praecisi
2767 2863 2888 2910 sunt
2905 2855 2974 2909 de
2994 2855 3122 2908 silva
3146 2873 3159 2907 :
3187 2853 3275 2908 ubi
3296 2851 3565 2905 inserendi

1987 2958 2131 3015 sunt,
2177 2963 2244 3004 ne
2267 2947 2548 3004 arescant?
2576 2947 2644 3000 Et
2684 2946 2988 3010 recumbmtt,
3017 2945 3213 3014 inquit,
3245 2955 3361 2995 cum
3397 2941 3564 2994 Abra-

1987 3042 2127 3104 ham,
2159 3050 2206 3096 et
2234 3040 2404 3108 Isaac,
2427 3049 2476 3094 et
2498 3039 2677 3092 Iacob.
2704 3039 2759 3092 in
2781 3049 2888 3107 quo
2913 3036 3183 3099 convivio;
3212 3047 3282 3088 ne
3301 3033 3437 3088 forte
3458 3045 3565 3086 non

1987 3130 2180 3186 invites
2203 3130 2268 3185 ad
2297 3139 2506 3199 semper
2526 3128 2812 3183 vivendum
2831 3167 2844 3190 ,
2877 3128 2971 3180 sed
3004 3124 3070 3179 ad
3108 3124 3336 3178 multum
3374 3120 3564 3176 biben-

1987 3223 2148 3278 dum?
2196 3220 2498 3276 Recumbent
2538 3235 2652 3273 cum
2681 3218 2967 3281 Abmltam,
2995 3224 3043 3269 et
3084 3214 3266 3277 Isaac,
3309 3221 3357 3266 et
3382 3211 3562 3266 Iacob.

1993 3316 2128 3372 Ubi?
2158 3307 2222 3369 In
2249 3329 2423 3385 regno,
2450 3313 2652 3383 inquit,
2698 3311 2952 3365 certorum.
2985 3307 3056 3362 Et
3081 3305 3212 3376 quid
3234 3305 3336 3360 erit
3358 3304 3425 3358 de
3457 3304 3566 3358 illis

1988 3408 2077 3477 qui
2105 3414 2366 3462 venerunt
2401 3405 2469 3460 de
2502 3405 2668 3474 stirpe
2704 3401 2970 3457 Abrahae?
3011 3398 3138 3470 quid
3171 3399 3259 3453 ilet
3300 3397 3367 3453 de
3402 3396 3576 3450 ramis

1987 3501 2176 3571 quibus
2200 3499 2360 3554 arbor
2395 3497 2550 3568 plena
2581 3494 2737 3550 erat?
2771 3492 2937 3560 Quid,
2978 3490 3082 3545 nisi
3114 3490 3238 3560 quia
3269 3486 3568 3559 praeciden-

1989 3601 2095 3660 tur,
2151 3602 2210 3648 ut
2259 3592 2344 3646 isti
2398 3588 2736 3645 inserantur?
2787 3587 2931 3641 Doce
2981 3583 3104 3653 quia
3165 3581 3564 3650 prmcidentur:

1989 3683 2115 3737 Fiiii
2160 3692 2327 3736 autem
2353 3682 2494 3752 regni
2531 3681 2670 3734 ibunt
2695 3679 2751 3732 in
2789 3675 3014 3731 tenebras
3038 3672 3312 3728 exteriores
3350 3667 3564 3741 (Matth.

1989 3785 2103 3841 Vm,
2133 3773 2314 3844 54!).
2784 3833 2794 3840 _
2961 3797 2964 3800 η

2061 3869 2114 3922 ’1.
2143 3867 2348 3922 Habeat
2385 3877 2512 3935 ergo
2540 3861 2678 3934 apud
2706 3873 2805 3916 nos
2831 3860 3090 3914 honorem
3120 3854 3417 3924 Propheta,
3443 3853 3566 3924 quin

1990 3969 2096 4017 non
2118 3959 2302 4015 habuit
2327 3958 2586 4013 honorem
2614 3956 2667 4010 in
2699 3952 2868 4025 patria
2894 3964 3008 4007 sua.
3045 3949 3160 4005 Non
3187 3947 3376 4003 habuit
3393 3945 3566 4001 hono-

1989 4065 2104 4110 rem
2127 4053 2181 4107 in
2206 4051 2411 4123 patria,
2451 4050 2508 4104 in
2531 4061 2634 4119 qua
2661 4044 2903 4102 conditus
2935 4050 3050 4109 est;
3075 4041 3270 4096 habent
3309 4039 3570 4094 honorem

1990 4149 2047 4204 in
2093 4145 2261 4218 patria
2303 4156 2459 4214 quam
2497 4139 2750 4196 condidit.
2802 4137 2860 4191 In
2899 4134 2990 4190 illa
3023 4133 3166 4190 enim
3201 4130 3450 4187 conditus
3487 4138 3572 4184 est

1990 4237 2238 4294 conditor
2268 4226 2525 4298 omnium,
2553 4230 2800 4286 conditus
2821 4228 2879 4282 in
2901 4226 2993 4281 illa
3019 4231 3106 4281 est
3129 4221 3421 4279 secundum
3457 4220 3568 4276 for-

1991 4339 2132 4386 mam
2159 4332 2320 4383 servi.
2343 4325 2473 4381 Nam
2498 4323 2671 4394 ipsam
2694 4319 2960 4377 civitatem
2989 4317 3045 4372 in
3064 4326 3166 4386 qua
3193 4307 3438 4368 conditus
3465 4318 3568 4379 est,

1991 4423 2158 4493 ipsam
2185 4419 2336 4487 Sion,
2364 4419 2533 4488 ipsam
2559 4413 2859 4471 Iudaeorum
2889 4403 3128 4481 gentem,
3159 4407 3328 4478 ipsam
3352 4403 3571 4460 Jerusa-

1989 4515 2098 4571 lem
2119 4556 2134 4581 ,
2165 4513 2278 4583 ipse
2320 4507 2554 4568 condidit
2580 4500 2700 4563 cum
2729 4512 2873 4562 esset
2909 4500 3049 4573 apud
3089 4500 3305 4558 Patrem
3332 4495 3570 4553 Verbum

1990 4606 2122 4678 Dei:
2153 4601 2342 4660 Omnia
2376 4601 2520 4657 enim
2561 4613 2649 4669 per
2683 4597 2851 4668 ipsum
2888 4593 3025 4664 facta
3051 4597 3202 4657 tavit,-
3245 4597 3292 4642 et
3328 4587 3435 4641 sine
3457 4586 3571 4656 ipso

1992 4701 2179 4771 factum
2205 4703 2282 4751 est
2301 4692 2448 4749 nihil.
2474 4689 2554 4746 De
2575 4688 2666 4744 illo
2693 4699 2824 4758 ergo
2838 4684 3056 4741 homine
3073 4682 3146 4738 de
3167 4693 3279 4752 quo
3299 4678 3571 4771 hodieau-

1991 4768 2240 4853 iuvimus,
2273 4791 2412 4841 unus
2437 4781 2698 4840 mediator
2721 4778 2817 4834 Dei
2839 4783 2894 4832 et
2917 4775 3192 4831 hominum
3221 4771 3384 4826 horno
3415 4768 3570 4825 Chri-

1991 4887 2105 4936 stus
2129 4878 2284 4934 Jesus
2313 4877 2356 4947 (ι
2390 4875 2520 4930 Tim.
2553 4886 2620 4940 ιι,
2655 4871 2745 4942 Β),
2786 4869 2947 4925 etiam
2983 4867 3228 4923 Psalmus
3253 4863 3570 4936 praelocutus

1992 4975 2095 5038 est,
2125 4969 2342 5036 dicens,
2371 4966 2538 5022 Mater
2563 4963 2721 5028 Sion,
2761 4961 2891 5016 dicet
2922 4960 3090 5015 homo.
3116 4957 3342 5026 Quidam
3372 4953 3534 5008 homo
3554 4991 3568 5015 ,

1991 5062 2252 5119 mediator
2288 5058 2384 5115 Dei
2413 5063 2468 5115 et
2503 5054 2779 5112 hominum
2817 5053 3010 5120 homo,
3057 5049 3228 5106 Mater
3255 5046 3383 5102 Sion
3420 5041 3568 5097 dicit.

1991 5155 2167 5223 Quare
2205 5152 2372 5207 Mater
2399 5149 2526 5206 Sion
2567 5145 2734 5202 dicit?
2762 5144 2897 5212 Quia
2928 5141 3052 5199 inde
3076 5137 3284 5208 accepit
3321 5145 3534 5190 carnem
3553 5171 3570 5199 ,

1992 5245 2116 5301 inde
2142 5245 2293 5314 virgo
2313 5242 2498 5309 Maria,
2523 5239 2593 5296 de
2620 5237 2771 5310 cujus
2792 5243 2948 5293 utero
2967 5233 3106 5292 servi
3130 5231 3298 5287 forma
3325 5230 3571 5295 suscepta

1992 5346 2102 5403 est,
2141 5338 2195 5392 in
2222 5350 2325 5408 qua
2366 5334 2614 5406 dignatus
2640 5341 2722 5389 est
2747 5343 3004 5403 apparere
3029 5322 3374 5381 humillimus.
3403 5318 3574 5375 Mater

1992 5429 2122 5487 Sion
2149 5428 2279 5484 dicit
2306 5429 2498 5494 homo,
2529 5436 2584 5483 et
2615 5425 2776 5481 homo
2804 5424 2904 5478 iste
2931 5421 3022 5491 qui
3055 5416 3184 5472 dicit
3216 5414 3383 5469 Mater
3408 5411 3568 5477 Sion,

1994 5519 2170 5578 factus
2191 5528 2276 5576 est
2297 5519 2353 5574 in
2376 5534 2461 5586 ea,
2489 5519 2636 5572 homo
2669 5519 2832 5588 factus
2857 5519 2928 5568 est
2949 5512 3005 5566 in
3028 5521 3106 5564 ea.
3131 5505 3265 5562 Nam
3291 5504 3432 5562 Deus
3456 5509 3574 5560 erat

2057 5669 2075 5699 ι
2099 5665 2218 5716 mm
2239 5671 2339 5714 Am.
2361 5662 2471 5712 Bad.
2497 5666 2549 5712 et
2567 5667 2668 5722 ετ..
2678 5661 2856 5724 justus,
2881 5652 3246 5724 vlndoctnensh
3261 5655 3368 5709 ³⁸η
3402 5641 3574 5724 941'}:

1929 5715 1935 5720 ’
1993 5709 2337 5780 εισι-’ἦῖνεῖ
2361 5709 2579 5774 alii
2603 5709 2753 5784 ’ώῖιξί
2764 5719 2962 5782 adjutus
2987 5731 3006 5772 :
3037 5709 3174 5783 quod
3205 5723 3379 5765 nonest
3417 5709 3574 5769 ipmm

1995 5791 2151 5842 [arari
2175 5795 2251 5839 est
2273 5789 2660 5850 interpretatum.
