4118 6492
492 377 635 439 Im

490 506 616 556 ante
642 507 784 562 eam,
813 498 871 548 et
901 488 1065 546 homo
1094 484 1261 543 factus
1288 491 1370 539 est
1396 482 1449 537 in
1475 497 1561 537 ea.
1589 478 1688 548 Qui
1720 477 1882 533 homo
1908 474 2077 529 t'actus

491 603 574 652 est
604 594 658 650 in
692 607 757 649 ea
777 634 792 658 ,
817 590 927 663 ipse
949 586 1176 661 fundavit
1196 600 1306 638 eam
1333 578 1620 636 Altissimus
1647 574 1815 647 (Psal.
1837 587 2034 628 Lxxxw
2057 611 2072 638 ,

492 685 573 756 5),
600 700 707 740 non
728 682 1076 738 humillimus.
1100 676 1268 732 Homo
1289 678 1449 746 factus
1467 679 1540 725 est
1560 670 1614 722 in
1633 683 1692 722 ea
1717 664 2075 756 humillimus;

491 754 615 845 quia
651 772 873 830 Verbum
891 788 1009 826 caro
1034 770 1222 839 factum
1242 774 1334 831 est,
1358 773 1404 817 et
1430 760 1664 814 habitavit
1686 759 1737 812 in
1764 756 1907 811 nobis
1930 769 1949 808 :
1972 754 2080 845 ipse

494 844 728 936 fundavit
764 880 876 918 eam
904 860 1219 922 Altissimus;
1261 854 1383 926 quia
1409 854 1464 906 in
1502 849 1751 923 principio
1790 856 1896 901 erat
1950 844 2081 899 Ver-

494 960 634 1026 bum,
668 969 715 1013 et
748 956 967 1012 Verbum
1009 962 1115 1007 erat
1143 949 1285 1021 apud
1321 948 1519 1011 Deum;
1566 954 1613 998 et
1641 943 1773 997 Deus
1799 948 1906 995 erat
1951 937 2080 991 Ver-

491 1050 610 1104 bum
633 1063 653 1104 :
700 1048 870 1103 omnia
897 1063 986 1116 per
1025 1045 1189 1115 ipsum
1216 1045 1351 1112 facta
1384 1048 1500 1093 sunt
1537 1036 1713 1108 (Joan.
1735 1050 1774 1098 ι,
1804 1038 1857 1097 1,
1883 1031 1938 1098 5,
1970 1030 2078 1098 14).

493 1138 630 1206 Quia
661 1155 787 1194 vero
820 1135 1057 1193 condidit
1084 1135 1238 1189 istam
1266 1131 1519 1201 patriam,
1567 1127 1652 1181 hic
1687 1125 1878 1180 habeat
1907 1123 2082 1177 hono-

494 1244 633 1285 rem.
661 1228 877 1298 Repulit
897 1241 1022 1281 eum
1044 1224 1213 1295 patria
1244 1222 1295 1275 in
1327 1235 1429 1291 qua
1455 1224 1735 1290 generatus
1759 1224 1875 1281 est;
1907 1212 2082 1269 susci-

494 1321 607 1392 piat
631 1335 751 1376 eum
782 1318 950 1390 patria
978 1330 1136 1389 quam
1162 1311 1513 1385 rcgeneravit.

982 1445 1394 1507 TRACTATUS
1430 1444 1595 1501 XV".

494 1587 570 1643 Ab
596 1604 653 1644 eo
678 1585 812 1659 quod
838 1584 1083 1655 scriptum
1111 1592 1202 1647 est,
1230 1581 1355 1635 Post
1381 1578 1498 1633 hmo
1516 1583 1632 1634 erat
1660 1574 1772 1630 dies
1794 1572 1959 1629 festus
1986 1570 2086 1627 Ju-

573 1679 834 1744 daaorum,
868 1685 922 1732 et
949 1673 1189 1731 ascendit
1214 1672 1368 1727 Jesus
1386 1669 1771 1740 Jerosolymam
1796 1681 1813 1731 ;
1836 1680 1995 1734 usque
2018 1660 2087 1716 ad

566 1768 643 1835 id,
675 1767 997 1836 Qumrebant
1020 1781 1141 1821 eum
1172 1763 1339 1819 Judmi
1367 1761 1687 1826 interficere,
1712 1758 1836 1830 quia
1864 1772 1967 1811 non
2001 1769 2090 1809 so-

570 1858 679 1914 lum
698 1857 1255 1922 solvebatsabbatum,
1284 1853 1375 1909 sed
1396 1864 1448 1908 et
1468 1862 1671 1924 patrem
1700 1866 1855 1907 suum
1873 1847 2085 1905 dicebat

569 1949 759 2017 Deum,
786 1950 1042 2020 aequalem
1055 1963 1113 2003 se
1128 1945 1326 2002 faciens
1353 1945 1483 2000 Deo.
1516 1944 1707 2011 Cap.v,
1726 1944 1763 2013 Ῡ
1787 1942 1970 1996 ,1-18.

570 2089 623 2144 1.
654 2086 843 2141 Mirum
867 2100 974 2140 non
997 2098 1117 2139 esse
1140 2083 1301 2137 debet
1323 2097 1354 2135 a
1386 2080 1495 2135 Deo
1519 2079 1709 2134 factum
1735 2076 2085 2132 miraculum:

498 2178 694 2233 mirum
723 2177 867 2232 enim
910 2185 1053 2231 esset
1084 2174 1129 2228 si
1175 2174 1336 2228 homo
1375 2171 1609 2226 fecisset.
1655 2169 1819 2239 Magis
1857 2167 2090 2239 gaudere

500 2286 665 2342 quam
702 2269 885 2324 mirari
910 2270 926 2301 ¹
956 2268 1234 2332 debemus,
1264 2266 1385 2335 quia
1412 2264 1671 2320 Dominus
1699 2272 1881 2316 noster
1905 2272 1960 2316 et
1985 2260 2091 2315 sal-

499 2372 651 2417 vator
678 2360 833 2416 Jesus
860 2359 1105 2414 Christus
1134 2358 1293 2413 homo
1322 2356 1490 2411 factus
1516 2364 1614 2420 est,
1647 2370 1804 2423 quam
1838 2352 1977 2422 quod
2005 2351 2089 2406 di-

498 2454 621 2509 vina
643 2455 782 2508 inter
806 2453 1051 2507 homines
1077 2452 1216 2505 Deus
1235 2448 1381 2504 fecit.
1408 2448 1535 2503 Plus
1562 2454 1645 2501 est
1675 2445 1817 2501 enim
1850 2444 1915 2498 ad
1946 2444 2091 2498 salu-

505 2553 614 2600 tem
641 2552 878 2599 nostram
906 2541 1047 2612 quod
1085 2542 1252 2596 factus
1278 2547 1360 2595 est
1390 2546 1606 2608 propter
1631 2536 1904 2601 homines,
1931 2548 2091 2604 quam

501 2638 644 2709 quod
670 2636 795 2692 fecit
820 2636 960 2691 inter
979 2633 1223 2688 homines
1248 2648 1262 2685 :
1293 2642 1349 2687 et
1374 2631 1493 2700 plus
1515 2638 1597 2685 est
1621 2628 1762 2699 quod
1789 2627 1914 2681 vitia
1934 2641 2093 2680 sana-

501 2732 581 2784 vit
597 2730 915 2793 animarum,
940 2741 1099 2797 quam
1117 2724 1259 2795 quod
1280 2724 1486 2779 sanavit
1503 2724 1788 2793 languores
1806 2736 2094 2791 corporum

502 2820 908 2876 moriturorum.
932 2817 1039 2873 Sed
1061 2817 1182 2885 quia
1207 2816 1319 2885 ipsa
1340 2814 1515 2869 anima
1542 2829 1647 2868 non
1674 2829 1796 2867 eum
1824 2821 2046 2867 noverat
2063 2826 2095 2866 a

501 2928 608 2983 quo
632 2912 869 2967 sananda
908 2918 1051 2977 erat,
1096 2917 1151 2964 et
1174 2909 1360 2965 oculos
1406 2908 1634 2963 habebat
1676 2907 1729 2960 in
1768 2921 1930 2962 carne
1954 2906 2095 2962 unde

502 3006 639 3062 facta
674 3003 971 3074 corporalia
1015 3001 1259 3068 videret,
1298 3000 1536 3056 nondum
1574 2999 1803 3055 habebat
1841 3013 1999 3053 sanos
2043 2998 2095 3052 in

504 3094 698 3165 corde,
731 3093 871 3148 unde
908 3093 1074 3148 Deum
1104 3092 1361 3148 latentem
1399 3100 1777 3162 cognosceret;
1804 3088 1931 3146 fecit
1955 3089 2098 3159 quod

508 3187 693 3242 videre
718 3192 947 3256 poterat,
974 3194 1033 3239 ut
1054 3193 1333 3239 saltaretur
1364 3183 1502 3249 unde
1522 3182 1702 3238 videre
1738 3197 1842 3237 non
1869 3190 2096 3252 poterat.

513 3279 792 3348 ingressus
815 3285 898 3331 est
918 3277 1093 3331 locum
1119 3275 1209 3330 ubi
1228 3274 1440 3344 jaeebat
1466 3289 1655 3345 magna
1684 3273 1967 3329 multitudo
1991 3274 2099 3329 lan;

506 3368 779 3439 guentium
799 3408 814 3433 ,
846 3381 1141 3430 caecorum,
1184 3365 1526 3429 claudornm,
1569 3364 1871 3430 aridorum;
1900 3374 2100 3419 etcum

508 3465 653 3514 esset
677 3456 918 3513 medicus
934 3465 991 3511 et
1017 3456 1316 3511 animarum
1336 3465 1390 3511 et
1409 3470 1715 3525 corporum,
1738 3464 1791 3509 et
1811 3456 1899 3525 qui
1926 3456 2103 3510 venis-

507 3557 593 3605 set
615 3563 808 3604 sanare
846 3562 1033 3605 omnes
1069 3549 1275 3602 animas
1300 3546 1691 3602 crediturorum
1711 3587 1727 3613 ,
1758 3546 1825 3601 de
1852 3546 1956 3601 illis
1987 3547 2102 3600 lan-

507 3638 794 3712 guentibus
824 3653 989 3693 unum
1018 3638 1180 3709 elegit
1202 3653 1361 3709 quem
1390 3645 1623 3704 sanaret,
1655 3644 1715 3691 ut
1739 3637 1993 3692 unitatem
2024 3637 2103 3692 si-

507 3732 804 3804 gnificaret.
831 3730 890 3787 Si
916 3729 1174 3787 mediocri
1207 3730 1401 3797 corde,
1429 3738 1485 3785 et
1509 3729 1660 3800 quasi
1687 3728 1921 3785 humano
1946 3738 2102 3799 captu

508 3823 799 3895 etingenio
816 3822 1217 3879 consideremus
1233 3821 1538 3887 facientem,
1560 3818 1772 3890 etquod
1793 3820 1858 3875 ad
1880 3828 2105 3890 potesta-

514 3927 623 3973 tem
647 3916 910 3987 pertinet,
938 3931 1046 3971 non
1085 3931 1333 3986 magnum
1362 3913 1561 3984 aliquid
1590 3912 1849 3983 perfecit;
1880 3921 1935 3967 ct
1961 3910 2104 3982 quod

510 4008 577 4063 ad
598 4007 981 4078 benignitatem
1001 4048 1017 4074 ,
1046 4021 1233 4076 parum
1254 4008 1275 4038 ³
1295 4005 1439 4061 fecit.
1464 4005 1567 4062 Tot
1582 4005 1831 4075 jacebant
1849 4046 1867 4073 ,
1889 4014 1943 4059 et
1967 4017 2105 4059 unus

510 4110 730 4157 curatus
757 4110 875 4167 est,
906 4115 1024 4154 cum
1070 4107 1252 4169 posset
1288 4113 1394 4155 uno
1434 4099 1599 4154 verbo
1639 4113 1827 4153 omnes
1871 4097 2101 4167 erigere.

511 4190 649 4257 Quid
678 4204 806 4261 ergo
830 4189 1232 4260 intelligendum
1257 4197 1373 4258 est,
1405 4190 1509 4245 nisi
1534 4190 1656 4260 quia
1683 4198 1919 4259 potestas
1944 4188 2032 4243 illa
2052 4197 2107 4243 et

513 4281 726 4336 bonitas
758 4280 848 4335 illa
886 4281 1054 4351 magis
1090 4280 1282 4350 agebat
1318 4280 1446 4351 quid
1486 4281 1679 4335 animae
1708 4280 1761 4334 in
1794 4278 1945 4333 factis
1988 4278 2107 4348 ejus

514 4386 613 4441 pro
641 4373 811 4428 salute
839 4372 1163 4442 sempiterna
1205 4371 1597 4442 intelligerent,
1638 4386 1797 4442 quam
1840 4370 1968 4442 quid
2009 4384 2108 4440 pro

516 4462 795 4532 temporali
817 4463 990 4518 salute
1008 4477 1233 4532 corpora
1255 4463 1628 4520 mererentur?
1648 4462 1942 4533 Corporum
1964 4464 2109 4518 enim

514 4553 661 4608 salus
685 4568 806 4622 quae
830 4569 959 4609 vera
986 4563 1325 4626 exspectatur
1352 4572 1382 4611 a
1408 4557 1661 4622 Domino,
1694 4557 1797 4611 erit
1829 4556 1882 4611 in
1915 4556 2020 4612 fine
2054 4558 2108 4612 in

515 4643 907 4699 resurrectione
932 4652 1265 4700 mortuorum
1292 4662 1307 4700 :
1341 4654 1467 4701 tunc
1491 4646 1633 4717 quod
1653 4646 1793 4702 vivet
1817 4688 1832 4714 ,
1861 4662 1967 4702 non
1994 4638 2111 4702 mo-

517 4735 721 4801 rietur;
766 4744 893 4791 tunc
938 4736 1082 4807 quod
1128 4738 1422 4805 sanabitur,
1474 4754 1579 4793 non
1638 4739 1943 4810 aegrotabit;
1984 4748 2110 4795 tunc

516 4829 659 4899 quod
688 4830 984 4897 satiabitur,
1013 4846 1120 4887 non
1150 4831 1348 4887 esuriet
1369 4840 1461 4887 aut
1486 4832 1667 4899 sitiet;
1700 4842 1827 4889 tunc
1850 4833 1991 4904 quod
2017 4849 2111 4890 re.

520 4919 827 4986 novabitur,
860 4935 967 4976 non
992 4929 1308 4978 veteraseet.
1354 4921 1505 4978 Nunc
1539 4937 1667 4978 vero
1704 4924 1758 4978 in
1806 4924 1911 4979 illis
1953 4922 2107 4979 factis

520 5009 729 5068 Domini
755 5019 810 5066 et
832 5012 1117 5068 salvatoris
1146 5014 1313 5069 nostri
1339 5013 1467 5069 Jesu
1493 5014 1689 5070 Christi
1710 5024 1810 5080 ,«et
1842 5030 2108 5071 caecorum

519 5103 689 5172 aperti
736 5103 912 5171 oculi,
967 5113 1140 5160 morte
1190 5106 1357 5160 clausi
1400 5113 1553 5173 sunt;
1599 5116 1654 5162 et
1700 5108 2109 5179 paralyticorum

519 5194 759 5249 membra
801 5195 1124 5262 constricta,
1174 5206 1345 5251 morte
1382 5196 1640 5253 dissoluta
1687 5208 1844 5265 sunt;
1874 5209 1929 5255 et
1954 5201 2112 5270 quid-

515 5285 644 5355 quid
668 5296 911 5344 sanatum
937 5298 1018 5344 est
1035 5290 1395 5360 temporaliter
1416 5288 1469 5344 in
1498 5291 1751 5348 membris
1774 5293 2105 5361 mortalibus,

519 5377 572 5430 in
604 5377 708 5434 fine
733 5378 928 5435 defecit
959 5398 971 5434 :
1004 5382 1181 5436 anima
1203 5397 1331 5439 vero
1378 5399 1496 5454 qua:
1539 5385 1790 5450 credidit;
1822 5385 1887 5440 ad
1944 5386 2108 5442 vitam

517 5476 773 5525 aeternam
800 5472 1077 5530 transitum
1108 5474 1252 5530 fecit.
1283 5475 1490 5531 Anima:
1513 5492 1641 5548 ergo
1661 5478 1943 5534 creditura:
1964 5520 1980 5546 ,
2011 5493 2110 5534 cu-

582 5624 611 5699 },
624 5623 701 5699 sic
719 5622 839 5698 editi
860 5632 1034 5699 et
1058 5628 1240 5699 ferunt.
1263 5638 1402 5699 [orte
1424 5631 1728 5699 librariorum
1750 5634 1905 5699 lapsu,
1940 5650 2047 5699 pro,
2065 5646 2113 5690 et

518 5685 779 5762 admirari,
801 5688 908 5738 sive
939 5692 1011 5761 uti
1046 5692 1163 5762 olim
1192 5695 1488 5758 scribebant,
1512 5700 1558 5747 et
1579 5685 1846 5762 ammirari,
1865 5685 2111 5752 subsit—tiu;

520 5752 621 5814 tum
644 5749 751 5809 fuit,
779 5764 923 5814 quam
943 5750 1133 5805 mirari,
1474 5749 1486 5758 '
1514 5764 1531 5781 κ

583 5812 602 5841 ¹
627 5818 674 5860 In
698 5812 823 5875 Mssi,
846 5826 1063 5878 paruum,

2018 5917 2045 5925 ,γ
2053 5922 2056 5924 .
2064 5883 2106 5932 53'

1347 366 1413 424 fN
1438 342 1723 423 manus
1735 350 2206 423 svmesuuu,
2234 348 2295 409 s.
2337 350 2704 413 AUGUSTINI

3628 353 3768 411 1528

2182 467 2270 540 jus
2297 477 2515 539 peccata
2531 468 2814 551 dimittere
2836 475 3055 524 venerat
3072 451 3178 537 ,‘ad
3202 466 3354 539 cujus
3381 466 3667 539 languores
3690 482 3783 521 sa.

2188 561 2395 619 nandos
2418 576 2477 617 se
2518 560 2890 616 bumiliaverat
2909 602 2926 629 ,
2956 560 3024 616 de
3049 560 3149 639 hoc
3173 560 3425 632 languido
3450 568 3638 616 sanato
3663 574 3781 614 ma-

2187 666 2350 725 gnum
2394 656 2602 725 signum
2651 652 2817 709 dedit.
2865 653 3027 723 Cujus
3069 654 3149 709 rei
3191 662 3245 709 et
3281 653 3433 723 cujus
3474 652 3610 723 signi
3657 667 3781 723 pro-

2190 744 2412 800 fundum
2475 755 2897 811 sacramentum,
2946 754 3197 815 quantum
3263 744 3523 800 Dominus
3579 744 3781 799 donare

2193 838 2457 910 dignatur,
2488 840 2703 895 attentis
2742 839 2895 894 vobis
2917 848 2972 894 et
3000 838 3200 893 orando
3230 838 3602 907 adjuvantibus
3628 838 3781 893 inﬁr-

2191 932 2429 987 mitatem
2462 941 2697 987 nostram
2720 974 2735 998 ,
2768 932 2956 1001 loquar
2979 940 3039 985 ut
3064 939 3268 1000 potero.
3305 930 3574 1001 Quidquid
3601 940 3779 985 autem

2190 1038 2298 1077 non
2327 1037 2543 1092 possum
2563 1064 2578 1088 ,
2607 1023 2875 1093 supplebit
2915 1024 2966 1077 in
2994 1022 3143 1077 vobis
3183 1022 3328 1092 ipse,
3355 1038 3462 1093 quo
3499 1021 3784 1091 adjuvante

2192 1113 2328 1170 facio
2356 1114 2496 1184 quod
2525 1129 2761 1184 possum.

2260 1206 2317 1261 2.
2354 1208 2427 1262 De
2458 1206 2557 1260 hac
2586 1207 2785 1275 piscina
2811 1221 2931 1276 qum
2957 1206 3187 1276 quinque
3219 1203 3511 1274 porticibus
3530 1203 3783 1274 cingeba-

2190 1306 2296 1363 tur,
2329 1298 2381 1352 in
2403 1298 2593 1368 quibus
2617 1298 2826 1367 jacebat
2851 1313 3040 1367 magna
3070 1297 3355 1351 multitudo
3378 1296 3745 1378 languentium
3763 1336 3780 1360 ,

2192 1387 2406 1443 assidue
2441 1403 2541 1442 nos
2590 1396 2846 1443 tractasse
2883 1388 3136 1452 memini;
3166 1399 3221 1443 et
3250 1403 3362 1442 rem
3392 1387 3630 1441 dicturus
3664 1400 3783 1441 sum

2190 1495 2348 1551 quam
2379 1495 2585 1535 mecum
2617 1479 2797 1550 plures
2851 1488 3233 1550 recognoscant
3274 1480 3448 1550 potius
3501 1495 3659 1550 quam
3686 1494 3781 1534 co-

2149 1564 2468 1641 'gnoscant.
2522 1570 2714 1625 Verum
2758 1571 2892 1626 nihil
2928 1580 3011 1626 est
3056 1573 3122 1627 ab
3167 1588 3258 1637 re,
3306 1572 3465 1625 etiam
3523 1580 3646 1625 nota
3693 1586 3784 1627 re-

2192 1673 2408 1733 petere,
2450 1672 2509 1718 ut
2546 1673 2600 1719 et
2624 1664 2715 1735 qui
2758 1681 2863 1719 non
2902 1674 3159 1719 noverant
3196 1665 3554 1729 instruantur;
3597 1674 3651 1721 et
3693 1665 3785 1735 qui

2192 1766 2455 1813 noverant
2497 1762 2898 1813 confirmentur.
2946 1758 3176 1814 Proinde
3204 1767 3451 1828 tanquam
3495 1768 3621 1812 nota
3667 1759 3787 1814 bre-

2194 1849 2331 1904 viter
2381 1849 2779 1920 perstringenda
2840 1858 2995 1915 sunt,
3054 1866 3158 1905 non
3222 1850 3392 1905 otiose
3449 1850 3780 1905 inculcanda.

2193 1941 2404 1996 Piscina
2445 1942 2531 1995 illa
2574 1951 2630 1997 et
2674 1957 2809 2013 aqua
2851 1943 2938 1997 illa
2983 1944 3237 2013 populum
3287 1943 3417 1997 mihi
3464 1942 3671 1997 videtur
3715 1943 3785 1997 si-

2192 2034 2471 2105 gnificasse
2507 2034 2834 2089 Judceorum.
2885 2035 3181 2105 Signiﬁcari
3226 2036 3369 2089 enim
3415 2035 3641 2104 populos
3690 2050 3787 2090 no-

2193 2126 2337 2181 mine
2389 2141 2684 2195 aquarum,
2736 2135 2922 2196 aperte
2983 2127 3140 2181 nobis
3193 2126 3392 2181 indicat
3437 2126 3787 2197 Apocalypsis

2192 2215 2413 2271 Joannis
2442 2234 2453 2269 :
2484 2217 2573 2271 ubi
2616 2217 2663 2272 ei
2711 2232 2831 2272 cum
2875 2216 3281 2271 ostenderentur
3309 2232 3459 2286 aqua:
3491 2218 3703 2279 multm,
3731 2225 3787 2271 et

2195 2309 2576 2380 interrogasset
2601 2310 2727 2380 quid
2754 2320 2932 2365 essent
2952 2352 2966 2376 ,
3009 2325 3326 2379 responsum
3354 2310 3588 2379 accepit,
3618 2323 3789 2378 p0pu-

2195 2402 2273 2456 los
2299 2417 2417 2457 esse
2450 2402 2630 2475 (Apoc.
2658 2419 2770 2457 xvn
2791 2445 2806 2468 ,
2833 2402 2944 2475 15).
2971 2403 3120 2473 Aqua
3148 2418 3276 2473 ergo
3298 2402 3385 2455 illa
3405 2445 3421 2470 ,
3454 2402 3504 2456 id
3527 2411 3609 2456 est
3629 2417 3791 2471 popu-

2195 2494 2278 2549 lus
2302 2494 2389 2549 ille
2410 2538 2423 2561 ,
2454 2496 2687 2566 quinque
2717 2497 2865 2551 libris
2890 2497 3085 2568 Moysi,
3110 2506 3357 2567 tanquam
3399 2497 3630 2566 quinque
3659 2512 3787 2565 por-

2195 2586 2387 2640 ticibus
2427 2587 2791 2643 claudebatur.
2823 2588 2928 2643 Sed
2977 2587 3056 2640 illi
3098 2586 3221 2641 libri
3265 2587 3559 2657 prodebant
3585 2586 3790 2657 langui-

2196 2677 2293 2736 dos
2311 2722 2325 2745 ,
2357 2694 2461 2733 non
2487 2682 2764 2734 sanabant.
2788 2680 2900 2735 Lex
2920 2680 3062 2735 enim
3092 2689 3397 2749 peccatores
3417 2679 3786 2745 convincebat,

2198 2788 2301 2826 non
2340 2771 2668 2826 absolvebat.
2696 2772 2819 2826 ldeo
2848 2772 3021 2827 littera
3048 2771 3161 2826 sine
3188 2756 3356 2842 gratia
3385 2786 3507 2827 reos
3533 2770 3789 2838 faciebat,

2198 2878 2331 2933 quos
2355 2865 2673 2920 confitentes
2701 2865 2866 2935 gratia
2894 2865 3170 2919 liberabat.
3198 2863 3331 2918 Nam
3360 2864 3460 2919 hoc
3494 2864 3622 2918 dicit
3646 2864 3791 2933 Apo-

2200 2958 2370 3012 stolus
2400 2976 2414 3012 :
2445 2958 2509 3013 Si
2547 2960 2682 3012 enim
2724 2960 2844 3012 data
2878 2967 3004 3013 esset
3029 2958 3111 3013 lea:
3144 2973 3260 3029 qua:
3300 2966 3463 3027 posset
3504 2956 3790 3025 uitii/icore,

2201 3050 2406 3103 omnino
2443 3066 2505 3103 ea:
2547 3049 2681 3121 Lege
2722 3059 2850 3105 esset
2887 3051 3109 3121 justitia.
3164 3049 3341 3117 Quare
3381 3064 3508 3119 ergo
3546 3047 3668 3102 data
3711 3054 3796 3102 est

2201 3140 2353 3195 Lex?
2380 3141 2650 3211 Sequitur,
2682 3152 2735 3196 et
2758 3142 2881 3196 dicit
2914 3160 2926 3196 :
2961 3140 3068 3196 Sed
3104 3124 3348 3194 conclusit
3390 3138 3659 3206 Scriptura
3687 3155 3797 3192 om—

2202 3230 2290 3284 nia
2318 3232 2408 3285 sub
2435 3240 2656 3303 peccato,
2679 3242 2733 3285 ut
2761 3233 3026 3301 promissio
3064 3247 3127 3285 ea:
3152 3230 3254 3301 ﬁde
3277 3229 3402 3284 Jesu
3430 3229 3617 3283 Christi
3642 3229 3797 3282 dare-

2206 3333 2287 3379 tur
2320 3325 2635 3380 credentibus
2664 3324 2857 3398 (Galat.
2888 3341 2972 3392 Ill,
3004 3325 3066 3379 21
3094 3366 3109 3391 ,
3137 3323 3253 3396 22).
3305 3323 3439 3391 Quid
3466 3322 3798 3378 evidentius?

2205 3418 2392 3473 Nonne
2420 3418 2579 3473 verba
2609 3418 2723 3474 hmc
2747 3425 3110 3488 exposuerunt
3143 3418 3298 3473 nobis
3332 3425 3386 3471 et
3412 3418 3643 3487 quinque
3669 3429 3799 3485 por-

2206 3512 2343 3566 ticus
2359 3552 2376 3577 ,
2398 3520 2453 3565 et
2471 3511 2829 3581 languentium
2852 3508 3281 3564 multitudinem?
3300 3508 3544 3578 Quinque
3564 3507 3800 3578 porticus

2205 3601 2315 3658 Lex
2346 3612 2448 3657 est.
2488 3602 2664 3669 Quare
2691 3602 2925 3671 quinque
2956 3600 3190 3670 porticus
3231 3614 3340 3653 non
3381 3598 3641 3652 sanabant
3682 3597 3800 3651 lan—

2205 3694 2465 3766 guentes?
2494 3694 2626 3761 Quia
2652 3693 2697 3747 si
2719 3692 2839 3747 data
2878 3702 3002 3747 esset
3045 3691 3129 3746 lea:
3167 3707 3282 3763 qua
3320 3701 3487 3763 posset
3514 3691 3800 3759 viviﬁcare,

2207 3786 2413 3840 omnino
2438 3801 2501 3839 ea:
2538 3783 2670 3855 Lege
2704 3794 2827 3839 esset
2861 3784 3084 3855 justitia.
3107 3783 3283 3852 Quare
3309 3798 3437 3853 ergo
3458 3781 3803 3837 continebant

2206 3894 2342 3949 quos
2384 3894 2493 3933 non
2534 3879 2825 3934 sanabant?
2869 3877 3001 3944 Quia
3031 3876 3279 3932 conclusit
3320 3876 3593 3948 Scriptura
3631 3875 3804 3930 omnia

2207 3971 2300 4025 sub
2325 3981 2560 4041 peccato,
2602 3979 2657 4024 ut
2700 3970 2965 4040 promissio
2994 3985 3057 4024 ea;
3078 3967 3181 4039 ﬁde
3215 3968 3342 4023 Jesu
3381 3967 3569 4023 Christi
3597 3968 3805 4023 daretur

2207 4061 2538 4116 credentibus.

2280 4152 2333 4208 5.
2365 4152 2499 4220 Quid
2522 4166 2650 4223 ergo
2672 4150 2832 4207 fiebat
2858 4159 2918 4206 ut
2940 4150 2995 4206 in
3022 4165 3157 4222 aqua
3184 4150 3271 4205 illa
3303 4149 3511 4205 turbata
3536 4165 3803 4206 sanaren-

2212 4250 2317 4311 tur,
2364 4244 2454 4313 qui
2498 4243 2550 4297 in
2591 4244 2881 4313 porticibus
2920 4243 3096 4298 sanari
3138 4259 3243 4299 non
3288 4243 3574 4313 poterant?
3616 4242 3804 4299 Subito

2210 4336 2353 4391 enim
2388 4335 2664 4391 videbatur
2704 4352 2837 4406 aqua
2877 4336 3122 4400 turbata,
3165 4345 3219 4390 et
3256 4351 3287 4389 a
3327 4351 3433 4405 quo
3472 4334 3799 4402 turbabatur,

2210 4443 2317 4481 non
2355 4427 2654 4483 videbatur.
2695 4427 2896 4482 Credas
2932 4426 3033 4482 hoc
3055 4426 3291 4496 angelica
3328 4427 3523 4481 virtute
3556 4426 3669 4480 fieri
3710 4441 3805 4481 so-

2211 4519 2323 4576 lere
2344 4563 2360 4588 ,
2391 4536 2495 4576 non
2529 4531 2703 4575 tamen
2734 4521 2851 4575 sine
2880 4519 3209 4590 significante
3234 4520 3415 4590 aliquo
3445 4528 3801 4574 sacramento.

2214 4613 2342 4669 Post
2369 4629 2561 4684 aquam
2595 4613 2859 4668 turbatam
2901 4612 3143 4667 mittebat
3179 4627 3239 4668 se
3272 4626 3412 4666 unus
3438 4611 3526 4681 qui
3558 4620 3804 4681 poterat,

2214 4716 2269 4763 et
2296 4711 2582 4762 sanabatnr
2619 4707 2768 4762 solus
2794 4723 2808 4759 :
2833 4714 2956 4777 post
2997 4705 3145 4760 illum
3189 4705 3429 4775 quisquis
3458 4720 3516 4759 se
3545 4704 3804 4770 mitteret,

2215 4800 2413 4857 frustra
2458 4800 2676 4855 faceret.
2728 4799 2865 4867 Quid
2902 4798 3005 4854 sibi
3042 4813 3170 4869 ergo
3208 4798 3311 4854 hoc
3353 4798 3486 4863 vult,
3539 4798 3640 4852 nisi
3681 4798 3807 4867 quia

2213 4894 2360 4949 venit
2404 4908 2542 4947 unus
2590 4891 2837 4946 Christus
2877 4891 2943 4945 ad
2986 4890 3241 4960 pupulum
3272 4889 3612 4955 Judazorunr;
3642 4896 3698 4943 et
3731 4888 3810 4942 fa-

2213 4983 2407 5039 ciendo
2442 4998 2654 5054 magna,
2699 4981 2942 5037 docendo
2983 4982 3152 5051 utilia,
3200 4982 3431 5037 turbavit
3473 4990 3807 5051 peccatores,

2217 5075 2450 5131 turbavit
2474 5090 2666 5145 aquam
2698 5074 2977 5145 przesentia
2998 5090 3123 5141 sua,
3150 5084 3206 5129 et
3233 5074 3483 5128 excitavit
3508 5073 3574 5127 ad
3603 5071 3811 5142 passio-

2217 5184 2342 5225 nem
2371 5169 2555 5224 suam?
2586 5167 2693 5225 Sed
2730 5168 2901 5225 latens
2947 5166 3201 5222 turbavit.
3244 5165 3299 5222 Si
3341 5166 3486 5221 enim
3528 5165 3813 5235 cognovis-

2216 5271 2355 5327 sent,
2385 5277 2656 5333 nunquam
2689 5260 2971 5316 Dominum
3000 5258 3184 5330 gloriae
3207 5257 3595 5313 crucifixissent
3623 5255 3664 5327 (Ι
3691 5255 3812 5312 Cor.

2217 5372 2277 5423 n,
2305 5355 2386 5426 8).
2428 5355 2765 5411 Descendere
2809 5369 2937 5424 ergo
2966 5353 3025 5414 in
3046 5367 3241 5423 aquam
3276 5352 3562 5416 turbatam,
3589 5349 3694 5405 hoc
3733 5359 3818 5403 cst

2217 5448 2492 5503 humiliter
2516 5448 2739 5503 credere
2762 5446 2814 5500 in
2849 5445 3059 5499 Domini
3098 5444 3423 5515 passionem.
3471 5442 3547 5496 lbi
3584 5441 3815 5496 sanaba-

2219 5547 2308 5593 tur
2336 5554 2493 5605 unus,
2521 5539 2824 5609 significans
2849 5536 3137 5601 unitatem;
3164 5544 3353 5607 postea
3382 5534 3621 5604 quisquis
3659 5533 3813 5587 venio

2217 5640 2322 5699 ret,
2368 5648 2476 5687 non
2503 5630 2789 5686 sanabatnr
2831 5630 2995 5699 :qnia
3040 5629 3278 5700 quisquis
3322 5636 3516 5699 praeter
3554 5626 3815 5679 unitatem

2221 5721 2402 5789 fuerit,
2431 5722 2604 5779 sanari
2632 5736 2737 5776 non
2764 5721 2978 5790 poterit.

2295 5817 2348 5872 ι.
2390 5815 2676 5871 Videamus
2712 5827 2839 5885 ergo
2874 5810 2999 5884 quid
3040 5810 3268 5869 voluerit
3305 5808 3606 5882 significare
3642 5807 3695 5866 in
3721 5807 3816 5867 illo
