4118 6486
353 326 497 386 1529

349 461 480 511 uno,
510 460 669 516 quem
712 444 872 501 etiam
920 445 1034 518 ipse
1061 459 1284 503 servans
1327 448 1548 504 unitatis
1597 449 1936 521 mysterium,

347 544 494 598 sicut
545 541 866 612 praelocutus
907 538 1062 609 ‘sum,
1112 542 1180 598 de
1227 550 1303 598 tot
1349 543 1719 613 languentibus
1770 559 1935 599 unum

345 647 542 688 sanare
567 634 811 704 dignatus
837 641 938 689 est.
979 633 1183 689 Invenit
1222 635 1273 688 in
1309 635 1463 689 annis
1506 634 1620 704 ejus
1649 651 1932 690 numerum

343 727 634 796 quemdam
675 726 986 798 languoris:
1021 726 1249 798 Triginta
1290 739 1401 782 octo
1443 745 1601 784 annos
1642 721 1854 782 habebat
1881 727 1935 782 in

343 820 658 887 inﬁrmitate.
689 820 787 877 Hic
824 835 1075 876 numerus
1101 821 1366 890 quomodo
1402 821 1569 890 magis
1607 820 1670 874 ad
1713 821 1934 890 languo-

340 928 458 966 rem
490 913 772 982 pertineat,
798 929 957 983 quam
996 912 1062 966 ad
1090 915 1391 979 sanitatem,
1435 913 1592 984 paulo
1622 913 1929 983 diligentius

342 1004 722 1073 exponendum
744 1014 846 1060 est.
888 1004 1123 1060 Intentos
1150 1022 1245 1060 vos
1272 1007 1420 1070 volo;
1450 1005 1620 1059 aderit
1653 1006 1926 1074 Dominus,

341 1108 399 1152 ut
424 1114 661 1169 congrue
705 1100 915 1170 loquar.
959 1108 1013 1155 et
1054 1099 1379 1155 sufﬁcienter
1403 1099 1648 1154 audiatis.
1691 1099 1932 1166 Quadra-

338 1192 595 1259 genarius
622 1207 874 1250 numerus
916 1201 1154 1246 sacratus
1197 1192 1350 1246 nobis
1388 1192 1438 1245 in
1481 1191 1707 1262 quadam
1751 1190 1930 1260 perfe-

339 1282 522 1337 ctione
563 1282 984 1337 commendatur.
1014 1282 1207 1338 Notum
1253 1297 1372 1338 esse
1397 1283 1628 1338 arbitror
1673 1281 1930 1337 Cbaritati

336 1384 538 1429 vestra:
568 1392 582 1428 :
617 1383 876 1430 testantur
903 1374 1194 1445 saepissime
1218 1374 1413 1430 divina:
1441 1373 1749 1444 Scripturze.
1779 1372 1927 1441 Jeju-

337 1466 491 1521 nium
534 1466 638 1521 hoc
679 1482 902 1523 numero
950 1475 1316 1521 consecratum
1370 1475 1451 1522 est
1493 1484 1506 1520 :
1553 1467 1688 1520 bene
1737 1465 1925 1518 nostis.

333 1557 474 1612 Nam
515 1567 569 1613 et
609 1559 817 1629 Moyses
861 1558 1206 1630 quadraginta
1237 1559 1423 1613 diebus
1444 1558 1703 1629 jejunavit
1730 1556 1924 1628 (Exod.

333 1666 521 1716 xxxiv,
567 1650 691 1722 28),
731 1660 786 1706 et
831 1651 978 1706 Elius
1018 1653 1235 1706 totidem
1281 1652 1370 1724 (Ill
1421 1653 1549 1722 Reg.
1597 1669 1704 1718 XIX,
1754 1650 1831 1718 8).
1874 1659 1929 1705 et

333 1741 453 1809 ipse
487 1742 743 1795 Dominus
773 1751 954 1797 noster
981 1753 1034 1796 et
1065 1743 1296 1797 salvator
1337 1743 1492 1798 Jesus
1520 1744 1760 1798 Christus
1787 1742 1928 1798 hunc

331 1831 524 1902 jejunii
555 1849 833 1888 numerum
859 1834 1095 1904 implevit
1117 1833 1330 1900 (Matth.
1362 1851 1434 1901 ιν,
1465 1833 1543 1908 ‘2).
1577 1835 1681 1890 Per
1709 1835 1924 1906 Moysen

333 1923 660 1992 significatur
701 1924 832 1991 Lex,
864 1941 962 1994 per
1008 1926 1175 1980 Eliam
1219 1926 1582 1996 significantur
1623 1926 1923 1996 Pr0phetie,

335 2030 431 2084 per
483 2015 763 2069 Dominum
805 2015 1133 2086 signiﬁcatur
1174 2017 1542 2088 Evangelium.
1575 2017 1698 2073 Ideo
1740 2019 1790 2072 ili
1836 2017 1927 2072 illo

333 2117 522 2163 monte
575 2119 683 2163 tres
729 2120 1104 2180 apparuerunt.
1138 2113 1226 2168 ubi
1270 2127 1328 2168 se
1370 2112 1645 2182 discipulis
1696 2112 1930 2167 ostendit

335 2197 386 2252 in
430 2199 674 2256 claritate
697 2201 874 2256 vultus
898 2212 952 2257 et
974 2204 1136 2257 veSIis
1162 2218 1290 2258 sum.
1337 2205 1596 2272 Apparuit
1631 2204 1775 2258 enim
1811 2220 1927 2259 me-

333 2290 454 2344 dius
483 2291 620 2346 inter
650 2292 868 2364 Moysen
899 2303 952 2348 et
980 2293 1152 2348 Eliam
1188 2294 1296 2363 (Id.
1331 2311 1456 2359 xvn,
1497 2293 1638 2366 1-5),
1681 2304 1926 2366 tanquam

335 2383 706 2454 Evangeliunr
735 2386 1092 2440 testimonium
1125 2387 1344 2442 haberet
1385 2403 1415 2441 a
1445 2387 1584 2457 Lege
1609 2395 1663 2442 et
1691 2388 1930 2457 Prophe-

338 2475 406 2528 tis
434 2475 611 2545 (Rom.
643 2493 720 2544 ιιι,
747 2476 862 2548 il).
891 2478 1010 2533 Sive
1039 2494 1166 2550 ergo
1191 2479 1244 2533 in
1270 2480 1433 2550 Lege,
1456 2481 1568 2535 sive
1595 2482 1649 2534 in
1690 2481 1929 2551 PrOpbe-

339 2569 426 2634 tis,
460 2569 576 2624 sive
617 2569 669 2624 in
712 2569 1023 2641 Evangelia,
1069 2572 1516 2642 quadragenarius
1546 2589 1800 2628 numerus
1829 2589 1929 2627 no-

338 2659 420 2713 bis
448 2660 500 2714 in
520 2660 723 2734 jejunio
744 2662 1165 2717 commendatur.
1189 2663 1456 2732 Jejunium
1480 2673 1657 2720 autem
1680 2680 1928 2734 magnum

339 2762 393 2806 et
422 2732 674 2822 generble
715 2763 813 2820 est,
846 2755 1116 2810 abstinere
1157 2754 1225 2808 ab
1263 2755 1623 2824 iniquitatibus
1653 2765 1706 2810 et
1731 2732 1931 2810 illicitis

338 2845 700 2914 voluptatibus
750 2847 930 2900 smeuli
972 2846 1114 2916 quod
1161 2855 1242 2901 est
1283 2846 1574 2916 perfectum
1609 2847 1866 2914 jejunium
1913 2863 1928 2901 :

340 2949 396 2991 ut
464 2939 766 3010 abnegantes
816 2940 1123 3008 impietatem
1172 2950 1219 2994 et
1273 2941 1539 2998 swculares
1591 2941 1890 3008 cupiditates
1913 2982 1928 3006 ,

343 3041 698 3099 temperanter,
731 3039 776 3084 et
811 3031 968 3100 justo,
1011 3040 1056 3084 et
1104 3032 1186 3102 pie
1226 3033 1448 3086 vivamus
1492 3033 1545 3085 in
1587 3033 1682 3085 hoc
1721 3034 1928 3087 sazculo.

344 3119 480 3174 lluic
504 3121 708 3191 jejunio
751 3138 907 3190 quam
957 3121 1256 3177 mercedem
1297 3122 1445 3176 addit
1481 3123 1798 3191 Apostolus?
1829 3123 1930 3177 Se-

341 3212 545 3280 quitur,
576 3221 629 3266 et
666 3211 791 3266 dicit
821 3230 834 3266 :
864 3211 1228 3279 Exspectautes
1270 3213 1412 3266 illam
1458 3212 1654 3266 beatam
1695 3230 1854 3283 spem,
1885 3221 1933 3267 et

342 3302 800 3371 manifestationem
843 3305 1019 3374 gloria:
1063 3305 1192 3358 beati
1242 3303 1354 3367 Dei,
1383 3313 1429 3357 et
1470 3305 1735 3358 salvatoris
1772 3304 1933 3358 nostri

339 3394 471 3448 Iesu
513 3393 700 3449 Christi
750 3395 874 3468 (Tit.
928 3412 986 3462 ιι,
1034 3395 1122 3460 12,
1171 3394 1282 3467 15).
1329 3395 1386 3450 In
1431 3395 1534 3450 hoc
1579 3412 1708 3467 ergo
1735 3395 1932 3451 saeculo

342 3487 496 3557 quasi
534 3486 1002 3558 Quadragesimam
1050 3488 1382 3543 abstinentia:
1419 3487 1772 3554 celebramus,
1810 3503 1931 3544 cum

344 3577 484 3633 bene
530 3579 778 3644 vivimus,
824 3595 944 3634 cum
995 3579 1062 3634 ab
1111 3579 1475 3649 iniquitatibus
1525 3588 1580 3634 et
1625 3580 1692 3634 ab
1736 3579 1934 3634 illicitis

343 3671 703 3741 voluptatibus
745 3672 1094 3726 abstinemus.
1147 3670 1253 3726 Sed
1296 3672 1418 3741 quia
1460 3671 1575 3725 haec
1616 3670 1934 3725 abstinentia

345 3765 463 3820 sine
512 3765 760 3821 mercede
808 3781 913 3819 non
963 3766 1083 3831 erit,
1129 3774 1500 3835 exspectamus
1553 3763 1748 3817 beatam
1790 3764 1934 3818 illam

346 3873 509 3928 span,
556 3866 605 3911 et
644 3857 993 3912 reuelationem
1021 3857 1196 3928 gloria:
1233 3857 1405 3928 magni
1444 3855 1560 3919 Dei,
1598 3867 1644 3910 et
1671 3855 1935 3910 salvatoris

345 3951 508 4005 nostri
544 3949 668 4005 Jesu
703 3950 906 4005 Christi.
939 3950 996 4005 In
1025 3951 1119 4005 illa
1145 3966 1258 4020 spe,
1300 3965 1420 4004 cum
1454 3949 1608 4004 fuerit
1635 3949 1701 4004 de
1729 3963 1824 4017 spe
1854 3949 1933 4002 fa-

346 4051 432 4095 cta
480 4055 591 4108 res,
619 4042 885 4110 accepturi
929 4055 1114 4096 sumus
1155 4040 1455 4096 mercedem
1496 4040 1792 4094 denarium.
1818 4038 1935 4109 Ipsa

344 4133 493 4186 enim
522 4147 734 4188 merces
759 4131 998 4187 redditur
1022 4132 1280 4201 operariis
1305 4131 1358 4185 in
1388 4130 1542 4185 vinea
1568 4130 1935 4185 laborantibus

342 4225 639 4278 secundum
669 4223 1018 4294 Evangelium
1061 4223 1268 4294 (Matth.
1313 4238 1404 4289 xx,
1440 4221 1494 4290 9,
1529 4221 1641 4293 10),
1670 4220 1810 4291 quod
1841 4235 1935 4276 vos

343 4317 509 4373 credo
542 4315 812 4371 reminisci
845 4333 858 4370 :
888 4329 1060 4385 neque
1087 4315 1230 4369 enim
1260 4313 1438 4368 omnia
1466 4312 1934 4367 commemoranda

343 4418 493 4475 sunt,
524 4418 776 4480 tanquam
821 4409 1040 4464 rudibus
1083 4417 1139 4464 et
1179 4407 1458 4477 imperitis.
1508 4407 1769 4461 Denarius
1807 4421 1934 4476 ergo

344 4505 435 4572 qui
464 4505 673 4574 accepit
700 4518 891 4560 nomen
913 4519 941 4557 a
968 4513 1192 4558 numero
1216 4502 1423 4568 decem,
1445 4500 1703 4564 redditur,
1734 4508 1937 4554 etcon-

339 4596 561 4667 junctus
577 4597 998 4667 quadragenario
1026 4596 1087 4650 lit
1112 4594 1594 4667 quinquagenarius
1617 4611 1630 4646 :
1654 4593 1794 4648 unde
1813 4608 1935 4648 cum

345 4687 533 4743 labore
551 4687 884 4743 celebramus
901 4686 1370 4756 Quadragesimam
1399 4695 1522 4740 ante
1548 4684 1786 4751 Pascha;
1812 4700 1934 4740 eum

348 4779 531 4833 latitia
558 4793 706 4846 vero,
749 4787 998 4849 tanquam
1041 4788 1257 4848 accepta
1295 4778 1558 4844 mercede,
1591 4777 1934 4849 Quinquage-

347 4871 542 4925 simam
589 4879 710 4939 post
745 4870 969 4925 Pascha.
997 4869 1128 4924 Nam
1173 4869 1295 4924 huic
1331 4878 1580 4940 tanquam
1611 4869 1828 4924 salutari
1853 4869 1934 4923 la-

346 4960 463 5017 bori
510 4960 639 5016 boni
679 4962 879 5031 operis,
929 4961 1019 5032 qui
1071 4961 1299 5031 pertinet
1347 4960 1412 5015 ad
1457 4960 1934 5031 quadragenarium

347 5067 658 5118 numerum,
698 5052 911 5107 additur
953 5053 1146 5124 quietis
1187 5060 1242 5108 et
1281 5051 1545 5108 felicitatis
1582 5051 1852 5121 denarius,
1879 5060 1938 5108 ut

345 5145 834 5218 quinquagenarius
860 5145 969 5201 fiat.

415 5239 472 5294 5.
513 5237 841 5309 Signiﬁcavit
888 5237 990 5294 hoc
1035 5247 1090 5294 et
1139 5238 1253 5309 ipse
1297 5237 1550 5294 Dominus
1576 5238 1731 5294 Jesus
1768 5239 1935 5294 multo

345 5332 604 5402 apertius,
666 5332 878 5403 quando
929 5341 1050 5403 post
1096 5333 1540 5388 resurrectionem
1592 5333 1936 5404 quadraginta

345 5426 540 5482 diebus
586 5435 932 5482 conversatus
959 5435 1041 5482 est
1077 5427 1128 5482 in
1171 5435 1313 5482 terra
1347 5443 1468 5482 cum
1511 5426 1783 5494 discipulis
1821 5427 1932 5481 suis

345 5517 479 5587 (Act.
517 5533 556 5583 I,
586 5515 665 5587 5);
696 5517 1100 5589 quadragesimo
1129 5527 1304 5573 autem
1347 5518 1434 5573 die
1461 5533 1580 5572 cum
1605 5517 1936 5574 ascendisset

344 5610 397 5664 in
446 5609 942 5680 etelum,-peracti_s
983 5610 1166 5666 decem
1218 5611 1406 5666 diebus
1452 5610 1595 5665 misit
1634 5611 1932 5666 mercedem

345 5703 579 5772 Spiritus
605 5703 773 5758 sancti
809 5700 923 5774 (Id.
954 5718 1012 5769 ιι,
1056 5703 1200 5774 1-4).
1231 5702 1534 5773 Significala
1570 5711 1694 5758 sunt
1734 5703 1852 5768 ista,
1882 5711 1937 5758 et

343 5795 667 5864 quibusdam
703 5795 1172 5865 significationibus
1195 5810 1284 5853 res
1319 5796 1449 5867 ipsae
1475 5803 1758 5868 praeventa:
1786 5802 1930 5851 sunt.

1560 328 1971 388 TRACTATUS
2005 330 2170 389 XVII.
2219 332 2444 392 CAPUI
2469 333 2536 393 ν.

3491 346 3630 404 1530

2047 447 2528 518 Significationibus
2553 451 2842 522 pascimur,
2874 459 2935 508 ut
2959 453 3024 510 ad
3051 469 3141 511 res
3164 455 3308 526 ipsas
3336 459 3629 528 perduran-

2046 549 2126 596 tes
2174 545 2453 612 pervenire
2503 546 2790 617 possimus.
2839 546 3080 617 Operarii
3136 549 3278 604 enim
3326 564 3529 621 sumus,
3569 562 3626 611 et

2043 635 2216 692 adhuc
2262 638 2315 692 in
2354 639 2506 693 vinea
2553 640 2854 696 laboramus
2887 659 2901 696 :
2933 640 3084 696 linito
3111 642 3219 710 die,
3253 643 3401 700 finito
3440 660 3623 714 opere,

2043 744 2248 784 merces
2276 732 2602 786 restituetur.
2649 733 2753 788 Sed
2798 734 2918 804 quis
2955 736 3228 803 operarius
3269 737 3518 806 perdurat
3558 737 3625 792 ad

2040 821 2400 890 accipiendam
2442 824 2764 890 mercedem,
2796 824 2897 879 nisi
2941 827 3028 896 qui
3070 828 3300 896 pascitur
3325 844 3442 884 cum
3474 829 3625 884 labo-

2039 912 2157 965 rat?
2183 911 2297 967 Non
2352 913 2494 967 enim
2541 923 2593 968 et
2633 923 2687 970 tu
2725 918 2968 986 operario
3014 926 3103 973 tuo
3129 921 3426 976 mercedem
3457 923 3624 978 solam

2039 1002 2259 1058 daturus
2280 1020 2338 1060 es
2363 1024 2375 1058 :
2401 1021 2504 1059 non
2529 1007 2687 1060 etiam
2710 1007 2898 1063 alleres
2920 1010 2994 1063 illi
3018 1010 3157 1065 unde
3179 1011 3318 1066 vires
3339 1023 3551 1083 reparet
3569 1015 3622 1070 in

2039 1093 2257 1149 labore?
2309 1095 2489 1152 Pascis
2547 1099 2725 1167 utique
2773 1101 2855 1153 cui
2908 1102 3210 1157 mercedem
3272 1103 3490 1160 daturus
3541 1120 3620 1162 es.

2039 1190 2268 1245 Proinde
2299 1202 2351 1246 et
2380 1207 2476 1246 nos
2506 1194 2762 1250 Dominus
2800 1195 2851 1248 in
2879 1194 2993 1250 istis
3028 1197 3418 1266 Scripturarum
3457 1199 3623 1269 signi-

2036 1279 2369 1338 ﬁcationibus
2395 1283 2695 1340 laborantes
2733 1287 2915 1354 pascit.
2956 1287 3086 1341 Nam
3128 1289 3172 1342 si
3199 1290 3295 1343 ista
3326 1290 3626 1361 intelligen-

2035 1370 2222 1426 dorum
2270 1384 2720 1452 sacramentorum
2769 1376 2948 1432 laetitia
2989 1379 3329 1434 subtrahatur
3369 1397 3398 1434 a
3446 1381 3620 1447 nobis,

1985 1465 1990 1470 ’
2033 1463 2324 1520 deficimus
2365 1466 2416 1520 in
2467 1467 2666 1534 labore,
2701 1477 2754 1524 et
2798 1484 2906 1524 non
2955 1471 3059 1525 erit
3103 1472 3194 1541 qui
3239 1473 3511 1542 perveniat
3553 1472 3621 1528 ad

2035 1557 2359 1611 mercedem.

2104 1649 2156 1704 6.
2198 1651 2476 1717 Quomodo
2518 1667 2646 1723 ergo
2697 1653 3118 1725 quadragenario
3160 1672 3386 1714 numero
3413 1659 3622 1729 perfici-

2035 1750 2118 1797 tur
2156 1744 2328 1811 opus?
2356 1743 2608 1800 Fortasse
2645 1745 2787 1811 ideo,
2820 1748 2940 1816 quia
2980 1747 3089 1802 Lex
3130 1747 3182 1802 in
3210 1748 3394 1804 decem
3425 1766 3622 1818 prince-

2032 1834 2135 1902 ptis
2164 1833 2285 1888 data
2316 1843 2417 1900 est,
2450 1846 2502 1890 et
2534 1852 2628 1904 per
2657 1846 2822 1891 totum
2851 1838 3105 1892 mundum
3144 1839 3478 1908 prtedicanda
3507 1848 3623 1896 erat

2032 1924 2141 1978 Lex
2176 1942 2189 1977 :
2220 1925 2307 1994 qui
2341 1934 2480 1981 totus
2525 1928 2753 1982 mundus
2793 1915 3301 1999 quatuor-partibus
3343 1946 3620 1986 commen-

2030 2014 2204 2080 datur,
2253 2016 2467 2071 Oriente
2507 2029 2560 2072 et
2605 2017 2908 2086 Occidente,
2965 2020 3183 2076 Meridie
3226 2031 3281 2077 et
3331 2023 3617 2093 Aquilone,

2033 2107 2172 2160 unde
2201 2107 2450 2162 denarius
2485 2124 2578 2178 per
2606 2119 2831 2179 quatuor
2855 2112 3257 2180 multiplicatus,
3289 2112 3355 2166 ad
3385 2114 3620 2184 quadra-

2030 2199 2306 2268 genarium
2350 2203 2606 2270 pervenit.
2651 2203 2745 2256 Vel
2787 2205 2910 2272 quia
2953 2220 3050 2274 per
3094 2206 3437 2276 Evangelium
3479 2207 3619 2276 quod

2034 2300 2261 2360 quatuor
2304 2291 2466 2346 libros
2514 2292 2692 2357 habet,
2737 2295 2986 2364 impletur
3025 2295 3134 2350 Lex
3165 2298 3321 2366 :quia
3356 2298 3408 2352 in
3448 2298 3622 2353 Evan-

2032 2385 2172 2454 gelio
2213 2385 2411 2441 dictum
2443 2397 2544 2449 est,
2578 2387 2696 2440 Non
2736 2389 2847 2442 veni
2889 2389 3078 2443 solvere
3111 2389 3315 2459 Legem,
3339 2391 3428 2444 sed
3453 2392 3620 2445 adim-

2036 2475 2398 2546 plere(Matt/i.
2422 2494 2474 2544 v,
2495 2479 2607 2548 Π).
2632 2479 2756 2534 Sive
2783 2495 2908 2550 ergo
2933 2481 3042 2546 illa,
3067 2481 3180 2536 sive
3202 2483 3296 2535 ista
3316 2483 3622 2549 causa,sive

2035 2568 2134 2620 alia
2162 2569 2335 2637 aliqua
2359 2569 2736 2640 probabiliore,
2771 2586 2888 2640 quae
2910 2587 3008 2624 nos
3047 2573 3193 2638 latet,
3224 2572 3494 2627 doctiores
3516 2588 3620 2628 non

2036 2659 2193 2724 latet;
2221 2669 2424 2714 certum
2453 2669 2534 2715 est
2562 2672 2736 2716 tamen
2761 2662 3178 2732 quadragenario
3208 2679 3428 2718 numero
3457 2664 3622 2734 signi-

2035 2749 2179 2804 ficari
2208 2750 2490 2820 quamdam
2525 2751 2904 2820 perfectionem
2937 2753 2989 2806 in
3029 2753 3280 2822 Operibus
3305 2753 3480 2821 bonis,
3505 2769 3624 2824 quae

2035 2841 2264 2895 maxime
2305 2857 2466 2912 opera
2504 2843 2638 2897 bona
2674 2853 2990 2898 exercentur
3035 2845 3086 2898 in
3130 2845 3446 2900 abstinentia
3487 2861 3622 2916 qua-

2033 2932 2157 2988 dam
2197 2935 2264 2990 ab
2294 2935 2488 2990 illicitis
2516 2935 2888 3004 cupiditatibus
2925 2937 2941 2968 ¹
2973 2938 3175 3004 εειεοιιΙὶ,
3204 2937 3307 2992 hoc
3330 2946 3432 3002 est,
3459 2955 3622 3008 gene-

2035 3027 2132 3080 rali
2159 3026 2382 3096 jejunio.
2413 3029 2547 3081 Audi
2596 3040 2650 3084 et
2673 3029 2988 3098 Apostolum
3031 3029 3319 3098 dicentem,
3351 3030 3624 3087 Plenitudo

2035 3117 2187 3188 Legis
2233 3119 2453 3174 charitas
2499 3119 2674 3192 (Rom.
2722 3137 2834 3183 xm,
2880 3120 2991 3193 10).
3022 3120 3266 3176 Charitas
3311 3122 3495 3178 unde?
3525 3125 3626 3180 Per

2034 3213 2258 3281 gratiam
2299 3212 2413 3278 Dei,
2441 3228 2536 3281 per
2563 3213 2820 3282 Spiritum
2859 3222 3121 3269 sanctum.
3143 3212 3260 3268 Non
3287 3215 3428 3268 enim
3459 3214 3625 3270 habe-

2035 3318 2216 3358 remus
2260 3303 2402 3358 illam
2451 3319 2519 3358 ex
2558 3304 2732 3370 nobis,
2764 3303 2914 3374 quasi
2964 3303 3220 3359 facientes
3263 3305 3408 3359 illam
3449 3306 3623 3362 nobis.

2037 3393 2131 3448 Dei
2159 3394 2354 3449 donum
2387 3403 2488 3460 est,
2531 3404 2586 3449 et
2623 3411 2869 3465 magnum
2897 3394 3094 3449 donum
3126 3412 3140 3449 :
3169 3396 3421 3460 Quoniam
3450 3396 3624 3451 chari-

2037 3497 2114 3541 tas
2146 3488 2260 3553 Dei,
2295 3488 2483 3557 inquit,
2522 3487 2712 3554 diﬁ'usa
2745 3497 2818 3542 est
2837 3489 2890 3542 in
2915 3487 3150 3542 cordibus
3175 3489 3360 3542 nostris
3386 3505 3476 3558 per
3504 3489 3627 3558 Spi-

2034 3581 2188 3633 ritum
2215 3590 2445 3634 sanctum
2478 3580 2563 3650 qui
2604 3581 2753 3634 datus
2784 3589 2855 3633 est
2883 3579 3026 3632 nobis
3055 3578 3168 3649 (Id.
3194 3594 3248 3643 v,
3273 3576 3350 3650 5).
3383 3579 3626 3634 Charitas

2036 3685 2164 3740 ergo
2193 3670 2378 3738 implet
2419 3670 2634 3739 Legem,
2676 3680 2730 3724 et
2765 3669 3040 3724 verissime
3073 3668 3273 3722 dictum
3309 3677 3412 3736 est,
3442 3668 3624 3722 Pleni-

2038 3762 2159 3814 tudo
2173 3761 2322 3832 Legis
2337 3761 2576 3815 charitas.
2591 3761 2902 3828 Quaeramus
2920 3759 3406 3824 banccbaritatem,
3432 3775 3624 3830 quem-

2037 3853 2322 3908 admodum
2374 3855 2394 3884 ⁸
2435 3853 2840 3908 commendatur
2905 3867 2936 3906 a
2986 3852 3231 3906 Domino.
3305 3850 3623 3907 Mementote

2038 3945 2163 4014 quid
2193 3944 2558 4014 proposuerim
2585 3962 2598 3998 :
2630 3960 2908 3998 numerum
2939 3943 3152 4013 triginta
3195 3951 3318 3998 octo
3358 3958 3621 4002 annorum

2039 4039 2092 4094 in
2140 4040 2228 4094 illo
2275 4038 2521 4109 languido
2566 4039 2690 4094 volo
2731 4053 3212 4107 exponeregquare
3242 4051 3494 4091 numerus
3537 4037 3624 4092 ille

2040 4133 2342 4203 trigesimus
2377 4141 2593 4188 octavus
2621 4132 2889 4201 languoris
2917 4131 2986 4184 sit
3023 4131 3196 4200 potius
3232 4145 3392 4200 quam
3422 4130 3623 4184 sanita-

2040 4227 2126 4280 tis.
2168 4226 2326 4295 Ergo,
2371 4234 2424 4278 ut
2467 4223 2728 4284 dicebam,
2775 4221 3005 4276 charitas
3047 4221 3229 4290 implet
3271 4221 3489 4290 Legem.
3538 4220 3624 4275 Ad

2040 4317 2420 4388 plenitudinem
2443 4316 2600 4386 Legis
2619 4316 2672 4370 in
2689 4314 2938 4368 omnibus
2957 4313 3207 4381 cperibus
3233 4313 3465 4382 pertinet
3490 4327 3626 4382 qua-

2038 4411 2383 4482 dragenarius
2415 4425 2667 4464 numerus
2703 4408 2795 4463 :in
2835 4407 3092 4463 charitate
3133 4416 3308 4462 autem
3351 4406 3458 4462 duo
3491 4422 3628 4476 prte-

2038 4515 2190 4572 cepta
2238 4503 2388 4557 nobis
2435 4499 2902 4555 commendantur.
2950 4498 3254 4566 Intuemini,
3300 4498 3546 4565 obsecro,
3573 4505 3628 4552 et

2038 4598 2182 4668 figite
2235 4595 2512 4652 memoriae
2559 4594 2700 4664 quod
2744 4593 2897 4658 dico;
2947 4606 3016 4646 ne
3063 4593 3180 4648 sitis
3231 4600 3628 4660 contemptores

2036 4690 2204 4751 verbi,
2240 4703 2306 4742 ne
2345 4687 2436 4741 ﬁat
2481 4687 2655 4740 anima
2698 4694 2871 4739 vestra
2899 4683 3006 4748 via,
3037 4683 3124 4737 ubi
3161 4697 3324 4752 grana
3348 4682 3488 4752 jacta
3515 4695 3620 4735 non

2037 4781 2375 4853 germinent:
2409 4777 2475 4832 Et
2498 4778 2711 4844 venient,
2751 4775 2942 4845 inquit,
2979 4773 3206 4827 volatilia
3239 4773 3370 4838 ctuti,
3401 4780 3450 4825 et
3479 4769 3626 4822 colli»

2038 4883 2154 4945 gent
2191 4889 2252 4926 ea
2287 4870 2476 4942 (Marc.
2506 4886 2574 4934 iv,
2604 4868 2680 4936 4).
2710 4867 2992 4936 Pereipite,
3021 4873 3078 4920 et
3115 4864 3392 4920 recondite
3420 4865 3471 4916 in
3499 4875 3623 4915 cor-

2037 4966 2193 5020 dibus
2221 4964 2434 5019 vestris.
2475 4961 2759 5017 Charitatis
2797 4968 3062 5029 praecepta
3097 4958 3204 5013 duo
3239 4965 3362 5012 sunt
3387 4971 3416 5009 a
3447 4955 3626 5009 Domi-

2039 5071 2110 5111 no
2153 5053 2523 5110 commendata
2573 5071 2586 5107 :
2634 5051 2828 5122 Diliges
2866 5050 3140 5105 Dominum
3178 5049 3343 5103 Deum
3389 5055 3529 5100 tuum
3559 5062 3623 5101 ea:

2041 5157 2142 5201 toto
2170 5147 2321 5200 corde
2343 5156 2448 5211 tuo,
2472 5154 2517 5198 et
2545 5159 2610 5197 ea:
2647 5153 2751 5196 tota
2795 5143 2966 5196 anima
3003 5152 3111 5207 tua,
3144 5149 3190 5194 et
3223 5155 3285 5193 ea:
3321 5147 3426 5192 tota
3465 5147 3626 5192 ments

2038 5248 2159 5302 tua;
2197 5247 2270 5306 et,
2315 5235 2509 5306 Diliges
2537 5235 2819 5304 proaimum
2848 5243 2988 5286 tuum
3015 5243 3253 5302 tanquam
3283 5230 3516 5299 teipsum.
3558 5227 3627 5283 In

2040 5330 2118 5383 his
2161 5328 2358 5382 duobus
2408 5328 2669 5398 praeceptis
2721 5336 2823 5379 tota
2873 5325 2980 5379 Lex
3031 5322 3209 5392 pendet
3253 5331 3300 5376 et
3353 5320 3630 5392 Pr0phem

2010 5490 2012 5492 ν
2040 5420 2249 5493 (Matth.
2282 5435 2412 5483 χχιι,
2440 5417 2646 5488 57-40).
2694 5415 2883 5471 Merito
2921 5424 2974 5469 et
2998 5413 3088 5468 illa
3127 5412 3282 5468 vidua
3313 5429 3502 5469 omnes
3551 5413 3628 5468 fa-

2037 5512 2261 5567 cultates
2289 5525 2429 5573 suas,
2477 5509 2583 5570 duo
2633 5508 2832 5562 minuta
2876 5506 3021 5560 misit
3063 5503 3115 5558 in
3156 5505 3294 5560 dona
3340 5505 3433 5560 Dei
3475 5504 3624 5573 (ιω.

2037 5619 2148 5670 xxi,
2175 5600 2297 5670 2-4)
2329 5621 2352 5658 ε,
2375 5602 2563 5656 merito
2591 5608 2646 5655 et
2694 5613 2790 5670 pro
2832 5597 2923 5652 illo
2967 5597 3216 5668 languido
3257 5613 3287 5652 a
3329 5596 3620 5654 latronibus

2101 5741 2118 5771 ι
2146 5747 2272 5799 Mss,
2294 5735 2622 5801 voluptatibus.

2102 5803 2122 5834 ³
2144 5796 2272 5864 t.ov.,
2298 5796 2413 5864 qua!
2428 5800 2706 5852 admodum.
2728 5797 2900 5850 Crateri
2921 5797 3050 5862 libri,
3075 5796 3497 5862 quemadmodum.
