4082 6470
509 360 512 364 ί
541 339 676 398 1531

541 458 801 527 sauciato,
839 455 1156 513 stabularios
1194 455 1327 512 duos
1353 469 1598 512 nummos
1627 453 1829 524 accepit
1852 451 1994 508 unde
2022 465 2112 506 sa-

547 549 932 621 naretur(Luc.
961 565 1016 616 x,
1051 549 1142 620 55)
1170 567 1184 603 :
1215 549 1406 604 merito
1445 547 1581 616 apud
1625 545 1984 601 Samaritanos
2036 543 2112 597 bl-

548 644 709 700 duum
743 643 865 698 fecit
888 642 1061 709 Jesus,
1093 652 1152 697 ut
1171 657 1264 696 eos
1287 640 1544 695 charitate
1567 637 1799 692 ﬁrmaret
1839 637 2013 707 (Joan.
2045 651 2112 700 tv,

546 738 661 807 40).
694 737 909 793 Binario
940 752 1071 807 ergo
1103 738 1206 790 isto
1247 748 1465 788 numero
1509 747 1629 786 cum
1671 731 1867 800 aliquid
1895 729 2016 784 boni
2047 729 2118 782 si-

541 828 819 899 gniﬁcatur
864 828 1093 883 maxime
1141 824 1385 894 bipartita
1423 823 1653 878 charitas
1697 820 2113 878 commendatur.

629 939 755 994 ergo
783 920 1228 993 quadragenarius
1256 931 1508 972 numerus
1541 917 1696 969 habet
1736 913 2115 983 perfectionem

541 1015 696 1085 Logis
737 1023 791 1069 et
829 1012 938 1068 Lex
969 1027 1075 1066 non
1113 1010 1363 1080 impletur
1390 1009 1489 1061 nisi
1521 1009 1572 1061 in
1602 1008 1814 1076 gemino
1852 1011 2117 1074 praecepto

541 1105 851 1170 charitatis;
899 1103 1022 1173 quid
1058 1103 1267 1156 miraris
1307 1101 1429 1170 quia
1460 1099 1736 1169 languebat
1772 1098 1859 1166 qui
1886 1095 1952 1150 ad
1983 1109 2115 1164 qua-

540 1199 798 1268 draginta,
826 1195 934 1250 duo
961 1196 1136 1249 minus
1161 1192 1425 1248 habebat?

609 1291 663 1344 7.
711 1288 991 1343 Videamus
1039 1287 1262 1357 proinde
1306 1285 1414 1353 jam
1463 1298 1569 1352 quo
1629 1289 1967 1336 sacramento
2015 1278 2116 1334 iste

543 1381 818 1451 languidus
851 1388 1069 1435 curetur
1095 1394 1124 1432 a
1157 1379 1398 1432 Domino.
1429 1375 1586 1432 Venit
1613 1375 1755 1428 cnim
1783 1374 1894 1442 ipse
1935 1371 2114 1426 Domi-

536 1489 658 1540 nus,
686 1473 957 1528 charitatis
980 1472 1185 1535 doctor,
1204 1470 1458 1524 charitate
1475 1469 1683 1536 plenus,
1717 1467 1958 1530 brevians,
1979 1464 2116 1518 sicut

537 1566 604 1620 de
630 1565 720 1622 illo
751 1564 1058 1634 praedictum
1101 1571 1202 1627 est,
1249 1566 1451 1616 verbum
1483 1577 1632 1628 super
1671 1567 1852 1611 (errant
1882 1555 2030 1627 (Isai.
2055 1571 2111 1620 κ,

535 1656 629 1722 25,
661 1665 709 1710 et
736 1671 916 1722 xxvm,
942 1655 1046 1719 2‘2;
1089 1654 1238 1708 Rom.
1279 1668 1354 1717 ix,
1380 1652 1472 1721 28)
1505 1661 1600 1706 :et
1642 1650 1874 1704 ostendit
1899 1649 1952 1702 in
1981 1647 2114 1703 duo-

536 1748 634 1804 bus
660 1746 935 1818 pmaceptis
955 1745 1228 1801 charitatis
1253 1743 1486 1814 pendere
1505 1742 1697 1810 Legem
1719 1748 1772 1795 et
1797 1739 2109 1807 PrOphctas.

535 1839 663 1895 Inde
706 1852 832 1910 ergo
866 1837 1118 1914 pependit
1153 1836 1361 1906 Moyses
1399 1831 1814 1904 quadragenario
1843 1844 1959 1894 suo,
1990 1830 2112 1886 inde

536 1932 678 1985 Elias
714 1944 836 1984 cum
877 1943 994 1994 suo,
1035 1929 1174 1982 hunc
1219 1942 1494 1982 numerum
1539 1925 1713 1979 attulit
1759 1924 2016 1978 Dominus
2058 1923 2110 1976 in

440 2069 448 2076 .
534 2023 836 2078 testimonio
878 2036 995 2077 suo.
1040 2018 1268 2076 Curatur
1314 2021 1414 2074 istc
1456 2017 1734 2088 languidus
1775 2032 1807 2071 a
1848 2024 2110 2084 praesente

534 2114 786 2173 Domino:
815 2113 908 2168 sed
934 2114 1078 2183 prius
1102 2112 1226 2183 quid
1250 2112 1299 2166 ei
1324 2111 1484 2166 dicit?
1515 2109 1601 2164 Vis
1647 2124 1801 2162 sanus
1831 2108 1982 2177 ﬁeri?
2003 2107 2110 2161 Rc-

532 2205 746 2276 spondit
785 2205 872 2261 ille
901 2205 1175 2260 hominem
1203 2217 1261 2258 se
1281 2219 1387 2257 non
1426 2202 1639 2266 habere,
1674 2215 1704 2255 a
1730 2215 1837 2280 quo
1863 2201 1914 2254 in
1946 2200 2107 2269 pisci—

534 2309 659 2349 nam
704 2294 960 2349 mittatur.
1006 2295 1142 2349 Vere
1187 2293 1519 2349 necessarius
1556 2301 1671 2347 erat
1717 2293 1794 2346 illi
1838 2292 1998 2346 homo
2041 2289 2106 2344 ad

529 2389 834 2454 sanitatem,
860 2387 954 2442 sed
985 2387 1144 2441 homo
1166 2387 1254 2441 ille
1291 2385 1382 2456 qui
1422 2393 1476 2440 et
1500 2385 1640 2440 Deus
1665 2393 1764 2439 est.
1809 2382 1952 2438 Unus
1977 2383 2108 2435 enim

532 2480 693 2546 Deus,
715 2495 846 2534 unus
871 2488 918 2533 et
942 2479 1188 2532 mediator
1207 2478 1302 2533 Dei
1327 2489 1372 2532 et
1399 2478 1676 2543 hominum,
1703 2477 1851 2530 homo
1879 2475 2108 2530 Christus

531 2570 680 2624 Jesus
709 2570 752 2637 (l
784 2569 914 2624 Tim.
940 2585 996 2637 ιι,
1022 2570 1099 2640 5).
1135 2569 1288 2626 Venit
1313 2583 1441 2639 ergo
1471 2568 1632 2623 homo
1659 2569 1746 2638 qui
1774 2578 1887 2623 erat
1917 2582 2104 2622 neces-

528 2662 703 2716 sarius
731 2675 932 2731 :qure
959 2663 1158 2716 sanitas
1189 2659 1522 2714 dill'erretur?
1555 2659 1738 2727 Surge,
1773 2660 1959 2728 inquit,
1990 2658 2108 2711 tolle

525 2753 786 2822 grabatum
828 2760 987 2820 tuum,
1035 2760 1082 2805 et
1127 2752 1348 2805 ambula.
1397 2750 1518 2805 Tria
1561 2750 1714 2816 dixit,
1757 2751 1940 2822 Surge,
1988 2751 2108 2805 tolle

524 2845 790 2916 grabatum
832 2852 994 2911 tuum,
1041 2853 1088 2897 et
1129 2844 1351 2898 ambula.
1399 2844 1505 2900 Sed
1552 2845 1735 2914 Surge,
1777 2859 1880 2898 non
1929 2845 2105 2913 operis

524 2936 804 3005 imperium
854 2935 971 3001 fuit,
1017 2934 1112 2991 sed
1155 2936 1395 3005 operatio
1438 2936 1696 2990 sanitatis.
1741 2935 1885 2990 Sano
1927 2943 2103 2989 autem

521 3025 630 3080 duo
659 3025 956 3095 imperavit,
985 3022 1133 3078 Tolle
1155 3027 1418 3096 grabatum
1446 3036 1607 3092 (ltum,
1631 3035 1676 3079 et
1702 3026 1921 3079 ambula.
1953 3026 2104 3096 Rogo

519 3133 639 3184 vos,
667 3133 764 3173 cur
799 3133 904 3172 non
943 3116 1230 3183 sufﬁceret,
1260 3118 1513 3171 Ambula?
1547 3130 1637 3171 aut
1681 3126 1825 3173 certe
1864 3133 1962 3172 cur
1995 3134 2100 3172 non

519 3209 810 3277 sufficeret,
849 3209 1054 3280 Surge?
1099 3208 1280 3278 Neque
1320 3210 1461 3263 enim
1493 3209 1582 3263 illc
1616 3223 1734 3264 cum
1775 3223 1935 3263 sanus
1979 3223 2100 3263 sur-

515 3300 767 3368 rexisset,
785 3301 839 3354 in
855 3300 974 3356 loco
988 3300 1346 3355 remansisset.
1369 3299 1554 3354 Nonne
1568 3300 1632 3354 ad
1661 3300 1760 3354 hoc
1783 3299 2102 3354 surrexisset

521 3401 581 3447 ut
603 3392 854 3447 abiissetl
881 3390 1055 3448 Movet
1079 3405 1212 3462 ergo
1237 3407 1324 3447 me
1351 3391 1509 3447 etiam
1536 3390 1675 3460 quod
1695 3390 1802 3444 duo
1822 3391 2095 3461 prtecepit,

518 3481 611 3553 qui
640 3481 788 3538 illum
815 3482 1078 3554 iacentem
1113 3483 1322 3539 duobus
1360 3484 1537 3538 minus
1570 3483 1771 3537 invenit
1802 3499 1814 3535 :
1850 3492 2097 3553 tanquam

519 3575 661 3630 enim
680 3574 788 3630 duo
807 3575 1050 3646 quadam
1063 3575 1320 3646 iubendo,
1343 3575 1482 3646 quod
1510 3573 1682 3629 minus
1699 3583 1815 3628 erat
1840 3575 2094 3644 implevit.

589 3666 644 3722 8.
670 3665 949 3733 Quomodo
972 3682 1100 3738 ergo
1119 3668 1444 3722 inveniamus
1467 3669 1517 3720 in
1546 3665 1630 3722 bis
1657 3665 1864 3721 duobus
1888 3667 2096 3722 Domini

514 3756 676 3829 jussis
695 3800 710 3824 ,
735 3759 845 3815 duo
862 3759 950 3816 illa
981 3767 1244 3830 praecepta
1269 3748 1561 3829 signiﬁcata
1586 3757 1904 3814 charitatis?
1934 3757 2092 3824 Tolle,

515 3848 708 3920 inquit,
735 3851 998 3922 grabatum
1031 3859 1190 3917 tuum,
1229 3859 1276 3904 et
1309 3850 1533 3903 atnbula.
1573 3848 1700 3916 Quae
1727 3860 1850 3904 sunt
1878 3849 1963 3903 illa
1991 3850 2096 3905 duo

513 3948 799 4010 praecepta,
848 3931 1058 4008 fratres,
1092 3941 1313 3996 recolite
1360 3955 1588 3994 mecum.
1633 3939 1915 3994 Notissima
1953 3941 2092 3995 enim

516 4043 636 4084 esse
657 4029 871 4097 debent,
902 4031 1180 4086 necmodo
1207 4040 1408 4085 tantum
1439 4031 1617 4085 venire
1637 4031 1688 4083 in
1716 4039 1946 4086 mentem
1973 4047 2092 4086 cum

514 4129 1002 4175 commemorantur
1024 4122 1255 4186 a‘nobis,
1287 4122 1379 4176 sed
1409 4122 1574 4176 deleri
1599 4137 1865 4192 nunquam
1897 4123 2094 4178 debent

512 4211 583 4266 de
609 4211 856 4268 cordibus
882 4213 1092 4268 vestris.
1117 4214 1340 4282 Semper
1363 4215 1582 4268 omnino
1605 4215 1835 4285 cogitate
1867 4214 2092 4286 diligen-

511 4301 640 4356 dum
667 4315 791 4358 esse
810 4303 977 4358 Deum
993 4312 1049 4358 et
1077 4303 1374 4372 proximum
1404 4321 1418 4360 :
1449 4303 1610 4358 Deum
1638 4320 1700 4358 ea:
1719 4314 1820 4359 toto
1839 4305 2007 4372 corde,
2031 4322 2092 4360 ex

513 4402 619 4448 tota
645 4394 836 4461 annua,
861 4402 909 4449 et
935 4411 998 4450 es:
1023 4403 1126 4448 tota
1151 4404 1312 4449 mente
1335 4405 1425 4459 ;et
1451 4396 1733 4466 proaimum
1757 4407 1996 4467 tanquam
2015 4413 2094 4452 se-

510 4485 699 4555 ipsum.
732 4484 857 4540 litec
881 4499 1097 4555 semper
1122 4485 1398 4555 cogitanda
1418 4527 1434 4552 ,
1467 4485 1583 4542 haec
1605 4487 1904 4542 meditanda
1930 4530 1945 4555 ,
1978 4488 2092 4544 hzec

512 4576 789 4632 retinenda
807 4617 825 4643 ,
858 4578 973 4633 haec
1008 4576 1210 4648 agenda
1233 4617 1250 4644 ,
1279 4577 1393 4632 haec
1419 4579 1684 4648 implenda
1713 4588 1854 4635 sum.
1887 4581 1979 4634 Dei
2004 4580 2088 4634 di-

513 4669 672 4726 lectio
711 4670 862 4740 prior
901 4677 984 4725 est
1017 4669 1204 4726 ordine
1243 4672 1613 4740 prtecipiendi;
1645 4673 1871 4742 proximi
1913 4682 2087 4728 autem

511 4759 728 4816 dilectio
749 4760 895 4831 prior
919 4767 1002 4816 est
1024 4760 1212 4816 ordine
1235 4760 1482 4818 faciendi.
1504 4763 1686 4832 Neque
1712 4765 1854 4818 enim
1878 4765 1968 4833 qui
1995 4764 2089 4820 tibi

509 4852 825 4922 pracipes-et
861 4850 1202 4908 dilectionem
1248 4853 1404 4909 istam
1444 4855 1496 4908 in
1539 4854 1746 4909 duobus
1784 4856 2085 4924 praeceptis,

508 4943 658 5013 prius
685 4943 778 4998 tibi
804 4943 1201 4999 cotnmcndaret
1223 4944 1524 5014 proximum
1545 4985 1560 5013 ,
1593 4953 1646 5001 et
1670 4953 1852 5014 postea
1883 4947 2084 5013 Deum;

506 5034 602 5090 sed
647 5036 794 5106 prius
821 5036 1008 5103 Deum,
1042 5044 1229 5107 postea
1270 5037 1593 5108 proximum.
1634 5038 1712 5092 Tu
1747 5048 1923 5093 autem
1962 5041 2087 5109 quia

509 5127 676 5184 Deum
722 5129 954 5185 nondum
1008 5129 1175 5195 vides,
1223 5129 1490 5200 diligendo
1537 5131 1834 5200 proximum
1879 5147 2087 5201 prome-

503 5223 641 5277 reris
668 5237 824 5291 quem
856 5222 1078 5287 videas;
1103 5221 1370 5292 diligendo
1408 5222 1706 5291 proximum
1738 5239 1930 5293 purgas
1960 5239 2087 5280 ocu-

508 5310 617 5364 lum
644 5311 710 5364 ad
739 5312 1026 5367 videndum
1069 5313 1256 5377 Deum,
1298 5311 1568 5366 evidenter
1611 5311 1813 5367 Joanne
1851 5314 2083 5381 dicente,

508 5401 570 5456 Si
596 5406 801 5473 fratrem
820 5421 964 5474 quem
985 5403 1124 5458 vides
1147 5419 1248 5457 non
1270 5403 1456 5473 diligis,
1478 5401 1641 5457 Deum
1659 5419 1806 5473 quem
1827 5421 1929 5458 non
1949 5406 2084 5460 vides

505 5493 756 5562 quomodo
784 5493 992 5565 diligere
1012 5495 1200 5565 poteris
1228 5494 1270 5564 (Ι
1289 5493 1445 5547 Joan.
1476 5509 1548 5560 tv,
1578 5493 1707 5564 20)?
1728 5495 1864 5550 Ecce
1891 5495 2085 5552 dicitur

508 5583 629 5649 tibi,
660 5582 832 5653 Dilige
861 5584 1050 5640 Deum.
1074 5585 1131 5641 Si
1156 5585 1301 5640 dicas
1330 5583 1482 5653 mihi,
1511 5584 1744 5642 Ostende
1767 5586 1898 5642 mihi
1921 5603 2080 5658 quem

505 5673 719 5743 diligam
743 5689 758 5739 ;
789 5673 913 5744 quid
942 5675 1292 5744 respondebo,
1314 5675 1418 5732 nisi
1441 5675 1584 5747 quod
1601 5677 1675 5733 ait
1695 5677 1807 5749 ipse
1825 5678 2081 5748 Joannes,

505 5764 671 5824 Deum
709 5783 854 5828 nm
901 5766 1026 5827 uidit
1060 5783 1281 5839 unquam
1322 5766 1506 5841 (leua.
1547 5786 1586 5841 ι,
1637 5768 1762 5842 l8)?
1805 5770 1873 5830 Et
1917 5787 1987 5833 ne
2030 5781 2085 5833 te

1493 337 1560 394 IN
1592 330 1871 394 JOANNIS
1905 329 2378 400 EVANGELIUM,
2419 335 2475 392 S.
2518 339 2881 400 AUGUSTINI

3642 329 3650 340 ’
3673 356 3811 413 ιδδε

2226 450 2454 507 alienum
2481 457 2694 511 omnino
2719 474 2747 512 a
2771 459 2881 515 Deo
2900 460 3126 517 videndo
3155 478 3273 520 esse
3299 466 3572 524 arbitreris
3603 487 3616 523 :
3644 470 3800 542 Deus,

2225 541 2430 612 inquit,
2453 546 2673 601 charitas
2696 559 2768 602 est
2785 565 2804 612 ;
2833 552 2988 622 et‘qui
3015 563 3181 607 manet
3218 556 3269 608 in
3307 559 3548 612 charitate
3570 601 3584 626 ,
3614 563 3664 614 in
3694 561 3801 617 Deo

2226 645 2393 687 manet
2413 635 2453 706 (Ι
2475 636 2630 691 Joan.
2666 655 2736 704 tv,
2770 641 2882 711 16).
2915 643 3080 714 Dilige
3107 659 3232 716 ergo
3264 649 3557 716 proximum
3589 669 3602 704 :
3633 661 3688 706 et
3717 654 3802 707 in-

2226 733 2377 781 tuere
2412 728 2464 781 in
2512 737 2563 783 te
2593 731 2730 785 unde
2757 733 2932 803 diligis
2979 738 3315 804 proximum;
3358 741 3427 795 ibi
3466 741 3667 798 videbis
3699 787 3714 811 ,
3743 755 3804 801 ut

2229 818 2445 885 poteris,
2469 818 2654 874 Deum.
2675 821 2848 893 Incipe
2871 840 2998 894 ergo
3017 827 3236 898 diligere
3256 831 3570 898 proximum.
3593 833 3800 906 Frange

2224 910 2458 965 esurienti
2481 927 2662 982 panem
2681 923 2839 984 tuum,
2870 927 2916 971 et
2935 934 3142 988 egenum
3172 921 3280 975 sine
3304 931 3427 976 tecto
3451 923 3602 977 induc
3621 925 3674 980 in
3703 927 3799 981 do-

2225 1017 2360 1055 mum
2391 1014 2527 1059 tuam
2560 1009 2646 1062 :si
2672 1010 2853 1064 videris
2877 1013 3084 1079 nudum,
3118 1015 3263 1081 vesti,
3297 1026 3345 1070 et
3383 1018 3676 1074 domesticos
3719 1035 3803 1074 se-

2223 1095 2371 1148 minis
2392 1097 2464 1148 tui
2490 1113 2550 1150 ne
2573 1098 2874 1169 despexeris.
2902 1101 3122 1158 Faciens
3150 1117 3322 1159 autem
3346 1109 3443 1162 ista
3459 1109 3584 1177 quid
3609 1123 3802 1166 conse-

2219 1187 2433 1255 queris?
2450 1187 2591 1242 Tunc
2611 1202 2832 1263 erumpet
2847 1195 2977 1248 velut
3000 1199 3243 1251 matutina
3261 1199 3348 1252 tua:
3364 1209 3448 1253 tua
3473 1200 3525 1271 (Ι
3527 1203 3620 1256 sai.
3646 1215 3794 1270 mn,

2223 1279 2274 1344 7,
2305 1280 2380 1350 8).
2407 1282 2517 1336 Lux
2552 1293 2636 1337 tun
2669 1287 2807 1340 Deus
2837 1296 2958 1342 tuus
2978 1297 3075 1354 est,
3108 1291 3201 1344 tibi
3225 1294 3487 1356 matutina,
3518 1295 3638 1363 quia
3667 1303 3794 1364 post

2223 1381 2430 1425 noctem
2472 1377 2652 1429 saeculi
2687 1377 2779 1432 tibi
2811 1382 3022 1434 veniet:
3057 1396 3176 1435 nam
3213 1384 3302 1438 illc
3339 1399 3436 1438 nec
3475 1387 3664 1453 oritur,
3695 1401 3799 1442 nec

2215 1465 2444 1529 occidit;
2475 1466 2594 1534 quia
2623 1481 2831 1537 semper
2854 1481 3049 1526 manet.
3080 1472 3192 1527 Erit
3224 1475 3314 1528 tibi
3348 1477 3635 1531 matutinus
3667 1477 3798 1532 red-

2217 1557 2385 1623 eunti,
2413 1559 2500 1627 qui
2525 1560 2618 1613 tibi
2641 1574 2886 1616 occasum
2927 1563 3124 1619 fecerat
3162 1569 3424 1634 pereunti.
3459 1566 3620 1637 Ergo,
3652 1567 3802 1624 Tolle

2215 1648 2480 1717 grabatum
2517 1659 2693 1717 tuum,
2727 1653 2854 1708 mihi
2898 1654 3108 1710 videtur
3143 1655 3374 1722 dixisse,
3407 1657 3572 1728 Dilige
3614 1658 3799 1727 proxi-

2216 1753 2361 1793 mum
2389 1749 2556 1794 tuum.

2287 1831 2338 1886 9.
2368 1831 2473 1888 Sed
2497 1833 2738 1891 clausum
2766 1846 2849 1892 est
2873 1837 3044 1893 adhuc
3064 1881 3079 1906 ,
3110 1847 3165 1894 et
3192 1841 3523 1909 expositione
3560 1840 3759 1911 indiget
3777 1881 3796 1909 ,

2215 1930 2469 1990 quantum
2489 1925 2739 1994 arbitror,
2772 1941 2936 1997 quare
2963 1929 3020 1983 in
3055 1928 3288 1986 tollendo
3319 1931 3542 2000 grabato
3577 1931 3798 1986 dilectio

2217 2016 2438 2082 proximi
2476 2019 2880 2074 commendetur
2910 2038 2922 2073 :
2955 2021 3055 2075 nisi
3086 2021 3223 2076 forte
3262 2023 3364 2078 hoc
3406 2037 3503 2077 nos
3536 2024 3793 2093 olfendit,

2211 2106 2352 2174 quod
2383 2123 2480 2175 per
2503 2109 2802 2178 grabatum,
2830 2126 2944 2165 rem
2965 2113 3246 2180 quamdam
3271 2114 3514 2168 stolidam
3537 2123 3592 2170 et
3609 2116 3795 2171 insen-

2212 2208 2404 2264 satam,
2431 2201 2700 2268 proximus
2719 2203 3142 2258 commendatur.
3174 2205 3289 2259 Non
3325 2206 3581 2261 irascatur
3601 2209 3790 2277 proxi-

2212 2303 2351 2354 mus,
2380 2290 2422 2343 si
2452 2291 2853 2346 commendatur
2879 2293 3031 2349 nobis
3057 2311 3151 2364 per
3181 2310 3290 2350 rem
3321 2312 3440 2365 quite
3469 2297 3590 2351 sine
3617 2299 3794 2352 anima

2211 2387 2267 2434 ct
2286 2381 2400 2435 sine
2425 2398 2585 2436 sensu
2615 2393 2714 2438 est.
2742 2383 2860 2454 Ipse
2887 2386 3144 2440 Dominus
3170 2396 3224 2441 ct
3251 2387 3480 2442 salvator
3507 2397 3685 2444 noster
3703 2389 3796 2444 Je-

2210 2485 2302 2528 sus
2325 2474 2570 2528 Christus
2599 2473 2732 2543 lapis
2760 2475 3027 2545 angularis
3055 2477 3226 2532 dictus
3253 2487 3364 2542 est,
3399 2487 3456 2533 ut
3486 2479 3620 2534 duos
3657 2495 3794 2536 con-

2209 2565 2362 2621 deret
2385 2568 2434 2619 in
2463 2583 2522 2621 se
2552 2565 2764 2638 (Ephos.
2789 2568 3074 2639 mli—90).
3093 2569 3274 2625 Dictus
3293 2580 3442 2625 estet
3459 2583 3625 2640 petra,
3649 2571 3796 2627 unde

2208 2673 2342 2728 aqua
2372 2660 2652 2729 profluxit:
2686 2660 2842 2715 Petra
2862 2673 3031 2716 autem
3047 2674 3151 2717 erat
3168 2663 3396 2717 Christus
3426 2663 3470 2733 (Ι
3487 2664 3604 2718 Cor.
3633 2681 3688 2730 ι,
3707 2665 3791 2736 4).

2207 2749 2343 2817 Quid
2387 2766 2516 2820 ergo
2545 2751 2760 2817 mirum,
2795 2751 2840 2806 si
2873 2748 3028 2808 Petra
3053 2752 3297 2808 Christus
3317 2793 3332 2820 ,
3365 2754 3564 2823 lignum
3606 2755 3792 2823 proxi-

2207 2843 2364 2897 mus?
2391 2843 2504 2898 Non
2539 2853 2710 2899 tamen
2737 2845 3118 2915 qualecumque
3145 2847 3340 2916 lignum
3367 2845 3667 2916 :quomodo
3686 2860 3794 2902 nec

2208 2934 2295 2989 illa
2318 2934 2717 3005 qualiscumque
2733 2945 2904 3006 petra,
2923 2936 3020 2991 sed
3045 2936 3183 2992 unde
3207 2951 3342 3006 aqua
3368 2935 3695 3007 produxerat
3714 2937 3791 2991 si-

2207 3025 2487 3090 tientibus;
2516 3043 2616 3081 nec
2644 3028 3044 3098 qualiscumque
3069 3029 3222 3098 lapis,
3251 3029 3344 3082 sed
3373 3029 3673 3098 angularis,
3694 3027 3790 3097 qui

2205 3119 2258 3172 in
2303 3119 2591 3188 semetipso
2620 3121 2887 3188 copulavit
2917 3121 3050 3176 duos
3089 3121 3316 3191 parietes
3357 3138 3387 3176 e
3433 3120 3646 3175 diverso
3688 3135 3789 3175 vc-

2204 3209 2430 3266 nicntes.
2461 3209 2550 3264 Sic
2578 3224 2676 3266 nec
2715 3211 3095 3281 qualecumque
3127 3212 3324 3281 lignum
3363 3211 3661 3279 proximum
3688 3224 3787 3265 ac-

2201 3302 2430 3370 ceperis,
2458 3302 2553 3358 scd
2574 3303 2869 3372 grabatum.
2893 3303 3030 3368 Quid
3059 3317 3190 3370 ergo
3211 3303 3262 3356 in
3291 3304 3529 3372 grabato,
3555 3302 3787 3356 obsecro

2201 3393 2290 3446 te?
2313 3392 2462 3461 quid,
2493 3393 2594 3446 nisi
2622 3394 2743 3462 quia
2766 3392 2853 3447 ille
2880 3392 3159 3461 languidus
3188 3393 3408 3463 grabato
3435 3391 3738 3461 portabatur
3759 3391 3788 3446 ῗ

2201 3483 2374 3538 Sanus
2420 3493 2598 3540 autem
2645 3485 2918 3554 grabatum
2956 3493 3150 3554 portat.
3191 3484 3328 3550 Quid
3359 3483 3556 3540 dictum
3594 3492 3677 3538 est
3713 3481 3785 3537 ab

2201 3575 2494 3644 Apostolo?
2523 3575 2744 3629 Invicem
2762 3592 2916 3629 onera
2943 3588 3102 3629 vestra
3129 3585 3340 3646 portate,
3369 3584 3415 3629 et
3429 3576 3503 3628 sic
3525 3574 3782 3642 adimpleo

2200 3667 2316 3721 bitis
2367 3668 2522 3738 legem
2557 3666 2743 3721 Christi
2783 3666 2996 3731 (Colat.
3027 3681 3096 3730 Vl,
3123 3665 3204 3735 ἢ).
3253 3665 3362 3720 Lex
3408 3679 3534 3735 ergo
3581 3664 3784 3719 Christi

2198 3756 2428 3812 charitas
2456 3765 2560 3821 est,
2588 3771 2686 3812 nec
2709 3756 2944 3811 charitas
2969 3757 3216 3826 impletur
3235 3756 3334 3809 nisi
3363 3755 3588 3809 invicem
3614 3767 3782 3808 onera

2199 3857 2380 3901 nostra
2409 3856 2699 3916 portemus.
2732 3846 3073 3913 Su/I'erentes,
3099 3847 3302 3918 inquit,
3329 3847 3540 3900 invicem
3559 3846 3613 3899 in
3645 3844 3782 3899 dile-

2197 3941 2379 4005 ctione,
2406 3940 2657 3993 studentes
2677 3956 2873 3994 servare
2891 3941 3137 3994 unitatem
3159 3941 3366 4010 spiritus
3390 3940 3442 3994 in
3461 3938 3659 3993 vinculo
3685 3955 3780 4008 pa-

2197 4032 2269 4086 cis
2311 4031 2523 4103 (Ephes.
2551 4047 2624 4098 tv,
2655 4032 2710 4096 2,
2743 4031 2820 4104 ὅ).
2849 4032 2981 4087 Cum
3013 4047 3159 4088 esses
3199 4031 3500 4101 languidus,
3533 4029 3781 4100 portabat

2197 4131 2251 4177 te
2279 4123 2548 4188 proximus
2571 4130 2724 4186 tuus;
2763 4135 2926 4178 sanus
2962 4122 3131 4178 factus
3159 4136 3238 4186 es,
3285 4130 3436 4190 porta
3473 4119 3776 4189 proximum

2196 4221 2343 4267 tuum
2374 4230 2386 4264 :
2410 4212 2635 4267 Invicem
2657 4228 2812 4268 onera
2835 4223 2997 4268 vestra
3020 4222 3215 4283 portate
3232 4254 3247 4280 ,
3274 4221 3320 4270 et
3345 4213 3415 4267 sic
3436 4210 3776 4280 adimpleln'lt's

2196 4303 2353 4373 legem
2371 4303 2578 4358 Christi.
2615 4303 2702 4360 Sic
2735 4304 3078 4374 adimplebis,
3107 4319 3140 4358 ο
3161 4304 3353 4367 homo,
3385 4302 3528 4372 quod
3559 4302 3653 4357 tibi
3678 4301 3777 4357 dc-

2193 4405 2324 4452 orat.
2363 4396 2504 4450 Tolle
2527 4414 2644 4467 ergo
2673 4399 2940 4466 grabatum
2962 4407 3122 4450 tuum.
3151 4396 3256 4452 Sed
3280 4411 3402 4451 cum
3429 4396 3634 4462 tuleris,
3662 4394 3778 4450 noli

2192 4502 2488 4554 remanere,
2514 4488 2738 4543 ambula.
2764 4489 3036 4558 Diligendo
3059 4489 3384 4558 proximum,
3397 4496 3454 4544 et
3475 4503 3657 4544 curam
3673 4487 3774 4542 ba-

2193 4578 2368 4634 hcndo
2409 4577 2477 4634 de
2505 4579 2746 4648 proximo
2776 4566 2886 4646 tuo,
2915 4579 3017 4636 iter
3043 4579 3176 4649 agis.
3199 4578 3454 4648 Quogiter
3481 4576 3592 4650 agis
3612 4615 3626 4641 ,
3669 4577 3774 4636 nisi

2193 4669 2260 4724 ad
2291 4671 2572 4725 Dominum
2596 4670 2798 4736 Deum,
2821 4670 2889 4724 ad
2914 4679 3038 4726 eum
3066 4685 3226 4741 quem
3263 4670 3489 4739 diligere
3515 4669 3774 4726 debemus

2191 4776 2259 4818 ex
2287 4771 2396 4817 toto
2416 4763 2597 4833 corde,
2625 4779 2693 4818 ex
2721 4771 2828 4818 tota
2861 4765 3152 4829 anima-,‘ex
3179 4771 3292 4818 tota
3318 4763 3534 4820 mente?
3562 4761 3642 4818 Ad
3661 4762 3770 4818 Do-

2191 4856 2394 4909 minum
2421 4858 2564 4910 enim
2593 4857 2827 4912 nondum
2850 4858 3208 4927 pervenimus,
3229 4857 3324 4913 sed
3347 4857 3646 4926 proximum
3671 4871 3772 4912 no-

2191 4944 2394 5001 biscum
2416 4945 2693 5002 habemus.
2723 4947 2885 5003 Porta
2901 4963 3030 5019 ergo
3047 4963 3195 5019 eum,
3217 4964 3340 5008 cum
3364 4963 3471 5019 quo
3496 4949 3770 5016 ambulas;

2191 5044 2251 5091 ut
2271 5037 2338 5094 ad
2384 5053 2506 5092 eum
2550 5039 2849 5108 pervenias,
2893 5055 3017 5096 cum
3059 5055 3166 5111 quo
3205 5053 3425 5097 manere
3474 5039 3769 5097 desideras.

2189 5125 2333 5180 Tolle
2352 5143 2478 5197 ergo
2508 5129 2769 5199 grabatum
2795 5139 2954 5197 tuum,
2986 5139 3032 5186 et
3057 5131 3276 5186 ambula.

2265 5220 2349 5275 10.
2379 5220 2528 5276 Fecit
2551 5221 2652 5277 hoc
2676 5223 2800 5291 ille,
2827 5231 2882 5278 et
2911 5223 3252 5280 scandalizati
3293 5232 3421 5295 sunt
3452 5222 3642 5280 Judzi.
3672 5222 3770 5278 Vi-

2190 5311 2386 5368 debant
2415 5313 2555 5368 enim
2583 5313 2852 5369 hominem
2883 5313 2970 5370 die
2999 5315 3204 5372 sabbati
3233 5324 3532 5386 portantem
3572 5313 3771 5384 graba-

2189 5412 2300 5460 tum
2320 5420 2504 5470 suum,
2531 5421 2630 5462 nec
2657 5407 3116 5464 calumniabantur
3140 5408 3366 5464 Domino
3399 5404 3538 5476 quod
3579 5419 3772 5461 sanum

2187 5510 2310 5554 eum
2332 5498 2530 5553 fecerat
2557 5498 2801 5565 sabbato,
2835 5508 2890 5556 ut
2915 5499 2992 5556 eis
3018 5499 3343 5568 respondere
3366 5506 3548 5568 posset
3567 5497 3691 5566 quia
3715 5498 3766 5552 si

2189 5589 2501 5660 cujusquam
2541 5605 2730 5648 eorum
2768 5591 3068 5659 iumentum
3111 5592 3164 5648 in
3208 5599 3422 5662 puteum
3459 5589 3768 5655 cecidisset,

2189 5682 2373 5752 utique
2399 5681 2483 5738 die
2513 5683 2716 5738 sabbati
2747 5691 2958 5738 erueret
2984 5683 3134 5749 illud,
3152 5683 3449 5742 etsalvaret
3467 5681 3770 5751 jumentum

2189 5788 2348 5836 suum
2385 5773 2552 5848 (Luc.
2579 5791 2687 5844 ιιιν,
2712 5773 2804 5850 5):
2838 5790 2945 5834 non
2975 5776 3153 5845 itaque
3184 5774 3295 5845 jam
3331 5772 3409 5832 illi
3449 5769 3778 5844 objicicbant
