4118 6520
352 322 497 380 1555

352 438 497 508 quod
524 436 613 491 die
634 434 838 489 sabbati
864 447 1024 489 sanus
1055 432 1224 489 factus
1256 440 1395 488 esset
1421 431 1616 499 homo;
1657 434 1751 489 sed
1784 434 1925 504 quod

356 527 607 598 portabat
625 525 900 595 grabatum
923 539 1097 579 suum.
1126 523 1180 580 Si
1200 526 1396 580 sanitas
1412 539 1518 579 non
1542 533 1655 580 erat
1671 524 1925 580 differen-

348 620 436 682 da,
473 616 727 687 numquid
761 625 815 671 et
855 632 987 686 opus
1023 616 1195 671 fuerat
1225 616 1628 688 imperandum?
1651 617 1772 672 Non
1812 617 1923 672 licet

348 712 455 776 tibi,
486 711 753 781 inquiunt,
786 711 952 781 facere
965 709 1098 781 quod
1126 710 1269 781 facis,
1290 709 1462 764 tollere
1474 712 1737 781 grabatum
1763 720 1920 765 tuum.

350 806 414 860 Et
438 804 531 858 ille
564 812 835 858 auctorem
854 802 1103 858 sanitatis
1130 817 1239 858 sua:
1259 802 1540 873 objiciebat
1578 803 1925 858 calumniato-

347 898 531 951 ribus:
562 895 694 961 Qui,
727 896 925 966 inquit,
955 912 1033 950 me
1075 896 1191 965 fecit
1229 912 1434 961 sanum,
1468 897 1574 965 ipse
1612 897 1735 949 mihi
1772 896 1919 963 dixit,

350 987 489 1042 Tolle
515 988 779 1059 grabatum
808 997 966 1053 tuum,
999 997 1044 1041 et
1070 987 1291 1041 ambula.
1318 986 1433 1042 Non
1479 987 1772 1056 acciperem
1803 988 1920 1054 jus-

344 1081 549 1133 sionem
582 1093 609 1132 a
630 1094 737 1147 quo
758 1094 1062 1148 receperam
1102 1078 1417 1132 sanitatem?
1448 1077 1512 1131 Et
1542 1078 1613 1131 illi
1646 1096 1658 1131 :
1695 1077 1819 1142 Quis
1845 1087 1920 1131 est

346 1171 425 1224 ille
440 1169 595 1222 homo
610 1170 694 1238 qui
710 1170 795 1222 tibi
817 1169 962 1235 dixit,
989 1168 1131 1222 Tolle
1144 1168 1409 1239 grabatum
1435 1176 1596 1234 tuum,
1617 1179 1663 1223 et
1679 1166 1921 1222 ambula?

409 1260 498 1313 ii.
544 1258 649 1313 Sed
675 1260 761 1328 qui
789 1275 942 1311 sanus
976 1268 1083 1311 erat
1111 1259 1275 1327 factus
1305 1258 1550 1312 nesciebat
1577 1259 1687 1331 quis
1718 1267 1858 1324 esset,
1886 1273 1917 1313 a

340 1366 441 1418 quo
463 1350 569 1405 hoc
598 1349 853 1403 audierat.
880 1349 1029 1404 Iesus
1068 1359 1266 1414 autem,
1294 1365 1413 1404 cum
1448 1349 1551 1403 hoc
1584 1348 1825 1416 fecisset,
1865 1356 1920 1405 et

336 1440 603 1509 iussisset,
631 1440 966 1491 declinaverat
991 1438 1052 1491 ab
1083 1455 1139 1492 eo
1163 1440 1215 1492 in
1243 1440 1405 1492 turba.
1432 1438 1618 1493 Videte
1660 1438 1916 1508 quemad-

339 1532 551 1589 modum
588 1542 643 1588 et
684 1533 783 1587 hoc
830 1533 1132 1601 impleatur.
1174 1532 1454 1587 Portamus
1498 1532 1831 1601 proximum,
1863 1540 1918 1587 et

338 1624 693 1687 ambulamus,
732 1624 798 1678 ad
842 1624 1041 1689 Deum;
1079 1622 1173 1678 sed
1216 1638 1337 1677 eum
1374 1623 1440 1677 ad
1477 1637 1635 1692 quem
1679 1622 1916 1677 ambula-

336 1734 485 1783 mus,
516 1718 755 1771 nondum
796 1716 1036 1772 videmus
1070 1734 1082 1770 :
1116 1715 1236 1770 ideo
1266 1724 1321 1770 et
1356 1716 1447 1771 ille
1486 1716 1718 1770 nondum
1750 1729 1915 1771 nove-

338 1819 414 1865 rat
457 1808 667 1863 Iesum.
712 1807 1110 1863 Sacramentum
1166 1806 1267 1860 hoc
1322 1806 1746 1861 commendatum
1788 1813 1909 1871 est,

334 1900 451 1971 quia
478 1901 532 1954 in
565 1915 690 1954 eum
717 1898 983 1953 credimus
1007 1913 1163 1967 quem
1187 1896 1418 1951 nondum
1446 1896 1686 1951 videmus
1724 1914 1737 1950 :
1772 1904 1824 1951 et
1848 1903 1907 1950 ut

338 2007 435 2046 non
468 1990 737 2054 videatur,
774 1990 1006 2045 declinat
1034 1990 1086 2043 in
1115 1989 1287 2043 turba.
1319 1988 1541 2043 Difﬁcile
1565 1997 1646 2043 est
1674 1989 1725 2042 in
1757 1988 1910 2043 turba

336 2081 507 2136 videre
540 2080 819 2135 Christum
866 2098 880 2133 :
922 2078 1154 2133 solitudo
1198 2078 1440 2149 quaedam
1482 2079 1779 2133 necessaria
1826 2086 1910 2133 est

335 2172 488 2227 menti
516 2180 719 2225 nostra:
742 2187 758 2237 ;
782 2169 1005 2239 quadam
1032 2169 1314 2223 solitudine
1355 2169 1663 2224 intentionis
1702 2169 1910 2225 videtur

334 2265 484 2319 Deus.
506 2263 689 2317 Turba
719 2263 995 2332 strepitum
1026 2261 1215 2325 habet;
1242 2261 1372 2317 visio
1396 2261 1493 2315 ista
1522 2268 1784 2315 secretum
1812 2261 1908 2315 de-

334 2352 545 2408 siderat.
576 2352 728 2406 Tolie
755 2351 1016 2421 grabatum
1058 2360 1199 2405 tuum
1220 2392 1234 2414 ,
1264 2357 1412 2419 porta
1448 2357 1685 2418 portatus
1723 2350 1905 2418 proxi-

335 2458 467 2496 mum
509 2450 704 2506 tuum;
754 2450 803 2494 et
848 2441 1083 2505 ambula,
1129 2448 1186 2493 ut
1222 2440 1519 2507 pervenias.
1566 2432 1682 2494 Neli
1722 2439 1904 2494 Iesum

335 2549 561 2603 quatere
586 2534 648 2589 in
675 2535 849 2599 turba,
882 2548 988 2588 non
1029 2540 1111 2587 est
1153 2541 1398 2602 tanquam
1437 2546 1575 2585 unus
1602 2531 1669 2586 de
1703 2532 1855 2586 turba
1886 2550 1901 2587 :

334 2628 581 2697 praevenit
631 2642 847 2682 omnem
887 2626 1115 2681 turbam.
1167 2626 1319 2679 Prior
1360 2624 1597 2679 ascendit
1648 2625 1717 2679 de
1768 2624 1902 2678 mari

333 2721 481 2789 piscis
507 2721 600 2775 ille
630 2735 874 2791 magnus,
899 2730 953 2775 et
980 2720 1029 2773 in
1065 2717 1217 2775 eteiis
1236 2717 1388 2773 sedet
1424 2717 1767 2786 interpellans
1804 2732 1901 2785 pro

334 2811 474 2867 nobis
498 2827 512 2865 :
535 2819 796 2882 tanquam
817 2810 1067 2867 sacerdos
1085 2823 1326 2879 magnus,
1343 2822 1478 2863 unus
1504 2808 1719 2862 intravit
1740 2809 1794 2861 in
1821 2812 1902 2861 in-

333 2901 513 2956 teriora
537 2901 687 2957 veli:
713 2900 864 2955 turba
901 2899 1029 2954 foris
1058 2908 1179 2953 stat.
1218 2897 1443 2952 Ambula
1481 2905 1567 2963 tu,
1594 2897 1685 2966 qui
1722 2905 1899 2965 portas

335 2996 626 3064 proximum
648 3002 827 3057 tuum;
855 2995 899 3047 si
924 2991 1155 3047 didicisti
1175 2996 1407 3060 portare,
1434 2989 1523 3059 qui
1545 2988 1755 3044 solebas
1786 3003 1899 3057 por-

338 3086 446 3140 tari.
474 3085 721 3155 Denique
760 3084 919 3139 modo
964 3083 1199 3138 nondum
1232 3082 1372 3136 nosti
1403 3080 1585 3135 Iesum
1607 3121 1622 3146 ,
1665 3079 1897 3134 nondum

332 3178 466 3233 vides
497 3178 689 3233 Iesum
733 3194 746 3231 :
788 3176 913 3246 quid
957 3184 1140 3245 postea
1182 3174 1451 3243 sequitur?
1492 3171 1752 3239 Quoniam
1793 3186 1897 3226 non

333 3268 522 3323 destitit
556 3268 651 3321 ille
681 3266 911 3323 tollendo
947 3265 1221 3335 grabatum
1250 3278 1403 3318 suum
1430 3303 1445 3329 ,
1469 3269 1523 3317 et
1555 3260 1896 3327 ambulando,

342 3358 465 3412 Vidit
496 3373 620 3413 cum
656 3367 827 3428 postea
854 3356 1004 3415 Iesus
1037 3357 1089 3411 in
1128 3355 1331 3424 templo.
1367 3354 1421 3408 in
1453 3353 1603 3408 turba
1644 3367 1749 3406 non
1775 3366 1897 3406 eum

331 3450 483 3515 vidit,
512 3451 568 3503 in
602 3450 805 3517 templo
843 3448 990 3503 vidit.
1032 3447 1286 3501 Dominus
1314 3444 1529 3514 quidem
1564 3442 1720 3498 Iesus
1752 3450 1810 3497 et
1843 3442 1898 3496 in

333 3540 468 3593 turba
491 3554 623 3594 eum
641 3537 878 3605 videbat,
911 3543 965 3591 et
996 3537 1047 3591 in
1078 3536 1274 3603 templo
1304 3552 1317 3587 :
1357 3534 1445 3588 ille
1482 3542 1660 3587 autem
1687 3532 1896 3600 langui-

331 3629 423 3683 das
444 3629 632 3684 Iesum
664 3629 717 3682 in
745 3626 896 3683 turba
933 3640 1037 3680 non
1066 3624 1366 3694 cognoscit,
1392 3624 1444 3678 in
1471 3622 1667 3691 templo
1699 3635 1898 3690 cogno-

335 3720 439 3775 scit.
480 3719 738 3776 Pervenit
781 3732 908 3787 ergo
951 3716 1041 3773 ille
1074 3714 1141 3770 ad
1178 3714 1484 3778 Dominum;
1513 3712 1645 3768 vidit
1676 3728 1799 3768 eum
1838 3712 1893 3767 in

333 3812 534 3881 templo,
564 3810 700 3866 vidit
720 3824 842 3865 eum
877 3808 1074 3864 inloco
1097 3814 1326 3872 sacrato,
1362 3804 1414 3858 in
1450 3805 1565 3859 loco
1599 3812 1801 3859 sancto.
1828 3802 1897 3857 Et

335 3904 442 3973 quid
463 3903 530 3958 ab
564 3916 637 3959 eo
664 3900 839 3957 audit?
871 3900 1002 3954 Ecce
1018 3900 1309 3985 janqsanus
1332 3897 1493 3967 facit“
1519 3912 1606 3963 εδδ
1640 3895 1745 3950 ηοίί
1781 3911 1896 3965 Ρεο·

334 4010 453 4057 me,
478 4011 541 4049 ne
567 3993 694 4065 quid
718 3992 803 4047 tibi
833 3990 1049 4046 deterius
1078 3989 1352 4058 contingat.

398 4086 480 4141 19..
503 4086 659 4141 Tunc
685 4084 793 4148 ille,
822 4091 1164 4153 posteaquam
1194 4080 1326 4135 vidit
1344 4079 1548 4147 Iesum,
1577 4088 1631 4135 et
1652 4079 1896 4150 cognovit

335 4176 499 4233 Iesum
524 4183 799 4233 auctorem
820 4174 1060 4231 sanitatis
1079 4187 1210 4238 suae,
1236 4186 1342 4228 non
1370 4170 1471 4226 fuit
1498 4171 1645 4242 piger
1663 4172 1715 4225 in
1737 4186 1897 4227 evan-

336 4269 599 4339 gelicaudo
622 4282 782 4338 quem
809 4266 1015 4323 viderat
1058 4283 1070 4319 :
1115 4264 1282 4332 Abiit,
1324 4272 1372 4317 et
1416 4264 1662 4318 nuntiavit
1693 4260 1895 4319 Judwt's

337 4362 442 4429 quin
460 4361 616 4416 Iesus
638 4370 763 4415 esset
800 4359 883 4428 qui
912 4374 1024 4413 eum
1055 4373 1238 4413 sanum
1267 4360 1468 4426 fecerat.
1498 4355 1585 4411 Ille
1610 4354 1893 4409 annuntia-

341 4452 450 4517 bat,
474 4460 530 4508 et
555 4451 639 4507 illi
676 4449 1041 4508 insaniebant:
1072 4447 1161 4502 ille
1196 4446 1421 4503 salutem
1453 4460 1602 4501 suam
1632 4444 1893 4515 praedica-

340 4541 434 4605 bat,
463 4542 537 4599 illi
560 4542 786 4598 salutem
811 4554 961 4598 suam
984 4552 1090 4595 non
1114 4535 1448 4606 quaerebant.

401 4635 483 4689 15.
516 4632 951 4702 Pasaquebantur
987 4627 1160 4685 Iudici
1198 4626 1472 4683 Dominum
1525 4626 1735 4693 Iesum,
1776 4625 1895 4696 quia

342 4725 433 4783 hac
458 4723 671 4795 faciebat
691 4724 749 4779 in
772 4721 996 4777 sabbato.
1026 4718 1163 4785 Quid
1188 4732 1316 4787 ergo
1344 4717 1600 4773 Dominus
1624 4717 1782 4773 modo
1807 4731 1896 4774 re-

340 4816 537 4885 tpondit
561 4814 786 4878 Iudaeis,
813 4811 1111 4873 audiamus.
1143 4810 1219 4866 De
1242 4809 1387 4864 sanis
1416 4807 1567 4864 factis
1591 4808 1896 4864 hominibus

342 4908 562 4976 sabbato,
590 4906 697 4963 dixi
725 4904 851 4976 quid
897 4904 1065 4959 soleat
1104 4900 1464 4971 respondere,
1494 4899 1618 4970 quia
1654 4900 1895 4970 jumenta

343 5012 424 5053 sm
459 5013 566 5055 non
603 4996 1015 5057 contemnebant
1064 4993 1283 5051 sabbato
1305 5032 1322 5059 ,
1367 4993 1451 5048 vel
1492 4992 1765 5049 liberando
1810 4991 1895 5047 vel

345 5090 536 5146 alendo.
568 5089 646 5147 De
678 5094 889 5161 portato
910 5086 1132 5157 grabato
1168 5083 1297 5155 quid
1336 5083 1643 5156 respondit?
1678 5082 1896 5141 Manife-

342 5191 470 5237 stum
487 5196 626 5253 opus
666 5179 940 5250 corporale
964 5179 1158 5237 factum
1184 5185 1299 5233 erat
1325 5184 1447 5231 ante
1472 5176 1653 5233 oculos
1675 5175 1891 5232 Iudam-

346 5286 493 5327 rtnn:
533 5288 641 5329 non
678 5272 877 5331 sanitas
910 5268 1181 5339 corporis,
1220 5266 1316 5323 sed
1357 5262 1595 5337 Operatio
1617 5265 1892 5337 corporis;

345 5377 449 5430 qua:
489 5378 598 5421 non
636 5362 912 5421 videbatur
960 5361 1030 5415 ita
1078 5359 1379 5417 necessaria
1397 5399 1416 5427 ,
1447 5359 1893 5430 quemadmodum

347 5454 545 5511 unitas.
589 5456 786 5525 Aperte
828 5468 959 5523 ergo
1014 5452 1268 5509 Dominus
1313 5450 1455 5507 dicat
1500 5459 1895 5510 sacramentum

349 5544 561 5611 sabbati,
587 5554 641 5602 et
676 5545 886 5615 signum
908 5542 1226 5601 observandi
1264 5541 1419 5598 unius
1447 5542 1553 5597 diei
1576 5542 1644 5599 ad
1685 5551 1896 5616 tempus

350 5630 510 5689 datum
544 5649 660 5692 esse
687 5634 914 5700 Iudaeis;
954 5633 1317 5703 impletionem
1348 5647 1476 5689 vero
1504 5633 1671 5703 ipsam
1715 5650 1894 5695 sacra-

350 5724 501 5785 Μιιὶ
518 5724 573 5785 in
594 5724 682 5787 illo
707 5726 939 5785 venisse.
967 5723 1124 5781 Pater
1150 5738 1311 5793 meus,
1340 5724 1541 5795 inquit,
1568 5742 1723 5799 usque
1744 5730 1893 5785 modo

1506 318 1912 377 TRACTATUS
1949 320 2109 377 XVII.
2150 322 2375 384 CAPUT
2412 328 2477 387 V.

3471 337 3608 398 15M

2034 449 2285 507 aperatur,
2315 452 2359 495 et
2387 461 2475 514 ego
2503 462 2698 516 operor.
2732 448 2870 506 Misit
2896 450 2951 507 in
2987 464 3081 507 eos
3119 464 3365 521 magnum
3414 450 3610 504 tumui-

2034 534 2178 618 tum;
2208 532 2433 618 adventu
2469 538 2674 595 Domini
2706 544 2946 599 turbatur
2968 560 3101 615 aqua
3126 586 3141 613 ,
3170 545 3264 601 sed
3288 547 3375 617 qui
3402 548 3600 618 turbat,

2031 616 2177 674 latet.
2198 616 2394 679 Tamen
2422 631 2687 687 sanandus
2706 642 2786 688 est
2805 634 3007 691 turbata
3028 650 3163 707 aqua
3182 616 3322 710 aeger
3337 654 3474 695 unus
3493 616 3604 695 ma;-

2030 723 2181 778 gnus,
2207 729 2363 782 passo
2390 718 2612 776 Domino
2637 732 2778 780 totus
2803 726 3056 785 mundus.

2102 801 2189 856 i4.
2222 803 2504 863 Videamus
2533 826 2657 884 ergo
2688 816 3086 885 reSponsioncm
3118 818 3365 876 Veritatis
3400 837 3414 875 :
3447 819 3598 875 Pater

2029 907 2167 947 meus
2190 910 2345 963 usque
2366 900 2512 953 modo
2534 915 2792 973 aperatur,
2818 914 2863 959 et
2892 925 2980 980 ego
3002 926 3198 980 operor.
3236 908 3445 965 Falsum
3473 925 3601 980 ergo

2028 981 2157 1036 dixit
2186 984 2454 1057 Scriptura
2483 993 2603 1061 quia
2635 993 2769 1050 Deus
2798 998 3033 1067 requievit
3069 1000 3131 1052 ab
3169 1001 3396 1055 omnibus
3424 1002 3594 1069 operi-

2027 1072 2117 1127 bus
2147 1076 2251 1129 suis
2267 1078 2321 1131 in
2350 1080 2430 1133 die
2456 1083 2665 1151 septimo
2702 1087 2719 1157 (
2738 1085 2862 1142 Gen.
2893 1105 2950 1155 ιι,
2976 1088 3011 1142 ‘2
3033 1090 3091 1160 )‘i
3133 1100 3187 1149 et
3232 1101 3415 1147 contra
3462 1092 3595 1149 hanc

2027 1163 2353 1258 Scripturam
2380 1185 2475 1240 per
2500 1174 2714 1249 Moysen
2745 1178 3122 1248 ministratam,
3152 1183 3383 1258 loquitur
3410 1186 3593 1241 Domi-

2024 1270 2123 1309 nus
2149 1257 2322 1325 Iesus,
2353 1276 2472 1317 cum
2496 1264 2608 1333 ipse
2634 1265 2772 1322 dicat
2792 1268 3008 1337 Iudaeis,
3041 1272 3101 1327 Si
3119 1275 3380 1327 crederetis
3406 1275 3593 1347 Moysi,

2026 1350 2289 1440 crederetis
2317 1360 2364 1406 ct
2392 1355 2554 1409 mihi:
2584 1357 2646 1411 de
2685 1374 2765 1411 me
2799 1360 2927 1412 enim
2961 1361 3048 1416 ille
3082 1364 3281 1435 scripsit
3312 1364 3504 1440 (Joan.
3538 1382 3594 1433 ν,

2024 1438 2150 1510 to)?
2174 1441 2358 1499 Videte
2382 1460 2507 1515 ergo
2532 1462 2597 1501 ne
2637 1449 2833 1519 aliquid
2866 1438 3339 1524 voiuitsigniﬁcare
3362 1455 3590 1527 Moyses,

2023 1531 2160 1599 quod
2193 1531 2328 1587 Deus
2348 1538 2583 1606 requievit
2607 1540 2660 1593 in
2693 1540 2773 1594 die
2796 1543 3027 1611 septimo.
3055 1542 3170 1600 Non
3206 1546 3347 1600 enim
3385 1544 3596 1602 defece-

2021 1633 2102 1676 rat
2130 1624 2268 1680 Deus
2293 1630 2560 1697 operando
2591 1642 2887 1688 creaturam
2915 1648 3065 1690 suam
3085 1677 3098 1701 ,
3126 1643 3179 1692 et
3206 1637 3470 1708 indigebat
3509 1653 3595 1694 re-

2020 1714 2142 1783 quie
2181 1716 2316 1771 sicut
2357 1718 2535 1775 homo.
2567 1721 2843 1790 Quomodo
2886 1725 3156 1782 defecerat
3192 1728 3281 1799 qui
3319 1730 3481 1784 verbo
3512 1729 3593 1792 fe-,

2020 1805 2204 1857 cerat?
2228 1806 2428 1865 Tamen
2457 1819 2509 1866 et
2535 1812 2662 1867 illud
2697 1830 2876 1869 verum
2907 1824 3022 1883 est,
3050 1818 3171 1887 quia
3194 1819 3431 1888 requievit
3459 1820 3593 1874 Deus

2019 1895 2079 1948 ab
2104 1897 2332 1965 operibus
2356 1901 2461 1955 suis
2488 1902 2539 1956 in
2560 1904 2641 1957 die
2667 1906 2909 1975 septimo;
2928 1915 2980 1962 et
3004 1906 3105 1961 hoc
3134 1922 3317 1963 verum
3342 1916 3426 1964 est
3450 1910 3591 1978 quod

2017 1987 2089 2040 ait
2112 1987 2284 2054 Iesus,
2318 1990 2475 2046 Pater
2507 2010 2647 2050 meus
2676 2012 2829 2066 usque
2865 1999 3015 2053 modo
3044 2009 3301 2069 operatur.
3338 1998 3447 2056 Sed
3473 2000 3592 2071 quis

2017 2079 2242 2148 explicet
2275 2082 2471 2151 verbis,
2505 2084 2663 2139 homo
2690 2087 3025 2157 hominibus,
3055 2088 3301 2145 inﬁrmus
3340 2090 3587 2158 inﬁrmis,

2014 2169 2255 2227 indoctus
2301 2174 2504 2231 discere
2548 2178 2909 2247 cupientibus,
2942 2180 3168 2249 etrforte
3194 2182 3239 2236 si
3263 2182 3390 2251 quid
3419 2183 3587 2252 sapit,

2014 2278 2257 2332 promere
2287 2275 2341 2321 et
2366 2269 2632 2336 explicare
2662 2288 2765 2327 non
2795 2272 2978 2327 valens
3004 2273 3340 2342 hominibus,
3371 2274 3590 2330 difﬁcile

2014 2351 2149 2408 forte
2174 2357 2523 2425 capientibus,
2552 2361 2708 2414 etiam
2737 2362 2779 2415 si
2806 2362 3059 2431 explicari
3085 2364 3252 2433 possit
3276 2363 3418 2434 quod
3447 2363 3591 2433 capi-

2013 2449 2131 2502 tur?
2156 2448 2305 2517 Quis,
2337 2451 2571 2523 inquam,
2610 2452 2799 2509 fratres
2838 2457 2964 2521 mei,
2997 2455 3223 2525 explicet
3250 2455 3430 2510 verbis
3456 2469 3591 2525 quo-

2010 2540 2170 2593 modo
2196 2541 2333 2596 Deus
2362 2549 2416 2596 et
2444 2542 2652 2612 quietus
2680 2551 2950 2613 operetur,
2978 2552 3032 2600 et
3056 2560 3287 2615 cperans
3314 2544 3589 2615 quiescat?
3653 2544 3665 2553 “

2010 2629 2241 2685 Obsecro
2277 2647 2401 2699 vos,
2437 2640 2496 2687 ut
2532 2632 2634 2688 hoc
2669 2634 2819 2689 vobis
2860 2634 3254 2704 proﬁcientibus
3296 2634 3583 2701 diiieratis;

2008 2719 2141 2774 visio
2170 2722 2310 2775 enim
2341 2721 2437 2777 ista
2468 2725 2718 2793 templum
2762 2726 2854 2780 Dei
2902 2726 3112 2795 quierit,
3143 2735 3382 2781 sanctum
3411 2727 3587 2783 locum

2007 2812 2197 2881 qumrit
2225 2831 2237 2864 :
2273 2822 2475 2883 portate
2506 2816 2803 2884 proximum
2844 2824 2898 2871 et
2933 2818 3233 2883 ambulate;
3263 2819 3334 2874 ibi
3356 2833 3478 2874 cum
3506 2818 3585 2875 vi-

2007 2901 2221 2967 debitis,
2253 2903 2343 2956 ubi
2373 2904 2531 2958 verba
2558 2904 2834 2960 hominum
2860 2922 2963 2962 non
2996 2908 3266 2976 qumratis.

2080 2991 2164 3045 15.
2206 2991 2318 3045 Hoc
2357 2991 2495 3047 forte
2542 2994 2715 3063 potius
2748 2994 2925 3050 dicere
2972 2995 3230 3063 valemus,
3281 2997 3403 3065 quia
3447 2996 3584 3053 etin

2007 3095 2071 3135 eo
2100 3082 2239 3151 quod
2266 3080 2401 3136 Deus
2428 3082 2480 3136 in
2501 3084 2582 3135 die
2601 3085 2809 3153 septimo
2830 3085 3087 3154 requievit,
3108 3085 3281 3154 ipsum
3304 3085 3586 3143 Dominum

2007 3179 2061 3226 et
2083 3170 2402 3225 salvatorem
2443 3181 2679 3227 nostrum
2717 3173 2898 3228 Iesum
2927 3173 3220 3241 Christum,
3250 3175 3337 3244 qui
3359 3175 3473 3230 haec
3501 3175 3584 3231 lo-

2005 3266 2264 3334 quebatur
2293 3274 2347 3319 et
2374 3265 2605 3332 dicebat,
2638 3264 2793 3320 Pater
2817 3282 2954 3321 meus
2982 3283 3134 3336 usque
3159 3266 3306 3320 modo
3328 3277 3585 3335 operatur,

2005 3366 2051 3412 et
2078 3374 2166 3428 ego
2199 3374 2396 3429 operor,
2425 3374 2617 3428 magno
2654 3368 2986 3415 sacramento
3017 3359 3348 3430 signiﬁcavit.
3378 3358 3509 3427 Quia
3530 3367 3586 3414 et

2006 3448 2260 3504 Dominus
2293 3449 2447 3505 Iesus
2490 3451 2668 3520 utique
2709 3450 2869 3505 Deus.
2900 3451 3017 3521 ipse
3064 3461 3145 3507 est
3193 3453 3331 3506 enim
3352 3451 3584 3507 Verbum

2006 3540 2121 3608 Dei,
2150 3549 2203 3595 et
2230 3542 2449 3597 audistis
2477 3542 2597 3612 quia
2626 3544 2677 3595 in
2712 3542 2958 3613 principio
2985 3554 3089 3597 erat
3120 3542 3369 3609 Verbum;
3391 3552 3446 3600 et
3474 3558 3581 3601 non
3682 3614 3690 3620 _

2005 3632 2388 3702 qualecumque
2433 3630 2696 3699 Verbum,
2746 3633 2839 3689 sed
2892 3631 3031 3687 Deus
3084 3642 3191 3687 erat
3248 3632 3481 3698 Verbum,
3530 3642 3586 3690 et

2004 3709 2171 3777 dmnia
2196 3741 2284 3793 per
2307 3724 2471 3795 ipsum
2496 3728 2632 3795 facta
2674 3734 2787 3778 sunt
2827 3724 2935 3796 (Id.
2974 3741 3012 3791 ι,
3053 3726 3104 3793 1,
3129 3725 3184 3794 5)
3215 3742 3228 3778 :
3256 3724 3394 3779 forte
3416 3725 3583 3795 signi-

2004 3811 2190 3868 ﬁcatus
2237 3822 2319 3869 est
2364 3815 2699 3884 requieturus
2749 3816 2801 3868 in
2840 3814 2926 3868 die
2966 3815 3191 3885 septimo
3230 3814 3297 3869 ab
3335 3815 3583 3871 omnibus

2003 3903 2251 3973 operibus
2294 3903 2424 3957 suis.
2474 3902 2657 3974 Legite
2704 3903 2845 3958 enim
2900 3902 3262 3973 Evangelium,
3307 3912 3362 3958 et
3406 3903 3582 3961 videte

2003 4002 2196 4063 quanta
2235 4001 2481 4062 Operatus
2507 3993 2577 4048 sit
2602 3991 2775 4048 Iesus.
2804 3992 3065 4063 Operatus
3102 4000 3184 4050 est
3219 3995 3439 4049 salutem
3484 4010 3581 4051 no-

2002 4092 2163 4137 stram
2195 4085 2245 4137 in
2276 4099 2452 4153 cruce,
2497 4094 2556 4139 ut
2586 4084 2927 4157 implerentur
2957 4084 3010 4141 in
3038 4100 3104 4141 eo
3129 4086 3305 4141 omnia
3327 4086 3579 4156 praedicta

2003 4176 2387 4249 Prophetarum
2435 4196 2447 4231 :
2488 4185 2775 4233 coronatus
2822 4184 2903 4232 est
2944 4177 3130 4248 spinis,
3176 4190 3463 4249 suspensus
3499 4188 3583 4235 est

2002 4269 2176 4339 ligno;
2221 4268 2374 4337 dixit,
2421 4266 2577 4335 Sitio,
2628 4268 2831 4339 accepit
2872 4276 3079 4322 acetum
3120 4267 3171 4322 in
3226 4268 3468 4340 spongia,
3525 4279 3583 4326 ut

2002 4358 2313 4429 impleretur
2357 4357 2497 4429 quod
2540 4357 2738 4412 dictum
2786 4367 2883 4423 est,
2918 4356 2986 4413 Et
3031 4358 3085 4412 in
3121 4358 3205 4411 siti
3241 4376 3351 4413 mea
3375 4368 3579 4431 potave-

2000 4459 2118 4503 runt
2147 4466 2223 4503 me
2246 4459 2383 4504 aceto
2412 4448 2582 4517 (Psal.
2615 4464 2802 4516 vam,
2841 4446 2957 4519 22).
2998 4448 3067 4502 At
3094 4446 3179 4505 ubi
3208 4448 3422 4520 impleta
3460 4460 3583 4507 sunt

2002 4544 2177 4599 omnia
2203 4556 2365 4613 opera
2400 4540 2534 4613 ejus,
2563 4550 2709 4597 sexta
2739 4540 2945 4596 sabbati
2984 4538 3236 4594 inclinato
3261 4539 3431 4610 capite
3458 4542 3581 4596 red-

2001 4634 2133 4689 didit
2176 4630 2442 4704 spiritum,
2483 4642 2538 4688 et
2580 4633 2633 4689 in
2679 4632 2924 4704 sepulcro
2965 4630 3184 4687 sabbato
3229 4632 3487 4705 requievit
3513 4634 3581 4688 ab

2001 4726 2245 4780 omnibus
2273 4723 2524 4793 operibus
2571 4722 2680 4777 suis
2724 4720 2902 4793 (Joan.
2955 4720 3088 4794 xix).
3145 4721 3283 4792 Ergo
3331 4731 3579 4792 tanquam

2002 4815 2201 4870 diceret
2222 4814 2437 4879 Iudaeis,
2467 4813 2607 4879 Quid
2629 4813 2950 4882 exspectatis
2974 4820 3032 4867 ut
3051 4827 3159 4867 non
3180 4816 3370 4883 cperer
3394 4813 3582 4867 sabba-

2002 4907 2093 4962 to?
2118 4904 2331 4961 Sabbati
2367 4904 2482 4960 dies
2509 4904 2656 4960 vobis
2676 4902 2746 4959 ad
2769 4902 3209 4973 signiﬁcationem
3234 4917 3408 4959 meam
3438 4916 3578 4971 prte-

2002 5004 2185 5066 ceptus
2208 5003 2308 5053 est.
2332 4996 2510 5064 Opera
2540 4994 2634 5051 Dei
2681 4993 2981 5060 attenditis;
3009 5008 3109 5063 ego
3154 4991 3225 5048 ibi
3272 5006 3417 5047 eram
3456 5004 3578 5045 cum

2003 5088 2207 5149 tierent,
2246 5101 2342 5158 per
2379 5100 2467 5143 me
2502 5085 2639 5141 iacta
2680 5092 2806 5142 sunt
2843 5084 3044 5149 omnia,
3073 5097 3173 5153 ego
3213 5080 3334 5137 novi
3366 5099 3383 5137 :
3424 5078 3580 5135 Pater

2002 5194 2139 5233 meus
2165 5194 2322 5247 usque
2348 5177 2496 5232 modo
2519 5183 2772 5247 operatur.
2800 5174 3062 5247 Operatus
3086 5182 3169 5229 est
3192 5172 3348 5229 Pater
3374 5171 3576 5238 lucem;

2002 5270 2096 5329 sed
2123 5270 2255 5327 dixit
2298 5279 2358 5325 ut
2400 5269 2550 5324 ﬁeret
2595 5270 2684 5324 lux
2730 5265 2879 5339 (Gen.
2920 5282 2958 5335 ι,
3005 5265 3059 5335 ὅ)
3094 5263 3181 5319 :si
3222 5262 3372 5328 dixit,
3401 5261 3583 5318 Verbo

2002 5371 2249 5432 Operatus
2286 5368 2400 5428 est;
2428 5356 2659 5415 Verbum
2698 5356 2812 5428 ejus
2840 5370 2938 5428 ego
2964 5369 3128 5419 eram,
3159 5366 3257 5423 ego
3285 5365 3404 5407 sum
3438 5369 3451 5406 :
3481 5368 3579 5423 per

2001 5468 2088 5508 me
2113 5453 2280 5508 factus
2301 5461 2382 5507 est
2401 5450 2629 5506 mundus
2659 5449 2709 5504 in
2734 5448 2837 5502 illis
2858 5445 3124 5516 operibus,
3147 5460 3242 5514 per
3268 5458 3353 5500 me
3378 5446 3578 5516 regitur

2000 5543 2230 5601 mundus
2270 5543 2325 5598 in
2364 5541 2477 5597 istis
2505 5537 2771 5612 operibus.
2805 5537 2962 5592 Pater
2985 5547 3139 5591 meus
3163 5544 3221 5590 et
3241 5543 3366 5590 tunc
3390 5549 3579 5604 opera-

2002 5644 2087 5692 tus
2130 5642 2213 5691 eSt
2256 5647 2376 5689 cum
2415 5629 2541 5687 fecit
2579 5626 2853 5694 mundum,
2884 5632 2939 5681 et
2990 5639 3157 5698 usque
3203 5639 3343 5681 nunc
3381 5637 3575 5694 opera-

2002 5737 2090 5784 tur
2114 5740 2232 5783 cum
2275 5726 2409 5797 regit
2445 5723 2697 5780 mundum
2741 5739 2756 5778 :
2800 5733 2931 5790 ergo
2965 5729 3019 5776 et
3056 5734 3153 5790 per
3183 5735 3271 5776 me
3309 5719 3432 5776 fecit
3451 5731 3575 5777 cum
