4082 6482
547 236 719 312 asas

573 347 715 414 fecit,
747 355 803 404 et
839 363 935 418 per
967 363 1055 406 me
1076 349 1211 421 regit
1248 365 1369 407 eum
1395 355 1547 426 regit.
1581 357 1720 412 Dixit
1752 357 1884 423 hzec,
1917 361 2011 416 sed
2033 363 2152 432 qui-

571 435 706 490 bus?
735 437 940 502 Surdis,
982 441 1158 510 caecis,
1190 441 1412 510 claudis,
1448 445 1726 515 languidis,
1749 449 2010 506 medicum
2037 469 2142 508 non

571 530 1014 599 agnoscentibus,
1054 542 1107 587 et
1153 543 1398 604 tanquam
1439 537 1490 591 in
1534 537 1780 607 phrenesi
1819 552 1996 600 mente
2031 560 2155 616 per-

572 615 680 672 dita
708 621 954 677 occidere
981 624 1302 680 volentibus.

642 710 728 763 16.
771 711 1001 768 Proinde
1043 714 1166 783 quid
1207 725 1418 769 secutus
1447 715 1780 788 Evangelista
1821 721 1987 778 dixit?
2016 724 2151 779 Hinc

569 815 687 870 ergo
717 802 875 872 magis
911 802 1195 872 quaerebant
1227 821 1340 857 eum
1373 804 1543 860 Judwi
1579 809 1878 879 inter/icere,
1906 815 2024 883 quia
2051 832 2153 870 non

567 892 730 946 solum
759 894 976 948 solvebat
1018 895 1297 963 sabbatum,
1329 897 1418 950 sed
1457 908 1503 952 et
1540 912 1732 970 patrem
1769 922 1916 958 suum
1956 906 2152 961 dicebat

566 982 751 1040 Deum.
781 984 891 1038 Non
920 986 1409 1057 quomodocumque
1441 1005 1454 1041 :
1485 992 1577 1045 sed
1609 993 1765 1062 quid?
1793 993 2069 1063 [Equalem
2097 1014 2152 1052 se

566 1079 754 1148 faciens
795 1077 918 1130 Deo.
949 1077 1080 1130 Nam
1124 1095 1310 1134 omnes
1355 1080 1580 1138 dicimus
1627 1085 1756 1151 Deo,
1793 1085 1947 1141 Pater
1984 1098 2150 1144 noster

565 1169 651 1234 qui
682 1185 733 1221 es
778 1169 830 1221 in
875 1168 1009 1220 caelis
1041 1167 1253 1237 (Matth.
1294 1186 1374 1236 vr,
1422 1171 1477 1243 9)
1527 1190 1541 1226 :
1584 1173 1808 1243 legimus
1846 1187 1898 1232 et
1937 1179 2150 1236 Iudaeos

564 1258 785 1325 dixisse,
808 1259 928 1312 Cum
948 1261 1088 1313 tu.sis
1109 1272 1250 1330 pater
1278 1274 1444 1317 noster
1469 1263 1617 1334 (lsai.
1651 1285 1798 1334 Lxm,
1833 1269 1898 1324 16
1921 1281 1968 1324 et
1997 1288 2143 1338 ulv,

563 1348 642 1417 8).
686 1351 822 1419 Ergo
864 1366 967 1403 non
1000 1349 1124 1406 hinc
1175 1353 1556 1418 irascebantur,
1601 1360 1722 1428 quia
1750 1371 1951 1428 patrem
1991 1380 2144 1420 suum

560 1439 768 1494 dicebat
796 1441 989 1506 Deum;
1022 1443 1115 1497 sed
1154 1446 1292 1512 quod
1329 1445 1483 1516 longe
1525 1450 1628 1504 alio
1663 1453 1820 1506 modo
1849 1471 2004 1524 quam
2043 1458 2143 1510 ho-

559 1532 748 1585 mines.
777 1532 913 1588 Ecce
945 1533 1242 1604 intelligunt
1283 1535 1449 1591 Judtei
1501 1542 1642 1609 quod
1691 1559 1794 1598 non
1842 1546 2144 1617 intelligunt

560 1625 762 1680 Ariani.
793 1628 973 1681 Ariani
1006 1627 1198 1697 quippe
1250 1629 1564 1702 inrequalem
1620 1635 1761 1690 Patri
1809 1637 2002 1694 Filium
2055 1640 2143 1695 di-

557 1725 701 1782 cunt,
734 1727 788 1770 et
829 1717 949 1771 inde
994 1717 1211 1773 haeresis
1255 1729 1337 1774 cst
1391 1723 1537 1790 pulsa
1572 1723 1640 1780 de
1671 1727 1904 1782 Ecclesia
1938 1730 1976 1783 ι.
2009 1731 2143 1788 Ecce

557 1806 658 1874 ipsi
685 1807 831 1871 caeci,
877 1808 975 1876 ipsi
1017 1807 1382 1865 interfectores
1406 1812 1623 1880 Christi,
1657 1815 2028 1874 intellexerunt
2056 1832 2139 1876 ta-

538 1879 679 1953 men
709 1899 868 1953 verba
891 1899 1104 1953 Christi.
1139 1899 1252 1954 Non
1279 1916 1397 1955 eum
1429 1903 1804 1962 intellexerunt
1833 1924 1952 1964 esse
1975 1907 2140 1967 Chri-

555 2001 714 2057 stum,
748 2007 846 2046 nec
869 2007 990 2045 eum
1021 1991 1392 2046 intellexerunt
1420 1994 1608 2050 Filium
1656 1998 1750 2054 Dei
1779 2017 1791 2053 :
1822 2001 1915 2055 sed
1962 2012 2137 2058 tamen

555 2082 929 2137 intellexerunt
965 2085 1015 2136 in
1061 2083 1161 2141 illis
1204 2084 1400 2151 verbis,
1435 2087 1554 2155 quia
1591 2089 1707 2143 talis
1735 2096 2136 2150 commendare-

553 2182 638 2227 tur
665 2171 828 2226 Filius
864 2172 976 2239 Dei,
1017 2173 1107 2242 qui
1133 2174 1347 2243 mqualis
1374 2187 1516 2230 esset
1555 2178 1684 2233 Deo.
1715 2181 1844 2247 Quis
1887 2195 1999 2240 erat
2038 2201 2135 2242 ne-

551 2262 818 2328 sciebant;
849 2264 1004 2316 talem
1051 2273 1226 2317 tamen
1271 2265 1542 2333 praedicari
1583 2272 1960 2340 agnoscebant,
2012 2278 2134 2345 quia

551 2363 741 2423 patrem
769 2370 912 2405 suum
954 2353 1146 2406 dicebat
1187 2352 1372 2417 Deum,
1405 2358 1646 2426 wqualem
1689 2378 1740 2414 se
1780 2364 1970 2433 faciens
2001 2365 2129 2421 Deo.

549 2443 666 2497 Non
695 2452 810 2497 erat
858 2433 988 2512 ergo
1025 2443 1240 2513 aequalis
1293 2445 1436 2498 Deo?
1480 2447 1594 2500 Non
1648 2450 1758 2517 ipse
1805 2468 1863 2508 se
1909 2453 2133 2510 faciebat

548 2535 829 2603 aqualem,
857 2534 948 2587 sed
976 2533 1064 2587 ille
1095 2535 1239 2588 illum
1270 2545 1522 2605 genuerat
1545 2540 1822 2608 :cqualem.
1847 2541 1902 2598 Si
1933 2559 1991 2599 se
2018 2547 2130 2616 ipse

548 2624 746 2677 faceret
771 2624 1026 2692 aequalem
1052 2624 1181 2690 Deo,
1211 2625 1427 2680 caderet
1449 2643 1544 2695 per
1567 2630 1824 2699 rapinam.
1861 2634 1960 2700 Qui
1986 2637 2126 2690 enim

546 2731 605 2771 se
649 2716 812 2769 voluit
853 2716 1109 2784 aequalem
1151 2716 1325 2772 facere
1370 2719 1475 2772 Deo
1504 2734 1620 2773 cum
1669 2737 1772 2776 non
1800 2735 1959 2791 esset,
1991 2729 2130 2782 ceci-

543 2806 620 2861 dit
651 2804 802 2877 (lsai.
847 2822 954 2872 xw,
1001 2807 1088 2870 14,
1135 2804 1245 2876 15),
1277 2816 1332 2861 et
1373 2823 1435 2861 ex
1466 2811 1652 2879 angelo
1695 2810 1861 2868 factus
1903 2825 1986 2870 est
2013 2817 2127 2872 dia-

543 2897 696 2951 bolus
727 2914 739 2948 :
768 2904 821 2949 et
860 2895 996 2949 hanc
1038 2897 1338 2966 superbiam
1387 2897 1585 2952 homini
1635 2903 1950 2970 propinavit,
1984 2909 2126 2962 unde

541 2988 653 3055 ipse
679 2987 913 3054 dejectus
959 2996 1059 3040 est.
1107 2986 1240 3040 Nam
1282 2986 1381 3041 hoc
1422 2988 1554 3041 dixit
1583 2989 1803 3058 homini,
1835 2995 1921 3050 cui
1958 2995 2120 3052 stanti

541 3077 720 3144 lapsus
744 3076 946 3140 invidit,
982 3075 1205 3140 Gustate,
1237 3086 1282 3128 et
1307 3078 1444 3130 eritis
1473 3080 1599 3132 sicut
1626 3082 1696 3134 dii
1727 3082 1878 3155 (Gen.
1906 3102 1981 3153 ιιι,
2011 3089 2065 3160 5)
2102 3108 2116 3144 :

540 3166 592 3220 id
621 3175 722 3232 est,
754 3166 1096 3232 usurpatione
1141 3167 1308 3234 rapite
1335 3168 1474 3236 quod
1505 3167 1626 3224 facti
1653 3188 1759 3226 non
1789 3175 1952 3243 estis;
1996 3179 2120 3248 quia

539 3265 592 3310 et
632 3271 729 3323 ego
767 3254 1021 3322 rapiendo
1071 3253 1304 3323 dejectus
1346 3271 1483 3310 sum.
1525 3258 1638 3313 Non
1684 3261 1784 3316 boc
1839 3265 2110 3336 prodebat,

539 3345 633 3400 sed
671 3345 772 3399 hoc
799 3344 1070 3398 suadebat.
1104 3343 1348 3398 Christus
1385 3358 1562 3403 autem
1603 3352 1820 3419 :equalis
1846 3355 1987 3412 Patri
2017 3375 2114 3422 na-

538 3446 623 3490 tus
663 3446 795 3499 erat,
846 3451 951 3488 non
1002 3435 1170 3490 factus
1221 3455 1233 3490 :
1287 3448 1439 3492 natus
1474 3439 1542 3494 de
1587 3441 1875 3500 substantia
1918 3448 2110 3506 Patris.

536 3525 687 3580 Unde
718 3525 861 3578 illum
902 3525 977 3579 sic
1022 3525 1355 3580 commendat
1391 3529 1674 3598 Apostolus
1716 3550 1728 3586 :
1765 3535 1862 3599 Qui
1902 3553 2014 3591 cum
2059 3541 2113 3595 in

533 3622 698 3688 forma
729 3616 823 3670 Dei
858 3626 999 3682 esset,
1030 3634 1129 3671 non
1167 3620 1396 3690 rapinam
1425 3621 1697 3677 arbitratus
1717 3635 1788 3678 est
1812 3645 1918 3683 esse
1939 3645 2110 3699 mqua-

534 3705 596 3761 lis
634 3706 759 3760 Deo.
807 3705 940 3772 Quid
985 3715 1085 3772 est,
1110 3724 1209 3761 non
1257 3709 1489 3779 rapinam
1538 3712 1805 3768 arbitratus
1855 3721 1968 3773 est?
1993 3719 2110 3777 Non

531 3797 816 3868 usurpavit
840 3799 1190 3866 :cqualitatem
1239 3798 1370 3867 Dei;
1414 3801 1506 3855 sed
1549 3811 1667 3857 erat
1707 3805 1756 3859 in
1786 3808 1893 3873 illa,
1927 3810 2108 3881 inqua

528 3899 681 3943 natus
705 3896 837 3941 crat.
879 3888 946 3940 Et
985 3903 1081 3942 nos
1109 3887 1176 3942 ad
1206 3891 1462 3958 :nqualem
1492 3892 1655 3947 Deum
1687 3898 1953 3964 quomodo
1982 3917 2107 3970 per-

527 3976 861 4032 veniremus?
894 3976 1225 4047 Semetipsum
1262 3981 1532 4034 exinanivit
1561 3989 1778 4053 formam
1815 3991 1942 4042 servi
1967 3995 2105 4046 acci-

528 4067 668 4136 piens
695 4065 947 4136 (Philipp.
979 4083 1032 4131 ιι,
1066 4065 1120 4132 6,
1149 4067 1223 4135 7).
1250 4067 1365 4121 Non
1395 4086 1521 4140 ergo
1551 4086 1608 4125 se
1638 4075 1927 4130 cxinanivit
1953 4082 2107 4135 amit-

528 4168 645 4210 tens
673 4155 811 4224 quod
855 4165 990 4222 erat,
1037 4156 1132 4210 sed
1161 4158 1424 4226 accipiens
1462 4161 1600 4228 quod
1631 4180 1734 4217 non
1781 4174 1915 4222 erat.
1957 4169 2106 4226 Hauc

524 4248 749 4302 formam
788 4246 931 4300 servi
967 4255 1366 4303 contemnentes
1411 4250 1598 4319 Juda-i,
1628 4254 1908 4312 Dominum
1946 4259 2101 4316 Chri-

524 4345 663 4392 stum
691 4337 946 4407 aequalem
976 4337 1118 4392 Patri
1149 4339 1442 4409 intelligere
1473 4358 1574 4396 non
1607 4355 1881 4415 poterant;
1915 4368 2103 4420 quam-

524 4429 603 4481 vis
631 4443 750 4481 eum
781 4427 881 4481 hoc
907 4426 972 4482 de
1001 4442 1060 4482 se
1083 4427 1260 4483 dicere
1289 4430 1504 4486 minime
1529 4431 1859 4504 dubitabant,
1893 4449 1946 4495 et
1975 4441 2114 4498 ideo.

519 4519 806 4573 saeviebant
851 4536 864 4572 :
906 4528 960 4573 et
1001 4519 1171 4575 adhuc
1211 4529 1385 4576 tamen
1429 4538 1520 4579 eos
1560 4525 1646 4582 ille
1693 4529 2015 4602 perferebat,
2044 4546 2098 4592 et

519 4611 798 4665 sanitatem
825 4611 1157 4666 saevientium
1185 4614 1505 4683 requirebat.

991 4747 1396 4807 TRACTATUS
1437 4751 1621 4810 XVIII.

512 4859 580 4915 In
606 4877 719 4915 eum
737 4859 1000 4930 Evangelii
1022 4861 1207 4928 locum,
1233 4865 1425 4931 Amen,
1455 4881 1611 4922 amen
1641 4867 1760 4924 dico
1781 4871 1953 4938 vobis,
1985 4889 2089 4930 non

582 4961 755 5022 potest
776 4950 940 5006 Filius
959 4967 988 5006 a
1017 4966 1074 5006 se
1094 4953 1268 5010 facere
1291 4957 1598 5027 quidquam,
1641 4961 1743 5015 nisi
1768 4963 1907 5032 quod
1930 4965 2050 5021 vide
2077 4999 2082 5004 -

578 5043 647 5096 rit
668 5043 876 5098 Patrem
900 5043 1176 5099 facientem
1207 5063 1220 5098 :
1253 5052 1747 5118 qmecumqueenim
1777 5053 1862 5108 ille
1878 5053 2078 5124 fecerit,

580 5132 693 5187 haec
708 5142 761 5187 et
791 5133 957 5188 Filius
980 5134 1226 5190 similiter
1251 5137 1390 5192 facit.
1424 5139 1549 5209 Cap.
1578 5156 1630 5206 v,
1667 5142 1701 5210 Ῡ
1725 5181 1738 5195 .
1782 5144 1869 5198 19.

581 5243 635 5297 1.
665 5244 897 5303 Joannes
935 5249 1251 5318 evangelista
1279 5249 1415 5305 inter
1449 5264 1721 5310 consortes
1749 5266 1803 5310 et
1837 5271 2083 5328 compar-

511 5333 699 5403 ticipes
743 5353 865 5393 suos
907 5339 1042 5394 alios
1088 5342 1454 5412 evangelistas,
1505 5345 1606 5402 hoc
1660 5351 1980 5420 przecipuum
2031 5364 2084 5410 et

567 5460 585 5490 ί
611 5460 1018 5538 sicletuslpodex
1043 5471 1449 5538 Carcassonensis,
1467 5480 1536 5538 _e_t
1577 5473 1780 5538 melius:
1808 5487 1918 5538 nam
1942 5477 2081 5538 infra,

504 5527 656 5600 Tract.
681 5521 759 5600 23,
783 5524 1001 5598 n..6,ubi
1021 5540 1182 5600 sermo
1198 5530 1350 5600 estde
1371 5521 2080 5600 Athaumaimmitia;

509 5588 758 5660 ἦγμαι-ψη
773 5585 909 5660 enim.
921 5588 1113 5660 quidam
1131 5591 1363 5660 haeretici,
1386 5585 1436 5643 εἰ
1453 5593 1576 5660 pulsi
1592 5585 1786 5660 suut_'ah
1801 5585 2042 5660 tmesis;
2052 5585 2074 5647 ί

502 5649 556 5757 e5:
566 5643 914 5767 ἐὲἓὶὲοηίῦυθιιόί
934 5643 1073 5700 modo
1096 5654 1270 5714 passim
1287 5643 1466 5706 ιιιίιιιι·.⁸
1475 5657 1538 5718 [et
1559 5643 1672 5709 inde
1691 5643 2080 5725 iiIé'résEﬁitis’ai

502 5713 556 5757 Et
566 5713 797 5757 ctestam].

1527 245 1594 302 IN
1627 247 1900 305 JOANNIS
1937 250 2393 326 EVANGELIUM,
2435 259 2493 314 S.
2532 262 2896 324 AUGUSTINI

3711 291 3846 352 1536

2267 369 2535 438 proprium
2580 373 2774 432 donum
2821 382 3028 452 accepit
3080 397 3110 438 a
3164 385 3389 447 Domino
3441 392 3628 467 (super
3683 405 3841 474 cujus

2262 469 2447 527 pectus
2476 463 2528 517 in
2567 469 2809 523 convivio
2853 471 3212 534 discumbebat
3241 481 3419 552 (Joan.
3451 463 3581 557 ⁷χιιι,
3628 463 3840 563 25),ἰιι

2263 567 2357 620 per
2395 554 2494 610 hoc
2537 559 2854 628 signiﬁcaret
2897 567 3017 635 quia
3066 581 3270 629 secreta
3315 578 3502 635 altiora
3544 554 3610 637 de
3649 554 3838 644 intimo

2259 645 2375 710 ejus
2415 648 2574 704 corde
2619 653 2876 724 putabat),
2909 666 2964 710 ut
2989 673 3052 713 ea
3095 661 3295 720 diceret
3331 666 3400 722 de
3434 668 3568 728 Filio
3600 674 3689 728 Dei
3720 693 3838 746 quae

2257 738 2595 804 parvulorum
2627 755 2830 799 mentes
2874 746 3112 806 fortassis
3162 754 3390 814 intentas
3431 763 3662 820 excitare
3705 738 3836 836 pos-

2257 828 2397 894 sint;
2431 831 2650 902 implere
2699 848 2872 893 autem
2923 843 3153 899 nondum
3192 863 3410 918 capaces
3458 871 3563 910 non
3594 860 3832 926 possint:

2256 923 2637 991 grandinsculis
2665 940 2842 986 autem
2889 936 3182 1007 quibusque
3223 945 3487 999 mentibus
3518 959 3569 1001 et
3595 923 3661 1004 ad
3702 962 3835 1008 teta-

2259 1023 2362 1068 tem
2402 1020 2680 1087 quamdam
2727 1023 2946 1081 interius
2988 1031 3191 1086 virilem
3248 1039 3696 1110 pervenientibus,
3741 1045 3833 1101 dat

2253 1107 2448 1178 aliquid
2480 1113 2654 1167 verbis
2685 1115 2786 1181 his,
2827 1135 2931 1187 quo
2970 1131 3023 1176 et
3047 1136 3410 1195 exerceantur,
3442 1144 3497 1186 et
3524 1147 3828 1201 pascantur.

2253 1199 2488 1256 Audistis
2533 1218 2653 1258 cum
2701 1207 2978 1278 legeretur,
3007 1223 3062 1268 et
3101 1216 3235 1271 unde
3274 1234 3450 1276 sermo
3494 1223 3590 1280 iste
3623 1230 3832 1284 venerit

2253 1294 2584 1351 meministis.
2618 1299 2877 1357 Hesterno
2898 1306 3036 1360 enim
3074 1308 3159 1364 die
3193 1311 3383 1366 lectum
3411 1325 3510 1382 est,
3537 1320 3676 1387 quod
3706 1339 3828 1389 pro-

2249 1394 2418 1453 pterea
2443 1388 2666 1444 volebant
2705 1392 2880 1448 Iesum
2917 1395 3091 1452 Judaei
3135 1402 3429 1470 inter/icere,
3460 1409 3579 1474 quia
3618 1388 3719 1465 non
3747 1430 3833 1466 so-

2249 1476 2353 1529 lum
2383 1478 2600 1534 solvebat
2635 1483 2916 1553 sabbatum,
2948 1489 3036 1542 sed
3071 1493 3219 1545 etiam
3243 1505 3435 1563 patrem
3461 1515 3604 1553 suum
3634 1503 3829 1558 dicebat

2247 1565 2430 1634 Deum,
2460 1573 2700 1640 aequalem
2736 1592 2789 1630 se
2816 1579 3004 1648 faciens
3031 1587 3136 1636 Deo
3175 1582 3282 1657 (Id.
3310 1603 3362 1649 v,
3406 1590 3514 1661 18).
3543 1591 3693 1659 Quod
3728 1595 3827 1649 Ju-

2247 1657 2377 1713 daeis
2405 1661 2750 1733 displicebat,
2794 1667 2894 1724 hoc
2931 1672 3030 1740 ipsi
3076 1673 3215 1730 Patri
3260 1657 3518 1746 placebat.
3553 1657 3661 1739 lloc
3708 1687 3827 1743 sine

2245 1749 2406 1805 dubio
2436 1754 2609 1822 placet
2644 1759 2803 1814 etiam
2847 1762 2926 1818 eis
2968 1765 3057 1834 qui
3085 1765 3434 1826 honorificam
3479 1773 3691 1842 Filium,
3720 1779 3827 1834 sic-

2244 1855 2300 1900 ut
2348 1847 2696 1907 honoriﬁcant
2761 1855 3002 1924 Patrem;
3048 1862 3168 1930 quia
3235 1864 3280 1917 si
3329 1867 3406 1919 eis
3444 1883 3548 1922 non
3595 1870 3821 1940 placeat,

2242 1937 2612 2008 displicebant.
2642 1945 2755 2000 Non
2795 1949 2937 2003 enim
2968 1952 3104 2006 Deus
3137 1955 3238 2008 erit
3266 1957 3452 2026 major,
3481 1937 3610 2028 quia
3647 1937 3826 2030 placet

2242 2032 2368 2098 tibi;
2400 2035 2492 2089 sed
2544 2045 2596 2090 tu
2626 2038 2818 2105 minor,
2852 2041 2897 2096 si
2939 2045 3182 2113 displicet
3230 2047 3340 2102 tibi.
3388 2050 3655 2108 Adversus
3681 2053 3825 2113 hanc

2240 2135 2414 2180 autem
2449 2143 2634 2185 eorum
2665 2132 3007 2199 calumniam,
3035 2140 3333 2196 venientem
3364 2144 3444 2198 vel
3469 2144 3536 2199 de
3565 2147 3822 2216 ignoran-

2240 2216 2329 2282 tia,
2363 2219 2444 2272 vel
2491 2221 2558 2276 de
2601 2223 2818 2290 malitia,
2871 2226 3100 2297 loquitur
3148 2232 3399 2290 Dominus
3447 2253 3550 2290 non
3598 2241 3822 2298 omnino

2237 2309 2377 2376 quod
2421 2313 2651 2380 capiant,
2697 2315 2789 2370 sed
2839 2318 2978 2373 unde
3007 2321 3272 2390 agitentur
3308 2333 3362 2379 et
3408 2329 3818 2401 conturbentur,

2235 2410 2288 2454 et
2318 2401 2541 2459 fortasse
2569 2407 2651 2460 vel
2683 2410 2977 2465 conturbati
3010 2414 3272 2469 medicum
3304 2429 3563 2486 quaerant.
3595 2421 3824 2479 Dicebat

2235 2504 2410 2548 autem
2461 2513 2579 2564 quae
2621 2500 2999 2570 scriberentur,
3049 2516 3104 2559 ut
3146 2508 3305 2562 etiam
3358 2526 3389 2564 a
3435 2513 3585 2567 nobis
3629 2525 3820 2584 postea

2233 2582 2551 2652 legerentur.
2601 2590 2905 2648 Viderimus
2947 2611 3071 2665 ergo
3113 2599 3236 2667 quid
3275 2601 3328 2654 in
3357 2582 3659 2660 Judworum
3688 2623 3816 2663 cor-

2231 2673 2382 2729 dibus
2415 2677 2604 2734 lactum
2644 2682 2731 2747 sit,
2774 2699 2892 2737 cum
2942 2685 3056 2740 hinc
3097 2690 3341 2745 audirent
3369 2710 3385 2746 :
3411 2693 3535 2762 quid
3575 2696 3628 2749 in
3655 2697 3819 2754 nobis

2231 2764 2320 2819 fiat
2363 2783 2481 2821 cum
2529 2768 2643 2825 haec
2686 2773 2946 2842 audimus,
2994 2781 3219 2848 amplius
3269 2785 3578 2854 cogitemus.
3626 2787 3819 2860 Neque

2229 2858 2367 2911 cnim
2410 2869 2547 2915 natae
2591 2873 2713 2917 sunt
2747 2865 3000 2933 haereses,
3031 2879 3084 2924 et
3125 2873 3364 2940 quaedam
3396 2875 3641 2946 dogmata
3685 2858 3818 2949 pet-

2229 2952 2492 3008 versitatis
2527 2953 2858 3026 illaqueantia
2905 2962 3110 3018 animas
3151 2975 3203 3019 et
3239 2966 3306 3019 in-
3325 2968 3640 3036 profundum
3670 2987 3818 3042 prte-

2226 3042 2514 3111 cipitantia,
2539 3049 2637 3102 nisi
2660 3049 2788 3103 dum
2819 3051 3106 3122 Scriptura:
3132 3057 3285 3112 bona:
3306 3060 3672 3131 intelliguntur
3696 3080 3808 3120 non

2225 3141 2393 3209 bene;
2439 3154 2494 3200 et
2538 3147 2677 3216 quod
2719 3149 2771 3203 in
2811 3151 2890 3205 eis
2938 3167 3041 3206 non
3089 3153 3224 3209 bene
3275 3157 3596 3227 intelligitur,
3642 3161 3813 3217 etiam

2223 3241 2424 3290 temere
2485 3244 2540 3290 et
2583 3239 2834 3294 audacter
2879 3243 3153 3297 asseritur.
3203 3244 3415 3315 Itaque,
3466 3248 3810 3320 charissimi,

2219 3326 2372 3381 valde
2405 3339 2556 3385 caute
2587 3329 2699 3385 haec
2740 3333 2922 3388 audire
2967 3333 3240 3404 debemus,
3272 3339 3336 3392 ad
3375 3356 3492 3409 quae
3533 3343 3800 3410 capienda

2221 3417 2423 3486 parvuli
2465 3433 2680 3485 sumus;
2721 3431 2774 3476 et
2822 3424 2979 3478 corde
3009 3426 3096 3494 pio
3134 3436 3186 3482 et
3231 3443 3348 3483 cum
3379 3439 3624 3497 tremore,
3663 3435 3811 3491 sicut

2218 3509 2474 3576 scriptum
2513 3517 2615 3575 est,
2665 3509 2801 3564 hanc
2844 3521 3087 3569 tenentes
3139 3519 3374 3586 regulam
3422 3521 3682 3584 sanitatis,
3744 3532 3809 3579 ut

2217 3596 2356 3666 quod
2383 3597 2671 3654 secundum
2715 3601 2869 3656 ﬁdem
2901 3620 3000 3673 qua
3042 3606 3227 3662 imbuti
3263 3623 3465 3676 sumus,
3503 3612 3807 3685 intelligere

2214 3690 2570 3760 valuerimus,
2635 3702 2882 3764 tanquam
2936 3697 3001 3751 de
3047 3700 3164 3754 cibo
3209 3702 3530 3770 gaudeamus
3589 3722 3602 3760 :
3650 3707 3802 3777 quod

2213 3793 2388 3838 autem
2413 3784 2702 3840 secundum
2733 3801 2915 3842 sanam
2944 3789 3065 3845 ﬁdei
3091 3793 3325 3861 regulam
3351 3794 3644 3862 intelligere
3667 3814 3805 3860 non.

2211 3875 2336 3930 dum
2364 3877 2708 3945 potuerimus,
2741 3880 3117 3940 dubitationem
3143 3882 3463 3952 auferamus,
3494 3886 3802 3959 intelligen-

2209 3967 2335 4021 tiam
2361 3968 2686 4035 dilTeramus;
2707 3971 2808 4027 hoc
2829 3982 2924 4036 est,
2952 3984 3007 4028 ut
3024 3975 3180 4030 etiam
3203 3976 3244 4029 si
3263 3977 3385 4046 quid
3408 3980 3475 4032 sit
3499 3981 3796 4051 nescimus,

2208 4057 2403 4112 bonum
2442 4069 2616 4115 tamen
2655 4070 2708 4116 et
2741 4077 2924 4117 verum
2961 4079 3080 4119 esse
3115 4067 3331 4120 minime
3369 4068 3688 4126 dubitemus.
3725 4073 3802 4130 Et

2207 4165 2326 4220 ego,
2359 4150 2568 4217 fratres,
2591 4154 2679 4222 qui
2709 4156 2913 4224 suscepi
2935 4157 3074 4226 loqui
3096 4160 3264 4222 vobis,
3285 4161 3595 4230 cogitandus
3614 4179 3736 4220 sum
3761 4184 3798 4224 a

2204 4241 2354 4295 vobis
2369 4243 2454 4312 qui
2473 4245 2816 4314 susceperim,
2836 4255 2890 4300 et
2904 4263 3021 4316 qua:
3037 4251 3356 4318 susceperim
3378 4269 3390 4303 :
3406 4255 3612 4324 suscepi
3639 4257 3796 4312 enim

2204 4334 2475 4387 tractanda
2505 4334 2680 4389 divina
2726 4337 2904 4402 homo,
2949 4339 3240 4406 spiritualia
3284 4343 3532 4410 carnalis,
3581 4354 3797 4404 aeterna

2202 4425 2462 4479 mortalis.
2509 4425 2684 4481 Etiam
2725 4443 2754 4481 a
2803 4443 2908 4494 me,
2967 4429 3284 4496 charissimi,
3331 4434 3488 4504 longe
3535 4437 3603 4490 sit
3646 4453 3794 4496 vana

2202 4516 2563 4584 praesumptio,
2591 4518 2636 4571 si
2675 4518 2796 4571 volo
2837 4534 2996 4573 sanus
3038 4520 3090 4574 in
3129 4521 3289 4576 domo
3317 4523 3411 4578 Dei
3447 4531 3788 4598 conversari,

2200 4621 2318 4675 quae
2353 4615 2435 4660 est
2473 4607 2706 4662 Ecclesia
2740 4609 2834 4662 Dei
2873 4609 2997 4674 vivi,
3025 4612 3271 4666 columna
3307 4623 3362 4668 et
3387 4613 3789 4674 ﬁrmamentum

2198 4698 2439 4752 veritatis
2468 4698 2507 4767 (Ι
2531 4697 2664 4753 Tim.
2689 4715 2766 4765 ιιι,
2792 4700 2878 4772 15)
2907 4719 2920 4753 :
2946 4717 3041 4771 pro
3062 4703 3277 4758 modulo
3302 4720 3422 4760 meo
3449 4709 3602 4776 capio
3633 4712 3789 4778 quod

2196 4789 2348 4843 vobis
2398 4804 2636 4858 appono;
2683 4790 2773 4845 ubi
2821 4793 3073 4860 aperitur,
3105 4786 3306 4862 pascor
3344 4796 3651 4864 vobiscum;
3682 4801 3788 4858 ubi

2196 4879 2478 4948 clauditur,
2513 4881 2664 4951 pulso
2684 4882 2976 4939 vobiscum.

2264 4974 2318 5028 2.
2347 4975 2607 5029 Commoti
2659 4984 2784 5029 sunt
2825 4991 2952 5043 ergo
2997 4976 3186 5043 Judmi,
3215 4987 3272 5034 et
3316 4979 3568 5050 indignati
3615 4993 3788 5054 sunt;

2195 5067 2387 5122 merito
2415 5067 2648 5137 quidem,
2679 5068 2819 5138 quod
2860 5068 3087 5125 audebat
3114 5071 3272 5126 homo
3310 5075 3570 5144 aequalem
3598 5090 3658 5130 se
3686 5076 3788 5132 fa-

2193 5174 2316 5215 cere
2340 5160 2447 5213 Deo
2477 5177 2489 5213 :
2522 5159 2614 5213 sed
2662 5159 2781 5214 ideo
2827 5161 3111 5228 immerito,
3160 5164 3282 5233 quia
3329 5165 3383 5220 in
3420 5165 3634 5221 homine
3660 5183 3786 5224 non

2193 5239 2551 5322 intelligebant
2588 5251 2774 5306 Deum.
2817 5252 3043 5308 Carnem
3069 5254 3335 5328 videbant,
3367 5257 3530 5312 Deum
3562 5257 3787 5315 nescie—

2190 5347 2315 5401 bant
2359 5363 2371 5398 :
2406 5345 2759 5400 habitaculum
2805 5347 3111 5412 cernebant,
3157 5348 3502 5404 habitatorem
3546 5351 3778 5420 ignora-

2189 5438 2334 5493 bant.
2364 5437 2504 5493 Caro
2551 5439 2636 5492 illa
2682 5440 2933 5509 templum
2983 5450 3116 5505 erat,
3159 5441 3300 5496 Deus
3342 5442 3786 5498 inhabitabatin-

2193 5539 2292 5583 tus.
2325 5529 2434 5582 Non
2463 5545 2591 5598 ergo
2624 5528 2778 5585 Jesus
2807 5546 3021 5584 carnem
3056 5533 3297 5602 aequabat
3325 5532 3486 5596 Patri,
3520 5548 3624 5588 non
3653 5532 3784 5588 fon

2189 5634 2328 5673 mam
2374 5619 2512 5673 servi
2561 5619 2782 5673 Domino
2826 5623 3198 5689 comparabat;
3234 5638 3335 5676 non
3383 5623 3522 5692 quod
3569 5623 3782 5680 factum

2192 5725 2273 5769 est
2322 5721 2538 5785 propter
2588 5727 2708 5779 nos,
2742 5711 2836 5768 sed
2885 5712 3025 5784 quod
3077 5723 3190 5770 erat
3235 5714 3447 5785 quando
3487 5713 3615 5770 fecit
3641 5729 3781 5774 nos.
