4118 6474
287 451 431 509 1537

286 569 423 637 Quis
465 582 696 638 namque
736 566 805 623 sit
841 566 1106 633 Christus,
1138 564 1423 622 Catholicis
1447 564 1656 634 loquor,
1691 562 1877 627 nostis,

286 661 416 731 quia
448 660 587 714 bene
602 659 940 715 credidistis:
968 674 1073 714 non
1104 658 1333 714 Verbum
1363 667 1591 725 tantum,
1623 673 1721 713 nec
1751 671 1880 712 caro

287 760 537 816 tantum;
566 751 659 806 sed
692 751 922 806 Verbum
963 766 1089 806 caro
1135 749 1330 806 factum
1378 760 1478 814 est,
1523 758 1582 805 ut
1621 750 1881 804 habitaret

287 843 344 899 in
378 844 555 899 nobis.
586 844 860 899 Recenseo
889 843 956 899 de
982 842 1160 899 Verbo
1186 842 1325 914 quod
1365 842 1535 897 nostis
1575 860 1590 897 :
1633 840 1700 896 In
1744 842 1884 910 prin-

286 935 426 1003 cipio
477 944 586 989 erat
641 933 872 999 Verbum,
903 942 951 989 et
1007 934 1223 990 Verbum
1267 944 1375 989 erat
1420 934 1558 1005 apud
1610 932 1794 1000 Deum,
1838 941 1885 987 et

286 1024 432 1081 Deus
478 1034 588 1081 erat
618 1024 835 1080 Verbum
875 1042 894 1082 :
936 1026 1022 1082 hic
1066 1026 1342 1095 aequalitas
1390 1042 1508 1082 cum
1559 1028 1733 1081 Patre.
1778 1025 1883 1081 Sed

294 1112 526 1172 Verbum
553 1133 674 1172 caro
704 1118 895 1186 factum
915 1127 1006 1185 est,
1040 1125 1085 1171 et
1109 1116 1350 1172 habitavit
1387 1118 1438 1172 in
1468 1116 1611 1172 nobis
1638 1115 1812 1187 (Joan.
1842 1132 1881 1184 ι,

289 1207 318 1264 ι
350 1207 492 1278 44)
541 1225 557 1262 :
620 1208 717 1263 hac
768 1224 929 1265 carne
978 1209 1148 1281 major
1196 1218 1281 1265 est
1325 1210 1503 1265 Pater.
1548 1210 1620 1264 lla
1653 1210 1809 1264 Pater
1833 1216 1887 1265 et

287 1299 536 1369 aqualis,
596 1307 651 1354 et
693 1300 865 1369 major
909 1318 922 1354 :
971 1302 1192 1370 :equalis
1224 1299 1417 1367 Verbo,
1471 1301 1645 1371 major
1691 1316 1883 1367 carne;

243 1456 249 1460 _
286 1388 516 1459 aqualis
558 1391 608 1444 ei
655 1404 753 1458 per
779 1405 937 1460 quem
970 1390 1094 1445 fecit
1133 1407 1249 1457 nos,
1301 1392 1469 1461 major
1501 1407 1566 1447 eo
1600 1393 1689 1462 qui
1716 1392 1885 1447 factus

238 1470 254 1523 ἐ
287 1487 376 1535 est
399 1488 621 1549 prepter
647 1495 765 1535 nos.
797 1482 880 1536 Ad
909 1481 1045 1538 hanc
1069 1483 1304 1552 regulam
1334 1499 1517 1538 sanam
1546 1484 1883 1551 catholicam,

288 1591 454 1646 quam
515 1578 783 1646 praecipue
839 1592 996 1634 nosse
1056 1578 1283 1641 debetis,
1336 1594 1496 1648 quam
1548 1588 1725 1634 tenete
1795 1579 1886 1649 qui

289 1669 488 1733 nostis,
530 1683 561 1722 a
606 1684 709 1738 qua
760 1682 978 1739 prorsus
1026 1670 1156 1725 fides
1205 1680 1381 1724 vestra
1420 1670 1522 1724 labi
1560 1686 1665 1724 non
1704 1669 1885 1738 debet,

289 1775 415 1830 qua:
467 1760 626 1815 nullis
690 1759 962 1815 hominum
1013 1763 1341 1832 argumentis
1393 1762 1755 1833 extorquenda
1804 1770 1888 1817 est

291 1850 449 1905 cordi
503 1860 704 1918 vestro,
765 1853 1055 1921 dirigamus
1114 1869 1177 1908 ea
1238 1870 1356 1924 quae
1402 1853 1776 1924 intelligimus;
1833 1864 1888 1912 et

292 1956 419 2011 quae
450 1941 589 1997 forte
634 1957 741 1997 non
776 1943 1139 2015 intelligimus,
1168 1945 1439 2015 dirigenda
1463 1946 1529 2000 ad
1557 1946 1693 2001 hanc
1726 1963 1886 2018 regu-

293 2032 403 2087 lam
456 2036 778 2106 quandoque
826 2037 1156 2106 differamus,
1205 2055 1325 2095 cum
1376 2041 1553 2097 idonei
1607 2042 1883 2099 fuerimus.

292 2123 557 2182 Novimus
585 2144 713 2197 ergo
742 2132 1001 2200 aequalem
1029 2133 1171 2186 Patri
1202 2133 1395 2189 Filium
1441 2136 1555 2203 Dei,
1583 2138 1705 2208 quia
1734 2142 1885 2193 novi-

292 2233 418 2273 mus
464 2218 516 2271 in
563 2220 819 2291 principio
864 2222 1031 2276 Deum
1076 2224 1327 2279 Verbum.
1371 2226 1507 2293 Quid
1551 2243 1679 2297 ergo
1714 2226 1887 2283 Judwi

293 2308 532 2362 uolebant
569 2327 685 2363 eum
737 2312 1064 2381 interﬁcere?
1120 2314 1252 2379 Quia
1306 2333 1405 2370 non
1456 2318 1619 2372 solum
1668 2320 1887 2374 solvebat

291 2402 580 2469 sabbatum,
621 2404 711 2458 sed
733 2415 781 2458 et
816 2416 1009 2475 patrem
1041 2425 1190 2462 suum
1214 2409 1405 2463 dicebat
1430 2410 1613 2476 Deum,
1644 2413 1889 2485 aequalem

292 2510 355 2547 se
377 2496 571 2565 faciens
597 2495 706 2550 Deo
735 2512 754 2550 :
782 2498 1026 2553 videntes
1061 2515 1295 2566 carnem,
1335 2518 1439 2557 non
1480 2504 1724 2559 videntes
1753 2506 1886 2561 Ver-

292 2584 446 2639 bum.
491 2586 766 2657 Loquatur
798 2605 926 2660 ergo
968 2600 1021 2646 et
1066 2603 1249 2648 contra
1279 2609 1372 2649 eos
1394 2596 1625 2651 Verbum
1647 2614 1743 2668 per
1766 2614 1887 2653 ear-

292 2688 443 2739 nem,
487 2684 543 2731 et
592 2676 812 2733 interior
860 2680 1123 2736 habitator
1168 2692 1322 2738 sonet
1376 2701 1470 2754 per
1531 2686 1885 2778 habitaculum

291 2779 491 2827 suum;
523 2776 583 2821 ut
606 2770 695 2837 qui
722 2778 917 2838 potest,
949 2773 1155 2827 noverit
1183 2775 1301 2844 quis
1328 2775 1468 2830 intus
1495 2770 1712 2833 habitet.

369 2860 422 2913 5.
453 2860 593 2927 Quid
622 2877 750 2931 ergo
798 2864 878 2917 eis
928 2864 1094 2919 dicit?
1126 2867 1401 2934 Respondit
1428 2871 1599 2940 itaque
1640 2871 1809 2939 Iesus,
1842 2883 1887 2927 et

292 2949 429 3004 dixit
478 2953 581 3013 eis,
624 2956 905 3009 commotis
947 2957 1088 3026 quod
1127 2961 1381 3027 atqualem
1419 2978 1479 3016 se
1521 2962 1717 3018 faceret
1754 2965 1883 3032 Deo,

292 3045 459 3096 Amen
478 3086 493 3109 ,
515 3060 664 3098 amen
691 3046 804 3099 dico
832 3048 968 3102 vobis
986 3090 1001 3113 ,
1043 3066 1143 3104 non
1168 3060 1327 3121 potest
1366 3052 1531 3107 Filius
1560 3072 1591 3107 a
1632 3073 1687 3109 se
1726 3060 1889 3126 facere

293 3134 575 3204 quidquam
592 3177 607 3200 ,
634 3137 732 3189 nisi
755 3143 889 3207 quod
914 3140 1089 3194 viderit
1130 3140 1334 3196 Patrem
1355 3145 1633 3215 facientem.
1664 3146 1753 3200 Ad
1774 3146 1889 3201 haec

294 3224 428 3295 quid
461 3227 835 3295 responderint
858 3229 1063 3297 Judaei,
1094 3233 1348 3302 scriptum
1393 3251 1497 3289 non
1529 3246 1610 3291 est
1640 3256 1653 3291 :
1682 3247 1736 3292 et
1778 3239 1887 3292 for-

297 3324 444 3371 tasse
469 3326 763 3374 tacuerunt.
783 3322 1004 3388 Quidam
1036 3332 1234 3391 tanien,
1266 3328 1355 3395 qui
1378 3328 1695 3385 christianos
1711 3348 1768 3387 se
1791 3333 1887 3386 ha-

296 3405 415 3461 beri
445 3409 651 3475 volunt,
682 3426 785 3465 non
816 3421 1023 3479 tacent,
1059 3425 1115 3471 et
1142 3418 1535 3485 quodammodo
1562 3438 1630 3477 ex
1660 3423 1745 3478 his
1771 3441 1889 3479 ver-

296 3496 381 3550 bis
400 3500 713 3567 concipiunt
729 3503 969 3571 quaedam
996 3505 1217 3561 dicenda
1238 3518 1419 3563 contra
1446 3525 1543 3565 nos
1567 3530 1580 3565 :
1613 3530 1730 3582 quae
1755 3531 1887 3571 con-

297 3588 590 3642 temnenda
618 3606 723 3645 non
756 3602 909 3660 sunt,
937 3605 990 3649 ct
1032 3606 1246 3667 prapter
1276 3600 1419 3668 ipsos
1450 3612 1503 3655 et
1531 3614 1744 3674 propter
1768 3623 1885 3662 nos.

297 3679 485 3733 Ariani
511 3682 709 3751 quippe
736 3684 971 3741 hazretici
998 3688 1256 3758 dicentes,
1283 3708 1387 3747 non
1418 3711 1510 3763 per
1531 3711 1768 3763 carnem,
1794 3699 1888 3753 sed

296 3780 426 3826 ante
464 3788 702 3841 carnem,
731 3776 919 3831 Filium
949 3779 1117 3849 ipsum
1148 3786 1236 3852 qui
1262 3787 1492 3855 suscepit
1519 3802 1753 3851 carnem,
1787 3792 1888 3843 mi-

298 3878 495 3918 norem
524 3881 646 3922 esse
672 3884 827 3938 quam
859 3871 1017 3927 Pater
1039 3883 1141 3940 est,
1171 3884 1225 3930 et
1250 3892 1353 3931 non
1376 3894 1495 3935 esse
1511 3881 1746 3950 ejusdem
1767 3885 1890 3940 sub-

298 3952 515 4008 stantia:
545 3956 695 4024 cujus
725 3958 883 4015 Pater
910 3972 1019 4025 est,
1052 3965 1266 4032 capiunt
1290 3982 1352 4020 ex
1396 3968 1478 4022 his
1504 3973 1680 4025 verbis
1704 3989 1888 4030 ansam

296 4043 604 4111 calumnia),
628 4055 681 4101 et
705 4051 1027 4118 respondent
1053 4055 1203 4109 nobis
1227 4074 1240 4111 :
1266 4054 1466 4113 Videtis
1490 4063 1611 4130 quia
1638 4064 1888 4121 Dominus

294 4132 490 4199 Jesus,
525 4151 645 4190 cum
685 4138 1137 4199 animadverteret
1171 4146 1384 4202 Iudaeos
1427 4166 1492 4204 ex
1523 4152 1622 4207 hoc
1650 4157 1885 4223 moveri,

296 4225 445 4293 quod
471 4226 615 4281 Patri
656 4229 762 4284 Deo
786 4234 1042 4301 (aqualem
1072 4252 1131 4290 se
1162 4237 1376 4305 faceret,
1412 4243 1531 4296 talia
1562 4245 1719 4299 verba
1756 4249 1885 4303 sub-

290 4316 492 4385 junxit,
544 4329 600 4374 ut
626 4335 684 4377 se
710 4325 965 4393 aequalem
995 4342 1099 4381 non
1128 4344 1245 4383 esse
1275 4343 1615 4390 monstraret.
1648 4337 1891 4394 Movebat

296 4410 443 4465 enim
463 4412 699 4479 Judmos,
721 4416 889 4482 aiunt,
910 4418 1164 4473 adversus
1182 4420 1469 4489 Christum,
1488 4429 1607 4496 quia
1631 4433 1886 4499 aequalem

296 4514 358 4554 se
384 4500 613 4557 faciebat
646 4504 788 4571 Deo;
816 4517 871 4562 et
898 4509 1080 4564 volens
1106 4528 1201 4567 eos
1224 4517 1491 4585 corrigere
1517 4520 1584 4572 ab
1614 4520 1715 4575 hoc
1743 4533 1889 4578 motu

298 4591 569 4661 Christus,
598 4605 653 4652 et
678 4598 757 4652 eis
784 4599 1152 4659 demonstrare
1186 4605 1377 4660 Filium
1408 4624 1511 4664 non
1550 4627 1670 4667 esse
1705 4630 1889 4684 aequa-

299 4682 407 4738 lem
429 4684 596 4753 Patri,
630 4689 682 4742 id
703 4700 803 4754 est,
828 4694 1081 4761 aqualem
1103 4696 1230 4759 Deo,
1250 4698 1343 4762 ait,
1358 4702 1507 4769 quasi
1528 4702 1730 4771 dicens,
1752 4682 1891 4774 Quid

300 4774 632 4832 irascimini?
660 4781 786 4849 quid
816 4782 1195 4853 indignamini?
1224 4788 1340 4843 Non
1363 4807 1477 4844 sum
1501 4796 1733 4863 aequalis,
1769 4800 1889 4866 quia

299 4882 403 4919 non
430 4878 593 4935 potest
620 4870 783 4927 Filius
808 4891 839 4928 a
858 4892 912 4929 se
932 4880 1098 4947 facere
1118 4881 1409 4950 quidquam,
1437 4885 1534 4938 nisi
1557 4890 1691 4955 quod
1715 4891 1891 4945 viderit

302 4957 514 5013 Patrem
556 4964 840 5031 facientem.
872 4967 973 5034 Qui
1014 4971 1156 5025 enim
1186 4988 1286 5025 non
1316 4986 1494 5043 potest,
1522 4977 1779 5049 inquiunt,
1810 4987 1892 5053 fa-

299 5067 410 5104 cere
434 5068 466 5103 a
490 5069 549 5107 se
565 5054 858 5124 quidquam,
891 5061 987 5113 nisi
1013 5063 1149 5131 quod
1174 5065 1350 5121 viderit
1375 5067 1583 5123 Patrem
1604 5074 1886 5143 facientem,

301 5144 487 5211 utique
515 5145 695 5201 minor
718 5157 822 5215 est,
847 5166 952 5206 non
977 5155 1217 5224 aequalis.

370 5244 425 5297 4.
470 5242 527 5297 In
559 5244 660 5300 hac
684 5248 864 5319 regula
886 5251 1063 5308 cordis
1082 5253 1163 5308 sui
1187 5254 1408 5312 distorta
1433 5267 1489 5314 et
1511 5276 1692 5330 prava,
1722 5264 1893 5322 haere-

298 5330 437 5387 ticus
465 5334 649 5389 audiat
675 5353 774 5392 nos
795 5340 1026 5396 nondum
1044 5343 1404 5414 objurgantes,
1427 5350 1521 5405 sed
1549 5353 1722 5408 adhuc
1742 5358 1891 5425 quasi

301 5434 629 5494 quaerentes,
661 5438 715 5483 et
742 5432 970 5502 explicet
995 5436 1147 5491 nobis
1170 5439 1311 5507 quod
1346 5441 1524 5496 sentit.
1553 5442 1687 5498 Puto
1716 5448 1886 5516 enim,

301 5527 335 5567 ο
359 5518 605 5587 quisquis
634 5519 722 5575 ille
750 5536 811 5577 es
844 5522 1124 5593 (faciamus
1153 5529 1294 5583 enim
1324 5546 1446 5586 eum
1476 5540 1722 5603 tanquam
1749 5552 1890 5606 pra:-

302 5617 510 5661 sentem
536 5609 772 5682 adesse),
808 5622 957 5669 tenes
982 5618 1256 5675 nobiscum
1287 5624 1403 5692 quia
1430 5626 1482 5677 in
1508 5628 1755 5697 principio
1785 5643 1889 5685 erat

314 5695 551 5754 Verbum.
602 5702 818 5795 Teneo,
850 5708 1036 5778 inquit.
1088 5712 1154 5767 Et
1198 5716 1317 5784 quia
1362 5716 1577 5772 Verbum
1615 5695 1720 5775 erat
1750 5727 1889 5795 apud

301 5789 506 5845 Deum?
534 5793 604 5849 Et
630 5794 749 5864 hoc,
784 5797 973 5869 inquit,
1018 5809 1193 5859 teneo.
1240 5806 1474 5877 Sequere
1518 5826 1664 5881 ergo,
1708 5816 1889 5873 ethoc

297 5880 490 5939 fortius
517 5894 664 5957 tene,
703 5890 824 5960 quia
848 5890 988 5950 Deus
1028 5906 1135 5950 erat
1179 5896 1411 5958 Verbum.
1445 5902 1513 5960 Et
1539 5880 1661 5974 hec,
1695 5905 1883 5979 inquit,

1425 442 1836 503 TRACTATUS
1874 442 2064 503 XVIII.
2105 446 2336 507 CAPUT
2372 448 2436 509 ν.

3431 460 3568 515 1558

1990 568 2193 618 teneo:
2234 564 2329 619 sed
2376 564 2465 620 ille
2504 564 2645 621 Deus
2686 565 2877 636 major,
2918 566 3006 622 ille
3031 567 3172 625 Deus
3213 570 3405 628 minor.
3448 574 3567 632 1am

1991 654 2173 708 nescio
2200 655 2324 725 quid
2367 672 2626 727 paganum
2649 658 2888 713 redolet:
2917 676 3036 715 cum
3066 660 3357 717 christiano
3382 681 3466 720 me
3495 668 3574 722 lo-

1990 746 2077 816 qui
2103 746 2417 803 arbitrabar.
2445 749 2500 805 Si
2524 760 2607 806 est
2635 752 2775 807 Deus
2800 753 2990 822 major,
3018 763 3178 811 etest
3207 757 3347 813 Deus
3373 761 3573 829 minor;

1990 835 2123 891 duos
2149 837 2279 892 deos
2307 841 2550 905 colimus,
2583 858 2687 896 non
2720 860 2878 897 unum
2911 845 3097 901 Deum.
3129 847 3323 915 Quare,
3373 850 3570 921 inquit!

1988 936 2045 983 et
2072 936 2127 983 tu
2150 944 2254 983 non
2284 930 2417 984 duos
2441 932 2571 986 deos
2612 933 2744 989 dicis
2787 937 3018 1005 mquales
3043 938 3179 993 sibi?
3206 940 3318 995 Hoc
3341 956 3441 1012 ego
3466 957 3563 1000 nos

1990 1018 2112 1074 dico
2146 1038 2159 1073 :
2192 1022 2549 1091 aequalitatem
2579 1026 2718 1079 enim
2744 1026 2898 1081 istam
2929 1029 3006 1083 sic
3036 1029 3291 1102 intelligo,
3320 1041 3381 1087 ut
3405 1034 3474 1088 ibi
3495 1034 3564 1090 in-

1992 1111 2228 1182 telligam
2270 1113 2430 1168 etiam
2476 1114 2798 1170 individuam
2842 1118 3189 1185 charitatem;
3217 1130 3275 1177 et
3314 1123 3357 1176 si
3391 1124 3569 1180 indivi-

1990 1202 2151 1258 duam
2180 1205 2495 1260 charitatem
2516 1208 2555 1272 ί,
2586 1207 2874 1276 perfectam
2900 1211 3173 1267 unitatem.
3205 1214 3258 1268 Si
3281 1216 3420 1269 enim
3445 1218 3575 1271 cha-

1991 1294 2120 1349 ritas
2140 1312 2299 1366 quam
2325 1298 2470 1352 misit
2493 1299 2796 1355 hominibus
2826 1302 2985 1368 Deus,
3010 1303 3078 1358 de
3098 1305 3276 1360 multis
3304 1306 3578 1363 hominum

1991 1386 2245 1443 cordibus
2282 1388 2409 1444 facit
2432 1405 2526 1445 cor
2546 1407 2709 1446 unum
2729 1434 2745 1459 ,
2776 1401 2831 1448 et
2855 1394 3048 1450 multas
3075 1397 3345 1453 hominum
3374 1402 3580 1457 animas

1996 1475 2123 1533 facit
2151 1481 2381 1534 animam
2412 1498 2591 1546 unam,
2624 1484 2761 1537 sicut
2787 1484 2853 1540 de
2882 1486 3216 1544 credentibus
3244 1505 3468 1562 seseque
3493 1494 3578 1547 in-

1994 1573 2167 1628 vicem
2192 1574 2533 1645 diligentibus
2558 1579 2816 1648 scriptum
2845 1589 2927 1635 est
2958 1581 3009 1635 in
3050 1583 3267 1639 Actibus
3295 1587 3577 1654 Apostolo-

1992 1679 2131 1728 rum,
2156 1664 2283 1719 Erat
2301 1667 2402 1721 illis
2417 1669 2585 1721 anima
2607 1686 2728 1737 una,
2747 1679 2792 1724 et
2816 1687 2903 1725 cor
2928 1689 3083 1726 unum
3100 1674 3151 1727 in
3172 1674 3332 1728 Deum
3345 1677 3476 1745 (Act.
3501 1695 3575 1744 tv,

1993 1752 2083 1825 52)
2106 1772 2118 1807 :
2135 1755 2178 1809 si
2201 1770 2326 1824 ergo
2342 1758 2515 1811 anima
2534 1774 2647 1813 mea
2664 1770 2718 1815 et
2732 1762 2907 1815 anima
2926 1772 3032 1828 tua,
3051 1764 3330 1819 cumidem
3344 1768 3576 1835 Sapimus

1990 1862 2193 1917 nosque
2217 1849 2481 1919 diligimus
2501 1893 2514 1917 ,
2541 1851 2599 1905 fit
2622 1853 2796 1907 anima
2823 1870 2924 1908 una
2954 1873 2969 1910 :
3001 1866 3201 1925 quanto
3231 1859 3396 1927 magis
3423 1859 3581 1914 Pater

1994 1937 2132 1992 Deus
2152 1948 2205 1995 et
2236 1939 2397 1994 Filius
2424 1942 2562 1996 Deus
2585 1943 2635 1996 in
2657 1941 2802 1998 fonte
2822 1944 3121 2001 dilectionis
3144 1947 3283 2002 Deus
3301 1965 3435 2006 unus
3462 1950 3582 2006 est?

2063 2031 2118 2085 5.
2151 2032 2343 2085 Verum
2370 2033 2436 2087 ad
2463 2033 2576 2088 lnec
2606 2035 2784 2099 verba,
2818 2037 3005 2106 quibus
3031 2049 3353 2095 commotum
3384 2053 3465 2096 est
3486 2058 3580 2097 cor

1994 2129 2163 2186 tuum,
2208 2124 2443 2188 intende,
2479 2134 2531 2179 et
2576 2128 2749 2181 recole
2793 2144 2998 2183 mecum
3026 2131 3164 2198 quod
3203 2132 3271 2186 de
3302 2133 3477 2187 Verbo
3497 2150 3581 2188 re-

1992 2213 2350 2282 quirebamus.
2387 2216 2503 2270 Jam
2543 2226 2816 2279 tenemus,
2867 2218 3003 2275 Deus
3050 2231 3158 2275 erat
3195 2221 3406 2277 Verbum
3429 2240 3449 2278 :
3478 2226 3577 2279 ad-

1988 2304 2155 2375 jungo
2194 2306 2359 2373 aliud,
2406 2308 2524 2376 quia
2553 2324 2671 2363 cum
2715 2310 2957 2372 dixisset,
2992 2311 3103 2366 Hoc
3127 2314 3305 2368 eratin
3333 2316 3581 2385 principi)

1993 2398 2133 2467 apud
2163 2398 2347 2465 Deum,
2375 2402 2627 2454 continuo
2653 2401 3252 2474 subjecitEvaugelista,
3287 2404 3469 2459 Omnia
3491 2424 3581 2477 per

1992 2489 2158 2558 ipsum
2174 2493 2314 2561 facta
2344 2500 2479 2545 sunt.
2507 2490 2657 2545 Nunc
2687 2500 2742 2546 te
2770 2493 3059 2561 quaerendo
3098 2496 3326 2564 exagito,
3361 2512 3501 2549 nunc
3530 2507 3581 2552 te

1994 2587 2176 2631 contra
2206 2589 2257 2633 te
2283 2595 2495 2645 moveo,
2526 2590 2579 2635 et
2604 2590 2653 2635 te
2671 2590 2853 2635 contra
2885 2591 2936 2638 te
2962 2583 3243 2653 interpello
3271 2602 3283 2638 :
3314 2594 3436 2640 tene
3462 2596 3579 2641 tan-

1993 2677 2103 2723 tum
2133 2672 2436 2727 memoriter
2458 2672 2554 2726 ista
2580 2672 2645 2727 de
2666 2672 2864 2738 Verbo,
2888 2675 3009 2744 quia
3038 2675 3172 2729 Deus
3193 2686 3297 2729 erat
3337 2677 3573 2745 Verbum,

1993 2772 2046 2818 et
2072 2766 2242 2817 omnia
2273 2782 2363 2835 per
2389 2767 2552 2835 ipsum
2583 2771 2719 2835 facta
2744 2776 2879 2819 sunt.
2908 2767 3043 2821 Audi
3064 2768 3174 2837 jam
3201 2770 3360 2824 verba
3392 2771 3582 2839 quibus

1992 2864 2291 2908 connnotus
2338 2871 2430 2918 es,
2462 2864 2519 2908 ut
2570 2858 2827 2910 minorem
2868 2856 3074 2911 diceres
3119 2858 3344 2921 Filium,
3386 2876 3580 2930 nempe

1991 2945 2111 3011 quia
2139 2946 2291 3009 dixit,
2324 2945 2443 2999 Non
2474 2955 2632 3015 potest
2656 2946 2822 3000 Filius
2844 2964 2875 3000 a
2899 2964 2952 3000 se
2979 2948 3144 3015 facere
3169 2949 3462 3020 quidquam,
3483 2952 3582 3006 nisi

1991 3038 2125 3107 quod
2145 3038 2320 3091 viderit
2351 3037 2559 3091 Patrem
2583 3040 2867 3109 facientem.
2899 3039 2995 3106 Ita,
3026 3041 3213 3111 inquit.
3238 3043 3458 3110 Expone
3481 3044 3582 3100 hoc

1994 3128 2121 3182 mihi
2151 3130 2421 3197 paululum
2450 3147 2461 3182 :
2494 3131 2591 3194 sic,
2625 3140 2876 3199 quantum
2907 3132 3116 3200 opinor,
3150 3134 3416 3204 intelligis,
3445 3152 3579 3206 quo-

1992 3221 2134 3274 niam
2152 3222 2390 3290 quaadam
2412 3223 2532 3278 facit
2564 3224 2737 3287 Pater,
2752 3223 2915 3278 Filius
2944 3236 3119 3280 autem
3146 3227 3367 3282 attendit
3392 3245 3580 3298 quem-

1995 3312 2276 3367 admodum
2320 3314 2475 3367 faciat
2514 3315 2689 3377 Pater,
2752 3324 2810 3369 ut
2864 3316 3031 3385 possit
3064 3325 3119 3372 et
3161 3318 3273 3388 ipse
3311 3335 3372 3373 ea
3406 3320 3582 3376 facere

1992 3420 2111 3471 qum
2130 3404 2322 3459 viderit
2344 3406 2552 3458 Patrem
2580 3406 2879 3460 facientem.
2912 3408 3053 3462 Duos
3076 3412 3224 3477 quasi
3249 3409 3425 3465 fabros
3454 3427 3582 3467 con-

1994 3495 2216 3549 stituisti
2248 3513 2261 3547 :
2296 3495 2368 3549 ita
2402 3496 2610 3550 Patrem
2638 3506 2689 3550 et
2727 3496 2948 3580 Filium,
2984 3508 3041 3552 ut
3073 3499 3232 3554 etiam
3272 3501 3582 3572 magistrum

1993 3595 2047 3639 et
2076 3586 2392 3655 discipulum
2419 3629 2432 3651 ,
2477 3588 2743 3656 quomodo
2782 3591 2958 3643 solent
3000 3599 3174 3659 patres
3204 3592 3337 3646 fabri
3387 3594 3582 3650 docere

1996 3675 2132 3730 filios
2167 3691 2291 3730 suos
2320 3686 2487 3730 artem
2519 3694 2690 3732 suam.
2722 3678 2856 3733 Ecce
2894 3680 3161 3734 descendo
3203 3681 3270 3734 ad
3309 3684 3575 3739 carnalem

1993 3782 2207 3821 sensum
2250 3778 2395 3821 tuum
2416 3811 2431 3833 ,
2458 3770 2525 3823 ita
2557 3770 2768 3823 interim
2802 3772 2979 3841 cogito
3016 3781 3073 3826 ut
3101 3782 3154 3826 tu
3184 3790 3199 3827 :
3233 3773 3508 3831 videamus
3533 3777 3579 3831 si

1994 3860 2243 3929 cogitatio
2271 3860 2387 3915 hzec
2416 3870 2596 3915 nostra
2642 3863 2874 3917 inveniat
2916 3864 3117 3918 exitum
3167 3867 3457 3925 secundum
3488 3869 3577 3923 illa

1994 3968 2111 4022 qua!
2151 3952 2260 4023 jam
2306 3954 2373 4009 de
2418 3954 2593 4009 Verbo
2625 3957 2821 4024 pariter
2862 3957 3023 4012 locuti
3068 3974 3250 4013 sumus
3281 3961 3580 4031 pariterque

1995 4045 2273 4112 sentimus,
2306 4048 2426 4114 quia
2458 4046 2592 4100 Deus
2631 4046 2877 4112 Verbum,
2907 4060 2960 4104 et
2990 4053 3159 4104 omnia
3188 4070 3276 4123 per
3301 4053 3465 4123 ipsum
3493 4058 3580 4125 fa-

1995 4144 2074 4188 cta
2102 4146 2235 4189 sunt.
2272 4137 2413 4192 Pone
2443 4139 2599 4208 igitur
2624 4139 2832 4195 Patrem
2860 4148 3110 4211 tanquam
3148 4143 3351 4199 fabrum
3371 4186 3387 4212 ,
3429 4163 3580 4216 qua:-

1996 4225 2116 4279 dam
2139 4242 2297 4295 opera
2323 4230 2623 4296 facientem,
2657 4232 2844 4286 Filium
2868 4243 3044 4289 autem
3073 4244 3318 4305 tanquam
3346 4238 3579 4306 discipu-

1996 4317 2127 4379 Ium,
2160 4319 2245 4386 qui
2278 4334 2377 4371 non
2408 4331 2568 4389 potest
2604 4323 2772 4391 facere
2799 4325 3092 4396 quidquam,
3126 4327 3223 4380 nisi
3246 4328 3380 4393 quod
3407 4329 3579 4383 viderit

1999 4407 2207 4461 Patrem
2228 4411 2492 4480 facientem
2517 4429 2534 4465 :
2564 4413 2785 4468 intendit
2805 4418 2945 4470 enim
2976 4418 3365 4487 quodammodo
3387 4422 3438 4476 in
3467 4439 3579 4477 ma-

1997 4514 2096 4552 nus
2125 4500 2314 4564 Patris,
2363 4512 2421 4555 ut
2459 4506 2727 4572 quomodo
2752 4505 2945 4562 viderit
2973 4524 3095 4564 eum
3120 4509 3398 4577 fabricare,
3428 4515 3506 4568 sic
3531 4523 3585 4569 et

1998 4589 2111 4658 ipse
2134 4593 2237 4647 tale
2261 4593 2456 4662 aliquid
2496 4595 2718 4651 fabricet
2758 4597 2810 4652 in
2853 4602 3101 4668 operibus
3128 4605 3258 4659 suis.
3291 4606 3398 4661 Sed
3426 4607 3582 4662 Pater

1998 4681 2098 4736 iste
2126 4685 2302 4737 omnia
2326 4685 2409 4738 illa
2438 4702 2555 4755 quae
2583 4687 2723 4755 facit,
2763 4699 2819 4745 et
2855 4693 2968 4746 vult
2994 4706 3050 4748 ut
3076 4697 3314 4752 attendat
3340 4715 3459 4753 eum
3491 4699 3580 4752 Fi—

1998 4772 2097 4825 lius
2126 4783 2181 4828 et
2206 4776 2327 4828 talia
2350 4785 2404 4830 et
2433 4777 2542 4845 ipse
2571 4778 2758 4847 faciat;
2794 4798 2887 4851 per
2906 4799 3062 4853 quem
3090 4785 3294 4843 facit“!
3322 4790 3412 4844 Eia
3445 4806 3583 4845 nunc

1998 4872 2080 4915 est
2106 4871 2161 4916 ut
2186 4864 2330 4919 adsis
2350 4870 2625 4922 sementim
2653 4880 2754 4925 tua:
2773 4874 2955 4941 priori,
2979 4892 3137 4945 quam
3168 4896 3374 4935 mecum
3398 4897 3583 4936 recen-

1998 4954 2149 5008 suisti
2174 4972 2486 5027 mecumque
2509 4962 2740 5026 tenuisti,
2771 4965 2890 5033 quia
2910 4967 2964 5018 in
2989 4970 3237 5037 principio
3271 4969 3504 5037 Verbum,
3530 4982 3585 5027 et

1998 5048 2139 5114 apud
2162 5048 2322 5102 Deum
2359 5049 2603 5115 Verbum,
2646 5062 2700 5107 et
2738 5055 2871 5111 Deus
2908 5056 3157 5129 Verbum,
3196 5070 3249 5115 et
3284 5065 3453 5117 omnia
3497 5082 3585 5134 per

1997 5141 2165 5211 ipsum
2195 5147 2328 5211 facta
2370 5154 2505 5197 sunt.
2539 5146 2616 5199 Tu
2648 5162 2776 5217 ergo
2802 5164 2922 5203 eum
2954 5168 3159 5206 mecum
3188 5155 3418 5210 tenueris
3459 5158 3582 5228 quia

1998 5247 2095 5301 per
2122 5233 2351 5287 Verbum
2377 5235 2509 5290 facta
2540 5246 2662 5291 sunt
2694 5241 2907 5305 omnia;
2931 5257 3141 5295 rursum
3171 5245 3366 5299 carnali
3394 5261 3584 5317 sapore

1997 5333 2049 5377 et
2081 5324 2268 5392 puerili
2299 5336 2443 5379 motu
2468 5328 2594 5381 facis
2622 5330 2713 5383 tibi
2734 5331 2785 5384 in
2814 5333 2989 5385 animo
3013 5333 3177 5387 Deum
3200 5333 3501 5406 facientem,
3530 5351 3587 5397 et

1997 5414 2230 5470 Verbum
2276 5418 2659 5485 attendentem,
2691 5430 2747 5475 ut
2780 5438 2900 5477 cum
2932 5423 3117 5477 fecerit
3149 5425 3318 5493 Deus,
3349 5428 3507 5487 faciat
3530 5444 3585 5488 et

1999 5507 2252 5562 Verbum.
2292 5509 2427 5577 Quid
2457 5512 2599 5565 enim
2642 5512 2764 5566 facit
2814 5515 2951 5568 Deus
2994 5524 3187 5583 praeter
3210 5518 3485 5576 Verbum?
3525 5524 3581 5579 Si

1996 5601 2137 5655 enim
2166 5601 2308 5667 facit,
2343 5619 2446 5657 non
2473 5606 2647 5657 omnia
2674 5620 2770 5673 per
2798 5605 3026 5659 Verbum
3061 5607 3190 5663 facta
3220 5622 3373 5679 sunt;
3402 5616 3581 5683 perdi-

2060 5737 2076 5766 ¹
2103 5736 2359 5786 Duodecim
2382 5744 2507 5797 Mss,
2530 5743 2575 5787 et
2592 5737 2661 5788 sic
2683 5736 2982 5790 individuam
3003 5742 3300 5796 charitatem.

2060 5799 2080 5828 ³
2104 5804 2221 5862 Lov._
2237 5800 2306 5847 sie
2328 5800 2508 5862 habent
2531 5800 2657 5849 hunc
2680 5799 2837 5850 locum
2862 5817 2873 5851 :
2899 5806 2990 5854 sed
3015 5813 3160 5857 Pater
3302 5808 3461 5859 (mnia
3493 5810 3580 5862 tua

1996 5858 2380 5957 2:124:
2402 5863 2688 5957 “tam
2708 5876 2818 5916 eum
2842 5864 2994 5918 mus
3015 5873 3062 5939 α
3084 5858 3202 5922 uua
3222 5876 3268 5920 ει
3289 5858 3390 5936 ipse
3412 5858 3578 5957 (αοεάες

1997 5923 2392 5985 perquemfacit.
2456 5929 2513 5972 Μ.
2899 5950 2904 5955 -
3028 5930 3031 5939 ’
3309 5923 3318 5936 ’
3380 5956 3385 5961 ·
