4118 6476
271 383 409 444 ista
459 351 464 358 ’

267 585 576 661 gnovistis?
599 584 811 642 Certum
841 589 924 639 est
942 581 1081 654 quod
1103 581 1234 647 dixi,
1258 589 1312 635 et
1335 578 1674 635 manifestum
1694 578 1868 633 omni-

269 681 372 736 bus
403 680 582 736 nobis.
603 678 818 733 Litterae
837 675 970 731 ﬁunt
997 673 1167 746 primo
1194 689 1225 728 a
1257 673 1420 729 corde
1443 682 1647 738 nostro,
1673 671 1867 728 deinde

267 787 300 824 a
329 787 562 843 corpore
594 778 811 835 nostro;
843 779 1031 824 manus
1053 769 1215 823 servit
1239 766 1518 836 imperanti
1549 765 1720 832 cordi,
1749 779 1868 820 eus-

266 865 392 920 dem
424 864 632 920 litteras
659 863 782 918 facit
803 870 855 917 et
880 877 976 919 cor
991 869 1045 917 ct
1068 875 1253 916 manus
1277 877 1291 914 :
1318 859 1572 930 numquid
1596 860 1725 914 alias
1749 872 1862 927 cor,

268 958 402 1012 alias
423 955 654 1012 manus?
674 954 903 1010 Easdem
930 954 1142 1024 quidem
1166 951 1294 1008 facit
1317 965 1524 1020 manus,
1555 951 1647 1006 sed
1668 964 1773 1006 non
1793 952 1866 1006 si-

269 1047 474 1104 militer
504 1066 518 1102 :
552 1062 647 1102 cor
675 1047 816 1102 enim
856 1054 1095 1100 nostrum
1131 1043 1258 1100 facit
1299 1057 1390 1100 eas
1433 1042 1859 1113 intelligibiliter,

270 1154 466 1194 manus
496 1146 677 1194 autem
705 1135 1002 1192 visibiliter.
1035 1134 1170 1190 Ecce
1216 1133 1481 1204 quomodo
1511 1133 1643 1188 ﬁunt
1679 1132 1868 1188 eadem

271 1230 627 1287 dissimiliter.
670 1228 824 1286 Unde
863 1242 1050 1299 parum
1094 1228 1191 1282 fuit
1220 1227 1446 1282 Domino
1471 1227 1668 1292 dicere,
1713 1227 1866 1292 Qua:-

269 1339 490 1394 cumque
515 1320 674 1378 Pater
702 1321 892 1394 fecerit,
921 1319 1028 1374 hare
1064 1326 1111 1373 et
1139 1317 1308 1372 Filius
1327 1319 1468 1389 facit,
1499 1317 1598 1372 nisi
1624 1317 1866 1384 adderet,

271 1423 320 1468 et
344 1413 602 1468 similiter.
631 1410 765 1480 Quid
805 1410 849 1465 si
890 1409 1031 1464 enim
1061 1409 1165 1465 hoc
1187 1409 1347 1463 modo
1383 1408 1703 1479 intelligeres
1729 1423 1863 1478 quo-

273 1505 439 1559 modo
464 1517 811 1578 quacumque
857 1515 950 1557 cor
991 1501 1135 1568 facit,
1166 1501 1281 1557 hac
1305 1510 1358 1557 ct
1386 1516 1572 1556 manus
1600 1500 1741 1569 facit,
1770 1501 1864 1557 sed

273 1610 382 1650 non
407 1594 692 1651 similiter?
721 1593 816 1648 llic
843 1607 970 1648 vero
996 1590 1217 1660 addidit,
1251 1593 1358 1647 haec
1383 1602 1430 1646 et
1450 1590 1615 1647 Filias
1639 1594 1866 1646 similiter

273 1686 419 1756 facit.
452 1685 508 1742 Si
539 1693 594 1741 et
628 1686 740 1741 haec
765 1684 917 1752 facit,
947 1694 1000 1740 et
1029 1684 1270 1740 similiter
1293 1684 1449 1750 facit,
1475 1684 1862 1755 expergiscere,

272 1781 574 1852 stringatur
601 1779 818 1835 Iudaeus
841 1821 854 1846 ,
896 1778 1077 1833 credat
1104 1775 1447 1847 Christianus
1470 1818 1484 1844 ,
1527 1778 1866 1833 convincatur

277 1871 568 1928 haereticus
587 1889 600 1935 ;
619 1860 843 1941 iequalis
871 1877 951 1924 est
978 1868 1118 1922 Patri
1148 1867 1332 1923 Filius.

350 1962 404 2018 9.
442 1962 601 2016 Pater
632 1960 764 2016 enim
794 1961 955 2033 diligit
979 1958 1189 2025 Filiam,
1215 1969 1261 2014 et
1281 1962 1451 2013 omnia
1479 1958 1784 2013 demonstrat
1819 1962 1870 2016 ei

276 2072 393 2126 qum
419 2055 529 2125 ipse
552 2053 677 2127 facit
701 2054 718 2124 (
738 2051 893 2106 Joan.
920 2067 970 2117 ν,
999 2052 1124 2122 20).
1172 2051 1309 2106 Ecce
1345 2059 1425 2106 est
1452 2051 1577 2106 illud
1600 2092 1612 2115 ,
1655 2052 1864 2107 demon-

277 2157 428 2203 strat.
450 2145 775 2204 Demonstrat
801 2145 951 2216 quasi
981 2145 1099 2198 cui?
1126 2142 1312 2214 Utique
1338 2144 1486 2214 quasi
1515 2144 1734 2198 videnti.
1763 2143 1869 2198 Re-

282 2239 464 2294 dimus
494 2238 561 2293 ad
600 2238 650 2293 id
677 2236 816 2308 quod
846 2237 1113 2306 explicare
1137 2249 1244 2290 non
1273 2248 1575 2306 possumus,
1602 2235 1867 2305 quomodo

279 2332 522 2389 Verbum
551 2331 744 2386 videat.
793 2327 935 2384 Ecce
960 2329 1119 2384 homo
1145 2326 1314 2383 factus
1351 2336 1435 2383 est
1477 2339 1571 2398 per
1598 2325 1864 2393 Verbum;

284 2422 379 2480 sed
409 2422 574 2478 homo
616 2421 776 2476 habet
802 2419 1000 2485 oculos,
1036 2418 1191 2475 habet
1217 2404 1406 2486 aures,
1450 2419 1606 2473 habet
1637 2433 1826 2474 manus
1847 2459 1862 2487 ,

281 2514 496 2570 diversa
526 2513 759 2568 membra
790 2512 841 2565 in
869 2525 1090 2581 corpore
1114 2527 1128 2565 :
1151 2523 1248 2580 per
1267 2510 1448 2565 oculos
1470 2517 1643 2581 potest
1666 2509 1864 2576 videre,

282 2621 383 2676 per
411 2619 570 2660 aures
609 2611 780 2674 potest
809 2602 1010 2668 audire,
1046 2614 1143 2670 per
1169 2613 1356 2654 manus
1389 2599 1632 2669 operari;
1661 2600 1868 2655 diversa

283 2696 549 2761 membra,
574 2693 780 2749 diversa
802 2692 1160 2747 membrorum
1187 2689 1377 2745 ofﬁcia.
1401 2690 1518 2745 Non
1541 2698 1712 2760 potest
1740 2689 1867 2744 illud

280 2785 588 2842 membrum
616 2783 754 2855 quod
794 2791 967 2852 potest
994 2783 1218 2836 alterum
1247 2795 1260 2834 :
1291 2790 1468 2837 tamen
1507 2791 1721 2851 propter
1745 2795 1865 2836 coro

283 2877 434 2950 poris
465 2877 740 2941 unitatem,
773 2876 958 2930 oculus
987 2882 1040 2928 et
1063 2873 1162 2928 sibi
1189 2881 1245 2927 et
1281 2873 1396 2927 auri
1441 2872 1603 2938 videt,
1643 2880 1695 2927 et
1724 2866 1866 2928 auris
1903 2891 1910 2898 λ

281 2971 386 3026 sibi
413 2979 472 3025 et
498 2967 653 3023 oculo
677 2966 839 3021 audit.
866 2963 1128 3034 Numquid
1154 2963 1255 3018 tale
1279 2963 1474 3033 aliquid
1499 2963 1552 3018 in
1579 2962 1757 3018 Verbo
1778 2977 1866 3017 ar-

286 3058 594 3116 hitrandnm
636 3066 718 3112 est
745 3071 883 3123 esse,
913 3053 1158 3124 quoniam
1194 3055 1369 3110 omnia
1413 3069 1508 3124 per
1545 3055 1758 3124 ipsum?
1800 3055 1869 3110 Et

283 3150 420 3204 dixit
459 3148 731 3219 Scriptura
758 3148 809 3200 in
850 3143 1078 3208 Psalmo,
1124 3139 1416 3214 Intelligt'te,
1458 3145 1544 3214 qui
1580 3146 1868 3215 insipientes

283 3243 400 3296 estis
429 3242 481 3294 in
502 3238 728 3310 populo;
749 3249 796 3292 et
819 3235 977 3301 stulti,
1001 3233 1272 3306 aliquando
1299 3237 1477 3304 sapite.
1503 3235 1602 3301 Qui
1628 3237 1867 3306 plantavit

283 3350 463 3386 aurem
483 3349 584 3384 non
614 3330 823 3384 audiet?
851 3335 936 3381 aut
956 3327 1042 3397 qui
1064 3328 1212 3394 ﬁnxit
1246 3327 1443 3380 oculum
1467 3341 1565 3381 non
1587 3328 1868 3382 considerat

287 3422 476 3492 (Psal.
520 3437 668 3486 xcut,
703 3419 760 3486 8,
789 3419 902 3490 9)?
929 3418 985 3473 Si
1030 3432 1156 3487 ergo
1190 3417 1344 3470 finxit
1373 3418 1582 3472 oculum
1610 3418 1864 3486 Verbum,

282 3517 405 3585 quia
432 3514 614 3569 omnia
639 3528 733 3583 per
759 3511 990 3566 Verbum
1015 3527 1031 3576 ;
1063 3511 1104 3564 si
1126 3510 1380 3579 plantavit
1403 3521 1585 3565 aurem
1612 3510 1863 3580 Verbum,

290 3609 405 3678 quia
442 3607 621 3662 omnia
667 3620 763 3676 per
786 3601 1019 3658 Verbum
1051 3621 1063 3657 :
1095 3617 1200 3657 non
1227 3616 1506 3671 possumus
1527 3603 1724 3669 dicere,
1751 3603 1865 3658 Non

281 3699 430 3752 audit
471 3695 738 3760 Verbum,
769 3709 874 3748 non
903 3693 1045 3749 videt
1086 3687 1352 3758 Verbum;
1393 3705 1460 3748 ne
1487 3694 1729 3764 objurget
1769 3709 1868 3750 nos

287 3788 557 3853 Psalmus,
587 3795 640 3841 et
664 3786 838 3850 dicat,
874 3783 1051 3848 Stulti,
1094 3783 1368 3854 aliquando
1409 3783 1588 3854 sapite.
1616 3784 1792 3853 Itaque
1821 3783 1868 3838 si

283 3878 435 3931 audit
459 3874 696 3931 Verbum
730 3883 783 3930 et
807 3873 951 3928 videt
989 3873 1237 3937 Verbum,
1269 3863 1416 3928 audit
1448 3873 1609 3928 Filius
1634 3882 1691 3929 et
1727 3874 1869 3928 videt

285 3967 455 4022 Filius
484 3984 498 4018 :
528 3964 784 4036 numquid
813 3975 989 4022 tamen
1015 3970 1071 4018 et
1097 3965 1148 4018 in
1179 3965 1295 4034 ipso
1317 3963 1540 4018 diversis
1567 3965 1696 4019 locis
1719 3979 1865 4034 qua:-

281 4061 438 4116 situri
469 4074 654 4118 sumus
682 4061 864 4114 oculos
897 4068 950 4113 et
977 4055 1172 4112 aures?
1193 4057 1417 4112 Alhmde
1449 4057 1616 4122 audit,
1657 4056 1867 4112 aliunde

280 4154 464 4219 videt;
494 4161 550 4207 et
577 4150 720 4206 auris
741 4149 855 4220 ejus
882 4164 987 4205 non
1014 4156 1188 4219 potest
1214 4147 1356 4218 quod
1375 4149 1578 4214 oculus,
1602 4158 1656 4203 et
1683 4149 1867 4202 oculus

280 4260 387 4299 non
419 4251 598 4313 potest
621 4241 764 4312 quod
788 4248 964 4311 potest
992 4237 1178 4295 auris?
1202 4240 1281 4293 An
1315 4246 1457 4293 totus
1479 4239 1566 4294 ille
1596 4240 1742 4294 visus
1762 4246 1863 4306 est,

282 4347 335 4392 et
361 4343 510 4390 totus
534 4332 784 4390 auditus?
819 4332 981 4388 Forte
1007 4329 1078 4386 ita
1103 4347 1116 4385 :
1144 4330 1252 4386 imo
1280 4345 1387 4386 non
1416 4331 1583 4397 forte,
1625 4327 1720 4386 sed
1742 4344 1867 4386 vere

281 4431 383 4497 ita;
413 4428 547 4484 dum
575 4437 753 4483 tamen
780 4429 835 4482 et
875 4427 1046 4495 ipsum
1092 4429 1206 4495 ejus
1230 4419 1430 4488 videre,
1462 4432 1516 4479 et
1551 4424 1723 4494 ipsum
1751 4424 1866 4493 ejus

279 4520 490 4586 audire,
513 4519 672 4590 longe
691 4518 796 4572 alio
821 4516 979 4572 modo
1010 4531 1165 4586 quam
1195 4523 1434 4570 nostrum
1459 4515 1538 4570 sit.
1585 4515 1654 4570 Et
1686 4515 1866 4571 videre

279 4621 334 4668 et
356 4610 550 4666 audire
578 4608 736 4664 simul
762 4610 815 4664 in
842 4605 1017 4663 Verbo
1041 4615 1140 4672 est,
1173 4619 1271 4661 nec
1290 4603 1432 4660 aliud
1461 4613 1543 4662 est
1566 4607 1638 4662 ibi
1658 4607 1862 4674 audire,

281 4713 342 4759 et
359 4702 506 4758 aliud
532 4697 748 4766 videre;
779 4698 872 4754 sed
894 4697 1103 4752 auditus
1123 4698 1286 4763 visus,
1311 4705 1364 4752 et
1389 4696 1533 4752 visus
1559 4696 1789 4751 auditus.

351 4794 444 4849 10.
473 4792 544 4848 Εῑ
570 4807 667 4846 nos
696 4792 786 4862 qui
824 4789 978 4845 aliter
1007 4788 1266 4855 audimus,
1299 4789 1450 4844 aliter
1472 4788 1732 4854 videmus,
1764 4789 1865 4844 hoc

280 4882 425 4939 unde
452 4882 738 4936 novimus?
768 4862 1020 4936 Redimus
1057 4877 1189 4934 fbrte
1217 4879 1282 4933 ad
1319 4889 1437 4945 nos,
1477 4878 1520 4932 si
1551 4891 1657 4933 non
1680 4891 1865 4934 sumus

280 4974 745 5047 pmmﬁcatores,
772 4971 962 5042 quibus
986 4969 1182 5024 dictum
1212 4977 1313 5036 est,
1338 4968 1535 5036 Redite,
1565 4969 1866 5040 prevarica-

278 5077 432 5124 tores.
464 5065 535 5118 ad
558 5081 645 5119 cor
671 5061 841 5134 (Isai.
871 5075 1012 5127 XLVI,
1043 5059 1130 5132 8).
1159 5059 1346 5116 Redite
1370 5060 1435 5116 ad
1472 5072 1565 5114 cor
1590 5078 1604 5115 :
1633 5060 1758 5129 quid
1779 5058 1865 5115 itis

280 5173 312 5212 ι
333 5156 510 5241 vobis,
545 5164 600 5210 et
619 5154 803 5224 peritis
828 5167 894 5206 ex
920 5150 1106 5207 vobis?
1124 5152 1249 5221 quid
1276 5153 1364 5206 itis
1387 5151 1688 5207 solitudinis
1713 5151 1863 5207 vias?

281 5238 489 5302 Erratis
532 5243 803 5316 vagando;
850 5238 1037 5298 redite.
1084 5242 1238 5310 Quo?
1289 5242 1370 5296 Ad
1409 5243 1708 5298 Dominum.
1747 5243 1864 5300 Cito

281 5346 365 5393 est
391 5339 449 5399 ’,ε
479 5337 654 5410 primo
677 5334 794 5390 redi
824 5334 889 5388 ad
915 5349 1010 5389 cor
1033 5343 1200 5399 tuum,
1231 5333 1378 5388 exsul
1417 5348 1448 5387 a
1473 5341 1527 5388 te
1546 5334 1754 5403 vagaris
1779 5334 1862 5388 fo-

282 5428 388 5492 ris;
417 5427 650 5498 teipsum
680 5439 786 5479 non
834 5425 991 5492 nosti,
1036 5433 1090 5479 et
1117 5423 1310 5493 quaeris
1339 5439 1367 5476 a
1411 5437 1516 5493 quo
1541 5423 1710 5478 factus
1753 5437 1812 5479 es
1844 5426 1858 5480 ι

283 5519 450 5586 Redi,
483 5518 599 5574 redi
626 5516 694 5572 ad
740 5531 854 5584 cor,
885 5516 1013 5570 tolle
1054 5526 1103 5570 te
1140 5531 1170 5569 a
1197 5529 1461 5585 corpore:
1492 5529 1687 5586 corpus
1716 5524 1861 5573 tuum

284 5615 533 5671 habitatio
561 5622 652 5666 tua
697 5620 814 5675 est;
847 5624 940 5663 cor
972 5617 1118 5662 tuum
1163 5609 1321 5663 sentit
1347 5607 1506 5664 etiam
1551 5624 1645 5678 per
1671 5623 1864 5678 corpus

284 5746 600 5860 ὥηω
612 5743 872 5798 Deum
885 5741 1008 5804 cito;
1031 5743 1226 5804 omisso,
1241 5746 1328 5807 est,
1344 5742 1472 5808 quod
1487 5744 1654 5796 caeteri
1675 5742 1864 5796 codices

1393 372 1806 432 TRACTA'HJS
1841 368 2026 428 XVIII.
2065 369 2290 432 CAPUT
2329 374 2397 429 V.

165 491 176 498 ’
270 507 483 555 nostra.
515 495 671 551 Certe
698 493 839 549 unde
873 503 1060 547 omnes
1091 488 1446 554 acclametis,
1479 489 1578 543 nisi
1620 487 1742 558 quia
1767 497 1850 541 cor

3395 385 3534 448 i542

1972 493 2118 540 tuum
2154 504 2168 540 :
2197 487 2292 543 sed
2315 502 2510 559 corpus
2533 496 2680 546 tuum
2712 506 2820 566 npn
2851 493 2996 565 quod
3019 510 3110 554 cor
3135 504 3317 566 tuum;
3344 503 3554 565 dimitte

1970 586 2031 634 et
2047 593 2244 650 corpus
2269 588 2438 649 tuum,
2462 582 2577 639 redi
2602 583 2670 640 ad
2700 599 2792 640 cor
2820 594 2989 644 tuum.
3015 587 3077 645 In
3097 604 3321 663 corpore
3350 603 3440 651 tuo
3463 599 3547 654 in-

1971 670 2223 728 veniebas
2260 671 2385 728 alibi
2409 674 2614 741 oculos,
2640 676 2767 732 alibi
2788 693 2982 736 aures:
3010 681 3070 736 in
3091 683 3255 740 corde
3283 694 3372 742 tuo
3397 704 3551 745 num-

1969 761 2096 831 quid
2124 761 2226 819 hoc
2256 762 2505 820 iuvenis?
2530 767 2612 820 An
2636 767 2694 822 in
2727 767 2889 824 corde
2917 779 3010 827 tuo
3031 787 3138 828 non
3168 773 3332 833 habes
3354 780 3550 838 aures?

1970 851 2254 923 Dequihus
2279 871 2408 925 ergo
2435 856 2690 914 Dominus
2713 859 2942 929 dicebat,
2986 863 3086 930 Qui
3110 865 3256 922 habet
3280 885 3429 926 aures
3453 888 3548 928 au-

1969 944 2160 1013 diendi,
2188 947 2364 1000 audiat
2401 947 2562 1017 (Luc.
2595 964 2713 1018 vui,
2741 949 2851 1025 8)?
2874 953 2956 1008 An
2983 953 3044 1009 in
3065 956 3226 1014 corde
3251 975 3358 1015 non
3384 960 3550 1019 habes

1968 1037 2191 1092 oculos?
2221 1037 2372 1094 Unde
2398 1038 2528 1094 dicit
2547 1042 2853 1109 Apostolus,
2880 1042 3204 1104 "inminutas
3225 1051 3396 1108 oculos
3431 1069 3546 1108 cor-

1917 1129 1926 1137 '
1968 1127 2048 1182 dis
2071 1127 2229 1182 vestri
2259 1127 2492 1199 (Euius.
2517 1145 2558 1196 ι,
2589 1131 2710 1202 18).
2741 1133 2872 1190 Redi
2899 1135 2963 1190 ad
3000 1152 3127 1203 cor;
3160 1139 3280 1195 vide
3307 1141 3383 1198 ibi
3421 1144 3548 1214 quid

1968 1220 2166 1273 sentias
2194 1219 2331 1274 forte
2369 1220 2438 1275 de
2465 1222 2592 1288 Deo,
2623 1223 2751 1292 quia
2768 1225 2841 1280 ibi
2868 1233 2946 1281 est
2972 1226 3145 1299 imago
3182 1231 3294 1286 Dei.
3321 1233 3388 1288 In
3407 1233 3548 1292 inte-

1967 1310 2112 1364 riore
2135 1309 2351 1367 homine
2378 1311 2579 1367 habitat
2604 1312 2846 1370 Christus
2875 1315 2995 1388 (Id.
3018 1333 3096 1386 ut,
3120 1320 3208 1389 16,
3236 1320 3358 1395 17),
3386 1325 3440 1380 in
3464 1325 3548 1382 in-

1969 1402 2163 1457 teriore
2183 1402 2399 1460 homine
2415 1407 2688 1461 renovaris
2709 1405 2777 1461 ad
2799 1406 3087 1479 imaginem
3107 1411 3220 1478 Dei,
3244 1413 3297 1467 in
3319 1414 3546 1488 imagine

1967 1508 2064 1548 sua
2107 1511 2376 1567 cognosce
2423 1507 2696 1556 auctorem
2738 1499 2880 1570 ejus.
2923 1501 3061 1557 Vide
3096 1507 3546 1574 quemadmodum

1969 1604 2160 1644 nunties
2175 1592 2420 1659 corporis
2456 1606 2648 1647 sensus
2664 1591 2816 1648 cordi
2839 1593 2978 1650 intro
3003 1596 3242 1651 nuntient
3268 1599 3393 1668 quid
3418 1616 3542 1656 sen-

1967 1679 2140 1734 serint
2156 1681 2288 1735 toris
2314 1699 2326 1734 :
2352 1683 2476 1738 vide
2499 1698 2662 1753 quam
2684 1685 2884 1740 multos
2899 1686 3168 1743 ministros
3193 1688 3385 1746 habeat
3411 1707 3545 1748 unus

1968 1771 2191 1827 interior
2215 1774 2522 1843 imperator,
2549 1784 2603 1831 et
2625 1777 2752 1847 quid
2774 1777 2913 1848 apud
2938 1792 2996 1834 se
3019 1779 3176 1836 etiam
3196 1781 3312 1836 sine
3333 1782 3419 1838 his
3442 1785 3544 1840 mi-

1968 1863 2148 1918 nistris
2175 1873 2316 1935 agat.
2339 1866 2666 1924 Rettuatiant
2685 1869 2823 1924 oculi
2852 1870 3000 1925 cordi
3022 1870 3142 1927 alba
3168 1882 3224 1928 et.-
3245 1873 3392 1944 nigra
3417 1891 3432 1940 ;
3456 1891 3545 1930 ro-

1968 1957 2210 2010 nuntiant
2227 1970 2386 2012 aures
2414 1958 2588 2013 eidem
2613 1959 2760 2014 cordi
2783 1975 2986 2016 canora-
3001 1961 3326 2030 etd'sssona;
3348 1980 3573 2035 renum.

1969 2046 2102 2100 tiant
2125 2062 2282 2102 nares
2317 2048 2490 2104 eidem
2531 2049 2677 2105 cordi
2705 2051 2868 2106 odora
2894 2060 2954 2107 et
2972 2054 3244 2122 putentia;
3277 2056 3550 2112 renuntiat

1967 2147 2154 2207 gustus
2179 2139 2354 2194 eidem
2383 2141 2530 2196 audi
2561 2155 2740 2198 amara
2767 2153 2822 2198 et
2848 2143 3022 2200 dulcia
3043 2160 3058 2212 ;
3082 2147 3357 2204 renuntiat
3379 2147 3573 2205 lacum.

1969 2229 2140 2284 eidem
2168 2231 2319 2284 cordi
2349 2232 2487 2286 leuia
2521 2241 2578 2287 et
2599 2245 2785 2304 aspera
2817 2252 2832 2288 :
2863 2238 3138 2291 renuntiat
3165 2243 3224 2292 et
3245 2237 3345 2292 sibi
3373 2238 3550 2309 ipsum

1969 2334 2062 2375 cor
2095 2321 2239 2390 justa
2283 2331 2336 2377 et
2365 2323 2579 2392 iniusta.
2611 2324 2716 2380 Cor
2755 2335 2899 2380 tuum
2930 2335 2983 2396 et
3021 2327 3162 2382 videt
3204 2330 3454 2398 et-audit,
3493 2343 3549 2388 et

1969 2421 2162 2467 cartera
2188 2413 2462 2497 sensibilis
2504 2414 2785 2483 dijudicat;
2816 2424 2874 2472 et
2907 2431 3017 2486 quo
3038 2431 3146 2471 non
3168 2419 3402 2488 aspirant
3430 2435 3548 2476 cor-

1969 2504 2112 2572 poris
2137 2519 2345 2571 sensus,
2370 2506 2512 2574 iusta
2539 2513 2597 2562 et
2616 2507 2830 2577 iniusta,
2857 2507 2995 2564 mala
3022 2516 3075 2562 et
3103 2509 3240 2564 bona
3275 2509 3546 2566 discernit.

1968 2593 2202 2651 Ostende
2226 2598 2354 2652 mihi
2381 2599 2586 2665 oculos,
2614 2614 2792 2665 aures,
2827 2613 2986 2655 nares
3010 2600 3186 2656 cordis
3209 2603 3305 2656 tui.
3334 2604 3548 2661 Diversa

1970 2693 2098 2740 sunt
2113 2702 2236 2756 quae
2257 2687 2323 2741 ad
2343 2699 2444 2757 eor
2469 2698 2616 2744 tuum
2645 2689 2970 2755 referuntur,
2992 2700 3047 2746 et
3063 2691 3272 2747 diversa
3292 2694 3362 2748 ibi
3383 2711 3551 2751 ment-

1968 2776 2064 2832 lin
2093 2793 2200 2832 non
2219 2779 2581 2834 inveniuntur.
2600 2779 2665 2834 ln-
2685 2795 2850 2835 carne
2867 2789 2953 2835 tua
2978 2782 3102 2836 alibi
3125 2783 3294 2850 audis,
3318 2784 3445 2840 alibi
3472 2787 3549 2841 vi-

1964 2867 2065 2922 des
2103 2885 2118 2922 :
2149 2870 2205 2922 in
2227 2870 2397 2924 corde
2412 2879 2504 2924 tuo
2533 2871 2605 2925 ibi
2642 2871 2812 2936 audis,
2843 2871 2934 2926 ubi
2955 2871 3122 2926 vides.
3149 2871 3208 2927 Si
3230 2873 3332 2929 hoc
3348 2874 3544 2946 imago,

1965 2967 2170 3028 quanto
2208 2961 2479 3029 potentius
2506 2960 2597 3015 ille
2623 2960 2772 3030 cuius
2799 2961 3005 3031 imago?
3043 2963 3182 3032 Ergo
3206 2972 3264 3018 et
3282 2963 3427 3020 audit
3453 2965 3544 3020 Fi-

1969 3050 2096 3118 lias,
2122 3058 2182 3106 et:
2201 3052 2346 3106 videt
2372 3051 2558 3118 Filius,
2583 3061 2636 3107 et
2665 3055 2776 3121 ipsa
2802 3054 2936 3108 visio
2959 3063 3013 3108 et
3040 3054 3240 3109 auditio
3269 3055 3469 3112 Filius:
3493 3068 3548 3114 et

1967 3140 2074 3195 hoc
2092 3149 2178 3196 est:
2197 3141 2276 3195 illi
2295 3141 2480 3197 audire
2495 3143 2638 3212 quod
2659 3157 2794 3208 esse,
2819 3152 2873 3198 et
2898 3143 3000 3198 hoc
3017 3152 3099 3198 est
3114 3144 3188 3200 illi
3208 3145 3388 3201 videre
3407 3148 3546 3217 quod

1967 3243 2112 3289 esse.
2127 3233 2366 3288 Tibicen
2384 3232 2484 3288 hoe
2501 3243 2584 3288 est
2603 3234 2782 3288 videre
2805 3233 2947 3304 quod
2966 3249 3085 3289 esse
3109 3251 3120 3286 :
3149 3236 3268 3305 quia
3289 3245 3342 3290 ct
3361 3238 3403 3290 si
3425 3254 3546 3306 per-

1970 3327 2066 3380 das
2081 3328 2273 3393 visum,
2292 3334 2443 3394 potes
2458 3339 2605 3391 esse;
2623 3334 2680 3379 et
2695 3325 2738 3378 si
2756 3324 2944 3394 perdas
2963 3325 3217 3390 auditum,
3240 3332 3390 3394 potes
3405 3341 3544 3382 esse.

2041 3421 2130 3474 11.
2170 3419 2492 3475 Putamusne
2536 3419 2897 3488 pulsavimus?
2937 3419 3182 3474 Erectum
3228 3427 3310 3474 est
3345 3420 3546 3490 aliquid

1969 3511 2025 3566 in
2068 3513 2219 3567 nobis
2265 3528 2370 3582 quo
2409 3512 2490 3566 vel
2536 3511 2762 3565 tenuiter
2807 3511 3139 3582 suspicemur
3187 3511 3325 3567 unde
3368 3512 3545 3568 lumen

1967 3602 2145 3656 veniat
2200 3599 2391 3654 nobis?
2438 3597 2608 3666 Puto,
2656 3597 2884 3667 fratres,
2941 3601 3062 3670 quia
3111 3615 3232 3655 cum
3280 3599 3547 3671 loquimur

1971 3691 2089 3756 ista,
2121 3697 2173 3745 et
2197 3705 2317 3745 cum
2334 3688 2666 3753 meditamur,
2691 3702 3000 3742 exercemus
3021 3700 3136 3743 nos.
3164 3687 3366 3744 Etcum
3392 3704 3546 3745 exer-

1970 3794 2152 3835 cemus
2180 3793 2277 3834 nos
2305 3777 2357 3833 in
2397 3778 2547 3847 ipsis,
2579 3787 2632 3831 et
2668 3792 2850 3832 rursus
2889 3778 3036 3848 quasi
3063 3777 3382 3833 reflectimur
3409 3795 3544 3849 pon-

1970 3869 2097 3925 dere
2117 3877 2299 3922 nostro
2325 3868 2392 3922 ad
2417 3868 2516 3922 ista
2539 3877 2814 3934 consueta,
2846 3868 2978 3922 tales
3019 3881 3202 3922 sumus
3231 3869 3412 3939 quales
3437 3869 3542 3940 lip-

1971 3962 2209 4031 pientes,
2254 3973 2372 4014 cum
2419 3960 2780 4030 producuntur
2825 3959 2894 4014 ad
2937 3958 3218 4014 videndum
3256 3960 3465 4026 lumen,
3497 3963 3555 4024 si,
3625 4007 3634 4015 .

1971 4053 2107 4108 forte
2137 4062 2290 4107 antea
2315 4052 2486 4106 visum
2515 4052 2732 4105 omnino
2759 4066 2866 4105 non
2891 4049 3174 4118 habebant,
3213 4058 3268 4105 et
3291 4050 3546 4121 incipiunt

1971 4148 2213 4203 cumidem
2236 4145 2406 4199 visum
2434 4155 2529 4213 per
2551 4143 2880 4214 diligentias»
2903 4141 3226 4198 medicorum
3255 4152 3542 4213 utcumque

1969 4250 2235 4307 reparare.
2268 4235 2332 4288 Et
2362 4249 2481 4290 cum
2511 4233 2737 4304 probare
2758 4233 2871 4287 vult
2897 4232 3134 4288 medicus
3173 4242 3428 4302 quantum
3447 4223 3542 4290 sa-

1970 4325 2094 4381 l'utis
2118 4327 2195 4382 eis
2232 4324 2535 4400 accesserit,
2563 4330 2736 4378 tentant
2759 4324 2844 4378 eis
2880 4321 3168 4378 ostendere
3188 4322 3328 4393 quod
3361 4323 3547 4380 videre

1968 4418 2359 4482 desiderabant,
2403 4423 2458 4470 et
2498 4429 2602 4469 non
2645 4421 2894 4484 poterant
2932 4427 3056 4468 cum
3081 4413 3209 4468 casei
3248 4422 3548 4469 essentzet

1968 4507 2224 4565 redeunte
2247 4509 2356 4577 jam
2385 4514 2670 4575 utcumque
2694 4504 2812 4558 acie
2843 4503 3136 4570 uariorum,
3183 4503 3549 4572 producuntur

1969 4600 2035 4657 ad
2063 4604 2274 4666 lucem;
2305 4608 2359 4655 et
2383 4597 2778 4660 cumividerint',
2821 4595 3022 4664 fulgore
3052 4595 3164 4664 ipso
3191 4596 3542 4651 reverberan-

1968 4703 2056 4750 tur
2070 4692 2477 4765 quodammodo,
2499 4699 2553 4746 et
2571 4686 2894 4758 respondent
2909 4686 3117 4742 medico
3133 4686 3541 4753 demonstranti,

1968 4785 2085 4842 Jam
2105 4786 2211 4854 jam
2231 4780 2360 4849 vidi,
2384 4780 2477 4837 sed
2501 4780 2687 4834 videre
2705 4793 2811 4832 non
2841 4789 3074 4847 possum.
3107 4776 3245 4843 Quid
3271 4791 3398 4848 ergo
3419 4776 3544 4830 facit

1971 4876 2246 4933 medicus?
2272 4873 2506 4930 Revocat
2527 4873 2593 4928 ad
2619 4867 2793 4936 sorite,
2823 4879 2883 4926 et
2904 4869 3050 4924 addit
3074 4870 3368 4940 collyrium.
3397 4875 3454 4924 ut
3477 4866 3545 4921 ad

1970 4967 2101 5024 illud
2127 4965 2267 5038 quod
2292 4959 2460 5021 visum
2483 4969 2583 5030 est,
2604 4973 2659 5019 et
2683 4962 2847 5017 videri
2873 4973 2988 5017 non
3005 4961 3199 5030 potuit,
3223 4958 3543 5015 desiderium

1970 5058 2190 5121 nutriat,
2237 5065 2291 5112 et
2317 5069 2383 5112 ex
2422 5055 2538 5126 ipso
2580 5052 2846 5108 desiderio
2891 5060 3104 5106 curetur
3149 5049 3385 5118 plenius;
3419 5048 3543 5102 etsi

1971 5164 2072 5221 qua
2096 5147 2364 5204 mordacia
2385 5144 2698 5216 reparanda
2734 5142 2948 5197 sanitati
2969 5139 3308 5206 adhibentur,
3337 5136 3545 5196 fortiter

1969 5240 2124 5307 ferat,
2147 5249 2205 5294 ut
2227 5251 2408 5293 amore
2423 5233 2562 5292 illius
2579 5234 2711 5290 lucis
2727 5243 2984 5288 accensus
2997 5230 3141 5286 dicat
3151 5228 3266 5284 sibi
3283 5245 3298 5282 :
3322 5227 3545 5294 Quando

1970 5334 2070 5388 erit
2101 5341 2156 5386 ut
2191 5330 2315 5385 illud
2346 5329 2512 5383 ﬁrmis
2537 5327 2707 5383 oculis
2743 5325 2974 5389 videam,
3013 5321 3151 5392 quod
3179 5321 3372 5377 sauciis
3397 5321 3546 5377 inﬁr-

1968 5423 2174 5492 misque
2203 5435 2308 5475 non
2333 5419 2511 5489 potui?
2545 5416 2712 5486 Urget
2729 5414 3014 5478 medicum,
3035 5420 3090 5467 et
3113 5417 3268 5480 rogat
3291 5421 3350 5465 ut
3371 5419 3542 5466 curet.

1969 5515 2131 5584 Ergo,
2153 5513 2362 5578 fratres,
2384 5511 2430 5566 si
2455 5511 2592 5565 forte
2616 5510 2722 5564 tale
2741 5505 2940 5577 aliquid
2961 5504 3158 5559 factum
3176 5513 3263 5560 est
3289 5505 3340 5559 iu
3365 5504 3545 5560 cordi-

1968 5607 2072 5662 bus
2109 5605 2318 5668 vestris,
2367 5605 2410 5658 si
2452 5613 2735 5670 utcumqne
2775 5598 3022 5655 erexistis
3066 5611 3167 5652 cor
3201 5609 3436 5652 vestrum
3477 5596 3546 5652 ad

1971 5697 2256 5755 videndum
2287 5695 2538 5761 Verbum,
2580 5699 2634 5749 et
2674 5691 2838 5761 ipsius
2868 5689 2986 5744 luce
3012 5689 3334 5746 reverberati
3361 5687 3426 5742 ad
3454 5701 3546 5742 so-

1973 5795 2068 5854 lita
2104 5789 2410 5856 restitistis;
2450 5793 2633 5858 rogate
2658 5781 2919 5840 medicum
2954 5791 3014 5868 ut
3049 5781 3298 5838 adhibeat
3324 5775 3547 5853 collyria
