4082 6476
492 403 631 462 1543

492 512 784 578 mordacia,
829 508 1093 579 praecepta
1134 497 1370 570 justitize.
1418 492 1514 546 Est
1555 486 1695 556 quod
1739 483 1940 544 videas,
1971 475 2067 531 sed

493 625 598 666 non
624 614 710 660 est
751 599 893 656 unde
921 595 1120 650 videas.
1165 588 1280 643 Non
1309 581 1437 639 mihi
1465 587 1620 633 antea
1645 573 1902 630 credebas
1947 566 2070 637 quia

494 711 575 758 est
602 695 743 770 quod
781 692 963 748 videas
1002 687 1173 743 :duce
1200 679 1425 751 quadam
1466 673 1670 728 ratione
1692 667 1948 722 adductus
1975 676 2067 718 es:

496 751 896 862 pi'oplinquasti,
947 771 1254 834 intendisti,
1305 763 1604 837 palpitasti,
1651 755 1906 828 refugisti.
1957 751 2074 807 Scis

499 842 548 862 τ-
574 842 614 858 κ.
707 842 722 856 .
884 842 891 846 .

497 891 646 939 certe
669 892 787 933 esse
827 871 967 944 quod
991 868 1192 927 videas,
1231 861 1325 916 sed
1353 859 1600 912 idoneum
1626 867 1735 907 non
1761 859 1813 904 te
1837 860 1956 902 esse
1984 842 2073 914 qui

724 933 866 1035 Ergo
891 973 1099 1018 curare.
1121 955 1251 1022 Quae
1273 957 1397 1006 sunt
1412 943 1676 1016 collyria?
1705 939 1828 1016 Noli.
1843 933 2071 998 mentiri,

508 1013 695 1028 "ac..."
728 1013 859 1035 ...,,.-
898 1013 973 1018 μί
1133 1013 1165 1022 η
1521 1013 1534 1016 _

500 1061 608 1116 noli
639 1057 927 1128 periurare,
956 1047 1064 1102 noli
1091 1044 1410 1104 adulterare,
1441 1036 1553 1092 noli
1582 1031 1766 1093 furari,
1797 1013 1903 1082 noli
1933 1025 2076 1079 frau-

508 1154 657 1210 dare.
688 1148 792 1204 Sed
809 1139 1097 1203 consuesti,
1123 1145 1176 1191 et
1201 1149 1321 1189 cum
1344 1131 1517 1200 aliquo
1541 1125 1724 1180 dolore
1746 1124 2079 1176 aconsuetu-

503 1245 627 1300 dine
652 1235 919 1295 revocaris
942 1249 954 1284 :
977 1230 1077 1283 hoc
1106 1233 1188 1282 est
1212 1222 1352 1294 quod
1372 1218 1599 1281 mordet,
1627 1212 1721 1269 sed
1747 1217 1918 1264 sanat.
1949 1206 2079 1260 Nam

504 1335 624 1390 dico
654 1329 750 1385 tibi
789 1322 1026 1384 liberius,
1060 1335 1125 1374 ex
1152 1317 1341 1371 timore
1379 1320 1432 1365 et
1458 1321 1578 1362 meo
1606 1314 1658 1360 et
1685 1313 1775 1357 tuo
1802 1319 1815 1354 :
1840 1300 1884 1353 si
1910 1295 2084 1351 curari

505 1419 791 1482 destiteris,
818 1424 871 1470 et
890 1426 1010 1468 esse
1025 1409 1246 1464 idoneus
1268 1403 1331 1457 ad
1350 1396 1720 1472 perfruendum
1734 1393 1834 1446 hac
1849 1390 1966 1443 luce
1987 1401 2083 1440 ne-

503 1503 1057 1586 glexeris,vaietudine
1067 1498 1341 1553 oculorum
1356 1503 1588 1553 tuorum;
1604 1485 1849 1540 tenebras
1861 1479 2084 1543 amabis;

508 1615 558 1661 et
573 1600 800 1657 amando
817 1595 1081 1655 tenebras,
1096 1591 1148 1644 in
1167 1585 1396 1642 tenebris
1408 1579 1728 1640 remanebis;
1747 1584 2088 1630 etremanen~

511 1695 580 1749 do
597 1693 648 1746 in
665 1688 919 1751 tenebris,
938 1684 1096 1738 etiam
1115 1680 1164 1733 in
1185 1674 1436 1731 tenebras
1449 1668 1740 1725 exteriores
1762 1662 2051 1734 projicieris
2071 1676 2086 1712 :

511 1784 582 1839 ibi
605 1782 707 1836 erit
735 1780 886 1832 ﬂetus
907 1749 982 1829 -ει
1007 1770 1201 1826 stridor
1220 1765 1458 1821 dentium
1482 1758 1693 1833 (Matth.
1723 1772 1852 1820 xm,
1885 1754 1992 1822 15).
2033 1749 2091 1805 Si

515 1872 645 1927 nihil
685 1870 737 1923 in
768 1876 819 1921 te
846 1863 1069 1918 faciebat
1113 1873 1262 1912 amor
1289 1853 1423 1908 lucis
1446 1893 1461 1917 ,
1501 1849 1657 1903 faciat
1685 1847 1842 1900 timor
1870 1841 2088 1897 doloris.

503 2003 515 2015 .
587 1963 676 2018 12.
699 1957 1034 2016 Sufficienter
1064 1966 1149 2005 me
1186 1949 1418 2002 locutum
1451 1942 1697 2002 arbitror,
1731 1946 1784 1991 et
1812 1933 2094 1988 lectionem

516 2065 692 2112 tamen
723 2046 1079 2117 evangelicam
1111 2055 1217 2095 non
1245 2036 1387 2090 finivi
1413 2051 1426 2087 :
1455 2034 1498 2088 si
1530 2032 1702 2085 dicam
1725 2027 1925 2095 reliqua
1953 2037 2094 2077 one-

516 2147 646 2203 rabo
676 2158 789 2205 vos,
820 2148 872 2194 et
900 2139 1061 2191 timeo
1087 2147 1154 2187 ne
1180 2131 1339 2184 etiam
1362 2124 1502 2196 quod
1534 2123 1778 2175 haustum
1808 2124 1889 2171 est
1916 2113 2092 2169 effun-

517 2239 712 2300 datur;
739 2230 1002 2288 sufficiant
1022 2241 1149 2295 ergo
1171 2225 1270 2276 ista
1291 2216 1548 2274 Charitati
1587 2222 1799 2268 vestrm.
1823 2207 2098 2263 Debitores

529 2343 714 2387 sumus
735 2368 749 2392 ,
797 2339 904 2378 non
945 2335 1085 2375 nunc
1109 2361 1124 2385 ,
1179 2315 1270 2370 sed
1315 2325 1527 2380 semper
1555 2304 1804 2377 quamdiu
1833 2301 2098 2366 vivimus;

519 2424 641 2495 quia
670 2427 884 2491 propter
908 2430 1002 2468 vos
1018 2411 1260 2464 vivimus.
1283 2406 1658 2459 Verumtamen
1674 2399 1834 2451 vitam
1857 2401 2096 2447 nostram

524 2519 678 2572 istam
723 2511 1022 2569 infirmam,
1071 2502 1414 2559 laboriosam,
1473 2492 1852 2564 periculosam,
1907 2485 1960 2539 in
2003 2483 2104 2536 hoc

524 2605 724 2663 mundo
748 2595 1096 2658 conslilamini
1129 2593 1262 2648 bene
1292 2585 1517 2642 vivendo
1536 2627 1550 2648 ,
1571 2583 1733 2636 nolite
1772 2592 1869 2632 nos
1908 2573 2106 2630 contri-

524 2711 664 2756 stare
677 2706 728 2752 et
742 2705 971 2750 atterere
988 2689 1140 2743 malis
1159 2683 1394 2738 moribus
1409 2677 1618 2733 vestris.
1637 2674 1768 2728 Cum
1781 2671 1922 2726 enim
1935 2667 2104 2720 offen-

527 2794 704 2848 dimur
724 2788 862 2843 mala
877 2785 980 2838 vita
997 2789 1192 2843 vestra,
1208 2777 1248 2830 si
1269 2773 1586 2842 refugiamus
1599 2785 1626 2818 a
1641 2765 1809 2825 vobis,
1825 2770 1880 2817 et
1891 2773 2107 2830 separe-

526 2899 647 2940 mus
661 2895 756 2936 nos
770 2895 797 2932 a
813 2877 981 2940 vobis,
994 2882 1046 2928 et
1057 2871 1120 2925 ad
1132 2883 1229 2922 vos
1241 2881 1344 2919 non
1356 2861 1686 2922 accedamus;
1701 2869 1877 2910 nonne
1888 2862 2112 2919 conque-

527 2971 740 3036 remini,
771 2977 822 3022 et
838 2937 1055 3021 dicetis:
1080 2959 1205 3015 Etsi
1237 2956 1636 3024 languebamus,
1665 2944 1954 3007 curaretis;
1986 2947 2040 2994 et
2067 2937 2112 2992 si

532 3063 951 3125 infirmabamur,
975 3050 1292 3109 visitaretis?
1333 3049 1465 3101 Ecce
1493 3055 1758 3102 curamus,
1776 3049 1903 3091 ecce
1933 3032 2116 3085 visita-

535 3174 653 3215 mus
670 3155 762 3212 sed
793 3169 896 3208 non
923 3149 1072 3203 nobis
1105 3145 1192 3198 fiat
1210 3137 1474 3212 quomodo
1501 3131 1719 3189 audistis
1742 3129 1810 3182 ab
1839 3122 2113 3199 Appstolo,

534 3250 707 3305 Timeo
734 3263 795 3300 ne
819 3245 926 3298 sine
953 3254 1105 3294 causa
1133 3229 1457 3289 laboraverim
1474 3227 1524 3277 in
1545 3239 1628 3277 vos
1646 3223 1662 3252 ί
1681 3216 1874 3291 (Colat.
1901 3229 1974 3279 tv,
2002 3209 2114 3281 11).

1018 3340 1426 3405 TRACTATUS
1463 3335 1605 3392 XIX.

539 3473 611 3529 Ab
639 3487 695 3524 eo
720 3465 852 3538 quod
872 3463 1114 3532 scriptum
1139 3465 1230 3518 est,
1264 3451 1381 3504 Non
1407 3453 1580 3517 potest
1604 3458 1634 3494 a
1660 3456 1719 3496 se
1750 3437 1918 3493 Filius
1948 3435 2122 3488 facere

616 3561 924 3635 quidquam,
947 3552 1048 3608 nisi
1075 3546 1212 3619 quod
1243 3540 1430 3596 viderit
1451 3539 1658 3590 Patrem
1683 3530 1999 3590 facientem;
2029 3540 2121 3576 us-

1513 3627 1524 3635 '
1613 3634 1617 3635 ν
1871 3634 1879 3635 κ
1901 3633 1909 3635 ~
1937 3633 1968 3635 κ-
2028 3612 2119 3635 --Δ

616 3612 739 3635 “l““
763 3612 776 3630 1
911 3612 923 3620 ι
1093 3612 1109 3619 -

616 3673 710 3724 que
731 3654 798 3708 ad
823 3651 898 3712 id,
928 3646 1048 3716 quia
1097 3654 1201 3694 non
1232 3646 1412 3704 quaero
1441 3627 1767 3682 voluntatem
1803 3633 1998 3676 meam,
2025 3612 2122 3668 sed

1563 3714 1594 3724 "
1835 3711 1853 3724 σε
1939 3707 1998 3724 ιη
2030 3705 2097 3724 ’ΨΑ

615 3705 1085 3806 ibiu‘ntatem-ejus
1113 3729 1202 3799 qui
1232 3723 1376 3780 misit
1419 3736 1522 3773 me.
1555 3714 1680 3785 Cap.
1737 3727 1789 3774 v,
1834 3711 1902 3780 ᾗ.
1937 3705 2119 3762 19-50.

621 3879 667 3928 t.
692 3873 948 3926 Sermone
963 3858 1204 3932 pristino,
1229 3859 1482 3922 quantum
1505 3852 1740 3899 nostrum
1769 3837 1934 3892 ntovit
1958 3833 2118 3888 affec-

551 3978 659 4020 tmn
688 3971 742 4016 et
779 3931 1103 4022 intelligendi
1150 3948 1513 4016 paupertatem
1536 3976 1551 3999 ,
1585 3931 1744 3986 locuti
1788 3942 2003 3989 sumus,
2058 3938 2125 3976 ex

548 4054 832 4111 occasione
889 4043 1175 4096 verborum
1220 4029 1677 4099 evangelicorum,
1727 4020 1816 4074 ubi
1870 4017 2125 4085 scriptum

554 4107 668 4209 est,
705 4141 826 4196 Non
854 4143 1010 4206 potest
1041 4130 1208 4184 Filius
1235 4142 1266 4177 a
1286 4139 1338 4177 se
1370 4125 1533 4192 facere
1557 4114 1852 4183 quidquam,
1874 4109 1971 4162 nisi
1997 4107 2130 4178 quod

550 4235 725 4293 viderit
755 4231 959 4284 Patrem
1002 4222 1284 4292 facientem,
1341 4208 1466 4281 quid
1517 4208 1586 4260 sit
1628 4203 1808 4256 videre
1848 4199 1988 4260 Filii,
2033 4196 2134 4249 hoc

551 4289 664 4390 est,
688 4322 870 4376 videre
894 4289 1087 4378 Verbi,
1117 4308 1240 4378 quia
1286 4302 1450 4357 Filius
1493 4295 1730 4350 Verbum
1763 4298 1856 4346 :et
1882 4289 2002 4358 quia
2038 4300 2133 4354 per

556 4415 786 4471 Verbum
826 4407 961 4462 facta
1010 4375 1331 4456 sunt—omnia
1354 4433 1368 4456 ,
1399 4383 1666 4459 quomodo
1709 4380 1873 4450 possit
1913 4375 2133 4444 intelligi

555 4505 695 4579 quod
721 4502 895 4555 videat
939 4493 1106 4550 Filius
1151 4487 1325 4557 primo
1372 4481 1584 4535 Patrem
1642 4472 1960 4531 facientem,
2012 4472 2137 4518 tunc

556 4559 769 4652 domum
820 4597 875 4644 ct
923 4587 1033 4654 ipse
1077 4580 1236 4634 faciat
1284 4588 1402 4644 quae
1433 4570 1567 4624 facta
1609 4559 1983 4632 conspexerit;
2015 4571 2136 4610 cum

559 4687 715 4742 Pater
752 4679 886 4735 nihil
914 4649 1013 4730 nisi
1043 4687 1138 4743 per
1183 4665 1374 4722 Filium
1415 4658 1611 4716 fecerit.
1671 4653 1855 4736 Omnia
1880 4649 2022 4705 enim
2053 4663 2141 4718 per

558 4780 728 4848 ipsum
749 4772 881 4842 facta
909 4725 1118 4828 suntfet
1147 4759 1254 4812 sine
1299 4755 1410 4823 ipso
1454 4754 1644 4822 factum
1697 4751 1768 4797 est
1802 4725 1968 4794 'nihit.
2025 4736 2140 4810 Non

561 4829 758 4922 t'amen'
817 4856 1136 4928 explicatum
1186 4843 1383 4915 aliquid
1435 4840 1701 4898 diximus;
1759 4831 1848 4886 sed
1879 4829 2002 4899 quia
2045 4840 2144 4881 nec

563 4916 902 5025 explicatum
953 4939 1150 5012 aliquid
1203 4931 1577 4991 intelleximus.
1649 4919 1944 4992 Aliquando
1990 4916 2146 4986 quip-

565 5008 652 5122 νε.
690 5058 866 5101 sermo
923 5008 1141 5100 deficit,
1193 5029 1282 5085 ubi
1337 5026 1494 5080 etiam
1555 5018 1854 5074 intellectus
1905 5008 2145 5081 proficit;

569 5101 629 5122 τ-

569 5148 768 5214 quanto
793 5133 962 5204 magis
990 5140 1167 5184 sermo
1209 5121 1406 5192 patitur
1430 5113 1802 5172 defectionem,
1829 5101 2039 5175 quando
2069 5101 2150 5151 in-

572 5197 818 5288 t'eilectus
838 5197 944 5280 non
973 5221 1133 5274 habet
1153 5203 1565 5285 perfectionem?
1593 5201 1743 5256 Nunc
1770 5197 1965 5264 itaque,
1985 5205 2152 5261 quan-

572 5337 686 5380 tum
715 5321 968 5376 Dominus
986 5313 1168 5373 donat,
1197 5303 1427 5361 breviter
1455 5305 1822 5367 percurramus
1843 5284 2149 5341 lectionem,

576 5427 630 5471 et
654 5370 935 5468 vei'liodie
989 5370 1298 5471 expleamus
1339 5391 1575 5446 debitum
1629 5394 1870 5453 pensum.
1925 5375 1979 5429 Si
2030 5370 2155 5442 quid

579 5505 714 5559 forte
737 5494 1053 5554 remanserit
1079 5490 1162 5544 vel
1203 5481 1457 5552 temporis
1487 5477 1568 5530 vel
1595 5473 1812 5532 virium,
1841 5461 2157 5520 retractabi-

581 5607 731 5657 mus,
760 5590 805 5643 si
831 5585 1157 5657 potuerimus
1187 5577 1461 5650 (quantum
1491 5576 1546 5622 et
1572 5581 1598 5618 a
1639 5562 1790 5616 nobis
1819 5565 1872 5611 et
1899 5554 2037 5624 apud
2065 5565 2161 5605 vos

589 5638 954 5749 fiert'potest),
979 5672 1106 5742 quid
1133 5638 1206 5723 sit
1224 5638 1405 5720 videre
1432 5655 1626 5721 Verbi,
1656 5651 1777 5722 quid
1807 5638 2162 5702 demonstrari

652 5818 671 5851 ⁸
692 5820 828 5873 tom,
849 5809 900 5861 in
923 5804 1068 5858 vobis.
1091 5804 1211 5855 Εὐιιὶ
1233 5801 1312 5852 alii
1337 5807 1389 5850 et
1421 5806 1546 5854 Mss,
1569 5791 1621 5842 in
1643 5799 1743 5850 vos;
1762 5786 1900 5851 juxta
1929 5787 2162 5844 gramm.

1425 377 1494 434 IN
1527 368 1805 432 JOANNIS
1845 357 2312 427 EVANGELIUM,
2349 357 2407 414 S.
2446 351 2821 414 AUGUSTINI

3594 297 3737 387 ιειὶ

2170 475 2366 530 Verbo.
2399 471 2586 528 Omnia
2612 468 2804 539 quippe
2831 464 2968 518 dicta
2999 467 3122 515 sunt
3149 457 3233 510 hic
3253 497 3266 520 ,
3292 465 3410 523 qme
3458 449 3504 504 si
3541 443 3741 500 intelli-

2170 578 2360 639 gantur
2383 563 2668 620 secundum
2695 560 2981 613 humanum
3011 564 3226 608 sensum
3267 542 3568 602 carnaliter,
3607 535 3739 591 nihil

2172 649 2315 714 aliud
2359 656 2512 710 nobis
2558 653 2682 708 facit
2727 649 2900 705 anima
2959 645 3114 714 plena
3171 631 3588 710 phantasmatis,
3642 625 3742 682 nisi

2174 748 2429 822 quasdam
2457 745 2711 815 imagines
2737 741 2880 796 velut
2911 737 3136 791 duorum
3178 729 3449 784 hominum
3482 718 3652 776 Patris
3689 726 3745 770 et

2177 844 2331 908 Filii,
2365 841 2519 896 unius
2540 831 2885 896 ostendentis;
2918 827 3133 884 alterius
3171 819 3430 881 videntis;
3463 813 3618 868 unius
3662 809 3742 862 lo-

2177 933 2416 1006 quentia,
2467 929 2682 984 alterius
2724 921 2985 979 audientis
3011 931 3160 987 :quae
3187 912 3362 968 omnia
3389 906 3527 962 idola
3574 899 3749 956 cordis

2179 1034 2331 1089 sunt;
2354 1038 2470 1093 quae
2490 1021 2532 1075 si
2552 1021 2658 1087 jam
2688 1016 2895 1093 deiecta
2921 1018 3043 1067 sunt
3067 1007 3134 1062 de
3161 1001 3371 1072 templis
3395 997 3526 1062 suis,
3554 1001 3752 1063 quanto

2180 1118 2348 1188 magis
2371 1111 2663 1184 dejicienda
2689 1117 2809 1164 sunt
2837 1088 2903 1161 de
2932 1099 3232 1174 pectoribus
3270 1086 3612 1147 Christianis?

2251 1175 2306 1264 ἔ.
2338 1175 2457 1260 Non
2484 1211 2675 1275 potest,
2707 1199 2892 1267 inquit,
2922 1192 3087 1247 Filius
3136 1205 3166 1240 a
3203 1203 3255 1240 se
3295 1183 3460 1254 facere
3482 1175 3757 1250 quidquam

2184 1303 2282 1358 nisi
2301 1300 2432 1372 quod
2459 1297 2636 1351 viderit
2667 1266 2872 1346 Patrem
2922 1286 3204 1358 facientem.
3256 1277 3450 1331 Verum
3498 1275 3580 1325 est
3619 1266 3754 1328 hoc,

2185 1401 2362 1448 tenete
2381 1390 2508 1442 hoc:
2534 1386 2656 1441 dum
2686 1394 2861 1436 tamen
2900 1353 3006 1430 non
3031 1368 3282 1426 amittatis
3304 1361 3444 1434 quod
3496 1359 3548 1412 in
3596 1353 3762 1425 ipsius

2189 1482 2463 1554 Evangelii
2512 1475 2730 1534 exordio
2773 1469 3048 1532 tenuistis,
3097 1462 3217 1532 quia
3255 1459 3309 1511 in
3364 1449 3612 1524 principio
3657 1452 3762 1499 erat

2198 1541 2432 1635 Verbum,
2464 1581 2510 1625 et
2561 1567 2776 1622 Verbum
2827 1568 2933 1616 erat
2978 1554 3114 1627 apud
3158 1550 3342 1611 Deum,
3395 1552 3441 1597 et
3474 1541 3606 1594 Deus
3659 1544 3765 1589 erat

2201 1665 2443 1726 Verbum;
2463 1670 2516 1716 et
2539 1657 2802 1728 prmeipue
2827 1650 2946 1721 quia
2971 1645 3138 1699 omnia
3166 1656 3253 1712 per
3277 1639 3440 1707 ipsum
3474 1634 3609 1702 facta
3644 1633 3760 1679 sunt

2197 1718 2370 1831 (.fban.
2391 1718 2506 1819 1,1,
2535 1718 2614 1823 ὲ).
2634 1718 2782 1815 Quod
2816 1718 2956 1796 nunc
2994 1737 3133 1792 enim
3164 1729 3420 1791 audistis,
3465 1718 3769 1790 coniungite

2199 1810 2310 1831 .v-r.
2416 1810 2426 1819 .
2494 1810 2504 1816 .
2572 1810 2584 1823 ,
2645 1810 2678 1815 -_

2194 1851 2267 1905 illi
2325 1845 2557 1908 auditui,
2608 1850 2661 1894 et
2719 1847 3000 1902 utrumque
3057 1821 3343 1882 concordet
3407 1817 3461 1870 in
3518 1810 3767 1866 cordibus

2195 1940 2408 1996 vestris.
2435 1935 2524 1991 Sic
2553 1934 2726 2001 itaque
2755 1944 2856 1981 non
2899 1901 3058 1994 potest
3088 1917 3253 1970 Filius
3275 1929 3307 1964 ιι
3347 1926 3401 1964 se
3430 1912 3594 1978 facere
3618 1901 3766 1970 quid-

2197 2049 2366 2104 quam,
2399 2028 2497 2083 nisi
2537 2023 2670 2096 quod
2714 2019 2889 2074 uiderit
2925 2014 3127 2066 Patrem
3169 2006 3450 2077 facientem,
3500 2005 3558 2052 ut
3598 2005 3773 2049 tamen

2199 2082 2321 2104 τνηη
2353 2082 2366 2096 ι
2403 2082 2406 2083 ν
2549 2082 2560 2096 .

2199 2125 2354 2179 Pater
2383 2136 2442 2173 ea
2472 2131 2590 2187 qure
2618 2113 2740 2167 facit
2767 2124 2871 2162 non
2901 2105 3056 2159 faciat
3095 2099 3198 2154 nisi
3249 2112 3342 2165 per
3383 2091 3611 2152 Filium,
3653 2082 3778 2153 quia

2201 2215 2367 2269 Filius
2395 2173 2618 2275 est'ejus
2649 2200 2876 2256 Verbum
2906 2214 2919 2249 :
2944 2203 2997 2249 et
3051 2211 3070 2244 ι
3100 2193 3154 2246 in
3196 2183 3452 2257 principio
3494 2185 3607 2233 erat
3645 2173 3780 2226 Ver-

2202 2306 2348 2368 bum,
2375 2312 2429 2356 et
2457 2263 2685 2353 Verbum
2711 2299 2825 2346 erat
2851 2285 2990 2357 apud
3023 2285 3208 2343 Deum,
3239 2285 3293 2332 et
3330 2276 3470 2328 Deus
3501 2275 3615 2323 erat
3642 2263 3781 2318 Ver-

2203 2397 2349 2460 bum,
2375 2412 2394 2446 ι
2427 2400 2480 2445 ct
2510 2409 2529 2441 ι
2553 2385 2728 2454 omnia
2754 2396 2849 2452 per
2893 2379 3062 2447 ipsum
3095 2372 3231 2424 facta
3249 2373 3392 2421 sunt.
3425 2361 3785 2428 Quaecumque

2206 2490 2346 2545 enim
2377 2485 2465 2538 ille
2493 2451 2696 2540 fecerit,
2719 2451 2833 2527 hinc
2856 2478 2912 2525 et
2942 2465 3106 2521 Filius
3154 2457 3398 2514 similiter
3431 2451 3592 2505 facit:
3632 2465 3651 2498 ι
3677 2458 3788 2497 non

2206 2579 2328 2640 alia,
2357 2573 2451 2630 sed
2479 2572 2626 2632 hiBC;
2657 2580 2755 2620 nec
2775 2555 3122 2616 dissimiliter,
3151 2549 3245 2604 sed
3272 2543 3535 2600 similiter.

2281 2670 2334 2722 5.
2371 2666 2522 2718 Pater
2549 2658 2680 2714 enim
2705 2653 2866 2722 diligit
2893 2647 2940 2702 F
2942 2647 3107 2706 ilium,
3140 2650 3184 2694 et
3211 2637 3378 2692 omnia
3403 2631 3710 2685 demonstrat
3746 2623 3795 2677 ei

2210 2717 2321 2833 qua:
2346 2761 2452 2829 ipse
2476 2754 2615 2826 facit.
2649 2748 2730 2804 Atl
2753 2717 2856 2800 hoc
2883 2739 3024 2813 quod
3047 2750 3203 2805 supra
3239 2729 3388 2788 dixit,
3418 2724 3513 2778 nisi
3537 2719 3673 2792 quod
3719 2717 3798 2770 vi-

3020 2829 3067 2833 _-
3335 2819 3365 2833 ,,
3551 2820 3594 2833 Α,
3656 2807 3794 2833 ,ΜΛ

2212 2807 2340 2908 gerit
2367 2807 2589 2903 ΓΡαίιεεηι
2652 2807 2934 2912 facientem,
2985 2829 3192 2884 videtur
3237 2819 3503 2892 pertinere
3544 2820 3599 2866 et
3651 2807 3798 2879 quod

2215 2942 2383 2998 omnia
2407 2899 2711 2992 demonstrat
2755 2928 2800 2982 ei
2823 2939 2937 2996 qua:
2983 2921 3087 2990 ipse
3116 2913 3259 2987 facit.
3307 2906 3413 2962 Sed
3441 2905 3486 2958 si
3512 2902 3668 2956 Pater
3696 2899 3797 2950 de-

2217 3038 2473 3090 monstrat
2493 3042 2611 3097 qua:
2641 3022 2792 3083 facit,
2814 2990 2912 3071 nec
2936 3011 3101 3066 Filius
3129 3010 3298 3075 potest
3315 3000 3488 3052 facere
3510 2992 3610 3047 nisi
3639 2990 3799 3044 Pater

2217 3084 2696 3178 demonstraverit,
2751 3109 3010 3172 Paterque
3061 3097 3429 3151 demonstrare
3459 3099 3563 3138 non
3617 3084 3803 3148 potest

2219 3212 2320 3268 nisi
2343 3206 2560 3269 fecerit;
2588 3167 3054 3266 consequens—erit
3078 3195 3136 3240 ut
3164 3197 3268 3237 non
3300 3193 3394 3248 per
3426 3173 3619 3228 Filium
3646 3167 3805 3222 faciat

2221 3303 2394 3360 omnia
2428 3301 2619 3353 Pater:
2649 3305 2810 3360 porro
2833 3286 2879 3338 si
2922 3282 3083 3336 fixum
3119 3285 3277 3344 atque
3317 3271 3689 3324 inconcussum
3719 3267 3803 3312 te-

2222 3408 2408 3451 nemus
2427 3389 2549 3460 quia
2578 3399 2670 3455 per
2695 3380 2891 3434 Filium
2917 3372 3094 3428 omnia
3133 3367 3291 3423 Pater
3327 3361 3477 3424 facit,
3514 3364 3800 3422 antequam

2227 3488 2412 3549 faciat,
2445 3445 2794 3535 ldernonstrat
2837 3467 2994 3523 Filio.
3033 3460 3165 3516 Nam
3211 3457 3258 3512 si
3306 3454 3463 3509 Pater
3503 3461 3623 3504 cum
3663 3445 3807 3498 fece-

2227 3583 2294 3633 rit
2345 3574 2674 3629 demonstrat
2727 3561 2990 3626 Filio,ut
3044 3551 3210 3608 Filius
3243 3546 3603 3602 demonstrata
3654 3534 3812 3589 faciat

2227 3684 2345 3740 qua:
2369 3666 2727 3720 demonstrata
2753 3654 2860 3722 jam
2889 3623 3040 3701 facta
3086 3646 3241 3704 sunt;
3279 3631 3475 3704 aliquid
3502 3626 3680 3700 procul
3707 3623 3812 3678 du-

3000 3738 3013 3740 _
3079 3736 3092 3740 _
3266 3730 3289 3740 ,
3348 3727 3502 3740 ,λη
3559 3738 3566 3740 Α
3615 3717 3810 3740 mw”

2230 3717 2498 3817 biovP—ater
2517 3755 2630 3809 sine
2657 3717 2788 3810 Filio
2817 3743 2961 3798 facit.
2992 3736 3095 3794 Sed
3128 3749 3236 3789 non
3263 3730 3387 3785 facit
3412 3727 3570 3780 Pater
3611 3717 3814 3789 aliquid

2231 3853 2347 3906 sine
2373 3848 2542 3908 Filio,
2569 3841 2688 3912 quia
2719 3808 2884 3892 Filius
2916 3830 3008 3884 Dei
3033 3825 3266 3880 Verbum
3294 3818 3384 3874 Dei
3414 3823 3518 3878 est,
3551 3819 3607 3866 et
3633 3808 3815 3864 omnia

2234 3957 2327 4012 per
2349 3906 2676 4008 ipsum-facta
2702 3934 2844 3980 sunt.
2872 3923 3126 3975 Remauet
3159 3913 3315 3981 igitur
3345 3906 3572 3961 fortasse
3605 3911 3664 3955 ut
3697 3914 3820 3968 quae

3200 4003 3219 4012 _
3281 4001 3290 4012 .
3385 3997 3398 4012 .
3543 4001 3559 4012 ,
3605 4007 3696 4012 _,_
3727 3989 3781 4012 η,

2236 3989 2391 4086 Pater
2418 4025 2651 4080 facturus
2689 4024 2800 4079 est,
2838 4012 3169 4067 demonstret
3198 3997 3436 4055 facienda
3459 4037 3474 4062 ,
3506 4001 3564 4047 ut
3603 4007 3698 4060 per
3727 3989 3817 4042 Fi-

2236 4125 2362 4177 lium
2388 4114 2666 4172 siutfacta.
2686 4109 2818 4164 Nam
2842 4106 2886 4159 si
2913 4101 3078 4156 Filius
3105 4112 3168 4152 ea
3203 4093 3329 4148 facit
3360 4104 3478 4159 quae
3500 4087 3656 4140 Pater
3676 4082 3817 4136 facta

2237 4213 2593 4268 demonstrat;
2611 4217 2674 4258 ea
2692 4215 2810 4270 quae
2823 4197 2978 4250 Pater
2992 4191 3126 4245 facta
3145 4187 3492 4243 demonstrat,
3512 4192 3616 4230 non
3636 4173 3823 4242 utique

2239 4317 2332 4372 per
2353 4297 2543 4352 Filium
2573 4262 3012 4348 fecit.-Moustrari
3027 4280 3172 4336 enim
3204 4291 3308 4330 non
3327 4275 3545 4342 possent
3559 4266 3693 4320 Filio
3719 4262 3822 4317 nisi

2240 4391 2410 4454 facta;
2439 4387 2609 4440 facere
2638 4381 2803 4435 Filius
2833 4391 2940 4430 non
2983 4379 3180 4442 posset,
3215 4365 3318 4419 nisi
3348 4367 3670 4416 monstrata:
3694 4367 3826 4422 ergo

2242 4485 2356 4540 sine
2388 4451 2523 4536 Filio
2545 4476 2702 4531 facta.
2725 4469 2831 4527 Sed
2851 4479 3033 4522 verum
3059 4467 3157 4522 est,
3181 4455 3365 4512 Omnia
3385 4470 3471 4522 per
3497 4451 3666 4520 ipsum
3687 4451 3826 4517 facta

2242 4582 2356 4630 sunt
2381 4589 2398 4626 :
2425 4584 2550 4639 ergo
2579 4573 2858 4633 antequam
2885 4557 3050 4620 facta,
3093 4556 3386 4606 monstrata
3409 4550 3550 4599 sunt.
3595 4539 3702 4594 Sed
3723 4537 3828 4592 hoc

2245 4666 2474 4722 diximus
2490 4654 2839 4714 differendum
2865 4663 3004 4711 esse,
3019 4659 3125 4715 quo
3150 4637 3473 4697 redeundum
3490 4634 3562 4689 sit
3577 4643 3828 4702 percursa

2247 4759 2492 4818 lectione,
2515 4753 2582 4818 si,
2606 4761 2662 4805 ut
2676 4747 2923 4808 diximus,
2938 4737 3132 4809 aliquid
3151 4736 3233 4790 vel
3256 4731 3506 4803 temporis
3530 4727 3614 4783 vel
3635 4725 3829 4782 virium

2249 4850 2401 4906 nobis
2431 4841 2778 4902 remanserit,
2805 4835 2872 4890 ad
2892 4849 2954 4888 ea
2983 4846 3100 4902 quae
3129 4825 3430 4883 distulimus
3471 4815 3828 4875 retractanda.

2321 4942 2372 4994 4.
2408 4937 2646 5005 Amplius
2703 4928 2882 4983 audite
2923 4933 2977 4979 et
3016 4920 3318 4977 difficilius:
3352 4913 3415 4966 Et
3467 4912 3666 4982 majora
3716 4907 3822 4972 his,

2253 5033 2441 5102 inquit,
2473 5021 2832 5080 demonstrabit
2867 5018 2911 5072 ei
2939 5029 3110 5086 Opera,
3140 5017 3192 5063 ut
3219 5023 3302 5060 vos
3323 5001 3594 5057 miremini.
3625 4997 3831 5067 Majoro

2256 5125 2334 5178 his
2360 5138 2376 5175 :
2401 5119 2591 5190 quibus
2616 5111 2851 5182 majora?
2887 5105 3065 5162 Facile
3092 5098 3363 5159 occurrit,
3403 5095 3466 5148 iis
3504 5103 3635 5160 quas
3669 5086 3834 5144 modo

2257 5213 2498 5275 audistis,
2520 5202 2878 5263 curationibus
2895 5201 3207 5264 languorum
3229 5183 3607 5256 corporalium.
3633 5180 3708 5232 De
3733 5179 3838 5232 isto

2259 5307 2400 5364 enim
2426 5302 2514 5373 qui
2537 5299 2747 5369 triginta
2767 5302 2820 5348 et
2847 5299 2967 5346 octo
2992 5299 3159 5340 annos
3179 5278 3409 5335 habebat
3429 5276 3480 5328 in
3503 5269 3834 5333 infirmitate,

2263 5407 2316 5454 et
2338 5393 2530 5450 Christi
2572 5389 2738 5444 verbo
2779 5391 2993 5438 sanatus
3020 5384 3102 5431 est
3122 5415 3136 5438 ,
3166 5381 3286 5426 nata
3317 5379 3400 5424 est
3443 5363 3600 5432 hujus
3625 5359 3838 5415 occasio

2265 5498 2371 5544 tota
2397 5483 2659 5540 sermonis
2684 5497 2694 5532 :
2723 5487 2776 5530 et
2801 5479 3014 5543 pr0pter
3040 5468 3140 5520 hoc
3170 5461 3422 5517 Dominus
3445 5456 3622 5509 dicere
3645 5449 3838 5521 potuit,

2272 5581 2471 5651 Majora
2498 5577 2575 5629 his
2600 5563 2951 5626 demonstrabit
2971 5561 3014 5614 ei
3031 5573 3201 5628 opera,
3234 5565 3289 5606 ut
3309 5567 3396 5606 vos
3418 5543 3683 5601 miremini.
3707 5542 3844 5595 Sunt

2269 5673 2409 5725 enim
2439 5680 2596 5733 Opera
2637 5659 2834 5725 majora
2884 5665 3041 5720 quam
3092 5649 3222 5711 ista,
3265 5651 3319 5697 et
3365 5632 3749 5694 demonstrabit
3777 5643 3842 5684 ea

2269 5762 2428 5817 Pater
2443 5757 2596 5812 Filio.
2611 5724 3119 5806 Nondemonstravit
3134 5779 3148 5805 ,
3165 5745 3413 5804 tauquam
3440 5729 3508 5784 de
3529 5724 3841 5798 praeterito;
