  <div class='ocr_page' id='page_1' title='image "/cluster/home/n/w/nwhite01/storage/ocr_20150623/35/hvd.32044015706302/122.png"; bbox 0 0 4118 6504; ppageno 0'>
   <div class='ocr_carea' id='block_1_1' title="bbox 309 348 450 407">
    <p class='ocr_par' dir='ltr' id='par_1_1' title="bbox 309 348 450 407">
     <span class='ocr_line' id='line_1_1' title="bbox 309 348 450 407; baseline -0.014 0"><span class='ocrx_word' id='word_1_1' title='bbox 309 348 450 407; x_wconf 66' lang='grc'><strong>1545</strong></span> 
     </span>
    </p>
   </div>
   <div class='ocr_carea' id='block_1_2' title="bbox 303 456 1889 528">
    <p class='ocr_par' dir='ltr' id='par_1_2' title="bbox 303 456 1889 528">
     <span class='ocr_line' id='line_1_2' title="bbox 303 456 1889 528; baseline -0.012 -1"><span class='ocrx_word' id='word_1_2' title='bbox 303 469 404 526; x_wconf 79' lang='lat' dir='ltr'><strong>sed</strong></span> <span class='ocrx_word' id='word_1_3' title='bbox 428 456 805 528; x_wconf 74' lang='lat' dir='ltr'><strong>demonstrabit,</strong></span> <span class='ocrx_word' id='word_1_4' title='bbox 833 462 900 519; x_wconf 91' lang='lat' dir='ltr'><strong>de</strong></span> <span class='ocrx_word' id='word_1_5' title='bbox 930 460 1132 525; x_wconf 84' lang='lat' dir='ltr'><strong>futuro,</strong></span> <span class='ocrx_word' id='word_1_6' title='bbox 1158 457 1262 515; x_wconf 91' lang='lat' dir='ltr'><strong>hoc</strong></span> <span class='ocrx_word' id='word_1_7' title='bbox 1284 466 1399 524; x_wconf 88' lang='lat' dir='ltr'><strong>est,</strong></span> <span class='ocrx_word' id='word_1_8' title='bbox 1429 456 1889 513; x_wconf 92' lang='lat' dir='ltr'><strong>demonstraturus</strong></span> 
     </span>
    </p>
   </div>
   <div class='ocr_carea' id='block_1_3' title="bbox 303 542 1892 622">
    <p class='ocr_par' dir='ltr' id='par_1_3' title="bbox 303 542 1892 622">
     <span class='ocr_line' id='line_1_3' title="bbox 303 542 1892 622; baseline -0.013 -5"><span class='ocrx_word' id='word_1_9' title='bbox 303 572 410 617; x_wconf 83' lang='lat' dir='ltr'><strong>est.</strong></span> <span class='ocrx_word' id='word_1_10' title='bbox 447 561 653 615; x_wconf 79' lang='lat' dir='ltr'><strong>Rursus</strong></span> <span class='ocrx_word' id='word_1_11' title='bbox 673 555 901 612; x_wconf 83' lang='lat' dir='ltr'><strong>difﬁcilis</strong></span> <span class='ocrx_word' id='word_1_12' title='bbox 929 552 1097 608; x_wconf 90' lang='lat' dir='ltr'><strong>oritur</strong></span> <span class='ocrx_word' id='word_1_13' title='bbox 1127 550 1369 622; x_wconf 70' lang='lat' dir='ltr'><strong>quwstio.</strong></span> <span class='ocrx_word' id='word_1_14' title='bbox 1407 547 1505 603; x_wconf 86' lang='lat' dir='ltr'><strong>Est</strong></span> <span class='ocrx_word' id='word_1_15' title='bbox 1529 548 1669 603; x_wconf 90' lang='lat' dir='ltr'><strong>enim</strong></span> <span class='ocrx_word' id='word_1_16' title='bbox 1695 542 1892 615; x_wconf 86' lang='lat' dir='ltr'><strong>aliquid</strong></span> 
     </span>
    </p>
   </div>
   <div class='ocr_carea' id='block_1_4' title="bbox 303 635 1895 723">
    <p class='ocr_par' dir='ltr' id='par_1_4' title="bbox 303 635 1895 723">
     <span class='ocr_line' id='line_1_4' title="bbox 303 635 1895 723; baseline -0.014 -12"><span class='ocrx_word' id='word_1_17' title='bbox 303 653 455 723; x_wconf 73' lang='lat' dir='ltr'><strong>apud</strong></span> <span class='ocrx_word' id='word_1_18' title='bbox 471 652 682 708; x_wconf 82' lang='lat' dir='ltr'><strong>Patrem</strong></span> <span class='ocrx_word' id='word_1_19' title='bbox 694 647 834 718; x_wconf 87' lang='lat' dir='ltr'><strong>quod</strong></span> <span class='ocrx_word' id='word_1_20' title='bbox 851 646 985 701; x_wconf 88' lang='lat' dir='ltr'><strong>Filio</strong></span> <span class='ocrx_word' id='word_1_21' title='bbox 1003 643 1234 699; x_wconf 90' lang='lat' dir='ltr'><strong>nondum</strong></span> <span class='ocrx_word' id='word_1_22' title='bbox 1253 641 1673 696; x_wconf 86' lang='lat' dir='ltr'><strong>demonstratum</strong></span> <span class='ocrx_word' id='word_1_23' title='bbox 1692 635 1795 692; x_wconf 87' lang='lat' dir='ltr'><strong>sit?</strong></span> <span class='ocrx_word' id='word_1_24' title='bbox 1813 644 1895 690; x_wconf 85' lang='lat' dir='ltr'><strong>est</strong></span> 
     </span>
    </p>
   </div>
   <div class='ocr_carea' id='block_1_5' title="bbox 304 725 1895 816">
    <p class='ocr_par' dir='ltr' id='par_1_5' title="bbox 304 725 1895 816">
     <span class='ocr_line' id='line_1_5' title="bbox 304 725 1895 816; baseline -0.014 -14"><span class='ocrx_word' id='word_1_25' title='bbox 304 743 509 816; x_wconf 71' lang='lat' dir='ltr'><strong>aliquid</strong></span> <span class='ocrx_word' id='word_1_26' title='bbox 527 741 664 812; x_wconf 89' lang='lat' dir='ltr'><strong>apud</strong></span> <span class='ocrx_word' id='word_1_27' title='bbox 680 741 888 796; x_wconf 92' lang='lat' dir='ltr'><strong>Patrem</strong></span> <span class='ocrx_word' id='word_1_28' title='bbox 901 735 1042 808; x_wconf 91' lang='lat' dir='ltr'><strong>quod</strong></span> <span class='ocrx_word' id='word_1_29' title='bbox 1059 733 1230 789; x_wconf 90' lang='lat' dir='ltr'><strong>adhuc</strong></span> <span class='ocrx_word' id='word_1_30' title='bbox 1247 732 1444 787; x_wconf 85' lang='lat' dir='ltr'><strong>latebat</strong></span> <span class='ocrx_word' id='word_1_31' title='bbox 1457 730 1666 795; x_wconf 75' lang='lat' dir='ltr'><strong>Filium,</strong></span> <span class='ocrx_word' id='word_1_32' title='bbox 1682 725 1895 798; x_wconf 85' lang='lat' dir='ltr'><strong>quando</strong></span> 
     </span>
    </p>
   </div>
   <div class='ocr_carea' id='block_1_6' title="bbox 304 820 1892 900">
    <p class='ocr_par' dir='ltr' id='par_1_6' title="bbox 304 820 1892 900">
     <span class='ocr_line' id='line_1_6' title="bbox 304 820 1892 900; baseline -0.013 -8"><span class='ocrx_word' id='word_1_33' title='bbox 304 839 413 892; x_wconf 74' lang='lat' dir='ltr'><strong>ista</strong></span> <span class='ocrx_word' id='word_1_34' title='bbox 442 834 606 890; x_wconf 85' lang='lat' dir='ltr'><strong>Filius</strong></span> <span class='ocrx_word' id='word_1_35' title='bbox 631 829 983 900; x_wconf 81' lang='lat' dir='ltr'><strong>loquebatur?</strong></span> <span class='ocrx_word' id='word_1_36' title='bbox 1011 826 1066 882; x_wconf 89' lang='lat' dir='ltr'><strong>Si</strong></span> <span class='ocrx_word' id='word_1_37' title='bbox 1091 825 1231 880; x_wconf 90' lang='lat' dir='ltr'><strong>enim</strong></span> <span class='ocrx_word' id='word_1_38' title='bbox 1248 821 1624 888; x_wconf 77' lang='lat' dir='ltr'><strong>demonstrabit,</strong></span> <span class='ocrx_word' id='word_1_39' title='bbox 1648 820 1749 875; x_wconf 87' lang='lat' dir='ltr'><strong>hoc</strong></span> <span class='ocrx_word' id='word_1_40' title='bbox 1774 825 1856 872; x_wconf 89' lang='lat' dir='ltr'><strong>est</strong></span> <span class='ocrx_word' id='word_1_41' title='bbox 1877 858 1892 879; x_wconf 91' lang='lat'><strong>,</strong></span> 
     </span>
    </p>
   </div>
   <div class='ocr_carea' id='block_1_7' title="bbox 305 908 1896 984">
    <p class='ocr_par' dir='ltr' id='par_1_7' title="bbox 305 908 1896 984">
     <span class='ocr_line' id='line_1_7' title="bbox 305 908 1896 984; baseline -0.014 0"><span class='ocrx_word' id='word_1_42' title='bbox 305 927 776 984; x_wconf 82' lang='lat' dir='ltr'><strong>demonstraturus</strong></span> <span class='ocrx_word' id='word_1_43' title='bbox 809 927 926 984; x_wconf 89' lang='lat' dir='ltr'><strong>est;</strong></span> <span class='ocrx_word' id='word_1_44' title='bbox 958 916 1192 972; x_wconf 90' lang='lat' dir='ltr'><strong>nondum</strong></span> <span class='ocrx_word' id='word_1_45' title='bbox 1220 912 1637 976; x_wconf 81' lang='lat' dir='ltr'><strong>demonstravit;</strong></span> <span class='ocrx_word' id='word_1_46' title='bbox 1669 920 1722 964; x_wconf 90' lang='lat' dir='ltr'><strong>et</strong></span> <span class='ocrx_word' id='word_1_47' title='bbox 1760 908 1896 962; x_wconf 85' lang='lat' dir='ltr'><strong>Filio</strong></span> 
     </span>
    </p>
   </div>
   <div class='ocr_carea' id='block_1_8' title="bbox 308 999 1894 1076">
    <p class='ocr_par' dir='ltr' id='par_1_8' title="bbox 308 999 1894 1076">
     <span class='ocr_line' id='line_1_8' title="bbox 308 999 1894 1076; baseline -0.013 -4"><span class='ocrx_word' id='word_1_48' title='bbox 308 1028 436 1074; x_wconf 81' lang='lat' dir='ltr'><strong>tunc</strong></span> <span class='ocrx_word' id='word_1_49' title='bbox 452 1014 912 1071; x_wconf 83' lang='lat' dir='ltr'><strong>demonstraturus</strong></span> <span class='ocrx_word' id='word_1_50' title='bbox 925 1003 1243 1076; x_wconf 86' lang='lat' dir='ltr'><strong>est,quando</strong></span> <span class='ocrx_word' id='word_1_51' title='bbox 1258 1013 1312 1058; x_wconf 89' lang='lat' dir='ltr'><strong>et</strong></span> <span class='ocrx_word' id='word_1_52' title='bbox 1325 1004 1438 1059; x_wconf 89' lang='lat' dir='ltr'><strong>istis</strong></span> <span class='ocrx_word' id='word_1_53' title='bbox 1453 1021 1465 1056; x_wconf 91' lang='lat'><strong>:</strong></span> <span class='ocrx_word' id='word_1_54' title='bbox 1483 1001 1720 1072; x_wconf 88' lang='lat' dir='ltr'><strong>sequitur</strong></span> <span class='ocrx_word' id='word_1_55' title='bbox 1729 999 1894 1064; x_wconf 90' lang='lat' dir='ltr'><strong>enim,</strong></span> 
     </span>
    </p>
   </div>
   <div class='ocr_carea' id='block_1_9' title="bbox 307 1091 1898 1165">
    <p class='ocr_par' dir='ltr' id='par_1_9' title="bbox 307 1091 1898 1165">
     <span class='ocr_line' id='line_1_9' title="bbox 307 1091 1898 1165; baseline -0.014 1"><span class='ocrx_word' id='word_1_56' title='bbox 307 1121 368 1165; x_wconf 71' lang='lat' dir='ltr'><strong>ut</strong></span> <span class='ocrx_word' id='word_1_57' title='bbox 387 1125 478 1164; x_wconf 72' lang='lat' dir='ltr'><strong>eos</strong></span> <span class='ocrx_word' id='word_1_58' title='bbox 498 1103 768 1161; x_wconf 76' lang='lat' dir='ltr'><strong>miremini.</strong></span> <span class='ocrx_word' id='word_1_59' title='bbox 797 1103 867 1157; x_wconf 84' lang='lat' dir='ltr'><strong>Et</strong></span> <span class='ocrx_word' id='word_1_60' title='bbox 895 1100 998 1155; x_wconf 90' lang='lat' dir='ltr'><strong>hoc</strong></span> <span class='ocrx_word' id='word_1_61' title='bbox 1021 1098 1235 1152; x_wconf 83' lang='lat' dir='ltr'><strong>difﬁcile</strong></span> <span class='ocrx_word' id='word_1_62' title='bbox 1256 1104 1339 1151; x_wconf 89' lang='lat' dir='ltr'><strong>est</strong></span> <span class='ocrx_word' id='word_1_63' title='bbox 1378 1095 1582 1161; x_wconf 88' lang='lat' dir='ltr'><strong>videre,</strong></span> <span class='ocrx_word' id='word_1_64' title='bbox 1629 1091 1898 1163; x_wconf 90' lang='lat' dir='ltr'><strong>quomodo</strong></span> 
     </span>
    </p>
   </div>
   <div class='ocr_carea' id='block_1_10' title="bbox 245 1185 1900 1272">
    <p class='ocr_par' dir='ltr' id='par_1_10' title="bbox 245 1185 1900 1272">
     <span class='ocr_line' id='line_1_10' title="bbox 245 1185 1900 1272; baseline -0.01 -17"><span class='ocrx_word' id='word_1_65' title='bbox 245 1269 249 1271; x_wconf 5' lang='grc' dir='ltr'><em>ἓ</em></span> <span class='ocrx_word' id='word_1_66' title='bbox 307 1211 567 1272; x_wconf 80' lang='lat' dir='ltr'><strong>tanquam</strong></span> <span class='ocrx_word' id='word_1_67' title='bbox 583 1193 943 1267; x_wconf 88' lang='lat' dir='ltr'><strong>temporaliter</strong></span> <span class='ocrx_word' id='word_1_68' title='bbox 952 1190 1087 1247; x_wconf 90' lang='lat' dir='ltr'><strong>Filio</strong></span> <span class='ocrx_word' id='word_1_69' title='bbox 1100 1198 1366 1246; x_wconf 83' lang='lat' dir='ltr'><strong>coaeterno</strong></span> <span class='ocrx_word' id='word_1_70' title='bbox 1381 1189 1552 1258; x_wconf 87' lang='lat' dir='ltr'><strong>aliqua</strong></span> <span class='ocrx_word' id='word_1_71' title='bbox 1571 1185 1900 1241; x_wconf 81' lang='lat' dir='ltr'><strong>demonstrat</strong></span> 
     </span>
    </p>
   </div>
   <div class='ocr_carea' id='block_1_11' title="bbox 308 1275 1895 1352">
    <p class='ocr_par' dir='ltr' id='par_1_11' title="bbox 308 1275 1895 1352">
     <span class='ocr_line' id='line_1_11' title="bbox 308 1275 1895 1352; baseline -0.014 -2"><span class='ocrx_word' id='word_1_72' title='bbox 308 1302 551 1350; x_wconf 62' lang='lat' dir='ltr'><strong>aternus</strong></span> <span class='ocrx_word' id='word_1_73' title='bbox 582 1290 758 1352; x_wconf 88' lang='lat' dir='ltr'><strong>Pater,</strong></span> <span class='ocrx_word' id='word_1_74' title='bbox 787 1286 966 1342; x_wconf 88' lang='lat' dir='ltr'><strong>omnia</strong></span> <span class='ocrx_word' id='word_1_75' title='bbox 993 1281 1180 1338; x_wconf 87' lang='lat' dir='ltr'><strong>scienti</strong></span> <span class='ocrx_word' id='word_1_76' title='bbox 1203 1295 1323 1350; x_wconf 71' lang='lat' dir='ltr'><strong>qua:</strong></span> <span class='ocrx_word' id='word_1_77' title='bbox 1348 1286 1471 1334; x_wconf 91' lang='lat' dir='ltr'><strong>sunt</strong></span> <span class='ocrx_word' id='word_1_78' title='bbox 1495 1275 1635 1348; x_wconf 89' lang='lat' dir='ltr'><strong>apud</strong></span> <span class='ocrx_word' id='word_1_79' title='bbox 1663 1275 1895 1329; x_wconf 88' lang='lat' dir='ltr'><strong>Patrem.</strong></span> 
     </span>
    </p>
   </div>
   <div class='ocr_carea' id='block_1_12' title="bbox 385 1366 1900 1450">
    <p class='ocr_par' dir='ltr' id='par_1_12' title="bbox 385 1366 1900 1450">
     <span class='ocr_line' id='line_1_12' title="bbox 385 1366 1900 1450; baseline -0.014 -8"><span class='ocrx_word' id='word_1_80' title='bbox 385 1387 443 1443; x_wconf 88' lang='lat'><strong>5.</strong></span> <span class='ocrx_word' id='word_1_81' title='bbox 490 1383 621 1450; x_wconf 74' lang='lat' dir='ltr'><strong>Qua:</strong></span> <span class='ocrx_word' id='word_1_82' title='bbox 663 1389 787 1435; x_wconf 90' lang='lat' dir='ltr'><strong>sunt</strong></span> <span class='ocrx_word' id='word_1_83' title='bbox 827 1386 1002 1433; x_wconf 88' lang='lat' dir='ltr'><strong>tamen</strong></span> <span class='ocrx_word' id='word_1_84' title='bbox 1050 1375 1139 1429; x_wconf 88' lang='lat' dir='ltr'><strong>illa</strong></span> <span class='ocrx_word' id='word_1_85' title='bbox 1177 1371 1413 1442; x_wconf 80' lang='lat' dir='ltr'><strong>majora?</strong></span> <span class='ocrx_word' id='word_1_86' title='bbox 1456 1370 1568 1425; x_wconf 89' lang='lat' dir='ltr'><strong>lloc</strong></span> <span class='ocrx_word' id='word_1_87' title='bbox 1587 1369 1728 1424; x_wconf 91' lang='lat' dir='ltr'><strong>enim</strong></span> <span class='ocrx_word' id='word_1_88' title='bbox 1765 1366 1900 1421; x_wconf 81' lang='lat' dir='ltr'><strong>forte</strong></span> 
     </span>
    </p>
   </div>
   <div class='ocr_carea' id='block_1_13' title="bbox 309 1456 1900 1540">
    <p class='ocr_par' dir='ltr' id='par_1_13' title="bbox 309 1456 1900 1540">
     <span class='ocr_line' id='line_1_13' title="bbox 309 1456 1900 1540; baseline -0.014 -9"><span class='ocrx_word' id='word_1_89' title='bbox 309 1476 474 1531; x_wconf 81' lang='lat' dir='ltr'><strong>facile</strong></span> <span class='ocrx_word' id='word_1_90' title='bbox 502 1485 585 1530; x_wconf 86' lang='lat' dir='ltr'><strong>est</strong></span> <span class='ocrx_word' id='word_1_91' title='bbox 613 1470 925 1540; x_wconf 77' lang='lat' dir='ltr'><strong>intelligere.</strong></span> <span class='ocrx_word' id='word_1_92' title='bbox 941 1467 1083 1522; x_wconf 82' lang='lat' dir='ltr'><strong>Sicut</strong></span> <span class='ocrx_word' id='word_1_93' title='bbox 1098 1464 1230 1519; x_wconf 85' lang='lat' dir='ltr'><strong>enim</strong></span> <span class='ocrx_word' id='word_1_94' title='bbox 1253 1461 1432 1528; x_wconf 87' lang='lat' dir='ltr'><strong>Pater,</strong></span> <span class='ocrx_word' id='word_1_95' title='bbox 1461 1461 1650 1530; x_wconf 82' lang='lat' dir='ltr'><strong>inquit,</strong></span> <span class='ocrx_word' id='word_1_96' title='bbox 1690 1456 1900 1512; x_wconf 74' lang='lat' dir='ltr'><strong>suscitat</strong></span> 
     </span>
    </p>
   </div>
   <div class='ocr_carea' id='block_1_14' title="bbox 311 1549 1898 1631">
    <p class='ocr_par' dir='ltr' id='par_1_14' title="bbox 311 1549 1898 1631">
     <span class='ocr_line' id='line_1_14' title="bbox 311 1549 1898 1631; baseline -0.014 -9"><span class='ocrx_word' id='word_1_97' title='bbox 311 1578 569 1631; x_wconf 82' lang='lat' dir='ltr'><strong>mortuos,</strong></span> <span class='ocrx_word' id='word_1_98' title='bbox 612 1572 658 1617; x_wconf 86' lang='lat' dir='ltr'><strong>et</strong></span> <span class='ocrx_word' id='word_1_99' title='bbox 686 1561 901 1630; x_wconf 75' lang='lat' dir='ltr'><strong>uiviﬁcat</strong></span> <span class='ocrx_word' id='word_1_100' title='bbox 918 1575 938 1623; x_wconf 89' lang='lat'><strong>;</strong></span> <span class='ocrx_word' id='word_1_101' title='bbox 965 1558 1038 1613; x_wconf 87' lang='lat' dir='ltr'><strong>sic</strong></span> <span class='ocrx_word' id='word_1_102' title='bbox 1078 1565 1125 1610; x_wconf 86' lang='lat' dir='ltr'><strong>et</strong></span> <span class='ocrx_word' id='word_1_103' title='bbox 1171 1554 1215 1608; x_wconf 82' lang='lat' dir='ltr'><em>F</em></span> <span class='ocrx_word' id='word_1_104' title='bbox 1216 1553 1340 1608; x_wconf 80' lang='lat' dir='ltr'><strong>ilius</strong></span> <span class='ocrx_word' id='word_1_105' title='bbox 1368 1569 1492 1621; x_wconf 81' lang='lat' dir='ltr'><strong>quos</strong></span> <span class='ocrx_word' id='word_1_106' title='bbox 1527 1549 1631 1606; x_wconf 82' lang='lat' dir='ltr'><strong>vult</strong></span> <span class='ocrx_word' id='word_1_107' title='bbox 1660 1549 1898 1617; x_wconf 81' lang='lat' dir='ltr'><strong>vivi/icat.</strong></span> 
     </span>
    </p>
   </div>
   <div class='ocr_carea' id='block_1_15' title="bbox 314 1641 1902 1729">
    <p class='ocr_par' dir='ltr' id='par_1_15' title="bbox 314 1641 1902 1729">
     <span class='ocr_line' id='line_1_15' title="bbox 314 1641 1902 1729; baseline -0.013 -15"><span class='ocrx_word' id='word_1_108' title='bbox 314 1659 518 1729; x_wconf 78' lang='lat' dir='ltr'><strong>Ilajora</strong></span> <span class='ocrx_word' id='word_1_109' title='bbox 545 1670 675 1725; x_wconf 81' lang='lat' dir='ltr'><strong>ergo</strong></span> <span class='ocrx_word' id='word_1_110' title='bbox 702 1663 827 1709; x_wconf 91' lang='lat' dir='ltr'><strong>sunt</strong></span> <span class='ocrx_word' id='word_1_111' title='bbox 848 1665 1010 1721; x_wconf 83' lang='lat' dir='ltr'><strong>opera</strong></span> <span class='ocrx_word' id='word_1_112' title='bbox 1038 1656 1275 1702; x_wconf 88' lang='lat' dir='ltr'><strong>mortuos</strong></span> <span class='ocrx_word' id='word_1_113' title='bbox 1301 1645 1579 1711; x_wconf 89' lang='lat' dir='ltr'><strong>suscitare,</strong></span> <span class='ocrx_word' id='word_1_114' title='bbox 1606 1657 1764 1712; x_wconf 89' lang='lat' dir='ltr'><strong>quam</strong></span> <span class='ocrx_word' id='word_1_115' title='bbox 1787 1641 1902 1694; x_wconf 87' lang='lat' dir='ltr'><strong>lau-</strong></span> 
     </span>
    </p>
   </div>
   <div class='ocr_carea' id='block_1_16' title="bbox 311 1732 1902 1825">
    <p class='ocr_par' dir='ltr' id='par_1_16' title="bbox 311 1732 1902 1825">
     <span class='ocr_line' id='line_1_16' title="bbox 311 1732 1902 1825; baseline -0.014 -17"><span class='ocrx_word' id='word_1_116' title='bbox 311 1752 511 1825; x_wconf 73' lang='lat' dir='ltr'><strong>guidos</strong></span> <span class='ocrx_word' id='word_1_117' title='bbox 537 1763 746 1804; x_wconf 85' lang='lat' dir='ltr'><strong>sanare.</strong></span> <span class='ocrx_word' id='word_1_118' title='bbox 773 1743 879 1800; x_wconf 85' lang='lat' dir='ltr'><strong>Sed</strong></span> <span class='ocrx_word' id='word_1_119' title='bbox 905 1743 1034 1797; x_wconf 91' lang='lat' dir='ltr'><strong>sicut</strong></span> <span class='ocrx_word' id='word_1_120' title='bbox 1079 1741 1287 1794; x_wconf 77' lang='lat' dir='ltr'><strong>suscitat</strong></span> <span class='ocrx_word' id='word_1_121' title='bbox 1315 1737 1471 1791; x_wconf 86' lang='lat' dir='ltr'><strong>Pater</strong></span> <span class='ocrx_word' id='word_1_122' title='bbox 1495 1745 1736 1825; x_wconf 83' lang='lat' dir='ltr'><strong>mortuos</strong></span> <span class='ocrx_word' id='word_1_123' title='bbox 1753 1744 1798 1788; x_wconf 88' lang='lat' dir='ltr'><strong>et</strong></span> <span class='ocrx_word' id='word_1_124' title='bbox 1829 1732 1902 1786; x_wconf 84' lang='lat' dir='ltr'><strong>vi-</strong></span> 
     </span>
    </p>
   </div>
   <div class='ocr_carea' id='block_1_17' title="bbox 312 1824 1897 1911">
    <p class='ocr_par' dir='ltr' id='par_1_17' title="bbox 312 1824 1897 1911">
     <span class='ocr_line' id='line_1_17' title="bbox 312 1824 1897 1911; baseline -0.012 -14"><span class='ocrx_word' id='word_1_125' title='bbox 312 1824 509 1911; x_wconf 70' lang='lat' dir='ltr'><strong>eificat,</strong></span> <span class='ocrx_word' id='word_1_126' title='bbox 537 1840 610 1893; x_wconf 81' lang='lat' dir='ltr'><strong>sic</strong></span> <span class='ocrx_word' id='word_1_127' title='bbox 634 1847 681 1892; x_wconf 91' lang='lat' dir='ltr'><strong>et</strong></span> <span class='ocrx_word' id='word_1_128' title='bbox 710 1835 878 1890; x_wconf 81' lang='lat' dir='ltr'><strong>Filius</strong></span> <span class='ocrx_word' id='word_1_129' title='bbox 897 1849 1019 1904; x_wconf 89' lang='lat' dir='ltr'><strong>quos</strong></span> <span class='ocrx_word' id='word_1_130' title='bbox 1035 1831 1138 1884; x_wconf 80' lang='lat' dir='ltr'><strong>vult</strong></span> <span class='ocrx_word' id='word_1_131' title='bbox 1154 1829 1390 1899; x_wconf 84' lang='lat' dir='ltr'><strong>viviﬁcat.</strong></span> <span class='ocrx_word' id='word_1_132' title='bbox 1410 1826 1558 1881; x_wconf 88' lang='lat' dir='ltr'><strong>Alios</strong></span> <span class='ocrx_word' id='word_1_133' title='bbox 1575 1841 1700 1895; x_wconf 79' lang='lat' dir='ltr'><strong>ergo</strong></span> <span class='ocrx_word' id='word_1_134' title='bbox 1722 1824 1897 1888; x_wconf 85' lang='lat' dir='ltr'><strong>Pater,</strong></span> 
     </span>
    </p>
   </div>
   <div class='ocr_carea' id='block_1_18' title="bbox 313 1915 1903 1991">
    <p class='ocr_par' dir='ltr' id='par_1_18' title="bbox 313 1915 1903 1991">
     <span class='ocr_line' id='line_1_18' title="bbox 313 1915 1903 1991; baseline -0.012 -2"><span class='ocrx_word' id='word_1_135' title='bbox 313 1936 456 1989; x_wconf 79' lang='lat' dir='ltr'><strong>alios</strong></span> <span class='ocrx_word' id='word_1_136' title='bbox 503 1928 704 1986; x_wconf 81' lang='lat' dir='ltr'><strong>Filius?</strong></span> <span class='ocrx_word' id='word_1_137' title='bbox 747 1926 852 1984; x_wconf 88' lang='lat' dir='ltr'><strong>Sed</strong></span> <span class='ocrx_word' id='word_1_138' title='bbox 906 1923 1083 1980; x_wconf 88' lang='lat' dir='ltr'><strong>omnia</strong></span> <span class='ocrx_word' id='word_1_139' title='bbox 1138 1936 1230 1991; x_wconf 87' lang='lat' dir='ltr'><strong>per</strong></span> <span class='ocrx_word' id='word_1_140' title='bbox 1277 1920 1452 1990; x_wconf 90' lang='lat' dir='ltr'><strong>ipsum</strong></span> <span class='ocrx_word' id='word_1_141' title='bbox 1483 1935 1496 1972; x_wconf 92' lang='lat'><strong>:</strong></span> <span class='ocrx_word' id='word_1_142' title='bbox 1527 1917 1670 1987; x_wconf 91' lang='lat' dir='ltr'><strong>ipsos</strong></span> <span class='ocrx_word' id='word_1_143' title='bbox 1723 1915 1903 1985; x_wconf 88' lang='lat' dir='ltr'><strong>itaque</strong></span> 
     </span>
    </p>
   </div>
   <div class='ocr_carea' id='block_1_19' title="bbox 315 2003 1904 2091">
    <p class='ocr_par' dir='ltr' id='par_1_19' title="bbox 315 2003 1904 2091">
     <span class='ocr_line' id='line_1_19' title="bbox 315 2003 1904 2091; baseline -0.014 -11"><span class='ocrx_word' id='word_1_144' title='bbox 315 2025 509 2088; x_wconf 83' lang='lat' dir='ltr'><strong>Filius,</strong></span> <span class='ocrx_word' id='word_1_145' title='bbox 538 2034 672 2091; x_wconf 91' lang='lat' dir='ltr'><strong>quos</strong></span> <span class='ocrx_word' id='word_1_146' title='bbox 700 2026 753 2073; x_wconf 89' lang='lat' dir='ltr'><strong>et</strong></span> <span class='ocrx_word' id='word_1_147' title='bbox 781 2017 971 2080; x_wconf 90' lang='lat' dir='ltr'><strong>Pater;</strong></span> <span class='ocrx_word' id='word_1_148' title='bbox 1016 2011 1139 2082; x_wconf 89' lang='lat' dir='ltr'><strong>quia</strong></span> <span class='ocrx_word' id='word_1_149' title='bbox 1167 2025 1272 2066; x_wconf 91' lang='lat' dir='ltr'><strong>non</strong></span> <span class='ocrx_word' id='word_1_150' title='bbox 1315 2009 1440 2075; x_wconf 91' lang='lat' dir='ltr'><strong>alia,</strong></span> <span class='ocrx_word' id='word_1_151' title='bbox 1481 2021 1580 2062; x_wconf 89' lang='lat' dir='ltr'><strong>nec</strong></span> <span class='ocrx_word' id='word_1_152' title='bbox 1606 2007 1779 2070; x_wconf 84' lang='lat' dir='ltr'><strong>aliter,</strong></span> <span class='ocrx_word' id='word_1_153' title='bbox 1809 2003 1904 2058; x_wconf 90' lang='lat' dir='ltr'><strong>sed</strong></span> 
     </span>
    </p>
   </div>
   <div class='ocr_carea' id='block_1_20' title="bbox 318 2095 1902 2178">
    <p class='ocr_par' dir='ltr' id='par_1_20' title="bbox 318 2095 1902 2178">
     <span class='ocr_line' id='line_1_20' title="bbox 318 2095 1902 2178; baseline -0.015 -7"><span class='ocrx_word' id='word_1_154' title='bbox 318 2118 429 2171; x_wconf 78' lang='lat' dir='ltr'><strong>lure</strong></span> <span class='ocrx_word' id='word_1_155' title='bbox 457 2125 502 2169; x_wconf 81' lang='lat' dir='ltr'><strong>et</strong></span> <span class='ocrx_word' id='word_1_156' title='bbox 544 2113 707 2167; x_wconf 82' lang='lat' dir='ltr'><strong>Filius</strong></span> <span class='ocrx_word' id='word_1_157' title='bbox 749 2107 979 2163; x_wconf 73' lang='lat' dir='ltr'><strong>similiter</strong></span> <span class='ocrx_word' id='word_1_158' title='bbox 1027 2105 1168 2178; x_wconf 79' lang='lat' dir='ltr'><strong>facit.</strong></span> <span class='ocrx_word' id='word_1_159' title='bbox 1194 2102 1269 2157; x_wconf 87' lang='lat' dir='ltr'><strong>lla</strong></span> <span class='ocrx_word' id='word_1_160' title='bbox 1297 2101 1458 2171; x_wconf 84' lang='lat' dir='ltr'><strong>plano</strong></span> <span class='ocrx_word' id='word_1_161' title='bbox 1504 2095 1902 2167; x_wconf 80' lang='lat' dir='ltr'><strong>intelligendum</strong></span> 
     </span>
    </p>
   </div>
   <div class='ocr_carea' id='block_1_21' title="bbox 315 2186 1904 2270">
    <p class='ocr_par' dir='ltr' id='par_1_21' title="bbox 315 2186 1904 2270">
     <span class='ocr_line' id='line_1_21' title="bbox 315 2186 1904 2270; baseline -0.014 -8"><span class='ocrx_word' id='word_1_162' title='bbox 315 2214 404 2263; x_wconf 86' lang='lat' dir='ltr'><strong>est</strong></span> <span class='ocrx_word' id='word_1_163' title='bbox 428 2247 444 2270; x_wconf 90' lang='lat'><strong>,</strong></span> <span class='ocrx_word' id='word_1_164' title='bbox 497 2213 552 2259; x_wconf 88' lang='lat' dir='ltr'><strong>et</strong></span> <span class='ocrx_word' id='word_1_165' title='bbox 590 2204 660 2258; x_wconf 87' lang='lat' dir='ltr'><strong>ita</strong></span> <span class='ocrx_word' id='word_1_166' title='bbox 707 2198 991 2255; x_wconf 89' lang='lat' dir='ltr'><strong>tenendum</strong></span> <span class='ocrx_word' id='word_1_167' title='bbox 1023 2211 1038 2249; x_wconf 86' lang='lat'><strong>:</strong></span> <span class='ocrx_word' id='word_1_168' title='bbox 1077 2195 1172 2250; x_wconf 89' lang='lat' dir='ltr'><strong>sed</strong></span> <span class='ocrx_word' id='word_1_169' title='bbox 1214 2197 1536 2247; x_wconf 87' lang='lat' dir='ltr'><strong>mementote</strong></span> <span class='ocrx_word' id='word_1_170' title='bbox 1571 2189 1692 2259; x_wconf 87' lang='lat' dir='ltr'><strong>quia</strong></span> <span class='ocrx_word' id='word_1_171' title='bbox 1735 2186 1904 2241; x_wconf 85' lang='lat' dir='ltr'><strong>Filius</strong></span> 
     </span>
    </p>
   </div>
   <div class='ocr_carea' id='block_1_22' title="bbox 315 2280 1904 2369">
    <p class='ocr_par' dir='ltr' id='par_1_22' title="bbox 315 2280 1904 2369">
     <span class='ocr_line' id='line_1_22' title="bbox 315 2280 1904 2369; baseline -0.014 -16"><span class='ocrx_word' id='word_1_172' title='bbox 315 2316 445 2369; x_wconf 77' lang='lat' dir='ltr'><strong>quos</strong></span> <span class='ocrx_word' id='word_1_173' title='bbox 467 2297 572 2352; x_wconf 83' lang='lat' dir='ltr'><strong>vult</strong></span> <span class='ocrx_word' id='word_1_174' title='bbox 600 2295 836 2363; x_wconf 74' lang='lat' dir='ltr'><strong>uiviﬁcat.</strong></span> <span class='ocrx_word' id='word_1_175' title='bbox 867 2291 1068 2346; x_wconf 86' lang='lat' dir='ltr'><strong>Tencte</strong></span> <span class='ocrx_word' id='word_1_176' title='bbox 1098 2287 1185 2341; x_wconf 92' lang='lat' dir='ltr'><strong>hic</strong></span> <span class='ocrx_word' id='word_1_177' title='bbox 1212 2299 1339 2355; x_wconf 89' lang='lat' dir='ltr'><strong>ergo</strong></span> <span class='ocrx_word' id='word_1_178' title='bbox 1393 2297 1500 2337; x_wconf 91' lang='lat' dir='ltr'><strong>non</strong></span> <span class='ocrx_word' id='word_1_179' title='bbox 1530 2280 1700 2336; x_wconf 91' lang='lat' dir='ltr'><strong>solum</strong></span> <span class='ocrx_word' id='word_1_180' title='bbox 1751 2287 1904 2349; x_wconf 90' lang='lat' dir='ltr'><strong>pote-</strong></span> 
     </span>
    </p>
   </div>
   <div class='ocr_carea' id='block_1_23' title="bbox 319 2371 1906 2452">
    <p class='ocr_par' dir='ltr' id='par_1_23' title="bbox 319 2371 1906 2452">
     <span class='ocr_line' id='line_1_23' title="bbox 319 2371 1906 2452; baseline -0.012 -8"><span class='ocrx_word' id='word_1_181' title='bbox 319 2400 520 2444; x_wconf 84' lang='lat' dir='ltr'><strong>statem</strong></span> <span class='ocrx_word' id='word_1_182' title='bbox 547 2385 689 2452; x_wconf 88' lang='lat' dir='ltr'><strong>Filii,</strong></span> <span class='ocrx_word' id='word_1_183' title='bbox 709 2397 892 2440; x_wconf 89' lang='lat' dir='ltr'><strong>verum</strong></span> <span class='ocrx_word' id='word_1_184' title='bbox 914 2381 1074 2436; x_wconf 89' lang='lat' dir='ltr'><strong>etiam</strong></span> <span class='ocrx_word' id='word_1_185' title='bbox 1103 2377 1454 2433; x_wconf 82' lang='lat' dir='ltr'><strong>voluntatem.</strong></span> <span class='ocrx_word' id='word_1_186' title='bbox 1486 2373 1555 2428; x_wconf 84' lang='lat' dir='ltr'><strong>Et</strong></span> <span class='ocrx_word' id='word_1_187' title='bbox 1578 2371 1744 2427; x_wconf 80' lang='lat' dir='ltr'><strong>Filius</strong></span> <span class='ocrx_word' id='word_1_188' title='bbox 1772 2384 1906 2441; x_wconf 86' lang='lat' dir='ltr'><strong>quos</strong></span> 
     </span>
    </p>
   </div>
   <div class='ocr_carea' id='block_1_24' title="bbox 317 2463 1907 2544">
    <p class='ocr_par' dir='ltr' id='par_1_24' title="bbox 317 2463 1907 2544">
     <span class='ocr_line' id='line_1_24' title="bbox 317 2463 1907 2544; baseline -0.011 -9"><span class='ocrx_word' id='word_1_189' title='bbox 317 2483 438 2537; x_wconf 88' lang='lat' dir='ltr'><strong>vult</strong></span> <span class='ocrx_word' id='word_1_190' title='bbox 471 2479 737 2544; x_wconf 80' lang='lat' dir='ltr'><strong>viviﬁcat,</strong></span> <span class='ocrx_word' id='word_1_191' title='bbox 783 2483 841 2530; x_wconf 88' lang='lat' dir='ltr'><strong>et</strong></span> <span class='ocrx_word' id='word_1_192' title='bbox 887 2474 1042 2529; x_wconf 88' lang='lat' dir='ltr'><strong>Pater</strong></span> <span class='ocrx_word' id='word_1_193' title='bbox 1084 2485 1218 2542; x_wconf 86' lang='lat' dir='ltr'><strong>quos</strong></span> <span class='ocrx_word' id='word_1_194' title='bbox 1246 2467 1359 2523; x_wconf 85' lang='lat' dir='ltr'><strong>vult</strong></span> <span class='ocrx_word' id='word_1_195' title='bbox 1379 2466 1644 2529; x_wconf 87' lang='lat' dir='ltr'><strong>vivilieat;</strong></span> <span class='ocrx_word' id='word_1_196' title='bbox 1676 2473 1731 2519; x_wconf 90' lang='lat' dir='ltr'><strong>et</strong></span> <span class='ocrx_word' id='word_1_197' title='bbox 1762 2463 1907 2532; x_wconf 88' lang='lat' dir='ltr'><strong>ipsos</strong></span> 
     </span>
    </p>
   </div>
   <div class='ocr_carea' id='block_1_25' title="bbox 321 2551 1905 2640">
    <p class='ocr_par' dir='ltr' id='par_1_25' title="bbox 321 2551 1905 2640">
     <span class='ocr_line' id='line_1_25' title="bbox 321 2551 1905 2640; baseline -0.013 -14"><span class='ocrx_word' id='word_1_198' title='bbox 321 2572 493 2626; x_wconf 81' lang='lat' dir='ltr'><strong>Filius</strong></span> <span class='ocrx_word' id='word_1_199' title='bbox 517 2582 650 2640; x_wconf 90' lang='lat' dir='ltr'><strong>quos</strong></span> <span class='ocrx_word' id='word_1_200' title='bbox 676 2576 732 2623; x_wconf 88' lang='lat' dir='ltr'><strong>et</strong></span> <span class='ocrx_word' id='word_1_201' title='bbox 758 2564 917 2620; x_wconf 79' lang='lat' dir='ltr'><strong>Pater</strong></span> <span class='ocrx_word' id='word_1_202' title='bbox 941 2579 954 2616; x_wconf 93' lang='lat'><strong>:</strong></span> <span class='ocrx_word' id='word_1_203' title='bbox 982 2576 1045 2616; x_wconf 89' lang='lat' dir='ltr'><strong>ac</strong></span> <span class='ocrx_word' id='word_1_204' title='bbox 1069 2575 1162 2630; x_wconf 91' lang='lat' dir='ltr'><strong>per</strong></span> <span class='ocrx_word' id='word_1_205' title='bbox 1187 2558 1288 2613; x_wconf 85' lang='lat' dir='ltr'><strong>hoc</strong></span> <span class='ocrx_word' id='word_1_206' title='bbox 1305 2555 1490 2612; x_wconf 88' lang='lat' dir='ltr'><strong>eadem</strong></span> <span class='ocrx_word' id='word_1_207' title='bbox 1513 2554 1685 2608; x_wconf 86' lang='lat' dir='ltr'><strong>Patris</strong></span> <span class='ocrx_word' id='word_1_208' title='bbox 1712 2561 1765 2607; x_wconf 89' lang='lat' dir='ltr'><strong>ct</strong></span> <span class='ocrx_word' id='word_1_209' title='bbox 1786 2551 1905 2606; x_wconf 87' lang='lat' dir='ltr'><strong>Filii</strong></span> 
     </span>
    </p>
   </div>
   <div class='ocr_carea' id='block_1_26' title="bbox 319 2642 1907 2733">
    <p class='ocr_par' dir='ltr' id='par_1_26' title="bbox 319 2642 1907 2733">
     <span class='ocr_line' id='line_1_26' title="bbox 319 2642 1907 2733; baseline -0.014 -14"><span class='ocrx_word' id='word_1_210' title='bbox 319 2674 375 2719; x_wconf 88' lang='lat' dir='ltr'><strong>et</strong></span> <span class='ocrx_word' id='word_1_211' title='bbox 403 2670 640 2733; x_wconf 85' lang='lat' dir='ltr'><strong>potestas</strong></span> <span class='ocrx_word' id='word_1_212' title='bbox 666 2667 748 2714; x_wconf 91' lang='lat' dir='ltr'><strong>est</strong></span> <span class='ocrx_word' id='word_1_213' title='bbox 772 2670 824 2714; x_wconf 84' lang='lat' dir='ltr'><strong>et</strong></span> <span class='ocrx_word' id='word_1_214' title='bbox 851 2656 1113 2710; x_wconf 83' lang='lat' dir='ltr'><strong>voluntas.</strong></span> <span class='ocrx_word' id='word_1_215' title='bbox 1136 2650 1272 2720; x_wconf 87' lang='lat' dir='ltr'><strong>Quid</strong></span> <span class='ocrx_word' id='word_1_216' title='bbox 1295 2658 1376 2704; x_wconf 90' lang='lat' dir='ltr'><strong>est</strong></span> <span class='ocrx_word' id='word_1_217' title='bbox 1404 2662 1533 2720; x_wconf 76' lang='lat' dir='ltr'><strong>ergo</strong></span> <span class='ocrx_word' id='word_1_218' title='bbox 1557 2645 1698 2717; x_wconf 92' lang='lat' dir='ltr'><strong>quod</strong></span> <span class='ocrx_word' id='word_1_219' title='bbox 1725 2642 1907 2714; x_wconf 87' lang='lat' dir='ltr'><strong>sequi-</strong></span> 
     </span>
    </p>
   </div>
   <div class='ocr_carea' id='block_1_27' title="bbox 321 2734 1908 2822">
    <p class='ocr_par' dir='ltr' id='par_1_27' title="bbox 321 2734 1908 2822">
     <span class='ocr_line' id='line_1_27' title="bbox 321 2734 1908 2822; baseline -0.015 -12"><span class='ocrx_word' id='word_1_220' title='bbox 321 2755 448 2810; x_wconf 86' lang='lat' dir='ltr'><strong>tur?</strong></span> <span class='ocrx_word' id='word_1_221' title='bbox 479 2750 658 2822; x_wconf 79' lang='lat' dir='ltr'><strong>Neque</strong></span> <span class='ocrx_word' id='word_1_222' title='bbox 682 2749 814 2803; x_wconf 85' lang='lat' dir='ltr'><strong>enim</strong></span> <span class='ocrx_word' id='word_1_223' title='bbox 860 2746 1017 2800; x_wconf 81' lang='lat' dir='ltr'><strong>Pater</strong></span> <span class='ocrx_word' id='word_1_224' title='bbox 1045 2743 1246 2814; x_wconf 85' lang='lat' dir='ltr'><strong>judicat</strong></span> <span class='ocrx_word' id='word_1_225' title='bbox 1288 2753 1618 2810; x_wconf 88' lang='lat' dir='ltr'><strong>quemquam,</strong></span> <span class='ocrx_word' id='word_1_226' title='bbox 1650 2735 1738 2790; x_wconf 87' lang='lat' dir='ltr'><strong>sed</strong></span> <span class='ocrx_word' id='word_1_227' title='bbox 1761 2734 1908 2804; x_wconf 89' lang='lat' dir='ltr'><strong>judi-</strong></span> 
     </span>
    </p>
   </div>
   <div class='ocr_carea' id='block_1_28' title="bbox 318 2825 1904 2903">
    <p class='ocr_par' dir='ltr' id='par_1_28' title="bbox 318 2825 1904 2903">
     <span class='ocr_line' id='line_1_28' title="bbox 318 2825 1904 2903; baseline -0.014 -3"><span class='ocrx_word' id='word_1_228' title='bbox 318 2848 461 2900; x_wconf 81' lang='lat' dir='ltr'><strong>cium</strong></span> <span class='ocrx_word' id='word_1_229' title='bbox 485 2859 631 2898; x_wconf 78' lang='lat' dir='ltr'><strong>autne</strong></span> <span class='ocrx_word' id='word_1_230' title='bbox 657 2839 794 2894; x_wconf 77' lang='lat' dir='ltr'><strong>dedit</strong></span> <span class='ocrx_word' id='word_1_231' title='bbox 823 2836 982 2903; x_wconf 81' lang='lat' dir='ltr'><strong>Filio,</strong></span> <span class='ocrx_word' id='word_1_232' title='bbox 1013 2844 1068 2888; x_wconf 91' lang='lat' dir='ltr'><strong>ut</strong></span> <span class='ocrx_word' id='word_1_233' title='bbox 1103 2849 1273 2887; x_wconf 84' lang='lat' dir='ltr'><strong>omnes</strong></span> <span class='ocrx_word' id='word_1_234' title='bbox 1318 2829 1650 2898; x_wconf 83' lang='lat' dir='ltr'><strong>Itonoriﬁcent</strong></span> <span class='ocrx_word' id='word_1_235' title='bbox 1680 2825 1904 2891; x_wconf 81' lang='lat' dir='ltr'><strong>Filium,</strong></span> 
     </span>
    </p>
   </div>
   <div class='ocr_carea' id='block_1_29' title="bbox 319 2919 1904 3001">
    <p class='ocr_par' dir='ltr' id='par_1_29' title="bbox 319 2919 1904 3001">
     <span class='ocr_line' id='line_1_29' title="bbox 319 2919 1904 3001; baseline -0.013 -10"><span class='ocrx_word' id='word_1_236' title='bbox 319 2939 453 2990; x_wconf 86' lang='lat' dir='ltr'><strong>sicut</strong></span> <span class='ocrx_word' id='word_1_237' title='bbox 481 2932 818 3001; x_wconf 77' lang='lat' dir='ltr'><strong>honoriﬁcam</strong></span> <span class='ocrx_word' id='word_1_238' title='bbox 862 2924 1267 2996; x_wconf 85' lang='lat' dir='ltr'><strong>Patrem:quod</strong></span> <span class='ocrx_word' id='word_1_239' title='bbox 1319 2923 1391 2978; x_wconf 85' lang='lat' dir='ltr'><strong>ita</strong></span> <span class='ocrx_word' id='word_1_240' title='bbox 1437 2919 1734 2990; x_wconf 80' lang='lat' dir='ltr'><strong>subjunxit,</strong></span> <span class='ocrx_word' id='word_1_241' title='bbox 1785 2926 1904 2972; x_wconf 86' lang='lat' dir='ltr'><strong>tan-</strong></span> 
     </span>
    </p>
   </div>
   <div class='ocr_carea' id='block_1_30' title="bbox 318 3011 1909 3097">
    <p class='ocr_par' dir='ltr' id='par_1_30' title="bbox 318 3011 1909 3097">
     <span class='ocr_line' id='line_1_30' title="bbox 318 3011 1909 3097; baseline -0.011 -15"><span class='ocrx_word' id='word_1_242' title='bbox 318 3043 483 3097; x_wconf 85' lang='lat' dir='ltr'><strong>quam</strong></span> <span class='ocrx_word' id='word_1_243' title='bbox 512 3026 774 3081; x_wconf 88' lang='lat' dir='ltr'><strong>rationem</strong></span> <span class='ocrx_word' id='word_1_244' title='bbox 801 3021 1032 3078; x_wconf 82' lang='lat' dir='ltr'><strong>reddens</strong></span> <span class='ocrx_word' id='word_1_245' title='bbox 1057 3016 1348 3089; x_wconf 87' lang='lat' dir='ltr'><strong>superioris</strong></span> <span class='ocrx_word' id='word_1_246' title='bbox 1369 3013 1666 3071; x_wconf 71' lang='lat' dir='ltr'><strong>sententiae.</strong></span> <span class='ocrx_word' id='word_1_247' title='bbox 1687 3011 1909 3067; x_wconf 80' lang='lat' dir='ltr'><strong>Multum</strong></span> 
     </span>
    </p>
   </div>
   <div class='ocr_carea' id='block_1_31' title="bbox 321 3103 1911 3182">
    <p class='ocr_par' dir='ltr' id='par_1_31' title="bbox 321 3103 1911 3182">
     <span class='ocr_line' id='line_1_31' title="bbox 321 3103 1911 3182; baseline -0.013 -7"><span class='ocrx_word' id='word_1_248' title='bbox 321 3128 527 3182; x_wconf 80' lang='lat' dir='ltr'><strong>movet,</strong></span> <span class='ocrx_word' id='word_1_249' title='bbox 555 3118 741 3172; x_wconf 87' lang='lat' dir='ltr'><strong>intenti</strong></span> <span class='ocrx_word' id='word_1_250' title='bbox 765 3121 954 3170; x_wconf 84' lang='lat' dir='ltr'><strong>estote.</strong></span> <span class='ocrx_word' id='word_1_251' title='bbox 979 3111 1144 3166; x_wconf 84' lang='lat' dir='ltr'><strong>Filius</strong></span> <span class='ocrx_word' id='word_1_252' title='bbox 1178 3124 1311 3180; x_wconf 88' lang='lat' dir='ltr'><strong>quos</strong></span> <span class='ocrx_word' id='word_1_253' title='bbox 1333 3108 1444 3163; x_wconf 83' lang='lat' dir='ltr'><strong>vult</strong></span> <span class='ocrx_word' id='word_1_254' title='bbox 1474 3106 1726 3170; x_wconf 85' lang='lat' dir='ltr'><strong>vivilicat,</strong></span> <span class='ocrx_word' id='word_1_255' title='bbox 1753 3103 1911 3158; x_wconf 83' lang='lat' dir='ltr'><strong>Pater</strong></span> 
     </span>
    </p>
   </div>
   <div class='ocr_carea' id='block_1_32' title="bbox 321 3194 1911 3282">
    <p class='ocr_par' dir='ltr' id='par_1_32' title="bbox 321 3194 1911 3282">
     <span class='ocr_line' id='line_1_32' title="bbox 321 3194 1911 3282; baseline -0.011 -17"><span class='ocrx_word' id='word_1_256' title='bbox 321 3227 460 3282; x_wconf 86' lang='lat' dir='ltr'><strong>quos</strong></span> <span class='ocrx_word' id='word_1_257' title='bbox 498 3210 614 3264; x_wconf 93' lang='lat' dir='ltr'><strong>vult</strong></span> <span class='ocrx_word' id='word_1_258' title='bbox 660 3203 1118 3262; x_wconf 79' lang='lat' dir='ltr'><strong>viviﬁeatzFilius</strong></span> <span class='ocrx_word' id='word_1_259' title='bbox 1168 3201 1389 3256; x_wconf 83' lang='lat' dir='ltr'><strong>suscitat</strong></span> <span class='ocrx_word' id='word_1_260' title='bbox 1439 3207 1716 3260; x_wconf 91' lang='lat' dir='ltr'><strong>mortuos,</strong></span> <span class='ocrx_word' id='word_1_261' title='bbox 1772 3194 1911 3249; x_wconf 88' lang='lat' dir='ltr'><strong>sicut</strong></span> 
     </span>
    </p>
   </div>
   <div class='ocr_carea' id='block_1_33' title="bbox 322 3285 1910 3362">
    <p class='ocr_par' dir='ltr' id='par_1_33' title="bbox 322 3285 1910 3362">
     <span class='ocr_line' id='line_1_33' title="bbox 322 3285 1910 3362; baseline -0.014 -4"><span class='ocrx_word' id='word_1_262' title='bbox 322 3303 487 3358; x_wconf 86' lang='lat' dir='ltr'><strong>Pater</strong></span> <span class='ocrx_word' id='word_1_263' title='bbox 537 3300 758 3354; x_wconf 85' lang='lat' dir='ltr'><strong>suscitat</strong></span> <span class='ocrx_word' id='word_1_264' title='bbox 802 3305 1061 3351; x_wconf 90' lang='lat' dir='ltr'><strong>mortuos.</strong></span> <span class='ocrx_word' id='word_1_265' title='bbox 1117 3290 1296 3362; x_wconf 81' lang='lat' dir='ltr'><strong>Neque</strong></span> <span class='ocrx_word' id='word_1_266' title='bbox 1350 3289 1483 3344; x_wconf 82' lang='lat' dir='ltr'><strong>enim</strong></span> <span class='ocrx_word' id='word_1_267' title='bbox 1524 3286 1680 3340; x_wconf 89' lang='lat' dir='ltr'><strong>Pater</strong></span> <span class='ocrx_word' id='word_1_268' title='bbox 1707 3285 1910 3356; x_wconf 66' lang='lat' dir='ltr'><strong>judicat</strong></span> 
     </span>
    </p>
   </div>
   <div class='ocr_carea' id='block_1_34' title="bbox 321 3376 1912 3464">
    <p class='ocr_par' dir='ltr' id='par_1_34' title="bbox 321 3376 1912 3464">
     <span class='ocr_line' id='line_1_34' title="bbox 321 3376 1912 3464; baseline -0.012 -16"><span class='ocrx_word' id='word_1_269' title='bbox 321 3408 646 3464; x_wconf 81' lang='lat' dir='ltr'><strong>quemquam.</strong></span> <span class='ocrx_word' id='word_1_270' title='bbox 674 3391 728 3446; x_wconf 87' lang='lat' dir='ltr'><strong>Si</strong></span> <span class='ocrx_word' id='word_1_271' title='bbox 753 3389 805 3444; x_wconf 89' lang='lat' dir='ltr'><strong>in</strong></span> <span class='ocrx_word' id='word_1_272' title='bbox 823 3386 1022 3459; x_wconf 87' lang='lat' dir='ltr'><strong>judicio</strong></span> <span class='ocrx_word' id='word_1_273' title='bbox 1046 3381 1335 3439; x_wconf 88' lang='lat' dir='ltr'><strong>suscitandi</strong></span> <span class='ocrx_word' id='word_1_274' title='bbox 1362 3387 1485 3434; x_wconf 91' lang='lat' dir='ltr'><strong>sunt</strong></span> <span class='ocrx_word' id='word_1_275' title='bbox 1510 3376 1702 3432; x_wconf 87' lang='lat' dir='ltr'><strong>mortui</strong></span> <span class='ocrx_word' id='word_1_276' title='bbox 1726 3418 1740 3444; x_wconf 94' lang='lat'><strong>,</strong></span> <span class='ocrx_word' id='word_1_277' title='bbox 1778 3389 1912 3445; x_wconf 87' lang='lat' dir='ltr'><strong>quo-</strong></span> 
     </span>
    </p>
   </div>
   <div class='ocr_carea' id='block_1_35' title="bbox 322 3469 1913 3542">
    <p class='ocr_par' dir='ltr' id='par_1_35' title="bbox 322 3469 1913 3542">
     <span class='ocr_line' id='line_1_35' title="bbox 322 3469 1913 3542; baseline -0.013 -1"><span class='ocrx_word' id='word_1_278' title='bbox 322 3484 489 3542; x_wconf 90' lang='lat' dir='ltr'><strong>modo</strong></span> <span class='ocrx_word' id='word_1_279' title='bbox 509 3483 668 3538; x_wconf 86' lang='lat' dir='ltr'><strong>Pater</strong></span> <span class='ocrx_word' id='word_1_280' title='bbox 692 3480 915 3536; x_wconf 86' lang='lat' dir='ltr'><strong>suscitat</strong></span> <span class='ocrx_word' id='word_1_281' title='bbox 937 3485 1209 3540; x_wconf 84' lang='lat' dir='ltr'><strong>mortuos,</strong></span> <span class='ocrx_word' id='word_1_282' title='bbox 1260 3473 1306 3527; x_wconf 88' lang='lat' dir='ltr'><strong>si</strong></span> <span class='ocrx_word' id='word_1_283' title='bbox 1346 3486 1449 3526; x_wconf 93' lang='lat' dir='ltr'><strong>non</strong></span> <span class='ocrx_word' id='word_1_284' title='bbox 1475 3469 1677 3539; x_wconf 88' lang='lat' dir='ltr'><strong>judicat</strong></span> <span class='ocrx_word' id='word_1_285' title='bbox 1727 3481 1913 3536; x_wconf 83' lang='lat' dir='ltr'><strong>quem-</strong></span> 
     </span>
    </p>
   </div>
   <div class='ocr_carea' id='block_1_36' title="bbox 323 3559 1914 3649">
    <p class='ocr_par' dir='ltr' id='par_1_36' title="bbox 323 3559 1914 3649">
     <span class='ocr_line' id='line_1_36' title="bbox 323 3559 1914 3649; baseline -0.014 -16"><span class='ocrx_word' id='word_1_286' title='bbox 323 3576 526 3649; x_wconf 83' lang='lat' dir='ltr'><strong>quam?</strong></span> <span class='ocrx_word' id='word_1_287' title='bbox 555 3573 714 3628; x_wconf 81' lang='lat' dir='ltr'><strong>Omne</strong></span> <span class='ocrx_word' id='word_1_288' title='bbox 744 3570 938 3641; x_wconf 84' lang='lat' dir='ltr'><strong>quippe</strong></span> <span class='ocrx_word' id='word_1_289' title='bbox 955 3566 1206 3640; x_wconf 85' lang='lat' dir='ltr'><strong>judicium</strong></span> <span class='ocrx_word' id='word_1_290' title='bbox 1245 3563 1383 3617; x_wconf 84' lang='lat' dir='ltr'><strong>dedit</strong></span> <span class='ocrx_word' id='word_1_291' title='bbox 1415 3560 1573 3615; x_wconf 76' lang='lat' dir='ltr'><strong>Filio.</strong></span> <span class='ocrx_word' id='word_1_292' title='bbox 1612 3560 1667 3614; x_wconf 89' lang='lat' dir='ltr'><strong>In</strong></span> <span class='ocrx_word' id='word_1_293' title='bbox 1695 3559 1784 3613; x_wconf 91' lang='lat' dir='ltr'><strong>illo</strong></span> <span class='ocrx_word' id='word_1_294' title='bbox 1816 3572 1914 3649; x_wconf 35' lang='lat' dir='ltr'><strong>aui-</strong></span> 
     </span>
    </p>
   </div>
   <div class='ocr_carea' id='block_1_37' title="bbox 324 3647 1912 3738">
    <p class='ocr_par' dir='ltr' id='par_1_37' title="bbox 324 3647 1912 3738">
     <span class='ocr_line' id='line_1_37' title="bbox 324 3647 1912 3738; baseline -0.013 -14"><span class='ocrx_word' id='word_1_295' title='bbox 324 3647 437 3726; x_wconf 81' lang='lat' dir='ltr'><strong>tem</strong></span> <span class='ocrx_word' id='word_1_296' title='bbox 461 3666 663 3738; x_wconf 87' lang='lat' dir='ltr'><strong>judicio</strong></span> <span class='ocrx_word' id='word_1_297' title='bbox 685 3662 1008 3721; x_wconf 85' lang='lat' dir='ltr'><strong>suscitantur</strong></span> <span class='ocrx_word' id='word_1_298' title='bbox 1051 3657 1275 3722; x_wconf 81' lang='lat' dir='ltr'><strong>mortui;</strong></span> <span class='ocrx_word' id='word_1_299' title='bbox 1309 3663 1362 3710; x_wconf 93' lang='lat' dir='ltr'><strong>et</strong></span> <span class='ocrx_word' id='word_1_300' title='bbox 1411 3660 1694 3722; x_wconf 82' lang='lat' dir='ltr'><strong>resurgunt</strong></span> <span class='ocrx_word' id='word_1_301' title='bbox 1722 3649 1810 3703; x_wconf 90' lang='lat' dir='ltr'><strong>alii</strong></span> <span class='ocrx_word' id='word_1_302' title='bbox 1843 3647 1912 3704; x_wconf 89' lang='lat' dir='ltr'><strong>ad</strong></span> 
     </span>
    </p>
   </div>
   <div class='ocr_carea' id='block_1_38' title="bbox 323 3739 1911 3830">
    <p class='ocr_par' dir='ltr' id='par_1_38' title="bbox 323 3739 1911 3830">
     <span class='ocr_line' id='line_1_38' title="bbox 323 3739 1911 3830; baseline -0.014 -16"><span class='ocrx_word' id='word_1_303' title='bbox 323 3757 644 3825; x_wconf 86' lang='lat' dir='ltr'><strong>vitam,alii</strong></span> <span class='ocrx_word' id='word_1_304' title='bbox 688 3755 754 3809; x_wconf 91' lang='lat' dir='ltr'><strong>ad</strong></span> <span class='ocrx_word' id='word_1_305' title='bbox 782 3767 994 3823; x_wconf 80' lang='lat' dir='ltr'><strong>pcenam</strong></span> <span class='ocrx_word' id='word_1_306' title='bbox 1021 3747 1194 3818; x_wconf 90' lang='lat' dir='ltr'><strong>:quod</strong></span> <span class='ocrx_word' id='word_1_307' title='bbox 1245 3753 1415 3830; x_wconf 84' lang='lat' dir='ltr'><strong>totum</strong></span> <span class='ocrx_word' id='word_1_308' title='bbox 1457 3743 1502 3798; x_wconf 90' lang='lat' dir='ltr'><strong>si</strong></span> <span class='ocrx_word' id='word_1_309' title='bbox 1551 3741 1719 3796; x_wconf 86' lang='lat' dir='ltr'><strong>Filius</strong></span> <span class='ocrx_word' id='word_1_310' title='bbox 1765 3739 1911 3805; x_wconf 85' lang='lat' dir='ltr'><strong>facit,</strong></span> 
     </span>
    </p>
   </div>
   <div class='ocr_carea' id='block_1_39' title="bbox 326 3830 1914 3911">
    <p class='ocr_par' dir='ltr' id='par_1_39' title="bbox 326 3830 1914 3911">
     <span class='ocr_line' id='line_1_39' title="bbox 326 3830 1914 3911; baseline -0.016 -2"><span class='ocrx_word' id='word_1_311' title='bbox 326 3855 490 3911; x_wconf 85' lang='lat' dir='ltr'><strong>Pater</strong></span> <span class='ocrx_word' id='word_1_312' title='bbox 509 3859 686 3904; x_wconf 88' lang='lat' dir='ltr'><strong>autem</strong></span> <span class='ocrx_word' id='word_1_313' title='bbox 717 3846 839 3900; x_wconf 90' lang='lat' dir='ltr'><strong>ideo</strong></span> <span class='ocrx_word' id='word_1_314' title='bbox 867 3857 975 3897; x_wconf 89' lang='lat' dir='ltr'><strong>non</strong></span> <span class='ocrx_word' id='word_1_315' title='bbox 1021 3840 1166 3903; x_wconf 90' lang='lat' dir='ltr'><strong>facit,</strong></span> <span class='ocrx_word' id='word_1_316' title='bbox 1207 3838 1329 3908; x_wconf 88' lang='lat' dir='ltr'><strong>quia</strong></span> <span class='ocrx_word' id='word_1_317' title='bbox 1377 3834 1532 3888; x_wconf 86' lang='lat' dir='ltr'><strong>Pater</strong></span> <span class='ocrx_word' id='word_1_318' title='bbox 1578 3849 1679 3886; x_wconf 83' lang='lat' dir='ltr'><strong>non</strong></span> <span class='ocrx_word' id='word_1_319' title='bbox 1712 3830 1914 3902; x_wconf 89' lang='lat' dir='ltr'><strong>judicat</strong></span> 
     </span>
    </p>
   </div>
   <div class='ocr_carea' id='block_1_40' title="bbox 265 3923 1915 4014">
    <p class='ocr_par' dir='ltr' id='par_1_40' title="bbox 265 3923 1915 4014">
     <span class='ocr_line' id='line_1_40' title="bbox 265 3923 1915 4014; baseline -0.017 -14"><span class='ocrx_word' id='word_1_320' title='bbox 265 3998 268 4000; x_wconf 93' lang='lat'><em>_</em></span> <span class='ocrx_word' id='word_1_321' title='bbox 325 3957 655 4014; x_wconf 83' lang='lat' dir='ltr'><strong>quemquam,</strong></span> <span class='ocrx_word' id='word_1_322' title='bbox 694 3937 782 3991; x_wconf 88' lang='lat' dir='ltr'><strong>sed</strong></span> <span class='ocrx_word' id='word_1_323' title='bbox 819 3948 965 3989; x_wconf 74' lang='lat' dir='ltr'><strong>autne</strong></span> <span class='ocrx_word' id='word_1_324' title='bbox 999 3930 1250 4002; x_wconf 83' lang='lat' dir='ltr'><strong>judicium</strong></span> <span class='ocrx_word' id='word_1_325' title='bbox 1291 3927 1428 3981; x_wconf 80' lang='lat' dir='ltr'><strong>dedit</strong></span> <span class='ocrx_word' id='word_1_326' title='bbox 1481 3923 1655 3988; x_wconf 82' lang='lat' dir='ltr'><strong>Filio,</strong></span> <span class='ocrx_word' id='word_1_327' title='bbox 1702 3929 1915 4014; x_wconf 87' lang='lat' dir='ltr'><strong>contra-</strong></span> 
     </span>
    </p>
   </div>
   <div class='ocr_carea' id='block_1_41' title="bbox 325 4013 1916 4094">
    <p class='ocr_par' dir='ltr' id='par_1_41' title="bbox 325 4013 1916 4094">
     <span class='ocr_line' id='line_1_41' title="bbox 325 4013 1916 4094; baseline -0.015 -5"><span class='ocrx_word' id='word_1_328' title='bbox 325 4013 468 4090; x_wconf 81' lang='lat' dir='ltr'><strong>rium</strong></span> <span class='ocrx_word' id='word_1_329' title='bbox 494 4013 764 4085; x_wconf 82' lang='lat' dir='ltr'><strong>videbitur</strong></span> <span class='ocrx_word' id='word_1_330' title='bbox 784 4026 833 4081; x_wconf 90' lang='lat' dir='ltr'><strong>ei</strong></span> <span class='ocrx_word' id='word_1_331' title='bbox 853 4022 996 4094; x_wconf 91' lang='lat' dir='ltr'><strong>quod</strong></span> <span class='ocrx_word' id='word_1_332' title='bbox 1021 4022 1218 4076; x_wconf 89' lang='lat' dir='ltr'><strong>dictum</strong></span> <span class='ocrx_word' id='word_1_333' title='bbox 1244 4027 1359 4084; x_wconf 91' lang='lat' dir='ltr'><strong>est,</strong></span> <span class='ocrx_word' id='word_1_334' title='bbox 1390 4016 1534 4071; x_wconf 89' lang='lat' dir='ltr'><strong>Sicut</strong></span> <span class='ocrx_word' id='word_1_335' title='bbox 1569 4014 1726 4068; x_wconf 87' lang='lat' dir='ltr'><strong>Pater</strong></span> <span class='ocrx_word' id='word_1_336' title='bbox 1751 4013 1916 4068; x_wconf 85' lang='lat' dir='ltr'><strong>susci-</strong></span> 
     </span>
    </p>
   </div>
   <div class='ocr_carea' id='block_1_42' title="bbox 327 4107 1912 4187">
    <p class='ocr_par' dir='ltr' id='par_1_42' title="bbox 327 4107 1912 4187">
     <span class='ocr_line' id='line_1_42' title="bbox 327 4107 1912 4187; baseline -0.015 -6"><span class='ocrx_word' id='word_1_337' title='bbox 327 4136 401 4180; x_wconf 82' lang='lat' dir='ltr'><strong>tat</strong></span> <span class='ocrx_word' id='word_1_338' title='bbox 433 4135 660 4178; x_wconf 82' lang='lat' dir='ltr'><strong>mortuos</strong></span> <span class='ocrx_word' id='word_1_339' title='bbox 688 4129 733 4174; x_wconf 88' lang='lat' dir='ltr'><strong>et</strong></span> <span class='ocrx_word' id='word_1_340' title='bbox 758 4117 995 4187; x_wconf 70' lang='lat' dir='ltr'><strong>uiuificat,</strong></span> <span class='ocrx_word' id='word_1_341' title='bbox 1028 4115 1100 4168; x_wconf 86' lang='lat' dir='ltr'><strong>sic</strong></span> <span class='ocrx_word' id='word_1_342' title='bbox 1133 4122 1180 4166; x_wconf 91' lang='lat' dir='ltr'><strong>et</strong></span> <span class='ocrx_word' id='word_1_343' title='bbox 1210 4109 1377 4164; x_wconf 84' lang='lat' dir='ltr'><strong>Filius</strong></span> <span class='ocrx_word' id='word_1_344' title='bbox 1397 4125 1520 4179; x_wconf 88' lang='lat' dir='ltr'><strong>quos</strong></span> <span class='ocrx_word' id='word_1_345' title='bbox 1546 4108 1648 4161; x_wconf 82' lang='lat' dir='ltr'><strong>vult</strong></span> <span class='ocrx_word' id='word_1_346' title='bbox 1676 4107 1912 4175; x_wconf 77' lang='lat' dir='ltr'><strong>viviﬁcat.</strong></span> 
     </span>
    </p>
   </div>
   <div class='ocr_carea' id='block_1_43' title="bbox 329 4195 1917 4283">
    <p class='ocr_par' dir='ltr' id='par_1_43' title="bbox 329 4195 1917 4283">
     <span class='ocr_line' id='line_1_43' title="bbox 329 4195 1917 4283; baseline -0.016 -11"><span class='ocrx_word' id='word_1_347' title='bbox 329 4216 505 4274; x_wconf 87' lang='lat' dir='ltr'><strong>Simul</strong></span> <span class='ocrx_word' id='word_1_348' title='bbox 530 4228 656 4283; x_wconf 78' lang='lat' dir='ltr'><strong>ergo</strong></span> <span class='ocrx_word' id='word_1_349' title='bbox 686 4211 960 4266; x_wconf 83' lang='lat' dir='ltr'><strong>suscitant.</strong></span> <span class='ocrx_word' id='word_1_350' title='bbox 995 4205 1051 4261; x_wconf 89' lang='lat' dir='ltr'><strong>Si</strong></span> <span class='ocrx_word' id='word_1_351' title='bbox 1079 4203 1235 4258; x_wconf 89' lang='lat' dir='ltr'><strong>simul</strong></span> <span class='ocrx_word' id='word_1_352' title='bbox 1259 4201 1548 4262; x_wconf 89' lang='lat' dir='ltr'><strong>suscitant,</strong></span> <span class='ocrx_word' id='word_1_353' title='bbox 1595 4197 1752 4252; x_wconf 87' lang='lat' dir='ltr'><strong>simul</strong></span> <span class='ocrx_word' id='word_1_354' title='bbox 1785 4195 1917 4249; x_wconf 85' lang='lat' dir='ltr'><strong>vivi-</strong></span> 
     </span>
    </p>
   </div>
   <div class='ocr_carea' id='block_1_44' title="bbox 329 4289 1918 4369">
    <p class='ocr_par' dir='ltr' id='par_1_44' title="bbox 329 4289 1918 4369">
     <span class='ocr_line' id='line_1_44' title="bbox 329 4289 1918 4369; baseline -0.014 -7"><span class='ocrx_word' id='word_1_355' title='bbox 329 4308 517 4362; x_wconf 82' lang='lat' dir='ltr'><strong>ficant.</strong></span> <span class='ocrx_word' id='word_1_356' title='bbox 562 4301 729 4358; x_wconf 90' lang='lat' dir='ltr'><strong>Simul</strong></span> <span class='ocrx_word' id='word_1_357' title='bbox 768 4313 898 4369; x_wconf 84' lang='lat' dir='ltr'><strong>ergo</strong></span> <span class='ocrx_word' id='word_1_358' title='bbox 928 4295 1167 4367; x_wconf 90' lang='lat' dir='ltr'><strong>judicant</strong></span> <span class='ocrx_word' id='word_1_359' title='bbox 1195 4290 1494 4361; x_wconf 88' lang='lat' dir='ltr'><strong>:qnomodo</strong></span> <span class='ocrx_word' id='word_1_360' title='bbox 1526 4289 1702 4358; x_wconf 86' lang='lat' dir='ltr'><strong>itaque</strong></span> <span class='ocrx_word' id='word_1_361' title='bbox 1730 4299 1918 4341; x_wconf 89' lang='lat' dir='ltr'><strong>verum</strong></span> 
     </span>
    </p>
   </div>
   <div class='ocr_carea' id='block_1_45' title="bbox 328 4377 1920 4465">
    <p class='ocr_par' dir='ltr' id='par_1_45' title="bbox 328 4377 1920 4465">
     <span class='ocr_line' id='line_1_45' title="bbox 328 4377 1920 4465; baseline -0.015 -12"><span class='ocrx_word' id='word_1_362' title='bbox 328 4408 418 4454; x_wconf 88' lang='lat' dir='ltr'><strong>est</strong></span> <span class='ocrx_word' id='word_1_363' title='bbox 443 4439 460 4463; x_wconf 94' lang='lat'><strong>,</strong></span> <span class='ocrx_word' id='word_1_364' title='bbox 490 4395 670 4465; x_wconf 74' lang='lat' dir='ltr'><strong>Neque</strong></span> <span class='ocrx_word' id='word_1_365' title='bbox 693 4392 827 4446; x_wconf 86' lang='lat' dir='ltr'><strong>enim</strong></span> <span class='ocrx_word' id='word_1_366' title='bbox 859 4389 1015 4442; x_wconf 89' lang='lat' dir='ltr'><strong>Pater</strong></span> <span class='ocrx_word' id='word_1_367' title='bbox 1054 4385 1252 4456; x_wconf 85' lang='lat' dir='ltr'><strong>judicat</strong></span> <span class='ocrx_word' id='word_1_368' title='bbox 1280 4396 1598 4452; x_wconf 86' lang='lat' dir='ltr'><strong>quemquam,</strong></span> <span class='ocrx_word' id='word_1_369' title='bbox 1640 4377 1727 4432; x_wconf 88' lang='lat' dir='ltr'><strong>sed</strong></span> <span class='ocrx_word' id='word_1_370' title='bbox 1775 4391 1920 4430; x_wconf 87' lang='lat' dir='ltr'><strong>onme</strong></span> 
     </span>
    </p>
   </div>
   <div class='ocr_carea' id='block_1_46' title="bbox 325 4467 1920 4561">
    <p class='ocr_par' dir='ltr' id='par_1_46' title="bbox 325 4467 1920 4561">
     <span class='ocr_line' id='line_1_46' title="bbox 325 4467 1920 4561; baseline -0.015 -18"><span class='ocrx_word' id='word_1_371' title='bbox 325 4489 584 4561; x_wconf 72' lang='lat' dir='ltr'><strong>judicium</strong></span> <span class='ocrx_word' id='word_1_372' title='bbox 645 4483 780 4537; x_wconf 82' lang='lat' dir='ltr'><strong>dedit</strong></span> <span class='ocrx_word' id='word_1_373' title='bbox 841 4479 1019 4534; x_wconf 83' lang='lat' dir='ltr'><strong>Filio?</strong></span> <span class='ocrx_word' id='word_1_374' title='bbox 1073 4476 1317 4530; x_wconf 85' lang='lat' dir='ltr'><strong>Moveaut</strong></span> <span class='ocrx_word' id='word_1_375' title='bbox 1371 4471 1580 4526; x_wconf 85' lang='lat' dir='ltr'><strong>interim</strong></span> <span class='ocrx_word' id='word_1_376' title='bbox 1631 4467 1920 4561; x_wconf 79' lang='lat' dir='ltr'><strong>proposita:</strong></span> 
     </span>
    </p>
   </div>
   <div class='ocr_carea' id='block_1_47' title="bbox 329 4559 1916 4650">
    <p class='ocr_par' dir='ltr' id='par_1_47' title="bbox 329 4559 1916 4650">
     <span class='ocr_line' id='line_1_47' title="bbox 329 4559 1916 4650; baseline -0.014 -15"><span class='ocrx_word' id='word_1_377' title='bbox 329 4559 660 4650; x_wconf 74' lang='lat' dir='ltr'><strong>qumstiones</strong></span> <span class='ocrx_word' id='word_1_378' title='bbox 682 4615 697 4641; x_wconf 93' lang='lat'><strong>,</strong></span> <span class='ocrx_word' id='word_1_379' title='bbox 729 4570 998 4644; x_wconf 72' lang='lat' dir='ltr'><strong>prmstabit</strong></span> <span class='ocrx_word' id='word_1_380' title='bbox 1046 4567 1302 4621; x_wconf 88' lang='lat' dir='ltr'><strong>Dominus</strong></span> <span class='ocrx_word' id='word_1_381' title='bbox 1323 4571 1379 4617; x_wconf 90' lang='lat' dir='ltr'><strong>ut</strong></span> <span class='ocrx_word' id='word_1_382' title='bbox 1407 4563 1593 4616; x_wconf 73' lang='lat' dir='ltr'><strong>solutae</strong></span> <span class='ocrx_word' id='word_1_383' title='bbox 1632 4559 1916 4650; x_wconf 80' lang='lat' dir='ltr'><strong>delectent.</strong></span> 
     </span>
    </p>
   </div>
   <div class='ocr_carea' id='block_1_48' title="bbox 333 4649 1922 4736">
    <p class='ocr_par' dir='ltr' id='par_1_48' title="bbox 333 4649 1922 4736">
     <span class='ocr_line' id='line_1_48' title="bbox 333 4649 1922 4736; baseline -0.016 -9"><span class='ocrx_word' id='word_1_384' title='bbox 333 4649 413 4726; x_wconf 5' lang='lat' dir='ltr'><strong>lita</strong></span> <span class='ocrx_word' id='word_1_385' title='bbox 437 4679 554 4736; x_wconf 86' lang='lat' dir='ltr'><strong>est,</strong></span> <span class='ocrx_word' id='word_1_386' title='bbox 582 4668 809 4729; x_wconf 84' lang='lat' dir='ltr'><strong>fratres;</strong></span> <span class='ocrx_word' id='word_1_387' title='bbox 840 4661 1016 4717; x_wconf 90' lang='lat' dir='ltr'><strong>omnis</strong></span> <span class='ocrx_word' id='word_1_388' title='bbox 1042 4657 1266 4728; x_wconf 75' lang='lat' dir='ltr'><strong>qumstio</strong></span> <span class='ocrx_word' id='word_1_389' title='bbox 1308 4655 1410 4708; x_wconf 90' lang='lat' dir='ltr'><strong>nisi</strong></span> <span class='ocrx_word' id='word_1_390' title='bbox 1451 4655 1710 4707; x_wconf 89' lang='lat' dir='ltr'><strong>intentum</strong></span> <span class='ocrx_word' id='word_1_391' title='bbox 1734 4649 1922 4705; x_wconf 86' lang='lat' dir='ltr'><strong>fecerit</strong></span> 
     </span>
    </p>
   </div>
   <div class='ocr_carea' id='block_1_49' title="bbox 324 4743 1920 4836">
    <p class='ocr_par' dir='ltr' id='par_1_49' title="bbox 324 4743 1920 4836">
     <span class='ocr_line' id='line_1_49' title="bbox 324 4743 1920 4836; baseline -0.016 -16"><span class='ocrx_word' id='word_1_392' title='bbox 324 4752 645 4836; x_wconf 72' lang='lat' dir='ltr'><strong>iproposua,</strong></span> <span class='ocrx_word' id='word_1_393' title='bbox 691 4772 798 4813; x_wconf 89' lang='lat' dir='ltr'><strong>non</strong></span> <span class='ocrx_word' id='word_1_394' title='bbox 845 4751 1133 4810; x_wconf 89' lang='lat' dir='ltr'><strong>delectabit</strong></span> <span class='ocrx_word' id='word_1_395' title='bbox 1168 4747 1430 4818; x_wconf 67' lang='lat' dir='ltr'><strong>caposita.</strong></span> <span class='ocrx_word' id='word_1_396' title='bbox 1468 4743 1750 4836; x_wconf 76' lang='lat' dir='ltr'><strong>Sequatur</strong></span> <span class='ocrx_word' id='word_1_397' title='bbox 1793 4757 1920 4836; x_wconf 74' lang='lat' dir='ltr'><strong>ergo</strong></span> 
     </span>
    </p>
   </div>
   <div class='ocr_carea' id='block_1_50' title="bbox 335 4831 1923 4925">
    <p class='ocr_par' dir='ltr' id='par_1_50' title="bbox 335 4831 1923 4925">
     <span class='ocr_line' id='line_1_50' title="bbox 335 4831 1923 4925; baseline -0.017 -14"><span class='ocrx_word' id='word_1_398' title='bbox 335 4831 456 4925; x_wconf 78' lang='lat' dir='ltr'><strong>ipse</strong></span> <span class='ocrx_word' id='word_1_399' title='bbox 499 4850 790 4911; x_wconf 88' lang='lat' dir='ltr'><strong>Dominus,</strong></span> <span class='ocrx_word' id='word_1_400' title='bbox 835 4860 901 4900; x_wconf 87' lang='lat' dir='ltr'><strong>ne</strong></span> <span class='ocrx_word' id='word_1_401' title='bbox 925 4843 1060 4898; x_wconf 86' lang='lat' dir='ltr'><strong>forte</strong></span> <span class='ocrx_word' id='word_1_402' title='bbox 1088 4839 1139 4894; x_wconf 89' lang='lat' dir='ltr'><strong>in</strong></span> <span class='ocrx_word' id='word_1_403' title='bbox 1170 4839 1233 4893; x_wconf 92' lang='lat' dir='ltr'><strong>iis</strong></span> <span class='ocrx_word' id='word_1_404' title='bbox 1264 4853 1379 4909; x_wconf 84' lang='lat' dir='ltr'><strong>quae</strong></span> <span class='ocrx_word' id='word_1_405' title='bbox 1401 4835 1686 4896; x_wconf 87' lang='lat' dir='ltr'><strong>subnectit,</strong></span> <span class='ocrx_word' id='word_1_406' title='bbox 1719 4831 1923 4902; x_wconf 85' lang='lat' dir='ltr'><strong>aperiat</strong></span> 
     </span>
    </p>
   </div>
   <div class='ocr_carea' id='block_1_51' title="bbox 333 4925 1924 5011">
    <p class='ocr_par' dir='ltr' id='par_1_51' title="bbox 333 4925 1924 5011">
     <span class='ocr_line' id='line_1_51' title="bbox 333 4925 1924 5011; baseline -0.016 -12"><span class='ocrx_word' id='word_1_407' title='bbox 333 4958 396 4999; x_wconf 85' lang='lat' dir='ltr'><strong>se</strong></span> <span class='ocrx_word' id='word_1_408' title='bbox 421 4943 771 5011; x_wconf 85' lang='lat' dir='ltr'><strong>aliquantum.</strong></span> <span class='ocrx_word' id='word_1_409' title='bbox 799 4933 1044 4990; x_wconf 77' lang='lat' dir='ltr'><strong>Subtexit</strong></span> <span class='ocrx_word' id='word_1_410' title='bbox 1072 4930 1212 4984; x_wconf 88' lang='lat' dir='ltr'><strong>enim</strong></span> <span class='ocrx_word' id='word_1_411' title='bbox 1245 4925 1427 4981; x_wconf 92' lang='lat' dir='ltr'><strong>nubilo</strong></span> <span class='ocrx_word' id='word_1_412' title='bbox 1456 4925 1624 4978; x_wconf 90' lang='lat' dir='ltr'><strong>lucem</strong></span> <span class='ocrx_word' id='word_1_413' title='bbox 1652 4937 1802 4976; x_wconf 90' lang='lat' dir='ltr'><strong>suam</strong></span> <span class='ocrx_word' id='word_1_414' title='bbox 1828 4938 1842 4986; x_wconf 93' lang='lat'><strong>;</strong></span> <span class='ocrx_word' id='word_1_415' title='bbox 1871 4929 1924 4976; x_wconf 88' lang='lat' dir='ltr'><strong>et</strong></span> 
     </span>
    </p>
   </div>
   <div class='ocr_carea' id='block_1_52' title="bbox 332 5012 1924 5097">
    <p class='ocr_par' dir='ltr' id='par_1_52' title="bbox 332 5012 1924 5097">
     <span class='ocr_line' id='line_1_52' title="bbox 332 5012 1924 5097; baseline -0.016 -7"><span class='ocrx_word' id='word_1_416' title='bbox 332 5032 561 5089; x_wconf 75' lang='lat' dir='ltr'><strong>difﬁcile</strong></span> <span class='ocrx_word' id='word_1_417' title='bbox 588 5037 672 5084; x_wconf 89' lang='lat' dir='ltr'><strong>est</strong></span> <span class='ocrx_word' id='word_1_418' title='bbox 695 5025 886 5097; x_wconf 69' lang='lat' dir='ltr'><strong>aquila:</strong></span> <span class='ocrx_word' id='word_1_419' title='bbox 927 5038 1075 5076; x_wconf 88' lang='lat' dir='ltr'><strong>more</strong></span> <span class='ocrx_word' id='word_1_420' title='bbox 1109 5019 1286 5073; x_wconf 82' lang='lat' dir='ltr'><strong>volare</strong></span> <span class='ocrx_word' id='word_1_421' title='bbox 1313 5031 1473 5086; x_wconf 88' lang='lat' dir='ltr'><strong>super</strong></span> <span class='ocrx_word' id='word_1_422' title='bbox 1506 5028 1716 5068; x_wconf 83' lang='lat' dir='ltr'><strong>onmem</strong></span> <span class='ocrx_word' id='word_1_423' title='bbox 1758 5012 1924 5066; x_wconf 87' lang='lat' dir='ltr'><strong>nebu-</strong></span> 
     </span>
    </p>
   </div>
   <div class='ocr_carea' id='block_1_53' title="bbox 335 5105 1926 5194">
    <p class='ocr_par' dir='ltr' id='par_1_53' title="bbox 335 5105 1926 5194">
     <span class='ocr_line' id='line_1_53' title="bbox 335 5105 1926 5194; baseline -0.014 -14"><span class='ocrx_word' id='word_1_424' title='bbox 335 5125 444 5180; x_wconf 87' lang='lat' dir='ltr'><strong>lam</strong></span> <span class='ocrx_word' id='word_1_425' title='bbox 465 5138 571 5194; x_wconf 83' lang='lat' dir='ltr'><strong>qua</strong></span> <span class='ocrx_word' id='word_1_426' title='bbox 595 5122 787 5191; x_wconf 76' lang='lat' dir='ltr'><strong>tegitur</strong></span> <span class='ocrx_word' id='word_1_427' title='bbox 816 5115 989 5171; x_wconf 87' lang='lat' dir='ltr'><strong>omnis</strong></span> <span class='ocrx_word' id='word_1_428' title='bbox 1018 5124 1155 5167; x_wconf 89' lang='lat' dir='ltr'><strong>terra</strong></span> <span class='ocrx_word' id='word_1_429' title='bbox 1179 5110 1367 5181; x_wconf 68' lang='lat' dir='ltr'><strong>(Eccli.</strong></span> <span class='ocrx_word' id='word_1_430' title='bbox 1394 5125 1534 5173; x_wconf 73' lang='lat' dir='ltr'><strong>xxiv,</strong></span> <span class='ocrx_word' id='word_1_431' title='bbox 1565 5105 1641 5178; x_wconf 79' lang='lat' dir='ltr'><strong>ti),</strong></span> <span class='ocrx_word' id='word_1_432' title='bbox 1669 5115 1721 5160; x_wconf 90' lang='lat' dir='ltr'><strong>et</strong></span> <span class='ocrx_word' id='word_1_433' title='bbox 1744 5105 1926 5159; x_wconf 88' lang='lat' dir='ltr'><strong>videre</strong></span> 
     </span>
    </p>
   </div>
   <div class='ocr_carea' id='block_1_54' title="bbox 340 5198 1926 5273">
    <p class='ocr_par' dir='ltr' id='par_1_54' title="bbox 340 5198 1926 5273">
     <span class='ocr_line' id='line_1_54' title="bbox 340 5198 1926 5273; baseline -0.013 -1"><span class='ocrx_word' id='word_1_434' title='bbox 340 5217 398 5272; x_wconf 86' lang='lat' dir='ltr'><strong>in</strong></span> <span class='ocrx_word' id='word_1_435' title='bbox 423 5215 602 5273; x_wconf 80' lang='lat' dir='ltr'><strong>verbis</strong></span> <span class='ocrx_word' id='word_1_436' title='bbox 630 5208 839 5266; x_wconf 87' lang='lat' dir='ltr'><strong>Domini</strong></span> <span class='ocrx_word' id='word_1_437' title='bbox 863 5205 1277 5263; x_wconf 87' lang='lat' dir='ltr'><strong>sincerissimam</strong></span> <span class='ocrx_word' id='word_1_438' title='bbox 1311 5202 1504 5256; x_wconf 86' lang='lat' dir='ltr'><strong>lucem.</strong></span> <span class='ocrx_word' id='word_1_439' title='bbox 1532 5199 1608 5254; x_wconf 87' lang='lat' dir='ltr'><strong>Ne</strong></span> <span class='ocrx_word' id='word_1_440' title='bbox 1637 5198 1776 5253; x_wconf 86' lang='lat' dir='ltr'><strong>forte</strong></span> <span class='ocrx_word' id='word_1_441' title='bbox 1797 5212 1926 5267; x_wconf 80' lang='lat' dir='ltr'><strong>ergo</strong></span> 
     </span>
    </p>
   </div>
   <div class='ocr_carea' id='block_1_55' title="bbox 339 5295 1921 5364">
    <p class='ocr_par' dir='ltr' id='par_1_55' title="bbox 339 5295 1921 5364">
     <span class='ocr_line' id='line_1_55' title="bbox 339 5295 1921 5364; baseline -0.011 -1"><span class='ocrx_word' id='word_1_442' title='bbox 339 5310 519 5363; x_wconf 82' lang='lat' dir='ltr'><strong>calore</strong></span> <span class='ocrx_word' id='word_1_443' title='bbox 541 5304 810 5360; x_wconf 86' lang='lat' dir='ltr'><strong>radiorum</strong></span> <span class='ocrx_word' id='word_1_444' title='bbox 830 5315 1046 5357; x_wconf 90' lang='lat' dir='ltr'><strong>suorum</strong></span> <span class='ocrx_word' id='word_1_445' title='bbox 1070 5297 1317 5352; x_wconf 89' lang='lat' dir='ltr'><strong>discutiat</strong></span> <span class='ocrx_word' id='word_1_446' title='bbox 1343 5295 1627 5364; x_wconf 82' lang='lat' dir='ltr'><strong>caliginem</strong></span> <span class='ocrx_word' id='word_1_447' title='bbox 1662 5301 1921 5357; x_wconf 89' lang='lat' dir='ltr'><strong>nostram,</strong></span> 
     </span>
    </p>
   </div>
   <div class='ocr_carea' id='block_1_56' title="bbox 341 5385 1922 5470">
    <p class='ocr_par' dir='ltr' id='par_1_56' title="bbox 341 5385 1922 5470">
     <span class='ocr_line' id='line_1_56' title="bbox 341 5385 1922 5470; baseline -0.011 -16"><span class='ocrx_word' id='word_1_448' title='bbox 341 5410 394 5455; x_wconf 87' lang='lat' dir='ltr'><strong>et</strong></span> <span class='ocrx_word' id='word_1_449' title='bbox 412 5401 744 5470; x_wconf 89' lang='lat' dir='ltr'><strong>aliquantum</strong></span> <span class='ocrx_word' id='word_1_450' title='bbox 771 5409 829 5450; x_wconf 86' lang='lat' dir='ltr'><strong>se</strong></span> <span class='ocrx_word' id='word_1_451' title='bbox 860 5393 914 5447; x_wconf 91' lang='lat' dir='ltr'><strong>in</strong></span> <span class='ocrx_word' id='word_1_452' title='bbox 943 5387 1392 5460; x_wconf 85' lang='lat' dir='ltr'><strong>consequentibus</strong></span> <span class='ocrx_word' id='word_1_453' title='bbox 1421 5387 1631 5456; x_wconf 85' lang='lat' dir='ltr'><strong>aperire</strong></span> <span class='ocrx_word' id='word_1_454' title='bbox 1656 5385 1922 5456; x_wconf 84' lang='lat' dir='ltr'><strong>dignetur,</strong></span> 
     </span>
    </p>
   </div>
   <div class='ocr_carea' id='block_1_57' title="bbox 341 5482 1269 5555">
    <p class='ocr_par' dir='ltr' id='par_1_57' title="bbox 341 5482 1269 5555">
     <span class='ocr_line' id='line_1_57' title="bbox 341 5482 1269 5555; baseline -0.018 -6"><span class='ocrx_word' id='word_1_455' title='bbox 341 5491 520 5550; x_wconf 79' lang='lat' dir='ltr'><strong>dilatis</strong></span> <span class='ocrx_word' id='word_1_456' title='bbox 543 5489 658 5544; x_wconf 83' lang='lat' dir='ltr'><strong>iStis</strong></span> <span class='ocrx_word' id='word_1_457' title='bbox 679 5485 950 5555; x_wconf 88' lang='lat' dir='ltr'><strong>sequentia</strong></span> <span class='ocrx_word' id='word_1_458' title='bbox 979 5482 1269 5537; x_wconf 82' lang='lat' dir='ltr'><strong>videamus.</strong></span> 
     </span>
    </p>
   </div>
   <div class='ocr_carea' id='block_1_58' title="bbox 415 5568 1933 5647">
    <p class='ocr_par' dir='ltr' id='par_1_58' title="bbox 415 5568 1933 5647">
     <span class='ocr_line' id='line_1_58' title="bbox 415 5568 1933 5647; baseline -0.011 -9"><span class='ocrx_word' id='word_1_459' title='bbox 415 5583 467 5639; x_wconf 83' lang='lat'><strong>6.</strong></span> <span class='ocrx_word' id='word_1_460' title='bbox 491 5581 593 5647; x_wconf 82' lang='lat' dir='ltr'><strong>Qui</strong></span> <span class='ocrx_word' id='word_1_461' title='bbox 609 5597 710 5635; x_wconf 85' lang='lat' dir='ltr'><strong>non</strong></span> <span class='ocrx_word' id='word_1_462' title='bbox 734 5577 1031 5642; x_wconf 81' lang='lat' dir='ltr'><strong>honoriﬁcat</strong></span> <span class='ocrx_word' id='word_1_463' title='bbox 1051 5573 1262 5638; x_wconf 80' lang='lat' dir='ltr'><strong>Filium,</strong></span> <span class='ocrx_word' id='word_1_464' title='bbox 1289 5590 1386 5627; x_wconf 80' lang='lat' dir='ltr'><strong>non</strong></span> <span class='ocrx_word' id='word_1_465' title='bbox 1410 5571 1709 5639; x_wconf 76' lang='lat' dir='ltr'><strong>honori/ient</strong></span> <span class='ocrx_word' id='word_1_466' title='bbox 1731 5568 1933 5624; x_wconf 83' lang='lat' dir='ltr'><strong>Patrem</strong></span> 
     </span>
    </p>
   </div>
   <div class='ocr_carea' id='block_1_59' title="bbox 347 5659 1934 5744">
    <p class='ocr_par' dir='ltr' id='par_1_59' title="bbox 347 5659 1934 5744">
     <span class='ocr_line' id='line_1_59' title="bbox 347 5659 1934 5744; baseline -0.008 -15"><span class='ocrx_word' id='word_1_467' title='bbox 347 5683 431 5744; x_wconf 80' lang='lat' dir='ltr'><strong>qui</strong></span> <span class='ocrx_word' id='word_1_468' title='bbox 460 5674 599 5728; x_wconf 81' lang='lat' dir='ltr'><strong>misit</strong></span> <span class='ocrx_word' id='word_1_469' title='bbox 635 5671 803 5724; x_wconf 85' lang='lat' dir='ltr'><strong>illum.</strong></span> <span class='ocrx_word' id='word_1_470' title='bbox 847 5669 956 5722; x_wconf 91' lang='lat' dir='ltr'><strong>lloc</strong></span> <span class='ocrx_word' id='word_1_471' title='bbox 994 5683 1177 5720; x_wconf 88' lang='lat' dir='ltr'><strong>verum</strong></span> <span class='ocrx_word' id='word_1_472' title='bbox 1207 5673 1366 5721; x_wconf 87' lang='lat' dir='ltr'><strong>estet</strong></span> <span class='ocrx_word' id='word_1_473' title='bbox 1397 5665 1606 5733; x_wconf 86' lang='lat' dir='ltr'><strong>planum</strong></span> <span class='ocrx_word' id='word_1_474' title='bbox 1635 5669 1735 5715; x_wconf 81' lang='lat' dir='ltr'><strong>est.</strong></span> <span class='ocrx_word' id='word_1_475' title='bbox 1772 5659 1934 5716; x_wconf 86' lang='lat' dir='ltr'><strong>Omne</strong></span> 
     </span>
    </p>
   </div>
   <div class='ocr_carea' id='block_1_60' title="bbox 361 5753 1941 5834">
    <p class='ocr_par' dir='ltr' id='par_1_60' title="bbox 361 5753 1941 5834">
     <span class='ocr_line' id='line_1_60' title="bbox 361 5753 1941 5834; baseline -0.008 -17"><span class='ocrx_word' id='word_1_476' title='bbox 361 5763 562 5834; x_wconf 87' lang='lat' dir='ltr'><strong>quippe</strong></span> <span class='ocrx_word' id='word_1_477' title='bbox 581 5763 842 5832; x_wconf 77' lang='lat' dir='ltr'><strong>judicium</strong></span> <span class='ocrx_word' id='word_1_478' title='bbox 869 5758 1004 5811; x_wconf 81' lang='lat' dir='ltr'><strong>dedit</strong></span> <span class='ocrx_word' id='word_1_479' title='bbox 1033 5756 1188 5821; x_wconf 84' lang='lat' dir='ltr'><strong>Filio,</strong></span> <span class='ocrx_word' id='word_1_480' title='bbox 1219 5757 1356 5812; x_wconf 89' lang='lat' dir='ltr'><strong>sicut</strong></span> <span class='ocrx_word' id='word_1_481' title='bbox 1376 5769 1534 5827; x_wconf 81' lang='lat' dir='ltr'><strong>Supra</strong></span> <span class='ocrx_word' id='word_1_482' title='bbox 1569 5753 1721 5820; x_wconf 70' lang='lat' dir='ltr'><strong>dixit,</strong></span> <span class='ocrx_word' id='word_1_483' title='bbox 1755 5763 1810 5808; x_wconf 91' lang='lat' dir='ltr'><strong>ut</strong></span> <span class='ocrx_word' id='word_1_484' title='bbox 1835 5769 1941 5807; x_wconf 84' lang='lat' dir='ltr'><strong>om-</strong></span> 
     </span>
    </p>
   </div>
   <div class='ocr_carea' id='block_1_61' title="bbox 610 5848 1306 5914">
    <p class='ocr_par' dir='ltr' id='par_1_61' title="bbox 610 5848 1306 5914">
     <span class='ocr_line' id='line_1_61' title="bbox 610 5848 1306 5914; baseline -0.007 0"><span class='ocrx_word' id='word_1_485' title='bbox 610 5853 836 5914; x_wconf 75' lang='lat' dir='ltr'><strong>Sntcr.</strong></span> <span class='ocrx_word' id='word_1_486' title='bbox 885 5853 1164 5912; x_wconf 79' lang='lat' dir='ltr'><strong>Ausus&#39;r.</strong></span> <span class='ocrx_word' id='word_1_487' title='bbox 1197 5848 1306 5909; x_wconf 88' lang='lat' dir='ltr'><strong>Ill.</strong></span> 
     </span>
    </p>
   </div>
   <div class='ocr_carea' id='block_1_62' title="bbox 1372 302 2374 399">
    <p class='ocr_par' dir='ltr' id='par_1_62' title="bbox 1372 302 2374 399">
     <span class='ocr_line' id='line_1_62' title="bbox 1372 302 2374 399; baseline 0 -3"><span class='ocrx_word' id='word_1_488' title='bbox 1372 337 1782 396; x_wconf 68' lang='lat' dir='ltr'><strong>&#39;rnacrarus</strong></span> <span class='ocrx_word' id='word_1_489' title='bbox 1823 335 2008 394; x_wconf 75' lang='lat' dir='ltr'><strong>xvut.</strong></span> <span class='ocrx_word' id='word_1_490' title='bbox 2050 302 2273 399; x_wconf 76' lang='lat' dir='ltr'><strong>CAPUT</strong></span> <span class='ocrx_word' id='word_1_491' title='bbox 2315 341 2374 397; x_wconf 90' lang='lat' dir='ltr'><strong>v.</strong></span> 
     </span>
    </p>
   </div>
   <div class='ocr_carea' id='block_1_63' title="bbox 3436 352 3573 411">
    <p class='ocr_par' dir='ltr' id='par_1_63' title="bbox 3436 352 3573 411">
     <span class='ocr_line' id='line_1_63' title="bbox 3436 352 3573 411; baseline 0.022 -3"><span class='ocrx_word' id='word_1_492' title='bbox 3436 352 3573 411; x_wconf 64' lang='lat' dir='ltr'><strong>15M</strong></span> 
     </span>
    </p>
   </div>
   <div class='ocr_carea' id='block_1_64' title="bbox 2001 456 3572 535">
    <p class='ocr_par' dir='ltr' id='par_1_64' title="bbox 2001 456 3572 535">
     <span class='ocr_line' id='line_1_64' title="bbox 2001 456 3572 535; baseline 0.011 -28"><span class='ocrx_word' id='word_1_493' title='bbox 2001 471 2088 508; x_wconf 82' lang='lat' dir='ltr'><strong>nes</strong></span> <span class='ocrx_word' id='word_1_494' title='bbox 2142 456 2471 527; x_wconf 73' lang='lat' dir='ltr'><strong>honoriﬁcam</strong></span> <span class='ocrx_word' id='word_1_495' title='bbox 2523 458 2744 527; x_wconf 78' lang='lat' dir='ltr'><strong>Filium,</strong></span> <span class='ocrx_word' id='word_1_496' title='bbox 2772 463 2899 518; x_wconf 86' lang='lat' dir='ltr'><strong>sicut</strong></span> <span class='ocrx_word' id='word_1_497' title='bbox 2951 464 3284 535; x_wconf 79' lang='lat' dir='ltr'><strong>honoriﬁcam</strong></span> <span class='ocrx_word' id='word_1_498' title='bbox 3339 467 3572 526; x_wconf 78' lang='lat' dir='ltr'><strong>Patrem.</strong></span> 
     </span>
    </p>
   </div>
   <div class='ocr_carea' id='block_1_65' title="bbox 1998 546 3572 628">
    <p class='ocr_par' dir='ltr' id='par_1_65' title="bbox 1998 546 3572 628">
     <span class='ocr_line' id='line_1_65' title="bbox 1998 546 3572 628; baseline 0.01 -27"><span class='ocrx_word' id='word_1_499' title='bbox 1998 546 2134 614; x_wconf 86' lang='lat' dir='ltr'><strong>Quid</strong></span> <span class='ocrx_word' id='word_1_500' title='bbox 2163 549 2208 604; x_wconf 93' lang='lat' dir='ltr'><strong>si</strong></span> <span class='ocrx_word' id='word_1_501' title='bbox 2231 550 2566 628; x_wconf 88' lang='lat' dir='ltr'><strong>inveniuntur</strong></span> <span class='ocrx_word' id='word_1_502' title='bbox 2593 554 2683 622; x_wconf 90' lang='lat' dir='ltr'><strong>qui</strong></span> <span class='ocrx_word' id='word_1_503' title='bbox 2713 553 2924 611; x_wconf 86' lang='lat' dir='ltr'><strong>Patrem</strong></span> <span class='ocrx_word' id='word_1_504' title='bbox 2972 555 3350 625; x_wconf 81' lang='lat' dir='ltr'><strong>ltonoriticant,</strong></span> <span class='ocrx_word' id='word_1_505' title='bbox 3379 568 3433 614; x_wconf 88' lang='lat' dir='ltr'><strong>et</strong></span> <span class='ocrx_word' id='word_1_506' title='bbox 3463 576 3572 616; x_wconf 91' lang='lat' dir='ltr'><strong>non</strong></span> 
     </span>
    </p>
   </div>
   <div class='ocr_carea' id='block_1_66' title="bbox 2000 637 3574 716">
    <p class='ocr_par' dir='ltr' id='par_1_66' title="bbox 2000 637 3574 716">
     <span class='ocr_line' id='line_1_66' title="bbox 2000 637 3574 716; baseline 0.008 -25"><span class='ocrx_word' id='word_1_507' title='bbox 2000 637 2351 694; x_wconf 82' lang='lat' dir='ltr'><strong>honorificam</strong></span> <span class='ocrx_word' id='word_1_508' title='bbox 2397 641 2625 697; x_wconf 86' lang='lat' dir='ltr'><strong>Filium?</strong></span> <span class='ocrx_word' id='word_1_509' title='bbox 2651 643 2764 699; x_wconf 84' lang='lat' dir='ltr'><strong>Non</strong></span> <span class='ocrx_word' id='word_1_510' title='bbox 2812 654 3017 714; x_wconf 90' lang='lat' dir='ltr'><strong>potest,</strong></span> <span class='ocrx_word' id='word_1_511' title='bbox 3050 647 3247 716; x_wconf 89' lang='lat' dir='ltr'><strong>inquit,</strong></span> <span class='ocrx_word' id='word_1_512' title='bbox 3283 647 3400 703; x_wconf 80' lang='lat' dir='ltr'><strong>ﬁeri</strong></span> <span class='ocrx_word' id='word_1_513' title='bbox 3425 665 3439 703; x_wconf 88' lang='lat'><strong>:</strong></span> <span class='ocrx_word' id='word_1_514' title='bbox 3469 648 3574 714; x_wconf 85' lang='lat' dir='ltr'><strong>Qui</strong></span> 
     </span>
    </p>
   </div>
   <div class='ocr_carea' id='block_1_67' title="bbox 2000 730 3575 810">
    <p class='ocr_par' dir='ltr' id='par_1_67' title="bbox 2000 730 3575 810">
     <span class='ocr_line' id='line_1_67' title="bbox 2000 730 3575 810; baseline 0.009 -28"><span class='ocrx_word' id='word_1_515' title='bbox 2000 745 2101 783; x_wconf 75' lang='lat' dir='ltr'><strong>non</strong></span> <span class='ocrx_word' id='word_1_516' title='bbox 2139 730 2436 801; x_wconf 76' lang='lat' dir='ltr'><strong>honoriﬁcat</strong></span> <span class='ocrx_word' id='word_1_517' title='bbox 2486 733 2534 787; x_wconf 87' lang='lat' dir='ltr'><strong><em>F</em></strong></span> <span class='ocrx_word' id='word_1_518' title='bbox 2535 736 2710 803; x_wconf 86' lang='lat' dir='ltr'><strong>ilium,</strong></span> <span class='ocrx_word' id='word_1_519' title='bbox 2737 752 2837 791; x_wconf 82' lang='lat' dir='ltr'><strong>non</strong></span> <span class='ocrx_word' id='word_1_520' title='bbox 2883 739 3182 806; x_wconf 82' lang='lat' dir='ltr'><strong>honori/ient</strong></span> <span class='ocrx_word' id='word_1_521' title='bbox 3230 739 3437 796; x_wconf 84' lang='lat' dir='ltr'><strong>Patrem</strong></span> <span class='ocrx_word' id='word_1_522' title='bbox 3487 742 3575 810; x_wconf 90' lang='lat' dir='ltr'><strong>qui</strong></span> 
     </span>
    </p>
   </div>
   <div class='ocr_carea' id='block_1_68' title="bbox 2001 820 3574 903">
    <p class='ocr_par' dir='ltr' id='par_1_68' title="bbox 2001 820 3574 903">
     <span class='ocr_line' id='line_1_68' title="bbox 2001 820 3574 903; baseline 0.011 -31"><span class='ocrx_word' id='word_1_523' title='bbox 2001 820 2135 874; x_wconf 81' lang='lat' dir='ltr'><strong>misit</strong></span> <span class='ocrx_word' id='word_1_524' title='bbox 2156 821 2320 875; x_wconf 81' lang='lat' dir='ltr'><strong>illum.</strong></span> <span class='ocrx_word' id='word_1_525' title='bbox 2349 823 2463 878; x_wconf 87' lang='lat' dir='ltr'><strong>Non</strong></span> <span class='ocrx_word' id='word_1_526' title='bbox 2492 835 2664 894; x_wconf 90' lang='lat' dir='ltr'><strong>potest</strong></span> <span class='ocrx_word' id='word_1_527' title='bbox 2699 843 2827 898; x_wconf 84' lang='lat' dir='ltr'><strong>ergo</strong></span> <span class='ocrx_word' id='word_1_528' title='bbox 2857 829 3036 886; x_wconf 89' lang='lat' dir='ltr'><strong>dicere</strong></span> <span class='ocrx_word' id='word_1_529' title='bbox 3077 831 3298 902; x_wconf 89' lang='lat' dir='ltr'><strong>aliquis,</strong></span> <span class='ocrx_word' id='word_1_530' title='bbox 3327 831 3441 903; x_wconf 76' lang='lat' dir='ltr'><strong>Ego</strong></span> <span class='ocrx_word' id='word_1_531' title='bbox 3470 834 3574 889; x_wconf 89' lang='lat' dir='ltr'><strong>Pa-</strong></span> 
     </span>
    </p>
   </div>
   <div class='ocr_carea' id='block_1_69' title="bbox 2002 911 3575 988">
    <p class='ocr_par' dir='ltr' id='par_1_69' title="bbox 2002 911 3575 988">
     <span class='ocr_line' id='line_1_69' title="bbox 2002 911 3575 988; baseline 0.011 -23"><span class='ocrx_word' id='word_1_532' title='bbox 2002 919 2138 966; x_wconf 89' lang='lat' dir='ltr'><strong>trem</strong></span> <span class='ocrx_word' id='word_1_533' title='bbox 2189 911 2633 984; x_wconf 78' lang='lat' dir='ltr'><strong>honorificabam,</strong></span> <span class='ocrx_word' id='word_1_534' title='bbox 2661 919 2782 988; x_wconf 90' lang='lat' dir='ltr'><strong>quia</strong></span> <span class='ocrx_word' id='word_1_535' title='bbox 2823 920 3017 976; x_wconf 85' lang='lat' dir='ltr'><strong>Filium</strong></span> <span class='ocrx_word' id='word_1_536' title='bbox 3062 936 3168 978; x_wconf 89' lang='lat' dir='ltr'><strong>non</strong></span> <span class='ocrx_word' id='word_1_537' title='bbox 3216 939 3488 980; x_wconf 88' lang='lat' dir='ltr'><strong>noveram.</strong></span> <span class='ocrx_word' id='word_1_538' title='bbox 3517 923 3575 982; x_wconf 88' lang='lat' dir='ltr'><strong>Si</strong></span> 
     </span>
    </p>
   </div>
   <div class='ocr_carea' id='block_1_70' title="bbox 2001 1001 3577 1075">
    <p class='ocr_par' dir='ltr' id='par_1_70' title="bbox 2001 1001 3577 1075">
     <span class='ocr_line' id='line_1_70' title="bbox 2001 1001 3577 1075; baseline 0.01 -19"><span class='ocrx_word' id='word_1_539' title='bbox 2001 1001 2233 1057; x_wconf 87' lang='lat' dir='ltr'><strong>nondum</strong></span> <span class='ocrx_word' id='word_1_540' title='bbox 2259 1002 2448 1058; x_wconf 88' lang='lat' dir='ltr'><strong>Filium</strong></span> <span class='ocrx_word' id='word_1_541' title='bbox 2471 1004 2877 1075; x_wconf 85' lang='lat' dir='ltr'><strong>honorilicabas,</strong></span> <span class='ocrx_word' id='word_1_542' title='bbox 2903 1026 2999 1065; x_wconf 91' lang='lat' dir='ltr'><strong>nec</strong></span> <span class='ocrx_word' id='word_1_543' title='bbox 3021 1011 3228 1067; x_wconf 80' lang='lat' dir='ltr'><strong>Patrem</strong></span> <span class='ocrx_word' id='word_1_544' title='bbox 3258 1012 3577 1070; x_wconf 79' lang='lat' dir='ltr'><strong>honorifica-</strong></span> 
     </span>
    </p>
   </div>
   <div class='ocr_carea' id='block_1_71' title="bbox 2001 1092 3582 1176">
    <p class='ocr_par' dir='ltr' id='par_1_71' title="bbox 2001 1092 3582 1176">
     <span class='ocr_line' id='line_1_71' title="bbox 2001 1092 3582 1176; baseline 0.009 -28"><span class='ocrx_word' id='word_1_545' title='bbox 2001 1092 2114 1148; x_wconf 88' lang='lat' dir='ltr'><strong>bas.</strong></span> <span class='ocrx_word' id='word_1_546' title='bbox 2128 1095 2260 1162; x_wconf 86' lang='lat' dir='ltr'><strong>Quid</strong></span> <span class='ocrx_word' id='word_1_547' title='bbox 2277 1104 2357 1150; x_wconf 89' lang='lat' dir='ltr'><strong>est</strong></span> <span class='ocrx_word' id='word_1_548' title='bbox 2368 1097 2504 1151; x_wconf 90' lang='lat' dir='ltr'><strong>enim</strong></span> <span class='ocrx_word' id='word_1_549' title='bbox 2519 1096 2868 1156; x_wconf 80' lang='lat' dir='ltr'><strong>honorificare</strong></span> <span class='ocrx_word' id='word_1_550' title='bbox 2879 1103 3107 1168; x_wconf 77' lang='lat' dir='ltr'><strong>Patrem,</strong></span> <span class='ocrx_word' id='word_1_551' title='bbox 3122 1105 3222 1159; x_wconf 87' lang='lat' dir='ltr'><strong>nisi</strong></span> <span class='ocrx_word' id='word_1_552' title='bbox 3238 1105 3376 1176; x_wconf 86' lang='lat' dir='ltr'><strong>quod</strong></span> <span class='ocrx_word' id='word_1_553' title='bbox 3392 1105 3582 1163; x_wconf 88' lang='lat' dir='ltr'><strong>habeat</strong></span> 
     </span>
    </p>
   </div>
   <div class='ocr_carea' id='block_1_72' title="bbox 2003 1182 3576 1259">
    <p class='ocr_par' dir='ltr' id='par_1_72' title="bbox 2003 1182 3576 1259">
     <span class='ocr_line' id='line_1_72' title="bbox 2003 1182 3576 1259; baseline 0.011 -23"><span class='ocrx_word' id='word_1_554' title='bbox 2003 1182 2229 1238; x_wconf 89' lang='lat' dir='ltr'><strong>Filium?</strong></span> <span class='ocrx_word' id='word_1_555' title='bbox 2265 1185 2422 1240; x_wconf 85' lang='lat' dir='ltr'><strong>Aliud</strong></span> <span class='ocrx_word' id='word_1_556' title='bbox 2448 1195 2528 1242; x_wconf 90' lang='lat' dir='ltr'><strong>est</strong></span> <span class='ocrx_word' id='word_1_557' title='bbox 2553 1189 2694 1243; x_wconf 91' lang='lat' dir='ltr'><strong>enim</strong></span> <span class='ocrx_word' id='word_1_558' title='bbox 2717 1204 2836 1245; x_wconf 93' lang='lat' dir='ltr'><strong>cum</strong></span> <span class='ocrx_word' id='word_1_559' title='bbox 2861 1192 2952 1246; x_wconf 91' lang='lat' dir='ltr'><strong>tibi</strong></span> <span class='ocrx_word' id='word_1_560' title='bbox 2975 1195 3378 1251; x_wconf 89' lang='lat' dir='ltr'><strong>commendatur</strong></span> <span class='ocrx_word' id='word_1_561' title='bbox 3404 1197 3576 1259; x_wconf 83' lang='lat' dir='ltr'><strong>Deus.</strong></span> 
     </span>
    </p>
   </div>
   <div class='ocr_carea' id='block_1_73' title="bbox 2003 1273 3580 1354">
    <p class='ocr_par' dir='ltr' id='par_1_73' title="bbox 2003 1273 3580 1354">
     <span class='ocr_line' id='line_1_73' title="bbox 2003 1273 3580 1354; baseline 0.01 -27"><span class='ocrx_word' id='word_1_562' title='bbox 2003 1275 2122 1344; x_wconf 89' lang='lat' dir='ltr'><strong>quia</strong></span> <span class='ocrx_word' id='word_1_563' title='bbox 2144 1275 2280 1331; x_wconf 91' lang='lat' dir='ltr'><strong>Deus</strong></span> <span class='ocrx_word' id='word_1_564' title='bbox 2297 1285 2399 1342; x_wconf 88' lang='lat' dir='ltr'><strong>est;</strong></span> <span class='ocrx_word' id='word_1_565' title='bbox 2423 1285 2476 1331; x_wconf 90' lang='lat' dir='ltr'><strong>et</strong></span> <span class='ocrx_word' id='word_1_566' title='bbox 2489 1273 2629 1332; x_wconf 90' lang='lat' dir='ltr'><strong>aliud</strong></span> <span class='ocrx_word' id='word_1_567' title='bbox 2647 1287 2729 1333; x_wconf 87' lang='lat' dir='ltr'><strong>est</strong></span> <span class='ocrx_word' id='word_1_568' title='bbox 2743 1294 2862 1334; x_wconf 91' lang='lat' dir='ltr'><strong>eum</strong></span> <span class='ocrx_word' id='word_1_569' title='bbox 2887 1283 2978 1337; x_wconf 90' lang='lat' dir='ltr'><strong>tibi</strong></span> <span class='ocrx_word' id='word_1_570' title='bbox 2995 1285 3398 1341; x_wconf 85' lang='lat' dir='ltr'><strong>commendatur</strong></span> <span class='ocrx_word' id='word_1_571' title='bbox 3417 1287 3580 1354; x_wconf 82' lang='lat' dir='ltr'><strong>Deus,</strong></span> 
     </span>
    </p>
   </div>
   <div class='ocr_carea' id='block_1_74' title="bbox 2003 1367 3558 1442">
    <p class='ocr_par' dir='ltr' id='par_1_74' title="bbox 2003 1367 3558 1442">
     <span class='ocr_line' id='line_1_74' title="bbox 2003 1367 3558 1442; baseline 0.01 -23"><span class='ocrx_word' id='word_1_572' title='bbox 2003 1367 2124 1436; x_wconf 88' lang='lat' dir='ltr'><strong>quia</strong></span> <span class='ocrx_word' id='word_1_573' title='bbox 2156 1367 2312 1422; x_wconf 86' lang='lat' dir='ltr'><strong>Pater</strong></span> <span class='ocrx_word' id='word_1_574' title='bbox 2331 1378 2428 1423; x_wconf 90' lang='lat' dir='ltr'><strong>est.</strong></span> <span class='ocrx_word' id='word_1_575' title='bbox 2455 1369 2588 1424; x_wconf 87' lang='lat' dir='ltr'><strong>Cum</strong></span> <span class='ocrx_word' id='word_1_576' title='bbox 2617 1371 2711 1425; x_wconf 90' lang='lat' dir='ltr'><strong>tibi</strong></span> <span class='ocrx_word' id='word_1_577' title='bbox 2737 1373 2857 1442; x_wconf 88' lang='lat' dir='ltr'><strong>quia</strong></span> <span class='ocrx_word' id='word_1_578' title='bbox 2885 1374 3023 1429; x_wconf 91' lang='lat' dir='ltr'><strong>Deus</strong></span> <span class='ocrx_word' id='word_1_579' title='bbox 3042 1385 3123 1432; x_wconf 88' lang='lat' dir='ltr'><strong>est</strong></span> <span class='ocrx_word' id='word_1_580' title='bbox 3154 1378 3558 1435; x_wconf 90' lang='lat' dir='ltr'><strong>commendatur</strong></span> 
     </span>
    </p>
   </div>
   <div class='ocr_carea' id='block_1_75' title="bbox 2003 1458 3566 1534">
    <p class='ocr_par' dir='ltr' id='par_1_75' title="bbox 2003 1458 3566 1534">
     <span class='ocr_line' id='line_1_75' title="bbox 2003 1458 3566 1534; baseline 0.011 -24"><span class='ocrx_word' id='word_1_581' title='bbox 2003 1465 2211 1511; x_wconf 87' lang='lat' dir='ltr'><strong>creator</strong></span> <span class='ocrx_word' id='word_1_582' title='bbox 2239 1458 2331 1512; x_wconf 91' lang='lat' dir='ltr'><strong>tibi</strong></span> <span class='ocrx_word' id='word_1_583' title='bbox 2360 1461 2781 1530; x_wconf 88' lang='lat' dir='ltr'><strong>commendatur,</strong></span> <span class='ocrx_word' id='word_1_584' title='bbox 2810 1465 3147 1534; x_wconf 86' lang='lat' dir='ltr'><strong>omnipotens</strong></span> <span class='ocrx_word' id='word_1_585' title='bbox 3177 1468 3268 1523; x_wconf 93' lang='lat' dir='ltr'><strong>tibi</strong></span> <span class='ocrx_word' id='word_1_586' title='bbox 3296 1484 3566 1526; x_wconf 71' lang='lat' dir='ltr'><strong>commeo.</strong></span> 
     </span>
    </p>
   </div>
   <div class='ocr_carea' id='block_1_76' title="bbox 2005 1546 3583 1626">
    <p class='ocr_par' dir='ltr' id='par_1_76' title="bbox 2005 1546 3583 1626">
     <span class='ocr_line' id='line_1_76' title="bbox 2005 1546 3583 1626; baseline 0.011 -25"><span class='ocrx_word' id='word_1_587' title='bbox 2005 1546 2401 1618; x_wconf 88' lang='lat' dir='ltr'><strong>datur,spiritus</strong></span> <span class='ocrx_word' id='word_1_588' title='bbox 2412 1551 2625 1621; x_wconf 90' lang='lat' dir='ltr'><strong>quidam</strong></span> <span class='ocrx_word' id='word_1_589' title='bbox 2640 1569 2898 1619; x_wconf 90' lang='lat' dir='ltr'><strong>summus,</strong></span> <span class='ocrx_word' id='word_1_590' title='bbox 2914 1566 3162 1624; x_wconf 69' lang='lat' dir='ltr'><strong>mternus,</strong></span> <span class='ocrx_word' id='word_1_591' title='bbox 3180 1558 3482 1626; x_wconf 88' lang='lat' dir='ltr'><strong>invisibilis,</strong></span> <span class='ocrx_word' id='word_1_592' title='bbox 3499 1560 3551 1619; x_wconf 71' lang='lat' dir='ltr'><strong>in</strong></span> <span class='ocrx_word' id='word_1_593' title='bbox 3577 1598 3583 1605; x_wconf 69' lang='grc' dir='ltr'><strong><em>ι</em></strong></span> 
     </span>
    </p>
   </div>
   <div class='ocr_carea' id='block_1_77' title="bbox 2004 1644 3578 1727">
    <p class='ocr_par' dir='ltr' id='par_1_77' title="bbox 2004 1644 3578 1727">
     <span class='ocr_line' id='line_1_77' title="bbox 2004 1644 3578 1727; baseline 0.011 -31"><span class='ocrx_word' id='word_1_594' title='bbox 2004 1644 2394 1700; x_wconf 89' lang='lat' dir='ltr'><strong>commutabilis</strong></span> <span class='ocrx_word' id='word_1_595' title='bbox 2429 1647 2520 1701; x_wconf 91' lang='lat' dir='ltr'><strong>tibi</strong></span> <span class='ocrx_word' id='word_1_596' title='bbox 2549 1649 2986 1705; x_wconf 87' lang='lat' dir='ltr'><strong>commendatur:</strong></span> <span class='ocrx_word' id='word_1_597' title='bbox 3010 1666 3131 1706; x_wconf 92' lang='lat' dir='ltr'><strong>cum</strong></span> <span class='ocrx_word' id='word_1_598' title='bbox 3170 1669 3295 1710; x_wconf 90' lang='lat' dir='ltr'><strong>vero</strong></span> <span class='ocrx_word' id='word_1_599' title='bbox 3324 1655 3418 1710; x_wconf 87' lang='lat' dir='ltr'><strong>tibl</strong></span> <span class='ocrx_word' id='word_1_600' title='bbox 3455 1656 3578 1727; x_wconf 71' lang='lat' dir='ltr'><strong>quia</strong></span> 
     </span>
    </p>
   </div>
   <div class='ocr_carea' id='block_1_78' title="bbox 2007 1734 3583 1824">
    <p class='ocr_par' dir='ltr' id='par_1_78' title="bbox 2007 1734 3583 1824">
     <span class='ocr_line' id='line_1_78' title="bbox 2007 1734 3583 1824; baseline 0.01 -35"><span class='ocrx_word' id='word_1_601' title='bbox 2007 1734 2162 1789; x_wconf 90' lang='lat' dir='ltr'><strong>Pater</strong></span> <span class='ocrx_word' id='word_1_602' title='bbox 2201 1746 2280 1790; x_wconf 90' lang='lat' dir='ltr'><strong>est</strong></span> <span class='ocrx_word' id='word_1_603' title='bbox 2308 1739 2730 1807; x_wconf 90' lang='lat' dir='ltr'><strong>commendatur,</strong></span> <span class='ocrx_word' id='word_1_604' title='bbox 2757 1741 2888 1824; x_wconf 71' lang='lat' dir='ltr'><strong>nihil</strong></span> <span class='ocrx_word' id='word_1_605' title='bbox 2914 1743 3008 1796; x_wconf 89' lang='lat' dir='ltr'><strong>tibi</strong></span> <span class='ocrx_word' id='word_1_606' title='bbox 3053 1745 3192 1799; x_wconf 91' lang='lat' dir='ltr'><strong>aliud</strong></span> <span class='ocrx_word' id='word_1_607' title='bbox 3223 1762 3380 1816; x_wconf 89' lang='lat' dir='ltr'><strong>quam</strong></span> <span class='ocrx_word' id='word_1_608' title='bbox 3411 1757 3467 1803; x_wconf 89' lang='lat' dir='ltr'><strong>et</strong></span> <span class='ocrx_word' id='word_1_609' title='bbox 3489 1749 3583 1803; x_wconf 78' lang='lat' dir='ltr'><strong>Fi-</strong></span> 
     </span>
    </p>
   </div>
   <div class='ocr_carea' id='block_1_79' title="bbox 2008 1826 3577 1906">
    <p class='ocr_par' dir='ltr' id='par_1_79' title="bbox 2008 1826 3577 1906">
     <span class='ocr_line' id='line_1_79' title="bbox 2008 1826 3577 1906; baseline 0.01 -26"><span class='ocrx_word' id='word_1_610' title='bbox 2008 1826 2109 1881; x_wconf 92' lang='lat' dir='ltr'><strong>lius</strong></span> <span class='ocrx_word' id='word_1_611' title='bbox 2137 1829 2569 1896; x_wconf 89' lang='lat' dir='ltr'><strong>commendatur;</strong></span> <span class='ocrx_word' id='word_1_612' title='bbox 2599 1833 2720 1902; x_wconf 90' lang='lat' dir='ltr'><strong>quia</strong></span> <span class='ocrx_word' id='word_1_613' title='bbox 2747 1834 2902 1888; x_wconf 90' lang='lat' dir='ltr'><strong>Pater</strong></span> <span class='ocrx_word' id='word_1_614' title='bbox 2925 1834 3029 1891; x_wconf 92' lang='lat' dir='ltr'><strong>diei</strong></span> <span class='ocrx_word' id='word_1_615' title='bbox 3057 1851 3160 1890; x_wconf 90' lang='lat' dir='ltr'><strong>non</strong></span> <span class='ocrx_word' id='word_1_616' title='bbox 3185 1848 3383 1906; x_wconf 84' lang='lat' dir='ltr'><strong>potest,</strong></span> <span class='ocrx_word' id='word_1_617' title='bbox 3411 1840 3456 1894; x_wconf 90' lang='lat' dir='ltr'><strong>si</strong></span> <span class='ocrx_word' id='word_1_618' title='bbox 3487 1839 3577 1894; x_wconf 85' lang='lat' dir='ltr'><strong>Fi-</strong></span> 
     </span>
    </p>
   </div>
   <div class='ocr_carea' id='block_1_80' title="bbox 2008 1917 3584 1991">
    <p class='ocr_par' dir='ltr' id='par_1_80' title="bbox 2008 1917 3584 1991">
     <span class='ocr_line' id='line_1_80' title="bbox 2008 1917 3584 1991; baseline 0.011 -21"><span class='ocrx_word' id='word_1_619' title='bbox 2008 1917 2136 1972; x_wconf 90' lang='lat' dir='ltr'><strong>lium</strong></span> <span class='ocrx_word' id='word_1_620' title='bbox 2168 1933 2272 1972; x_wconf 92' lang='lat' dir='ltr'><strong>non</strong></span> <span class='ocrx_word' id='word_1_621' title='bbox 2304 1919 2493 1988; x_wconf 89' lang='lat' dir='ltr'><strong>habet;</strong></span> <span class='ocrx_word' id='word_1_622' title='bbox 2525 1922 2660 1977; x_wconf 92' lang='lat' dir='ltr'><strong>sicut</strong></span> <span class='ocrx_word' id='word_1_623' title='bbox 2696 1939 2796 1979; x_wconf 90' lang='lat' dir='ltr'><strong>nec</strong></span> <span class='ocrx_word' id='word_1_624' title='bbox 2822 1926 3007 1991; x_wconf 88' lang='lat' dir='ltr'><strong>Filius,</strong></span> <span class='ocrx_word' id='word_1_625' title='bbox 3039 1927 3082 1982; x_wconf 92' lang='lat' dir='ltr'><strong>si</strong></span> <span class='ocrx_word' id='word_1_626' title='bbox 3109 1929 3323 1984; x_wconf 91' lang='lat' dir='ltr'><strong>Patrem</strong></span> <span class='ocrx_word' id='word_1_627' title='bbox 3361 1945 3466 1985; x_wconf 90' lang='lat' dir='ltr'><strong>non</strong></span> <span class='ocrx_word' id='word_1_628' title='bbox 3487 1930 3584 1986; x_wconf 88' lang='lat' dir='ltr'><strong>ha-</strong></span> 
     </span>
    </p>
   </div>
   <div class='ocr_carea' id='block_1_81' title="bbox 2008 2007 3589 2083">
    <p class='ocr_par' dir='ltr' id='par_1_81' title="bbox 2008 2007 3589 2083">
     <span class='ocr_line' id='line_1_81' title="bbox 2008 2007 3589 2083; baseline 0.009 -20"><span class='ocrx_word' id='word_1_629' title='bbox 2008 2008 2116 2064; x_wconf 87' lang='lat' dir='ltr'><strong>bet.</strong></span> <span class='ocrx_word' id='word_1_630' title='bbox 2145 2007 2251 2064; x_wconf 90' lang='lat' dir='ltr'><strong>Sed</strong></span> <span class='ocrx_word' id='word_1_631' title='bbox 2300 2025 2365 2064; x_wconf 91' lang='lat' dir='ltr'><strong>ne</strong></span> <span class='ocrx_word' id='word_1_632' title='bbox 2417 2010 2553 2067; x_wconf 86' lang='lat' dir='ltr'><strong>forte</strong></span> <span class='ocrx_word' id='word_1_633' title='bbox 2599 2013 2811 2069; x_wconf 90' lang='lat' dir='ltr'><strong>Patrem</strong></span> <span class='ocrx_word' id='word_1_634' title='bbox 2859 2017 3072 2083; x_wconf 89' lang='lat' dir='ltr'><strong>quidem</strong></span> <span class='ocrx_word' id='word_1_635' title='bbox 3105 2017 3438 2076; x_wconf 84' lang='lat' dir='ltr'><strong>honoroﬁces</strong></span> <span class='ocrx_word' id='word_1_636' title='bbox 3471 2033 3589 2077; x_wconf 86' lang='lat' dir='ltr'><strong>Ian-</strong></span> 
     </span>
    </p>
   </div>
   <div class='ocr_carea' id='block_1_82' title="bbox 2007 2103 3584 2179">
    <p class='ocr_par' dir='ltr' id='par_1_82' title="bbox 2007 2103 3584 2179">
     <span class='ocr_line' id='line_1_82' title="bbox 2007 2103 3584 2179; baseline 0.01 -25"><span class='ocrx_word' id='word_1_637' title='bbox 2007 2116 2164 2171; x_wconf 90' lang='lat' dir='ltr'><strong>quam</strong></span> <span class='ocrx_word' id='word_1_638' title='bbox 2191 2103 2468 2179; x_wconf 86' lang='lat' dir='ltr'><strong>majorem,</strong></span> <span class='ocrx_word' id='word_1_639' title='bbox 2493 2103 2681 2159; x_wconf 89' lang='lat' dir='ltr'><strong>Filium</strong></span> <span class='ocrx_word' id='word_1_640' title='bbox 2713 2122 2840 2162; x_wconf 91' lang='lat' dir='ltr'><strong>vero</strong></span> <span class='ocrx_word' id='word_1_641' title='bbox 2892 2117 3139 2179; x_wconf 86' lang='lat' dir='ltr'><strong>tanquam</strong></span> <span class='ocrx_word' id='word_1_642' title='bbox 3188 2111 3471 2179; x_wconf 85' lang='lat' dir='ltr'><strong>minorem,</strong></span> <span class='ocrx_word' id='word_1_643' title='bbox 3511 2123 3584 2174; x_wconf 87' lang='lat' dir='ltr'><strong>.ut</strong></span> 
     </span>
    </p>
   </div>
   <div class='ocr_carea' id='block_1_83' title="bbox 2008 2192 3585 2271">
    <p class='ocr_par' dir='ltr' id='par_1_83' title="bbox 2008 2192 3585 2271">
     <span class='ocr_line' id='line_1_83' title="bbox 2008 2192 3585 2271; baseline 0.009 -25"><span class='ocrx_word' id='word_1_644' title='bbox 2008 2192 2153 2247; x_wconf 89' lang='lat' dir='ltr'><strong>dicas</strong></span> <span class='ocrx_word' id='word_1_645' title='bbox 2179 2193 2643 2258; x_wconf 78' lang='lat' dir='ltr'><strong>mihi,llonorifico</strong></span> <span class='ocrx_word' id='word_1_646' title='bbox 2666 2196 2892 2262; x_wconf 88' lang='lat' dir='ltr'><strong>Patrem,</strong></span> <span class='ocrx_word' id='word_1_647' title='bbox 2923 2200 3033 2255; x_wconf 90' lang='lat' dir='ltr'><strong>scio</strong></span> <span class='ocrx_word' id='word_1_648' title='bbox 3061 2201 3201 2256; x_wconf 88' lang='lat' dir='ltr'><strong>cnim</strong></span> <span class='ocrx_word' id='word_1_649' title='bbox 3229 2203 3368 2271; x_wconf 91' lang='lat' dir='ltr'><strong>quod</strong></span> <span class='ocrx_word' id='word_1_650' title='bbox 3391 2203 3585 2260; x_wconf 86' lang='lat' dir='ltr'><strong>habeat</strong></span> 
     </span>
    </p>
   </div>
   <div class='ocr_carea' id='block_1_84' title="bbox 2010 2285 3584 2357">
    <p class='ocr_par' dir='ltr' id='par_1_84' title="bbox 2010 2285 3584 2357">
     <span class='ocr_line' id='line_1_84' title="bbox 2010 2285 3584 2357; baseline 0.006 -17"><span class='ocrx_word' id='word_1_651' title='bbox 2010 2285 2231 2350; x_wconf 85' lang='lat' dir='ltr'><strong>Filium;</strong></span> <span class='ocrx_word' id='word_1_652' title='bbox 2259 2297 2313 2340; x_wconf 89' lang='lat' dir='ltr'><strong>et</strong></span> <span class='ocrx_word' id='word_1_653' title='bbox 2339 2302 2442 2342; x_wconf 92' lang='lat' dir='ltr'><strong>non</strong></span> <span class='ocrx_word' id='word_1_654' title='bbox 2464 2303 2585 2342; x_wconf 90' lang='lat' dir='ltr'><strong>erro</strong></span> <span class='ocrx_word' id='word_1_655' title='bbox 2613 2289 2663 2342; x_wconf 91' lang='lat' dir='ltr'><strong>in</strong></span> <span class='ocrx_word' id='word_1_656' title='bbox 2691 2289 2865 2344; x_wconf 91' lang='lat' dir='ltr'><strong>Patris</strong></span> <span class='ocrx_word' id='word_1_657' title='bbox 2894 2292 3140 2357; x_wconf 87' lang='lat' dir='ltr'><strong>nomine,</strong></span> <span class='ocrx_word' id='word_1_658' title='bbox 3173 2308 3279 2348; x_wconf 90' lang='lat' dir='ltr'><strong>non</strong></span> <span class='ocrx_word' id='word_1_659' title='bbox 3309 2294 3450 2348; x_wconf 87' lang='lat' dir='ltr'><strong>enim</strong></span> <span class='ocrx_word' id='word_1_660' title='bbox 3479 2295 3584 2349; x_wconf 88' lang='lat' dir='ltr'><strong>Pa-</strong></span> 
     </span>
    </p>
   </div>
   <div class='ocr_carea' id='block_1_85' title="bbox 2011 2376 3587 2448">
    <p class='ocr_par' dir='ltr' id='par_1_85' title="bbox 2011 2376 3587 2448">
     <span class='ocr_line' id='line_1_85' title="bbox 2011 2376 3587 2448; baseline 0.004 -16"><span class='ocrx_word' id='word_1_661' title='bbox 2011 2385 2146 2432; x_wconf 89' lang='lat' dir='ltr'><strong>trem</strong></span> <span class='ocrx_word' id='word_1_662' title='bbox 2181 2376 2419 2448; x_wconf 83' lang='lat' dir='ltr'><strong>intelligo</strong></span> <span class='ocrx_word' id='word_1_663' title='bbox 2439 2379 2554 2434; x_wconf 88' lang='lat' dir='ltr'><strong>sine</strong></span> <span class='ocrx_word' id='word_1_664' title='bbox 2581 2379 2746 2444; x_wconf 92' lang='lat' dir='ltr'><strong>Filio,</strong></span> <span class='ocrx_word' id='word_1_665' title='bbox 2779 2379 3075 2436; x_wconf 83' lang='lat' dir='ltr'><strong>honoriﬁco</strong></span> <span class='ocrx_word' id='word_1_666' title='bbox 3117 2392 3291 2437; x_wconf 86' lang='lat' dir='ltr'><strong>tamen</strong></span> <span class='ocrx_word' id='word_1_667' title='bbox 3319 2392 3374 2438; x_wconf 90' lang='lat' dir='ltr'><strong>et</strong></span> <span class='ocrx_word' id='word_1_668' title='bbox 3395 2383 3587 2439; x_wconf 80' lang='lat' dir='ltr'><strong>Filium</strong></span> 
     </span>
    </p>
   </div>
   <div class='ocr_carea' id='block_1_86' title="bbox 2013 2470 3591 2542">
    <p class='ocr_par' dir='ltr' id='par_1_86' title="bbox 2013 2470 3591 2542">
     <span class='ocr_line' id='line_1_86' title="bbox 2013 2470 3591 2542; baseline 0.004 -18"><span class='ocrx_word' id='word_1_669' title='bbox 2013 2477 2260 2540; x_wconf 83' lang='lat' dir='ltr'><strong>tanquam</strong></span> <span class='ocrx_word' id='word_1_670' title='bbox 2285 2470 2543 2525; x_wconf 90' lang='lat' dir='ltr'><strong>minorem</strong></span> <span class='ocrx_word' id='word_1_671' title='bbox 2571 2488 2583 2525; x_wconf 92' lang='lat'><strong>:</strong></span> <span class='ocrx_word' id='word_1_672' title='bbox 2607 2471 2825 2542; x_wconf 83' lang='lat' dir='ltr'><strong>corrigit</strong></span> <span class='ocrx_word' id='word_1_673' title='bbox 2852 2480 2900 2526; x_wconf 90' lang='lat' dir='ltr'><strong>te</strong></span> <span class='ocrx_word' id='word_1_674' title='bbox 2924 2471 3040 2541; x_wconf 90' lang='lat' dir='ltr'><strong>ipse</strong></span> <span class='ocrx_word' id='word_1_675' title='bbox 3068 2472 3266 2540; x_wconf 77' lang='lat' dir='ltr'><strong>Filius,</strong></span> <span class='ocrx_word' id='word_1_676' title='bbox 3299 2482 3354 2529; x_wconf 89' lang='lat' dir='ltr'><strong>et</strong></span> <span class='ocrx_word' id='word_1_677' title='bbox 3377 2482 3591 2531; x_wconf 84' lang='lat' dir='ltr'><strong>revocat</strong></span> 
     </span>
    </p>
   </div>
   <div class='ocr_carea' id='block_1_87' title="bbox 2011 2558 3582 2630">
    <p class='ocr_par' dir='ltr' id='par_1_87' title="bbox 2011 2558 3582 2630">
     <span class='ocr_line' id='line_1_87' title="bbox 2011 2558 3582 2630; baseline 0.003 -16"><span class='ocrx_word' id='word_1_678' title='bbox 2011 2566 2065 2614; x_wconf 90' lang='lat' dir='ltr'><strong>te</strong></span> <span class='ocrx_word' id='word_1_679' title='bbox 2089 2558 2294 2625; x_wconf 90' lang='lat' dir='ltr'><strong>dicens,</strong></span> <span class='ocrx_word' id='word_1_680' title='bbox 2320 2568 2372 2612; x_wconf 90' lang='lat' dir='ltr'><strong>ut</strong></span> <span class='ocrx_word' id='word_1_681' title='bbox 2392 2576 2561 2614; x_wconf 82' lang='lat' dir='ltr'><strong>omnes</strong></span> <span class='ocrx_word' id='word_1_682' title='bbox 2591 2560 2920 2630; x_wconf 77' lang='lat' dir='ltr'><strong>honoriﬁcam</strong></span> <span class='ocrx_word' id='word_1_683' title='bbox 2947 2560 3140 2616; x_wconf 81' lang='lat' dir='ltr'><strong>Filium</strong></span> <span class='ocrx_word' id='word_1_684' title='bbox 3159 2603 3173 2626; x_wconf 89' lang='lat'><strong>,</strong></span> <span class='ocrx_word' id='word_1_685' title='bbox 3205 2579 3310 2619; x_wconf 90' lang='lat' dir='ltr'><strong>non</strong></span> <span class='ocrx_word' id='word_1_686' title='bbox 3338 2563 3582 2630; x_wconf 89' lang='lat' dir='ltr'><strong>inferius,</strong></span> 
     </span>
    </p>
   </div>
   <div class='ocr_carea' id='block_1_88' title="bbox 2012 2647 3593 2726">
    <p class='ocr_par' dir='ltr' id='par_1_88' title="bbox 2012 2647 3593 2726">
     <span class='ocr_line' id='line_1_88' title="bbox 2012 2647 3593 2726; baseline 0.003 -22"><span class='ocrx_word' id='word_1_687' title='bbox 2012 2647 2105 2704; x_wconf 87' lang='lat' dir='ltr'><strong>sed</strong></span> <span class='ocrx_word' id='word_1_688' title='bbox 2132 2649 2258 2702; x_wconf 87' lang='lat' dir='ltr'><strong>sicut</strong></span> <span class='ocrx_word' id='word_1_689' title='bbox 2285 2649 2619 2718; x_wconf 78' lang='lat' dir='ltr'><strong>honorificam</strong></span> <span class='ocrx_word' id='word_1_690' title='bbox 2663 2650 2888 2706; x_wconf 87' lang='lat' dir='ltr'><strong>Patrem.</strong></span> <span class='ocrx_word' id='word_1_691' title='bbox 2921 2653 3020 2716; x_wconf 82' lang='lat' dir='ltr'><strong>Qui</strong></span> <span class='ocrx_word' id='word_1_692' title='bbox 3064 2669 3192 2722; x_wconf 78' lang='lat' dir='ltr'><strong>ergo</strong></span> <span class='ocrx_word' id='word_1_693' title='bbox 3219 2671 3321 2708; x_wconf 86' lang='lat' dir='ltr'><strong>non</strong></span> <span class='ocrx_word' id='word_1_694' title='bbox 3347 2655 3593 2726; x_wconf 71' lang='lat' dir='ltr'><strong>honoriﬁ-</strong></span> 
     </span>
    </p>
   </div>
   <div class='ocr_carea' id='block_1_89' title="bbox 2013 2735 3586 2814">
    <p class='ocr_par' dir='ltr' id='par_1_89' title="bbox 2013 2735 3586 2814">
     <span class='ocr_line' id='line_1_89' title="bbox 2013 2735 3586 2814; baseline 0.007 -23"><span class='ocrx_word' id='word_1_695' title='bbox 2013 2748 2096 2792; x_wconf 88' lang='lat' dir='ltr'><strong>cat</strong></span> <span class='ocrx_word' id='word_1_696' title='bbox 2142 2737 2365 2804; x_wconf 85' lang='lat' dir='ltr'><strong>Filium,</strong></span> <span class='ocrx_word' id='word_1_697' title='bbox 2392 2756 2491 2794; x_wconf 86' lang='lat' dir='ltr'><strong>non</strong></span> <span class='ocrx_word' id='word_1_698' title='bbox 2537 2740 2837 2810; x_wconf 80' lang='lat' dir='ltr'><strong>honori/ient</strong></span> <span class='ocrx_word' id='word_1_699' title='bbox 2889 2735 3097 2796; x_wconf 85' lang='lat' dir='ltr'><strong>Patrem</strong></span> <span class='ocrx_word' id='word_1_700' title='bbox 3125 2743 3213 2814; x_wconf 81' lang='lat' dir='ltr'><strong>qui</strong></span> <span class='ocrx_word' id='word_1_701' title='bbox 3243 2745 3376 2798; x_wconf 85' lang='lat' dir='ltr'><strong>misit</strong></span> <span class='ocrx_word' id='word_1_702' title='bbox 3417 2744 3586 2802; x_wconf 77' lang='lat' dir='ltr'><strong>illum.</strong></span> 
     </span>
    </p>
   </div>
   <div class='ocr_carea' id='block_1_90' title="bbox 2012 2830 3592 2901">
    <p class='ocr_par' dir='ltr' id='par_1_90' title="bbox 2012 2830 3592 2901">
     <span class='ocr_line' id='line_1_90' title="bbox 2012 2830 3592 2901; baseline 0.004 -17"><span class='ocrx_word' id='word_1_703' title='bbox 2012 2830 2155 2900; x_wconf 86' lang='lat' dir='ltr'><strong>Ego,</strong></span> <span class='ocrx_word' id='word_1_704' title='bbox 2200 2830 2412 2900; x_wconf 90' lang='lat' dir='ltr'><strong>inquis,</strong></span> <span class='ocrx_word' id='word_1_705' title='bbox 2461 2831 2714 2900; x_wconf 85' lang='lat' dir='ltr'><strong>majorem</strong></span> <span class='ocrx_word' id='word_1_706' title='bbox 2765 2831 3021 2896; x_wconf 89' lang='lat' dir='ltr'><strong>honorem</strong></span> <span class='ocrx_word' id='word_1_707' title='bbox 3071 2834 3190 2890; x_wconf 88' lang='lat' dir='ltr'><strong>volo</strong></span> <span class='ocrx_word' id='word_1_708' title='bbox 3237 2834 3366 2890; x_wconf 88' lang='lat' dir='ltr'><strong>dare</strong></span> <span class='ocrx_word' id='word_1_709' title='bbox 3411 2835 3592 2901; x_wconf 86' lang='lat' dir='ltr'><strong>Patri,</strong></span> 
     </span>
    </p>
   </div>
   <div class='ocr_carea' id='block_1_91' title="bbox 2015 2919 3596 2989">
    <p class='ocr_par' dir='ltr' id='par_1_91' title="bbox 2015 2919 3596 2989">
     <span class='ocr_line' id='line_1_91' title="bbox 2015 2919 3596 2989; baseline 0.004 -15"><span class='ocrx_word' id='word_1_710' title='bbox 2015 2920 2270 2976; x_wconf 81' lang='lat' dir='ltr'><strong>minorem</strong></span> <span class='ocrx_word' id='word_1_711' title='bbox 2306 2919 2457 2975; x_wconf 84' lang='lat' dir='ltr'><strong>Filio.</strong></span> <span class='ocrx_word' id='word_1_712' title='bbox 2492 2920 2565 2975; x_wconf 84' lang='lat' dir='ltr'><strong>lbi</strong></span> <span class='ocrx_word' id='word_1_713' title='bbox 2595 2921 2735 2976; x_wconf 93' lang='lat' dir='ltr'><strong>tollis</strong></span> <span class='ocrx_word' id='word_1_714' title='bbox 2781 2922 3038 2977; x_wconf 89' lang='lat' dir='ltr'><strong>honorem</strong></span> <span class='ocrx_word' id='word_1_715' title='bbox 3088 2923 3268 2989; x_wconf 89' lang='lat' dir='ltr'><strong>Patri,</strong></span> <span class='ocrx_word' id='word_1_716' title='bbox 3299 2924 3387 2980; x_wconf 93' lang='lat' dir='ltr'><strong>ubi</strong></span> <span class='ocrx_word' id='word_1_717' title='bbox 3423 2925 3596 2981; x_wconf 77' lang='lat' dir='ltr'><strong>mino-</strong></span> 
     </span>
    </p>
   </div>
   <div class='ocr_carea' id='block_1_92' title="bbox 2015 3011 3597 3081">
    <p class='ocr_par' dir='ltr' id='par_1_92' title="bbox 2015 3011 3597 3081">
     <span class='ocr_line' id='line_1_92' title="bbox 2015 3011 3597 3081; baseline 0.003 -14"><span class='ocrx_word' id='word_1_718' title='bbox 2015 3027 2128 3068; x_wconf 89' lang='lat' dir='ltr'><strong>rem</strong></span> <span class='ocrx_word' id='word_1_719' title='bbox 2167 3011 2262 3067; x_wconf 90' lang='lat' dir='ltr'><strong>das</strong></span> <span class='ocrx_word' id='word_1_720' title='bbox 2291 3012 2440 3066; x_wconf 84' lang='lat' dir='ltr'><strong>Filio.</strong></span> <span class='ocrx_word' id='word_1_721' title='bbox 2472 3012 2607 3081; x_wconf 85' lang='lat' dir='ltr'><strong>Quid</strong></span> <span class='ocrx_word' id='word_1_722' title='bbox 2651 3013 2792 3067; x_wconf 90' lang='lat' dir='ltr'><strong>enim</strong></span> <span class='ocrx_word' id='word_1_723' title='bbox 2837 3013 2976 3068; x_wconf 88' lang='lat' dir='ltr'><strong>aliud</strong></span> <span class='ocrx_word' id='word_1_724' title='bbox 3008 3014 3099 3068; x_wconf 91' lang='lat' dir='ltr'><strong>tibi</strong></span> <span class='ocrx_word' id='word_1_725' title='bbox 3139 3014 3350 3072; x_wconf 91' lang='lat' dir='ltr'><strong>videtur</strong></span> <span class='ocrx_word' id='word_1_726' title='bbox 3377 3017 3448 3071; x_wconf 89' lang='lat' dir='ltr'><strong>ita</strong></span> <span class='ocrx_word' id='word_1_727' title='bbox 3473 3031 3597 3072; x_wconf 82' lang='lat' dir='ltr'><strong>sen-</strong></span> 
     </span>
    </p>
   </div>
   <div class='ocr_carea' id='block_1_93' title="bbox 2016 3102 3597 3178">
    <p class='ocr_par' dir='ltr' id='par_1_93' title="bbox 2016 3102 3597 3178">
     <span class='ocr_line' id='line_1_93' title="bbox 2016 3102 3597 3178; baseline 0.004 -22"><span class='ocrx_word' id='word_1_728' title='bbox 2016 3102 2164 3158; x_wconf 90' lang='lat' dir='ltr'><strong>tienti</strong></span> <span class='ocrx_word' id='word_1_729' title='bbox 2184 3145 2198 3169; x_wconf 90' lang='lat'><strong>,</strong></span> <span class='ocrx_word' id='word_1_730' title='bbox 2228 3103 2330 3157; x_wconf 89' lang='lat' dir='ltr'><strong>nisi</strong></span> <span class='ocrx_word' id='word_1_731' title='bbox 2368 3103 2490 3174; x_wconf 89' lang='lat' dir='ltr'><strong>quia</strong></span> <span class='ocrx_word' id='word_1_732' title='bbox 2516 3103 2673 3158; x_wconf 89' lang='lat' dir='ltr'><strong>Pater</strong></span> <span class='ocrx_word' id='word_1_733' title='bbox 2701 3104 2957 3173; x_wconf 73' lang='lat' dir='ltr'><strong>mqualem</strong></span> <span class='ocrx_word' id='word_1_734' title='bbox 2999 3105 3098 3159; x_wconf 89' lang='lat' dir='ltr'><strong>sibi</strong></span> <span class='ocrx_word' id='word_1_735' title='bbox 3123 3105 3314 3160; x_wconf 85' lang='lat' dir='ltr'><strong>Filium</strong></span> <span class='ocrx_word' id='word_1_736' title='bbox 3341 3122 3597 3178; x_wconf 82' lang='lat' dir='ltr'><strong>generare</strong></span> 
     </span>
    </p>
   </div>
   <div class='ocr_carea' id='block_1_94' title="bbox 2015 3192 3589 3263">
    <p class='ocr_par' dir='ltr' id='par_1_94' title="bbox 2015 3192 3589 3263">
     <span class='ocr_line' id='line_1_94' title="bbox 2015 3192 3589 3263; baseline 0.004 -16"><span class='ocrx_word' id='word_1_737' title='bbox 2015 3202 2108 3247; x_wconf 87' lang='lat' dir='ltr'><strong>aut</strong></span> <span class='ocrx_word' id='word_1_738' title='bbox 2139 3192 2304 3247; x_wconf 88' lang='lat' dir='ltr'><strong>noluit</strong></span> <span class='ocrx_word' id='word_1_739' title='bbox 2331 3233 2346 3259; x_wconf 92' lang='lat'><strong>,</strong></span> <span class='ocrx_word' id='word_1_740' title='bbox 2373 3201 2464 3246; x_wconf 87' lang='lat' dir='ltr'><strong>aut</strong></span> <span class='ocrx_word' id='word_1_741' title='bbox 2482 3207 2586 3247; x_wconf 93' lang='lat' dir='ltr'><strong>non</strong></span> <span class='ocrx_word' id='word_1_742' title='bbox 2611 3193 2816 3262; x_wconf 88' lang='lat' dir='ltr'><strong>potuit?</strong></span> <span class='ocrx_word' id='word_1_743' title='bbox 2845 3192 2902 3248; x_wconf 90' lang='lat' dir='ltr'><strong>Si</strong></span> <span class='ocrx_word' id='word_1_744' title='bbox 2926 3193 3095 3248; x_wconf 87' lang='lat' dir='ltr'><strong>noluit</strong></span> <span class='ocrx_word' id='word_1_745' title='bbox 3115 3235 3129 3260; x_wconf 97' lang='lat'><strong>,</strong></span> <span class='ocrx_word' id='word_1_746' title='bbox 3163 3195 3383 3263; x_wconf 86' lang='lat' dir='ltr'><strong>invidit;</strong></span> <span class='ocrx_word' id='word_1_747' title='bbox 3414 3197 3589 3253; x_wconf 89' lang='lat' dir='ltr'><strong>sinon</strong></span> 
     </span>
    </p>
   </div>
   <div class='ocr_carea' id='block_1_95' title="bbox 2018 3281 3593 3354">
    <p class='ocr_par' dir='ltr' id='par_1_95' title="bbox 2018 3281 3593 3354">
     <span class='ocr_line' id='line_1_95' title="bbox 2018 3281 3593 3354; baseline 0.004 -19"><span class='ocrx_word' id='word_1_748' title='bbox 2018 3283 2215 3354; x_wconf 91' lang='lat' dir='ltr'><strong>potuit,</strong></span> <span class='ocrx_word' id='word_1_749' title='bbox 2249 3281 2460 3337; x_wconf 87' lang='lat' dir='ltr'><strong>defecit.</strong></span> <span class='ocrx_word' id='word_1_750' title='bbox 2498 3282 2615 3338; x_wconf 84' lang='lat' dir='ltr'><strong>Non</strong></span> <span class='ocrx_word' id='word_1_751' title='bbox 2648 3297 2775 3354; x_wconf 83' lang='lat' dir='ltr'><strong>ergo</strong></span> <span class='ocrx_word' id='word_1_752' title='bbox 2801 3282 2950 3339; x_wconf 83' lang='lat' dir='ltr'><strong>vides</strong></span> <span class='ocrx_word' id='word_1_753' title='bbox 2996 3284 3118 3354; x_wconf 90' lang='lat' dir='ltr'><strong>quia</strong></span> <span class='ocrx_word' id='word_1_754' title='bbox 3174 3284 3244 3339; x_wconf 89' lang='lat' dir='ltr'><strong>ita</strong></span> <span class='ocrx_word' id='word_1_755' title='bbox 3290 3286 3593 3354; x_wconf 88' lang='lat' dir='ltr'><strong>sentiendo,</strong></span> 
     </span>
    </p>
   </div>
   <div class='ocr_carea' id='block_1_96' title="bbox 2021 3372 3598 3442">
    <p class='ocr_par' dir='ltr' id='par_1_96' title="bbox 2021 3372 3598 3442">
     <span class='ocr_line' id='line_1_96' title="bbox 2021 3372 3598 3442; baseline 0.002 -15"><span class='ocrx_word' id='word_1_756' title='bbox 2021 3373 2107 3428; x_wconf 92' lang='lat' dir='ltr'><strong>ubi</strong></span> <span class='ocrx_word' id='word_1_757' title='bbox 2126 3373 2379 3442; x_wconf 86' lang='lat' dir='ltr'><strong>majorem</strong></span> <span class='ocrx_word' id='word_1_758' title='bbox 2406 3373 2662 3428; x_wconf 88' lang='lat' dir='ltr'><strong>honorem</strong></span> <span class='ocrx_word' id='word_1_759' title='bbox 2687 3373 2764 3428; x_wconf 88' lang='lat' dir='ltr'><strong>vis</strong></span> <span class='ocrx_word' id='word_1_760' title='bbox 2787 3372 2915 3427; x_wconf 90' lang='lat' dir='ltr'><strong>dare</strong></span> <span class='ocrx_word' id='word_1_761' title='bbox 2938 3373 3078 3428; x_wconf 88' lang='lat' dir='ltr'><strong>Patri</strong></span> <span class='ocrx_word' id='word_1_762' title='bbox 3099 3414 3112 3435; x_wconf 91' lang='lat'><strong>,</strong></span> <span class='ocrx_word' id='word_1_763' title='bbox 3139 3374 3206 3429; x_wconf 88' lang='lat' dir='ltr'><strong>ibi</strong></span> <span class='ocrx_word' id='word_1_764' title='bbox 3237 3390 3295 3430; x_wconf 89' lang='lat' dir='ltr'><strong>es</strong></span> <span class='ocrx_word' id='word_1_765' title='bbox 3315 3384 3598 3432; x_wconf 88' lang='lat' dir='ltr'><strong>contume-</strong></span> 
     </span>
    </p>
   </div>
   <div class='ocr_carea' id='block_1_97' title="bbox 2018 3463 3596 3538">
    <p class='ocr_par' dir='ltr' id='par_1_97' title="bbox 2018 3463 3596 3538">
     <span class='ocr_line' id='line_1_97' title="bbox 2018 3463 3596 3538; baseline 0.001 -18"><span class='ocrx_word' id='word_1_766' title='bbox 2018 3465 2184 3520; x_wconf 88' lang='lat' dir='ltr'><strong>liosus</strong></span> <span class='ocrx_word' id='word_1_767' title='bbox 2207 3467 2259 3518; x_wconf 93' lang='lat' dir='ltr'><strong>in</strong></span> <span class='ocrx_word' id='word_1_768' title='bbox 2293 3465 2539 3519; x_wconf 89' lang='lat' dir='ltr'><strong>Patrem?</strong></span> <span class='ocrx_word' id='word_1_769' title='bbox 2564 3463 2793 3520; x_wconf 88' lang='lat' dir='ltr'><strong>Proinde</strong></span> <span class='ocrx_word' id='word_1_770' title='bbox 2818 3464 2894 3518; x_wconf 85' lang='lat' dir='ltr'><strong>sic</strong></span> <span class='ocrx_word' id='word_1_771' title='bbox 2915 3465 3202 3520; x_wconf 87' lang='lat' dir='ltr'><strong>honerilica</strong></span> <span class='ocrx_word' id='word_1_772' title='bbox 3229 3465 3440 3536; x_wconf 82' lang='lat' dir='ltr'><strong>Filium,</strong></span> <span class='ocrx_word' id='word_1_773' title='bbox 3463 3481 3596 3538; x_wconf 91' lang='lat' dir='ltr'><strong>quo-</strong></span> 
     </span>
    </p>
   </div>
   <div class='ocr_carea' id='block_1_98' title="bbox 2020 3553 3592 3620">
    <p class='ocr_par' dir='ltr' id='par_1_98' title="bbox 2020 3553 3592 3620">
     <span class='ocr_line' id='line_1_98' title="bbox 2020 3553 3592 3620; baseline 0.003 -12"><span class='ocrx_word' id='word_1_774' title='bbox 2020 3555 2180 3608; x_wconf 92' lang='lat' dir='ltr'><strong>modo</strong></span> <span class='ocrx_word' id='word_1_775' title='bbox 2206 3555 2526 3610; x_wconf 78' lang='lat' dir='ltr'><strong>honorificus</strong></span> <span class='ocrx_word' id='word_1_776' title='bbox 2554 3555 2763 3610; x_wconf 87' lang='lat' dir='ltr'><strong>Patrem</strong></span> <span class='ocrx_word' id='word_1_777' title='bbox 2785 3595 2800 3620; x_wconf 94' lang='lat'><strong>,</strong></span> <span class='ocrx_word' id='word_1_778' title='bbox 2831 3556 2875 3608; x_wconf 90' lang='lat' dir='ltr'><strong>si</strong></span> <span class='ocrx_word' id='word_1_779' title='bbox 2904 3555 2984 3608; x_wconf 91' lang='lat' dir='ltr'><strong>vis</strong></span> <span class='ocrx_word' id='word_1_780' title='bbox 3031 3553 3384 3612; x_wconf 85' lang='lat' dir='ltr'><strong>ltonorilicare</strong></span> <span class='ocrx_word' id='word_1_781' title='bbox 3409 3565 3463 3613; x_wconf 89' lang='lat' dir='ltr'><strong>et</strong></span> <span class='ocrx_word' id='word_1_782' title='bbox 3489 3557 3592 3612; x_wconf 50' lang='lat' dir='ltr'><strong>Pa.</strong></span> 
     </span>
    </p>
   </div>
   <div class='ocr_carea' id='block_1_99' title="bbox 2024 3645 2473 3700">
    <p class='ocr_par' dir='ltr' id='par_1_99' title="bbox 2024 3645 2473 3700">
     <span class='ocr_line' id='line_1_99' title="bbox 2024 3645 2473 3700; baseline -0.002 -1"><span class='ocrx_word' id='word_1_783' title='bbox 2024 3655 2158 3700; x_wconf 89' lang='lat' dir='ltr'><strong>trem</strong></span> <span class='ocrx_word' id='word_1_784' title='bbox 2184 3653 2238 3699; x_wconf 89' lang='lat' dir='ltr'><strong>et</strong></span> <span class='ocrx_word' id='word_1_785' title='bbox 2262 3645 2473 3698; x_wconf 88' lang='lat' dir='ltr'><strong>Filium.</strong></span> 
     </span>
    </p>
   </div>
   <div class='ocr_carea' id='block_1_100' title="bbox 2093 3720 3601 3806">
    <p class='ocr_par' dir='ltr' id='par_1_100' title="bbox 2093 3720 3601 3806">
     <span class='ocr_line' id='line_1_100' title="bbox 2093 3720 3601 3806; baseline 0.002 -18"><span class='ocrx_word' id='word_1_786' title='bbox 2093 3736 2143 3788; x_wconf 85' lang='lat'><strong>7.</strong></span> <span class='ocrx_word' id='word_1_787' title='bbox 2186 3735 2363 3799; x_wconf 78' lang='lat' dir='ltr'><strong>Amen,</strong></span> <span class='ocrx_word' id='word_1_788' title='bbox 2392 3750 2535 3788; x_wconf 85' lang='lat' dir='ltr'><strong>amen</strong></span> <span class='ocrx_word' id='word_1_789' title='bbox 2563 3734 2674 3787; x_wconf 84' lang='lat' dir='ltr'><strong>dico</strong></span> <span class='ocrx_word' id='word_1_790' title='bbox 2700 3733 2851 3799; x_wconf 83' lang='lat' dir='ltr'><strong>vobis,</strong></span> <span class='ocrx_word' id='word_1_791' title='bbox 2875 3735 2993 3803; x_wconf 85' lang='lat' dir='ltr'><strong>quia</strong></span> <span class='ocrx_word' id='word_1_792' title='bbox 3011 3735 3096 3806; x_wconf 85' lang='lat' dir='ltr'><strong>qui</strong></span> <span class='ocrx_word' id='word_1_793' title='bbox 3116 3720 3311 3788; x_wconf 79' lang='lat' dir='ltr'><strong>verbum</strong></span> <span class='ocrx_word' id='word_1_794' title='bbox 3331 3752 3492 3790; x_wconf 83' lang='lat' dir='ltr'><strong>meum</strong></span> <span class='ocrx_word' id='word_1_795' title='bbox 3517 3753 3601 3790; x_wconf 84' lang='lat' dir='ltr'><strong>au-</strong></span> 
     </span>
    </p>
   </div>
   <div class='ocr_carea' id='block_1_101' title="bbox 2021 3813 3601 3897">
    <p class='ocr_par' dir='ltr' id='par_1_101' title="bbox 2021 3813 3601 3897">
     <span class='ocr_line' id='line_1_101' title="bbox 2021 3813 3601 3897; baseline 0 -15"><span class='ocrx_word' id='word_1_796' title='bbox 2021 3813 2114 3893; x_wconf 85' lang='lat' dir='ltr'><strong>dit,</strong></span> <span class='ocrx_word' id='word_1_797' title='bbox 2145 3837 2188 3882; x_wconf 90' lang='lat' dir='ltr'><strong>et</strong></span> <span class='ocrx_word' id='word_1_798' title='bbox 2213 3826 2370 3880; x_wconf 86' lang='lat' dir='ltr'><strong>credit</strong></span> <span class='ocrx_word' id='word_1_799' title='bbox 2394 3826 2438 3879; x_wconf 88' lang='lat' dir='ltr'><strong>ei</strong></span> <span class='ocrx_word' id='word_1_800' title='bbox 2456 3826 2541 3897; x_wconf 86' lang='lat' dir='ltr'><strong>qui</strong></span> <span class='ocrx_word' id='word_1_801' title='bbox 2559 3826 2689 3878; x_wconf 81' lang='lat' dir='ltr'><strong>misit</strong></span> <span class='ocrx_word' id='word_1_802' title='bbox 2716 3835 2813 3889; x_wconf 86' lang='lat' dir='ltr'><strong>me,</strong></span> <span class='ocrx_word' id='word_1_803' title='bbox 2838 3825 2982 3879; x_wconf 83' lang='lat' dir='ltr'><strong>habet</strong></span> <span class='ocrx_word' id='word_1_804' title='bbox 3008 3827 3158 3879; x_wconf 80' lang='lat' dir='ltr'><strong>vitam</strong></span> <span class='ocrx_word' id='word_1_805' title='bbox 3182 3835 3450 3890; x_wconf 64' lang='lat' dir='ltr'><strong>teter-nam;</strong></span> <span class='ocrx_word' id='word_1_806' title='bbox 3477 3824 3520 3881; x_wconf 87' lang='lat' dir='ltr'><strong>et</strong></span> <span class='ocrx_word' id='word_1_807' title='bbox 3547 3828 3601 3882; x_wconf 82' lang='lat' dir='ltr'><strong>in</strong></span> 
     </span>
    </p>
   </div>
   <div class='ocr_carea' id='block_1_102' title="bbox 2012 3903 3604 3991">
    <p class='ocr_par' dir='ltr' id='par_1_102' title="bbox 2012 3903 3604 3991">
     <span class='ocr_line' id='line_1_102' title="bbox 2012 3903 3604 3991; baseline 0.003 -20"><span class='ocrx_word' id='word_1_808' title='bbox 2012 3919 2264 3991; x_wconf 86' lang='lat' dir='ltr'><strong>judicium</strong></span> <span class='ocrx_word' id='word_1_809' title='bbox 2291 3933 2389 3970; x_wconf 85' lang='lat' dir='ltr'><strong>non</strong></span> <span class='ocrx_word' id='word_1_810' title='bbox 2415 3916 2564 3982; x_wconf 82' lang='lat' dir='ltr'><strong>venit,</strong></span> <span class='ocrx_word' id='word_1_811' title='bbox 2595 3915 2683 3969; x_wconf 87' lang='lat' dir='ltr'><strong>sed</strong></span> <span class='ocrx_word' id='word_1_812' title='bbox 2712 3915 2938 3982; x_wconf 85' lang='lat' dir='ltr'><strong>transiit,</strong></span> <span class='ocrx_word' id='word_1_813' title='bbox 2971 3931 3075 3970; x_wconf 91' lang='lat' dir='ltr'><strong>non</strong></span> <span class='ocrx_word' id='word_1_814' title='bbox 3105 3903 3244 3970; x_wconf 86' lang='lat' dir='ltr'><strong>nunc</strong></span> <span class='ocrx_word' id='word_1_815' title='bbox 3273 3917 3477 3984; x_wconf 89' lang='lat' dir='ltr'><strong>transit,</strong></span> <span class='ocrx_word' id='word_1_816' title='bbox 3507 3919 3604 3975; x_wconf 84' lang='lat' dir='ltr'><strong>sed</strong></span> 
     </span>
    </p>
   </div>
   <div class='ocr_carea' id='block_1_103' title="bbox 2017 4007 3604 4082">
    <p class='ocr_par' dir='ltr' id='par_1_103' title="bbox 2017 4007 3604 4082">
     <span class='ocr_line' id='line_1_103' title="bbox 2017 4007 3604 4082; baseline -0.001 -17"><span class='ocrx_word' id='word_1_817' title='bbox 2017 4013 2126 4082; x_wconf 89' lang='lat' dir='ltr'><strong>jam</strong></span> <span class='ocrx_word' id='word_1_818' title='bbox 2156 4010 2353 4064; x_wconf 84' lang='lat' dir='ltr'><strong>transiit</strong></span> <span class='ocrx_word' id='word_1_819' title='bbox 2391 4025 2422 4060; x_wconf 86' lang='grc' dir='ltr'><em>α</em></span> <span class='ocrx_word' id='word_1_820' title='bbox 2449 4019 2608 4062; x_wconf 87' lang='lat' dir='ltr'><strong>morte</strong></span> <span class='ocrx_word' id='word_1_821' title='bbox 2637 4008 2686 4061; x_wconf 85' lang='lat' dir='ltr'><strong>in</strong></span> <span class='ocrx_word' id='word_1_822' title='bbox 2721 4007 2892 4061; x_wconf 86' lang='lat' dir='ltr'><strong>vitam.</strong></span> <span class='ocrx_word' id='word_1_823' title='bbox 2934 4007 3004 4062; x_wconf 84' lang='lat' dir='ltr'><strong>Et</strong></span> <span class='ocrx_word' id='word_1_824' title='bbox 3047 4007 3148 4062; x_wconf 89' lang='lat' dir='ltr'><strong>hoc</strong></span> <span class='ocrx_word' id='word_1_825' title='bbox 3187 4008 3460 4076; x_wconf 88' lang='lat' dir='ltr'><strong>attendite,</strong></span> <span class='ocrx_word' id='word_1_826' title='bbox 3505 4008 3604 4074; x_wconf 76' lang='lat' dir='ltr'><strong>Qui</strong></span> 
     </span>
    </p>
   </div>
   <div class='ocr_carea' id='block_1_104' title="bbox 2023 4096 3602 4164">
    <p class='ocr_par' dir='ltr' id='par_1_104' title="bbox 2023 4096 3602 4164">
     <span class='ocr_line' id='line_1_104' title="bbox 2023 4096 3602 4164; baseline -0.002 -8"><span class='ocrx_word' id='word_1_827' title='bbox 2023 4100 2223 4156; x_wconf 78' lang='lat' dir='ltr'><strong>verbum</strong></span> <span class='ocrx_word' id='word_1_828' title='bbox 2253 4115 2416 4152; x_wconf 88' lang='lat' dir='ltr'><strong>meum</strong></span> <span class='ocrx_word' id='word_1_829' title='bbox 2445 4098 2585 4151; x_wconf 89' lang='lat' dir='ltr'><strong>audit</strong></span> <span class='ocrx_word' id='word_1_830' title='bbox 2621 4113 2638 4152; x_wconf 92' lang='lat'><strong><em>:</em></strong></span> <span class='ocrx_word' id='word_1_831' title='bbox 2675 4104 2728 4152; x_wconf 91' lang='lat' dir='ltr'><strong>et</strong></span> <span class='ocrx_word' id='word_1_832' title='bbox 2753 4103 2858 4151; x_wconf 79' lang='lat' dir='ltr'><strong>neu</strong></span> <span class='ocrx_word' id='word_1_833' title='bbox 2885 4096 3049 4164; x_wconf 80' lang='lat' dir='ltr'><strong>dixit,</strong></span> <span class='ocrx_word' id='word_1_834' title='bbox 3075 4096 3257 4152; x_wconf 87' lang='lat' dir='ltr'><strong>Credit</strong></span> <span class='ocrx_word' id='word_1_835' title='bbox 3287 4099 3445 4164; x_wconf 90' lang='lat' dir='ltr'><strong>mihi;</strong></span> <span class='ocrx_word' id='word_1_836' title='bbox 3476 4099 3602 4164; x_wconf 87' lang='lat' dir='ltr'><strong>sed,</strong></span> 
     </span>
    </p>
   </div>
   <div class='ocr_carea' id='block_1_105' title="bbox 2023 4174 3626 4261">
    <p class='ocr_par' dir='ltr' id='par_1_105' title="bbox 2023 4174 3626 4261">
     <span class='ocr_line' id='line_1_105' title="bbox 2023 4174 3626 4261; baseline -0.001 -13"><span class='ocrx_word' id='word_1_837' title='bbox 2023 4192 2180 4248; x_wconf 84' lang='lat' dir='ltr'><strong>credit</strong></span> <span class='ocrx_word' id='word_1_838' title='bbox 2229 4191 2272 4246; x_wconf 88' lang='lat' dir='ltr'><strong>ei</strong></span> <span class='ocrx_word' id='word_1_839' title='bbox 2313 4191 2399 4261; x_wconf 86' lang='lat' dir='ltr'><strong>qui</strong></span> <span class='ocrx_word' id='word_1_840' title='bbox 2437 4205 2513 4242; x_wconf 88' lang='lat' dir='ltr'><strong>me</strong></span> <span class='ocrx_word' id='word_1_841' title='bbox 2542 4189 2694 4242; x_wconf 86' lang='lat' dir='ltr'><strong>misit.</strong></span> <span class='ocrx_word' id='word_1_842' title='bbox 2721 4188 2950 4243; x_wconf 79' lang='lat' dir='ltr'><strong>Verbum</strong></span> <span class='ocrx_word' id='word_1_843' title='bbox 2994 4203 3120 4258; x_wconf 83' lang='lat' dir='ltr'><strong>ergo</strong></span> <span class='ocrx_word' id='word_1_844' title='bbox 3166 4174 3283 4244; x_wconf 79' lang='lat' dir='ltr'><strong>Filii</strong></span> <span class='ocrx_word' id='word_1_845' title='bbox 3321 4175 3515 4256; x_wconf 86' lang='lat' dir='ltr'><strong>audiat,</strong></span> <span class='ocrx_word' id='word_1_846' title='bbox 3548 4202 3626 4261; x_wconf 49' lang='lat' dir='ltr'><strong>ut,</strong></span> 
     </span>
    </p>
   </div>
   <div class='ocr_carea' id='block_1_106' title="bbox 2025 4257 3628 4346">
    <p class='ocr_par' dir='ltr' id='par_1_106' title="bbox 2025 4257 3628 4346">
     <span class='ocr_line' id='line_1_106' title="bbox 2025 4257 3628 4346; baseline -0.002 -8"><span class='ocrx_word' id='word_1_847' title='bbox 2025 4282 2167 4338; x_wconf 88' lang='lat' dir='ltr'><strong>Patri</strong></span> <span class='ocrx_word' id='word_1_848' title='bbox 2195 4257 2396 4336; x_wconf 80' lang='lat' dir='ltr'><strong>credat.</strong></span> <span class='ocrx_word' id='word_1_849' title='bbox 2429 4280 2605 4346; x_wconf 89' lang='lat' dir='ltr'><strong>Quare</strong></span> <span class='ocrx_word' id='word_1_850' title='bbox 2632 4280 2852 4333; x_wconf 86' lang='lat' dir='ltr'><strong>verbum</strong></span> <span class='ocrx_word' id='word_1_851' title='bbox 2879 4278 3026 4333; x_wconf 89' lang='lat' dir='ltr'><strong>audit</strong></span> <span class='ocrx_word' id='word_1_852' title='bbox 3055 4257 3224 4346; x_wconf 79' lang='lat' dir='ltr'><strong>tuum,</strong></span> <span class='ocrx_word' id='word_1_853' title='bbox 3259 4289 3317 4334; x_wconf 89' lang='lat' dir='ltr'><strong>et</strong></span> <span class='ocrx_word' id='word_1_854' title='bbox 3335 4281 3502 4335; x_wconf 89' lang='lat' dir='ltr'><strong>credit</strong></span> <span class='ocrx_word' id='word_1_855' title='bbox 3529 4257 3628 4335; x_wconf 90' lang='lat' dir='ltr'><strong>al-|</strong></span> 
     </span>
    </p>
   </div>
   <div class='ocr_carea' id='block_1_107' title="bbox 2026 4361 3607 4440">
    <p class='ocr_par' dir='ltr' id='par_1_107' title="bbox 2026 4361 3607 4440">
     <span class='ocr_line' id='line_1_107' title="bbox 2026 4361 3607 4440; baseline 0 -12"><span class='ocrx_word' id='word_1_856' title='bbox 2026 4375 2164 4429; x_wconf 89' lang='lat' dir='ltr'><strong>teri?</strong></span> <span class='ocrx_word' id='word_1_857' title='bbox 2190 4373 2374 4428; x_wconf 75' lang='lat' dir='ltr'><strong>Nerine</strong></span> <span class='ocrx_word' id='word_1_858' title='bbox 2417 4387 2536 4426; x_wconf 90' lang='lat' dir='ltr'><strong>cum</strong></span> <span class='ocrx_word' id='word_1_859' title='bbox 2579 4371 2797 4425; x_wconf 90' lang='lat' dir='ltr'><strong>verbum</strong></span> <span class='ocrx_word' id='word_1_860' title='bbox 2841 4370 3064 4440; x_wconf 87' lang='lat' dir='ltr'><strong>alicujus</strong></span> <span class='ocrx_word' id='word_1_861' title='bbox 3107 4371 3382 4439; x_wconf 80' lang='lat' dir='ltr'><strong>audimus,</strong></span> <span class='ocrx_word' id='word_1_862' title='bbox 3433 4361 3607 4428; x_wconf 89' lang='lat' dir='ltr'><strong>eidem</strong></span> 
     </span>
    </p>
   </div>
   <div class='ocr_carea' id='block_1_108' title="bbox 2026 4449 3606 4534">
    <p class='ocr_par' dir='ltr' id='par_1_108' title="bbox 2026 4449 3606 4534">
     <span class='ocr_line' id='line_1_108' title="bbox 2026 4449 3606 4534; baseline 0 -16"><span class='ocrx_word' id='word_1_863' title='bbox 2026 4465 2247 4520; x_wconf 88' lang='lat' dir='ltr'><strong>verbum</strong></span> <span class='ocrx_word' id='word_1_864' title='bbox 2288 4449 2575 4534; x_wconf 68' lang='lat' dir='ltr'><strong>profer-culi</strong></span> <span class='ocrx_word' id='word_1_865' title='bbox 2626 4462 2924 4527; x_wconf 79' lang='lat' dir='ltr'><strong>credimus,</strong></span> <span class='ocrx_word' id='word_1_866' title='bbox 2977 4462 3209 4531; x_wconf 85' lang='lat' dir='ltr'><strong>loquenti</strong></span> <span class='ocrx_word' id='word_1_867' title='bbox 3255 4462 3406 4517; x_wconf 90' lang='lat' dir='ltr'><strong>nobis</strong></span> <span class='ocrx_word' id='word_1_868' title='bbox 3449 4462 3606 4519; x_wconf 84' lang='lat' dir='ltr'><strong>fidem</strong></span> 
     </span>
    </p>
   </div>
   <div class='ocr_carea' id='block_1_109' title="bbox 2027 4541 3595 4624">
    <p class='ocr_par' dir='ltr' id='par_1_109' title="bbox 2027 4541 3595 4624">
     <span class='ocr_line' id='line_1_109' title="bbox 2027 4541 3595 4624; baseline -0.002 -12"><span class='ocrx_word' id='word_1_869' title='bbox 2027 4541 2526 4612; x_wconf 87' lang='lat' dir='ltr'><strong>accommodamus?</strong></span> <span class='ocrx_word' id='word_1_870' title='bbox 2551 4551 2685 4620; x_wconf 88' lang='lat' dir='ltr'><strong>Quid</strong></span> <span class='ocrx_word' id='word_1_871' title='bbox 2711 4567 2838 4624; x_wconf 80' lang='lat' dir='ltr'><strong>ergo</strong></span> <span class='ocrx_word' id='word_1_872' title='bbox 2865 4552 3029 4608; x_wconf 88' lang='lat' dir='ltr'><strong>voluit</strong></span> <span class='ocrx_word' id='word_1_873' title='bbox 3056 4552 3255 4618; x_wconf 89' lang='lat' dir='ltr'><strong>dicere,</strong></span> <span class='ocrx_word' id='word_1_874' title='bbox 3285 4553 3386 4620; x_wconf 81' lang='lat' dir='ltr'><strong>Qui</strong></span> <span class='ocrx_word' id='word_1_875' title='bbox 3409 4554 3595 4610; x_wconf 76' lang='lat' dir='ltr'><strong>verba»</strong></span> 
     </span>
    </p>
   </div>
   <div class='ocr_carea' id='block_1_110' title="bbox 2029 4644 3590 4716">
    <p class='ocr_par' dir='ltr' id='par_1_110' title="bbox 2029 4644 3590 4716">
     <span class='ocr_line' id='line_1_110' title="bbox 2029 4644 3590 4716; baseline -0.002 -13"><span class='ocrx_word' id='word_1_876' title='bbox 2029 4665 2192 4703; x_wconf 88' lang='lat' dir='ltr'><strong>meum</strong></span> <span class='ocrx_word' id='word_1_877' title='bbox 2217 4647 2389 4714; x_wconf 86' lang='lat' dir='ltr'><strong>audit,</strong></span> <span class='ocrx_word' id='word_1_878' title='bbox 2420 4655 2465 4700; x_wconf 88' lang='lat' dir='ltr'><strong>et</strong></span> <span class='ocrx_word' id='word_1_879' title='bbox 2495 4645 2649 4699; x_wconf 87' lang='lat' dir='ltr'><strong>credit</strong></span> <span class='ocrx_word' id='word_1_880' title='bbox 2678 4645 2723 4698; x_wconf 90' lang='lat' dir='ltr'><strong>ei</strong></span> <span class='ocrx_word' id='word_1_881' title='bbox 2747 4644 2832 4715; x_wconf 85' lang='lat' dir='ltr'><strong>qui</strong></span> <span class='ocrx_word' id='word_1_882' title='bbox 2862 4644 3000 4697; x_wconf 82' lang='lat' dir='ltr'><strong>misit</strong></span> <span class='ocrx_word' id='word_1_883' title='bbox 3035 4659 3148 4712; x_wconf 88' lang='lat' dir='ltr'><strong>me;</strong></span> <span class='ocrx_word' id='word_1_884' title='bbox 3175 4645 3274 4700; x_wconf 90' lang='lat' dir='ltr'><strong>nisi</strong></span> <span class='ocrx_word' id='word_1_885' title='bbox 3295 4687 3309 4711; x_wconf 96' lang='lat'><strong>,</strong></span> <span class='ocrx_word' id='word_1_886' title='bbox 3336 4645 3458 4716; x_wconf 86' lang='lat' dir='ltr'><strong>quin</strong></span> <span class='ocrx_word' id='word_1_887' title='bbox 3485 4662 3590 4702; x_wconf 84' lang='lat' dir='ltr'><strong>ver-</strong></span> 
     </span>
    </p>
   </div>
   <div class='ocr_carea' id='block_1_111' title="bbox 2027 4734 3605 4808">
    <p class='ocr_par' dir='ltr' id='par_1_111' title="bbox 2027 4734 3605 4808">
     <span class='ocr_line' id='line_1_111' title="bbox 2027 4734 3605 4808; baseline -0.004 -13"><span class='ocrx_word' id='word_1_888' title='bbox 2027 4740 2154 4795; x_wconf 88' lang='lat' dir='ltr'><strong>bum</strong></span> <span class='ocrx_word' id='word_1_889' title='bbox 2183 4737 2298 4808; x_wconf 90' lang='lat' dir='ltr'><strong>ejus</strong></span> <span class='ocrx_word' id='word_1_890' title='bbox 2340 4746 2422 4790; x_wconf 90' lang='lat' dir='ltr'><strong>est</strong></span> <span class='ocrx_word' id='word_1_891' title='bbox 2450 4737 2500 4790; x_wconf 91' lang='lat' dir='ltr'><strong>in</strong></span> <span class='ocrx_word' id='word_1_892' title='bbox 2528 4735 2650 4791; x_wconf 89' lang='lat' dir='ltr'><strong>me?</strong></span> <span class='ocrx_word' id='word_1_893' title='bbox 2677 4735 2743 4789; x_wconf 88' lang='lat' dir='ltr'><strong>Et</strong></span> <span class='ocrx_word' id='word_1_894' title='bbox 2761 4734 2886 4806; x_wconf 91' lang='lat' dir='ltr'><strong>quid</strong></span> <span class='ocrx_word' id='word_1_895' title='bbox 2907 4745 3006 4798; x_wconf 90' lang='lat' dir='ltr'><strong>est,</strong></span> <span class='ocrx_word' id='word_1_896' title='bbox 3033 4737 3174 4790; x_wconf 86' lang='lat' dir='ltr'><strong>audit</strong></span> <span class='ocrx_word' id='word_1_897' title='bbox 3197 4737 3395 4791; x_wconf 85' lang='lat' dir='ltr'><strong>verbum</strong></span> <span class='ocrx_word' id='word_1_898' title='bbox 3419 4753 3605 4802; x_wconf 89' lang='lat' dir='ltr'><strong>meum,</strong></span> 
     </span>
    </p>
   </div>
   <div class='ocr_carea' id='block_1_112' title="bbox 2033 4826 3606 4898">
    <p class='ocr_par' dir='ltr' id='par_1_112' title="bbox 2033 4826 3606 4898">
     <span class='ocr_line' id='line_1_112' title="bbox 2033 4826 3606 4898; baseline -0.001 -14"><span class='ocrx_word' id='word_1_899' title='bbox 2033 4826 2311 4892; x_wconf 89' lang='lat' dir='ltr'><strong>nisi,audit</strong></span> <span class='ocrx_word' id='word_1_900' title='bbox 2334 4827 2455 4881; x_wconf 91' lang='lat' dir='ltr'><strong>me?</strong></span> <span class='ocrx_word' id='word_1_901' title='bbox 2485 4826 2650 4880; x_wconf 79' lang='lat' dir='ltr'><strong>Credit</strong></span> <span class='ocrx_word' id='word_1_902' title='bbox 2677 4836 2852 4880; x_wconf 88' lang='lat' dir='ltr'><strong>autem</strong></span> <span class='ocrx_word' id='word_1_903' title='bbox 2881 4826 2926 4878; x_wconf 86' lang='lat' dir='ltr'><strong>ei</strong></span> <span class='ocrx_word' id='word_1_904' title='bbox 2941 4827 3027 4898; x_wconf 86' lang='lat' dir='ltr'><strong>qui</strong></span> <span class='ocrx_word' id='word_1_905' title='bbox 3055 4828 3186 4881; x_wconf 85' lang='lat' dir='ltr'><strong>misit</strong></span> <span class='ocrx_word' id='word_1_906' title='bbox 3214 4843 3292 4880; x_wconf 90' lang='lat' dir='ltr'><strong>me</strong></span> <span class='ocrx_word' id='word_1_907' title='bbox 3311 4827 3460 4897; x_wconf 91' lang='lat' dir='ltr'><strong>:quia</strong></span> <span class='ocrx_word' id='word_1_908' title='bbox 3487 4842 3606 4882; x_wconf 82' lang='lat' dir='ltr'><strong>cum</strong></span> 
     </span>
    </p>
   </div>
   <div class='ocr_carea' id='block_1_113' title="bbox 2031 4916 3607 4986">
    <p class='ocr_par' dir='ltr' id='par_1_113' title="bbox 2031 4916 3607 4986">
     <span class='ocr_line' id='line_1_113' title="bbox 2031 4916 3607 4986; baseline 0 -12"><span class='ocrx_word' id='word_1_909' title='bbox 2031 4920 2107 4975; x_wconf 91' lang='lat' dir='ltr'><strong>illi</strong></span> <span class='ocrx_word' id='word_1_910' title='bbox 2137 4918 2323 4979; x_wconf 89' lang='lat' dir='ltr'><strong>credit,</strong></span> <span class='ocrx_word' id='word_1_911' title='bbox 2352 4916 2514 4971; x_wconf 90' lang='lat' dir='ltr'><strong>verbo</strong></span> <span class='ocrx_word' id='word_1_912' title='bbox 2557 4917 2672 4986; x_wconf 90' lang='lat' dir='ltr'><strong>ejus</strong></span> <span class='ocrx_word' id='word_1_913' title='bbox 2713 4916 2880 4972; x_wconf 90' lang='lat' dir='ltr'><strong>credit</strong></span> <span class='ocrx_word' id='word_1_914' title='bbox 2911 4934 2922 4968; x_wconf 90' lang='lat'>:</span> <span class='ocrx_word' id='word_1_915' title='bbox 2949 4933 3067 4971; x_wconf 88' lang='lat' dir='ltr'><strong>Cum</strong></span> <span class='ocrx_word' id='word_1_916' title='bbox 3095 4929 3272 4972; x_wconf 89' lang='lat' dir='ltr'><strong>autem</strong></span> <span class='ocrx_word' id='word_1_917' title='bbox 3299 4919 3462 4972; x_wconf 89' lang='lat' dir='ltr'><strong>verbo</strong></span> <span class='ocrx_word' id='word_1_918' title='bbox 3490 4917 3607 4986; x_wconf 89' lang='lat' dir='ltr'><strong>ejus</strong></span> 
     </span>
    </p>
   </div>
   <div class='ocr_carea' id='block_1_114' title="bbox 2031 5007 3608 5079">
    <p class='ocr_par' dir='ltr' id='par_1_114' title="bbox 2031 5007 3608 5079">
     <span class='ocr_line' id='line_1_114' title="bbox 2031 5007 3608 5079; baseline -0.003 -12"><span class='ocrx_word' id='word_1_919' title='bbox 2031 5013 2218 5074; x_wconf 85' lang='lat' dir='ltr'><strong>credit,</strong></span> <span class='ocrx_word' id='word_1_920' title='bbox 2248 5009 2372 5064; x_wconf 87' lang='lat' dir='ltr'><strong>mihi</strong></span> <span class='ocrx_word' id='word_1_921' title='bbox 2399 5008 2593 5074; x_wconf 87' lang='lat' dir='ltr'><strong>credit;</strong></span> <span class='ocrx_word' id='word_1_922' title='bbox 2623 5009 2743 5079; x_wconf 88' lang='lat' dir='ltr'><strong>quia</strong></span> <span class='ocrx_word' id='word_1_923' title='bbox 2767 5009 2995 5062; x_wconf 88' lang='lat' dir='ltr'><strong>Verbum</strong></span> <span class='ocrx_word' id='word_1_924' title='bbox 3026 5009 3193 5062; x_wconf 81' lang='lat' dir='ltr'><strong>Putris</strong></span> <span class='ocrx_word' id='word_1_925' title='bbox 3217 5023 3315 5078; x_wconf 80' lang='lat' dir='ltr'><strong>ego</strong></span> <span class='ocrx_word' id='word_1_926' title='bbox 3339 5022 3475 5061; x_wconf 90' lang='lat' dir='ltr'><strong>sum.</strong></span> <span class='ocrx_word' id='word_1_927' title='bbox 3502 5007 3608 5062; x_wconf 83' lang='lat' dir='ltr'><strong>Pax</strong></span> 
     </span>
    </p>
   </div>
   <div class='ocr_carea' id='block_1_115' title="bbox 2033 5095 3610 5173">
    <p class='ocr_par' dir='ltr' id='par_1_115' title="bbox 2033 5095 3610 5173">
     <span class='ocr_line' id='line_1_115' title="bbox 2033 5095 3610 5173; baseline -0.003 -16"><span class='ocrx_word' id='word_1_928' title='bbox 2033 5118 2159 5173; x_wconf 83' lang='lat' dir='ltr'><strong>ergo</strong></span> <span class='ocrx_word' id='word_1_929' title='bbox 2201 5103 2253 5156; x_wconf 91' lang='lat' dir='ltr'><strong>in</strong></span> <span class='ocrx_word' id='word_1_930' title='bbox 2296 5100 2600 5170; x_wconf 86' lang='lat' dir='ltr'><strong>Scripturis,</strong></span> <span class='ocrx_word' id='word_1_931' title='bbox 2641 5108 2696 5154; x_wconf 90' lang='lat' dir='ltr'><strong>et</strong></span> <span class='ocrx_word' id='word_1_932' title='bbox 2731 5100 2907 5153; x_wconf 82' lang='lat' dir='ltr'><strong>omnia</strong></span> <span class='ocrx_word' id='word_1_933' title='bbox 2951 5095 3228 5168; x_wconf 83' lang='lat' dir='ltr'><strong>diSposita,</strong></span> <span class='ocrx_word' id='word_1_934' title='bbox 3277 5113 3610 5168; x_wconf 88' lang='lat' dir='ltr'><strong>nequaquam</strong></span> 
     </span>
    </p>
   </div>
   <div class='ocr_carea' id='block_1_116' title="bbox 2035 5178 3613 5264">
    <p class='ocr_par' dir='ltr' id='par_1_116' title="bbox 2035 5178 3613 5264">
     <span class='ocr_line' id='line_1_116' title="bbox 2035 5178 3613 5264; baseline -0.004 -12"><span class='ocrx_word' id='word_1_935' title='bbox 2035 5185 2362 5253; x_wconf 57' lang='lat' dir='ltr'><strong>rixantiafl‘u</strong></span> <span class='ocrx_word' id='word_1_936' title='bbox 2384 5194 2707 5264; x_wconf 88' lang='lat' dir='ltr'><strong>abjicelitem</strong></span> <span class='ocrx_word' id='word_1_937' title='bbox 2725 5193 2899 5247; x_wconf 89' lang='lat' dir='ltr'><strong>cordis</strong></span> <span class='ocrx_word' id='word_1_938' title='bbox 2917 5189 3011 5260; x_wconf 85' lang='lat' dir='ltr'><strong>tui,</strong></span> <span class='ocrx_word' id='word_1_939' title='bbox 3033 5178 3265 5260; x_wconf 78' lang='lat' dir='ltr'><strong>intellige</strong></span> <span class='ocrx_word' id='word_1_940' title='bbox 3276 5190 3613 5246; x_wconf 85' lang='lat' dir='ltr'><strong>concordiam</strong></span> 
     </span>
    </p>
   </div>
   <div class='ocr_carea' id='block_1_117' title="bbox 2039 5283 3614 5359">
    <p class='ocr_par' dir='ltr' id='par_1_117' title="bbox 2039 5283 3614 5359">
     <span class='ocr_line' id='line_1_117' title="bbox 2039 5283 3614 5359; baseline -0.006 -12"><span class='ocrx_word' id='word_1_941' title='bbox 2039 5291 2448 5359; x_wconf 88' lang='lat' dir='ltr'><strong>Scripturarum.</strong></span> <span class='ocrx_word' id='word_1_942' title='bbox 2475 5285 2736 5356; x_wconf 85' lang='lat' dir='ltr'><strong>Numquid</strong></span> <span class='ocrx_word' id='word_1_943' title='bbox 2759 5286 3023 5339; x_wconf 87' lang='lat' dir='ltr'><strong>contraria</strong></span> <span class='ocrx_word' id='word_1_944' title='bbox 3044 5284 3144 5340; x_wconf 87' lang='lat' dir='ltr'><strong>sibi</strong></span> <span class='ocrx_word' id='word_1_945' title='bbox 3159 5283 3361 5338; x_wconf 90' lang='lat' dir='ltr'><strong>diceret</strong></span> <span class='ocrx_word' id='word_1_946' title='bbox 3383 5285 3614 5340; x_wconf 87' lang='lat' dir='ltr'><strong>veritas?</strong></span> 
     </span>
    </p>
   </div>
   <div class='ocr_carea' id='block_1_118' title="bbox 2109 5375 3616 5448">
    <p class='ocr_par' dir='ltr' id='par_1_118' title="bbox 2109 5375 3616 5448">
     <span class='ocr_line' id='line_1_118' title="bbox 2109 5375 3616 5448; baseline -0.003 -12"><span class='ocrx_word' id='word_1_947' title='bbox 2109 5383 2160 5438; x_wconf 92' lang='lat'><strong>8.</strong></span> <span class='ocrx_word' id='word_1_948' title='bbox 2206 5381 2304 5448; x_wconf 84' lang='lat' dir='ltr'><strong>Qui</strong></span> <span class='ocrx_word' id='word_1_949' title='bbox 2325 5379 2523 5434; x_wconf 84' lang='lat' dir='ltr'><strong>verbum</strong></span> <span class='ocrx_word' id='word_1_950' title='bbox 2548 5395 2713 5432; x_wconf 87' lang='lat' dir='ltr'><strong>meum</strong></span> <span class='ocrx_word' id='word_1_951' title='bbox 2734 5379 2893 5442; x_wconf 83' lang='lat' dir='ltr'><strong>audit,</strong></span> <span class='ocrx_word' id='word_1_952' title='bbox 2918 5386 2964 5431; x_wconf 89' lang='lat' dir='ltr'><strong>et</strong></span> <span class='ocrx_word' id='word_1_953' title='bbox 2993 5375 3150 5431; x_wconf 83' lang='lat' dir='ltr'><strong>credit</strong></span> <span class='ocrx_word' id='word_1_954' title='bbox 3167 5376 3214 5429; x_wconf 84' lang='lat' dir='ltr'><strong>ei</strong></span> <span class='ocrx_word' id='word_1_955' title='bbox 3236 5375 3322 5445; x_wconf 84' lang='lat' dir='ltr'><strong>qui</strong></span> <span class='ocrx_word' id='word_1_956' title='bbox 3355 5376 3487 5431; x_wconf 86' lang='lat' dir='ltr'><strong>misit</strong></span> <span class='ocrx_word' id='word_1_957' title='bbox 3517 5395 3616 5441; x_wconf 89' lang='lat' dir='ltr'><strong>me,</strong></span> 
     </span>
    </p>
   </div>
   <div class='ocr_carea' id='block_1_119' title="bbox 2041 5467 3620 5543">
    <p class='ocr_par' dir='ltr' id='par_1_119' title="bbox 2041 5467 3620 5543">
     <span class='ocr_line' id='line_1_119' title="bbox 2041 5467 3620 5543; baseline -0.003 -15"><span class='ocrx_word' id='word_1_958' title='bbox 2041 5475 2184 5529; x_wconf 84' lang='lat' dir='ltr'><strong>habet</strong></span> <span class='ocrx_word' id='word_1_959' title='bbox 2226 5474 2378 5527; x_wconf 76' lang='lat' dir='ltr'><strong>vitam</strong></span> <span class='ocrx_word' id='word_1_960' title='bbox 2422 5479 2693 5534; x_wconf 81' lang='lat' dir='ltr'><strong>teternam;</strong></span> <span class='ocrx_word' id='word_1_961' title='bbox 2739 5480 2784 5523; x_wconf 93' lang='lat' dir='ltr'><strong>et</strong></span> <span class='ocrx_word' id='word_1_962' title='bbox 2816 5469 2867 5522; x_wconf 83' lang='lat' dir='ltr'><strong>iu</strong></span> <span class='ocrx_word' id='word_1_963' title='bbox 2898 5467 3148 5543; x_wconf 87' lang='lat' dir='ltr'><strong>judicium</strong></span> <span class='ocrx_word' id='word_1_964' title='bbox 3187 5485 3288 5522; x_wconf 86' lang='lat' dir='ltr'><strong>non</strong></span> <span class='ocrx_word' id='word_1_965' title='bbox 3329 5471 3490 5535; x_wconf 85' lang='lat' dir='ltr'><strong>venit,</strong></span> <span class='ocrx_word' id='word_1_966' title='bbox 3532 5470 3620 5525; x_wconf 88' lang='lat' dir='ltr'><strong>sed</strong></span> 
     </span>
    </p>
   </div>
   <div class='ocr_carea' id='block_1_120' title="bbox 2042 5547 3619 5631">
    <p class='ocr_par' dir='ltr' id='par_1_120' title="bbox 2042 5547 3619 5631">
     <span class='ocr_line' id='line_1_120' title="bbox 2042 5547 3619 5631; baseline -0.004 -9"><span class='ocrx_word' id='word_1_967' title='bbox 2042 5567 2236 5623; x_wconf 84' lang='lat' dir='ltr'><strong>transiit</strong></span> <span class='ocrx_word' id='word_1_968' title='bbox 2271 5581 2301 5618; x_wconf 87' lang='grc' dir='ltr'><em>α</em></span> <span class='ocrx_word' id='word_1_969' title='bbox 2341 5572 2496 5618; x_wconf 87' lang='lat' dir='ltr'><strong>morte</strong></span> <span class='ocrx_word' id='word_1_970' title='bbox 2530 5563 2583 5616; x_wconf 87' lang='lat' dir='ltr'><strong>in</strong></span> <span class='ocrx_word' id='word_1_971' title='bbox 2624 5563 2794 5615; x_wconf 87' lang='lat' dir='ltr'><strong>vitam.</strong></span> <span class='ocrx_word' id='word_1_972' title='bbox 2835 5547 3148 5614; x_wconf 78' lang='lat' dir='ltr'><strong>Meministis</strong></span> <span class='ocrx_word' id='word_1_973' title='bbox 3191 5561 3331 5631; x_wconf 90' lang='lat' dir='ltr'><strong>quod</strong></span> <span class='ocrx_word' id='word_1_974' title='bbox 3376 5562 3619 5628; x_wconf 84' lang='lat' dir='ltr'><strong>superius</strong></span> 
     </span>
    </p>
   </div>
   <div class='ocr_carea' id='block_1_121' title="bbox 2042 5648 3620 5732">
    <p class='ocr_par' dir='ltr' id='par_1_121' title="bbox 2042 5648 3620 5732">
     <span class='ocr_line' id='line_1_121' title="bbox 2042 5648 3620 5732; baseline -0.01 -17"><span class='ocrx_word' id='word_1_975' title='bbox 2042 5672 2389 5732; x_wconf 79' lang='lat' dir='ltr'><strong>posueramus</strong></span> <span class='ocrx_word' id='word_1_976' title='bbox 2409 5697 2424 5719; x_wconf 92' lang='lat'><strong>,</strong></span> <span class='ocrx_word' id='word_1_977' title='bbox 2456 5655 2576 5723; x_wconf 90' lang='lat' dir='ltr'><strong>quia</strong></span> <span class='ocrx_word' id='word_1_978' title='bbox 2609 5653 2736 5707; x_wconf 86' lang='lat' dir='ltr'><strong>sicut</strong></span> <span class='ocrx_word' id='word_1_979' title='bbox 2776 5649 2931 5704; x_wconf 83' lang='lat' dir='ltr'><strong>Pater</strong></span> <span class='ocrx_word' id='word_1_980' title='bbox 2952 5651 3156 5704; x_wconf 81' lang='lat' dir='ltr'><strong>suscitat</strong></span> <span class='ocrx_word' id='word_1_981' title='bbox 3184 5662 3403 5706; x_wconf 88' lang='lat' dir='ltr'><strong>mortuos</strong></span> <span class='ocrx_word' id='word_1_982' title='bbox 3430 5662 3474 5705; x_wconf 89' lang='lat' dir='ltr'><strong>et</strong></span> <span class='ocrx_word' id='word_1_983' title='bbox 3499 5648 3620 5702; x_wconf 74' lang='lat' dir='ltr'><strong>rivi:</strong></span> 
     </span>
    </p>
   </div>
   <div class='ocr_carea' id='block_1_122' title="bbox 2042 5734 3614 5822">
    <p class='ocr_par' dir='ltr' id='par_1_122' title="bbox 2042 5734 3614 5822">
     <span class='ocr_line' id='line_1_122' title="bbox 2042 5734 3614 5822; baseline -0.017 -14"><span class='ocrx_word' id='word_1_984' title='bbox 2042 5753 2181 5822; x_wconf 74' lang='lat' dir='ltr'><strong>ﬁcat,</strong></span> <span class='ocrx_word' id='word_1_985' title='bbox 2212 5751 2284 5805; x_wconf 85' lang='lat' dir='ltr'><strong>sic</strong></span> <span class='ocrx_word' id='word_1_986' title='bbox 2309 5753 2352 5802; x_wconf 83' lang='lat' dir='ltr'><strong>et</strong></span> <span class='ocrx_word' id='word_1_987' title='bbox 2382 5744 2549 5798; x_wconf 75' lang='lat' dir='ltr'><strong>Filius</strong></span> <span class='ocrx_word' id='word_1_988' title='bbox 2572 5757 2695 5811; x_wconf 87' lang='lat' dir='ltr'><strong>quos</strong></span> <span class='ocrx_word' id='word_1_989' title='bbox 2724 5739 2827 5792; x_wconf 82' lang='lat' dir='ltr'><strong>vult</strong></span> <span class='ocrx_word' id='word_1_990' title='bbox 2859 5737 3096 5802; x_wconf 82' lang='lat' dir='ltr'><strong>vivtﬁcat.</strong></span> <span class='ocrx_word' id='word_1_991' title='bbox 3131 5737 3317 5804; x_wconf 63' lang='lat' dir='ltr'><strong>Incipit</strong></span> <span class='ocrx_word' id='word_1_992' title='bbox 3342 5737 3452 5802; x_wconf 81' lang='lat' dir='ltr'><strong>jam</strong></span> <span class='ocrx_word' id='word_1_993' title='bbox 3478 5734 3614 5798; x_wconf 63' lang='grc' dir='ltr'><strong>θυοδ</strong></span> 
     </span>
    </p>
   </div>
   <div class='ocr_carea' id='block_1_123' title="bbox 2577 5826 3234 5916">
    <p class='ocr_par' dir='ltr' id='par_1_123' title="bbox 2577 5826 3234 5916">
     <span class='ocr_line' id='line_1_123' title="bbox 2577 5826 3234 5916; baseline -0.021 -20"><span class='ocrx_word' id='word_1_994' title='bbox 2577 5826 3175 5910; x_wconf 77' lang='lat' dir='ltr'><strong>(Quarante--neu[.)</strong></span> <span class='ocrx_word' id='word_1_995' title='bbox 3231 5913 3234 5916; x_wconf 11' lang='grc' dir='ltr'><strong>Δ</strong></span> 
     </span>
    </p>
   </div>
   <div class='ocr_carea' id='block_1_124' title="bbox 3617 4793 3692 4832">
    <p class='ocr_par' dir='ltr' id='par_1_124' title="bbox 3617 4793 3692 4832">
     <span class='ocr_line' id='line_1_124' title="bbox 3617 4793 3692 4832; baseline -0.013 -30"><span class='ocrx_word' id='word_1_996' title='bbox 3617 4794 3634 4832; x_wconf 49' lang='grc'><strong><em>⁸</em></strong></span> <span class='ocrx_word' id='word_1_997' title='bbox 3686 4793 3692 4801; x_wconf 80' lang='lat'><strong><em>,</em></strong></span> 
     </span>
    </p>
   </div>
  </div>
