4082 6484
478 341 617 404 "id?

471 460 580 508 rlre
607 464 690 516 ne,
717 457 772 504 et
799 447 940 518 loqui
967 447 1032 502 dc
1063 446 1450 504 resurrectione
1477 453 1825 508 mortuorum,
1854 451 1908 498 et
1931 457 2057 498 ecce

467 545 576 610 jam
609 549 886 610 resurgunt
917 539 1129 593 mortui.
1165 538 1264 603 Qui
1293 538 1431 590 enim
1463 535 1660 588 verbum
1699 550 1859 586 meum
1889 534 2053 598 audit,

469 643 516 687 et
543 633 698 686 credit
721 633 764 686 ei
784 631 871 701 qui
891 632 1022 684 misit
1046 648 1141 698 me,
1167 631 1310 683 habet
1335 629 1487 682 vitam
1526 635 1844 686 wtcruammt
1861 625 2058 696 injurii-

467 725 601 778 cium
635 739 734 777 non
761 725 938 777 veniet.
971 723 1142 777 Proba
1179 721 1296 790 quia
1334 718 1644 774 resurrexit.
1689 715 1795 770 Sed
1837 716 2054 781 transiit,

466 816 658 887 inquit,
683 830 712 866 a
731 823 892 867 morte
913 813 965 866 iu
987 813 1156 866 vitam.
1178 810 1274 876 Qui
1305 809 1515 862 transiit
1542 825 1572 860 τι
1601 817 1768 860 morte
1789 806 1854 860 ad
1873 807 2053 870 vitam,

468 907 618 961 nullo
647 904 919 960 dubitante
947 905 1128 972 utique
1155 905 1462 954 resurrexit.
1494 897 1780 952 Non‘cnim
1811 897 2058 950 transiret

467 1001 534 1054 de
562 1009 734 1054 morte
762 999 828 1054 ad
857 999 1040 1064 vitam,
1073 997 1172 1050 nisi
1202 997 1371 1065 primo
1399 1002 1542 1048 esset
1569 995 1620 1047 in
1651 1003 1841 1058 morte,
1873 999 1928 1045 et
1951 1005 2056 1044 non

467 1101 612 1146 esset
640 1091 692 1144 in
721 1091 826 1144 vita
853 1107 866 1143 :
896 1103 1016 1143 cum
1047 1097 1222 1140 autem
1263 1086 1552 1150 transierit,
1599 1085 1701 1138 erit
1735 1085 1785 1138 in
1831 1083 1957 1148 vita,
2003 1089 2058 1135 et

467 1199 574 1238 non
605 1184 708 1237 erit
753 1181 804 1235 in
849 1189 1040 1234 morte.
1089 1179 1328 1233 Mortuus
1378 1189 1506 1248 ergo
1550 1185 1681 1241 erat,
1731 1185 1786 1230 et
1833 1175 2053 1235 revixit;

467 1277 731 1344 perierat,
760 1283 812 1328 et
855 1273 1097 1328 inventus
1121 1280 1204 1326 est
1232 1269 1385 1342 (Luc.
1425 1286 1492 1324 xv
1512 1311 1528 1336 ,
1560 1269 1682 1338 '59.).
1707 1269 1795 1323 Fit
1837 1268 2057 1338 proinde

459 1363 572 1434 jam
611 1364 854 1434 quaedam
903 1364 1270 1430 resurrectio,
1319 1371 1374 1417 et
1421 1371 1696 1416 transeunt
1737 1359 1982 1414 homines
2025 1373 2056 1414 a

465 1465 638 1511 morte
664 1455 892 1526 quadam
917 1455 982 1510 ad
1024 1453 1309 1525 quamdam
1350 1453 1551 1507 vitam:
1589 1465 1618 1504 a
1649 1459 1819 1504 morte
1865 1447 2055 1504 inlide-

463 1545 647 1611 litatis,
695 1545 761 1599 ad
799 1547 960 1600 vitam
1010 1543 1166 1608 lidei;
1212 1560 1241 1597 a
1285 1553 1456 1598 morle
1497 1540 1740 1596 falsitatis
1780 1537 1846 1592 ad
1895 1539 2056 1592 vitam

463 1635 738 1700 veritatis;
767 1652 798 1690 a
825 1645 996 1691 morte
1041 1635 1354 1705 iniquitatis,
1397 1633 1462 1686 ad
1499 1633 1660 1686 vitam
1684 1631 1926 1700 justitize.
1960 1630 2058 1685 Est

463 1741 593 1798 ergo
621 1735 678 1784 et
699 1729 798 1784 ista
827 1727 1068 1798 qumdam
1101 1727 1424 1782 resurrectio
1455 1734 1806 1780 mortuorum.

534 1815 590 1874 9.
629 1819 848 1888 Aperiat
893 1819 1033 1874 illam
1065 1819 1294 1887 plenius,
1338 1827 1391 1872 et
1435 1817 1726 1872 dilucescat
1767 1813 1952 1880 nobis,
1998 1824 2056 1871 ut

462 1911 646 1982 carpit.
677 1910 859 1978 Amen,
892 1927 1036 1964 amen
1067 1911 1181 1963 dico
1202 1909 1358 1973 vobis,
1381 1907 1498 1978 quia
1524 1907 1654 1962 venit
1681 1909 1827 1971 hora,
1854 1917 1898 1962 et
1919 1925 2054 1963 nunc

461 2012 558 2058 est.
591 2003 696 2057 Nos
737 2003 1176 2072 exspectabamus
1215 2003 1270 2055 in
1307 2003 1410 2056 line
1436 2001 1882 2056 resurrectionem
1913 2017 2056 2056 mor-

461 2103 710 2160 tuorum;
740 2109 861 2150 nam
897 2095 963 2149 ita
995 2095 1318 2149 credidimus
1359 2111 1376 2150 :
1417 2095 1526 2148 imo
1565 2109 1670 2148 non
1713 2097 2056 2165 exspectaba-

461 2199 602 2247 mus,
655 2184 750 2239 sed
803 2186 958 2254 plane
1011 2196 1320 2254 exspectare
1370 2183 1662 2250 debemus;
1704 2200 1871 2254 neque
1912 2186 2052 2240 enim

459 2276 652 2331 falsum
693 2276 959 2330 credimus
987 2278 1039 2330 in
1071 2277 1176 2330 line
1205 2285 1440 2330 mortuos
1471 2286 1885 2330 resurrecturus.
1919 2275 2052 2332 Cum

461 2381 590 2438 ergo
619 2369 774 2423 vellet
802 2369 1054 2423 Dominus
1079 2367 1234 2422 Jesus
1273 2359 1546 2422 insinuare
1575 2368 1726 2422 nobis
1769 2369 2052 2438 quamdam

459 2459 903 2514 resurrcclimtem
933 2467 1258 2512 mortuorum
1283 2467 1406 2512 ante
1429 2458 1874 2512 resurrectionem
1906 2475 2050 2512 mor-

460 2561 700 2617 tuormn;
733 2567 837 2606 non
861 2553 996 2608 sicut
1017 2553 1200 2606 Lazari
1225 2552 1402 2622 (Joan.
1422 2567 1498 2614 xx,
1523 2553 1612 2618 45,
1633 2551 1746 2624 41),
1768 2553 1850 2606 vel
1873 2551 1962 2605 lilii
1987 2551 2052 2605 il-

461 2643 562 2699 lius
593 2644 762 2698 vidua:
789 2643 936 2712 (Luc.
967 2659 1019 2698 v1
1039 2686 1054 2710 ,
1093 2645 1155 2697 14
1176 2686 1190 2708 ,
1229 2643 1314 2715 15)
1339 2684 1353 2710 ,
1383 2645 1465 2698 vel
1500 2643 1620 2698 lilia:
1652 2643 2052 2714 archisynagogi

461 2733 650 2806 (Marc.
679 2751 734 2802 ν,
765 2735 854 2798 41,
883 2733 1008 2804 42),
1044 2735 1131 2804 qui
1165 2745 1571 2790 resurrcxcrunt
1617 2735 1858 2790 morituri
1907 2735 2052 2804 (nam

459 2835 516 2882 et
545 2826 780 2898 ipsorum
813 2835 1146 2882 mortuorum
1181 2826 1421 2896 quaedam
1455 2827 1776 2880 resurrectio
1809 2827 1940 2880 facta
1971 2833 2055 2880 est

460 2925 584 2971 ante
609 2917 1056 2971 resurrectionem
1091 2913 1456 2986 mortuorum)
1484 2935 1494 2968 :
1517 2915 1609 2970 sed
1631 2916 1766 2969 sicut
1791 2915 1876 2970 hic
1903 2915 2049 2981 dicit,

463 3008 651 3074 "abet,
669 3009 860 3078 inquit,
883 3007 1032 3062 vitam
1057 3017 1332 3072 mternam;
1357 3017 1403 3061 et
1431 3009 1478 3061 in
1493 3009 1744 3079 judicium
1769 3025 1868 3062 non
1899 3009 2050 3073 venit,

459 3099 550 3154 scd
575 3099 772 3152 transiit
813 3115 844 3151 a
879 3107 1034 3152 morte
1076 3098 1144 3151 ad
1181 3098 1351 3152 vitam.
1397 3095 1478 3151 Ad
1527 3097 1684 3167 qua'm
1729 3098 1928 3152 vitam?
1971 3099 2052 3152 Ad

459 3197 735 3244 :eternam.
761 3189 876 3243 Non
899 3205 1024 3258 ergo
1045 3189 1179 3244 sicut
1209 3203 1402 3258 corpus
1427 3187 1612 3243 Lazari
1639 3205 1650 3240 :
1683 3189 1890 3243 transiit
1911 3189 2052 3244 enim

461 3289 517 3338 et
545 3283 635 3338 ille
671 3299 699 3335 a
731 3293 902 3336 morte
932 3280 1166 3350 sepulcri
1199 3279 1264 3334 ad
1295 3281 1454 3334 vitam
1493 3279 1798 3346 hominum,
1826 3279 1918 3334 sed
1946 3295 2052 3334 non

462 3381 738 3438 :etcrnam,
763 3373 952 3428 iterum
981 3372 1294 3436 moriturus;
1319 3372 1664 3426 resurrecturi
1681 3381 1856 3426 autem
1875 3373 1925 3428 in
1949 3371 2054 3426 line

462 3464 646 3521 saeculi
699 3463 916 3528 mortui,
967 3462 1016 3518 in
1061 3463 1221 3516 vitam
1256 3469 1508 3515 aeternam
1562 3461 1876 3514 transibunt.
1917 3461 2050 3516 Cum

462 3569 591 3627 ergo
631 3555 790 3610 vellet
820 3555 1073 3608 Dominus
1101 3562 1282 3607 noster
1319 3551 1473 3608 Jcsus
1501 3551 1773 3618 Christus,
1805 3555 2054 3624 magister

463 3645 717 3710 cmlestis,
755 3645 983 3701 Verbum
1019 3644 1188 3698 Patris
1215 3653 1266 3698 et
1299 3643 1521 3706 Veritas,
1555 3643 1922 3700 demonstrare
1953 3661 2052 3699 no-

463 3736 548 3791 bis
577 3735 860 3807 quamdam
889 3735 1333 3791 resurrectionem
1365 3743 1694 3788 mortuorum
1723 3735 1774 3788 in
1798 3745 2050 3790 aueruam

464 3829 664 3894 vitam,
698 3841 822 3883 ante
849 3827 1296 3884 resurrectionem
1346 3837 1673 3880 mortuorum
1717 3827 1767 3881 in
1799 3839 2052 3882 aeternam

462 3922 626 3976 vitam
652 3937 666 3974 :
701 3918 846 3974 Venit
879 3921 1004 3974 hora
1025 3960 1038 3982 ,
1069 3919 1256 3988 inquit.
1299 3917 1376 3972 Tu
1421 3919 1601 3986 procul
1633 3919 1795 3973 dubio
1825 3919 2054 3975 imbutus

465 4013 572 4068 ﬁde
607 4011 1016 4086 resurrectionis
1053 4011 1257 4075 carnis,
1291 4009 1636 4078 exspectabas
1682 4009 1864 4063 horam
1909 4011 2052 4065 illam

465 4103 587 4159 linis
613 4103 808 4166 smculi,
839 4101 979 4156 diem
1003 4099 1207 4170 judicii,
1233 4115 1388 4169 quam
1419 4115 1486 4153 ne
1513 4099 1564 4153 in
1589 4100 1688 4153 isto
1719 4099 1835 4154 loco
1867 4117 2052 4171 exspe-

467 4203 662 4257 claros,
703 4191 924 4256 addidit,
970 4201 1016 4244 et
1059 4205 1192 4243 nunc
1232 4199 1324 4242 est.
1376 4189 1525 4256 Quod
1569 4205 1696 4258 ergo
1721 4190 1868 4258 dicit,
1909 4191 2054 4246 Venit

469 4285 614 4350 hora,
646 4299 750 4338 non
781 4283 908 4338 dicit
933 4283 998 4337 de
1029 4283 1112 4336 illa
1141 4281 1271 4334 hora
1311 4281 1618 4347 novissima,
1649 4283 1734 4336 ubi
1765 4284 1983 4354 injussu
2008 4295 2054 4339 ct

467 4379 522 4430 in
548 4391 662 4428 voce
686 4373 997 4444 archangeli,
1029 4383 1073 4426 et
1097 4373 1150 4424 in
1175 4373 1292 4424 tuba
1321 4371 1412 4423 Dei
1443 4371 1688 4426 Dominus
1713 4373 1817 4444 ipse
1846 4376 2052 4430 descen-

468 4468 551 4521 det
603 4468 665 4520 de
711 4467 864 4529 rwlo,
907 4475 950 4518 rt
991 4465 1174 4519 mortui
1213 4465 1266 4518 in
1309 4461 1506 4518 Christo
1551 4477 1804 4537 resurgant
1850 4469 2053 4536 primo:

467 4559 651 4614 deinde
689 4576 779 4612 nos
807 4559 1018 4612 viventes
1046 4557 1132 4627 qui
1157 4555 1338 4628 reliqui
1373 4573 1567 4622 sumus,
1605 4558 1754 4610 simul
1796 4560 2054 4628 rapientur

465 4666 580 4706 cum
603 4651 704 4705 illis
725 4651 778 4704 iu
803 4651 1013 4706 nubibus
1035 4652 1228 4704 obviam
1250 4649 1448 4704 Christo
1469 4651 1518 4704 in
1541 4667 1678 4714 arra,
1705 4662 1749 4704 et
1767 4651 1834 4704 ita
1860 4671 2054 4724 semper

465 4759 582 4796 cum
616 4741 830 4796 Domino
867 4743 1052 4796 erimus
1081 4743 1120 4814 (1
1143 4743 1318 4796 Thess.
1349 4759 1420 4806 tv,
1457 4743 1585 4796 15ει
1611 4743 1718 4812 l6).
1755 4743 1939 4800 Veniet
1967 4747 2052 4801 illa

465 4834 620 4902 liora,
653 4835 744 4889 sed
784 4849 888 4888 non
919 4843 1001 4888 est
1027 4850 1186 4888 nunc.
1219 4833 1358 4888 liora
1387 4847 1514 4888 vero
1553 4835 1650 4888 ista
1681 4851 1798 4906 qua:
1825 4836 1927 4904 sit,
1955 4837 2053 4891 ad—

466 4927 696 4982 vertite:
735 4925 879 4979 Venit
906 4925 1049 4990 hora,
1082 4935 1128 4978 et
1156 4942 1288 4978 nunc
1319 4935 1408 4979 est.
1433 4925 1566 4993 Quid
1599 4927 1648 4980 in
1679 4942 1739 4982 ea
1771 4925 1866 4982 ﬁt?
1893 4927 2046 4996 Quid,

463 5019 565 5074 uisi
597 5019 919 5074 resurrectio
957 5017 1324 5072 tttOt'luuruttt?
1369 5025 1433 5070 tit
1477 5019 1646 5088 qualis
1691 5023 2051 5076 resurrectio?

467 5109 537 5166 Ut
562 5111 650 5180 qui
682 5119 993 5180 resurgunt,
1041 5109 1092 5162 in
1135 5118 1391 5162 aeternum
1423 5110 1617 5163 vitant.
1653 5109 1761 5166 lloc
1788 5113 1886 5166 erit
1913 5123 1964 5167 ct
1995 5114 2048 5168 in

464 5203 751 5257 novissima
777 5201 928 5256 liora.

535 5291 622 5346 10.
663 5291 798 5360 Quid
847 5291 1041 5362 igitur?
1085 5289 1350 5360 querendo
1395 5291 1735 5361 intelligimus
1763 5291 1893 5348 duas
1922 5294 2050 5349 istas

463 5383 920 5439 rcsurrectiones?
961 5381 1223 5452 Numquid
1254 5381 1391 5436 forte
1430 5382 1519 5452 qui
1567 5397 1706 5437 nunc
1736 5397 2045 5454 resurgunt,

465 5482 594 5528 tunc
617 5489 721 5528 non
741 5484 1016 5545 resurgent
1039 5491 1052 5540 ;
1079 5483 1134 5527 ut
1159 5474 1385 5528 aliorum
1425 5473 1512 5527 liat
1543 5489 1680 5529 nunc
1705 5477 2045 5544 resurrectio,

464 5563 690 5617 aliorum
717 5565 872 5618 tunc?
899 5563 1012 5619 Non
1033 5553 1126 5620 est
1157 5565 1245 5618 ita.
1276 5563 1406 5620 Nam
1437 5573 1534 5619 tsta
1563 5567 1970 5631 resurrectione,
2005 5571 2046 5623 si

474 5663 617 5708 recte
645 5651 994 5714 credidimus.
1029 5657 1452 5721 resurreximus;
1481 5665 1533 5710 et
1565 5671 1658 5710 nos
1689 5655 1786 5726 ipsi
1827 5659 1912 5728 qui
1939 5659 2046 5728 jam

467 5743 889 5811 resurreximus,
924 5745 1144 5801 alterum
1175 5747 1225 5801 in
1255 5747 1360 5824 line
1389 5747 1831 5804 resurrectionem
1861 5765 2047 5825 cype-

1433 333 1495 388 ΙΝ
1535 329 1812 388 JOANNIS
1851 327 2314 396 EVANGl-ZLIUM,
2354 329 2409 386 ὃ.
2454 329 2817 390 ΑυαυείιΝι

3609 341 3748 401 1548

2163 447 2388 497 ciamus.
2415 443 2522 499 Sed
2547 453 2600 500 et
2625 449 2840 504 nuncin
2867 455 3118 506 aeternam
3145 453 3308 508 vitam
3334 457 3743 529 resurreximus,

2164 534 2277 586 siin
2303 533 2404 588 ﬁde
2425 533 2535 604 ipsa
2559 547 2958 604 perseveranter
2977 555 3280 608 manemus;
3301 555 3354 600 et
3375 554 3500 602 tunc
3519 549 3570 602 in
3593 561 3750 607 teter-

2165 639 2283 678 nam
2313 627 2470 679 vitam
2499 641 2853 696 resurgemus,
2878 634 3086 700 quando
3112 635 3326 705 Angelis
3349 639 3746 709 comquabimur

2165 712 2312 786 (Luc.
2346 731 2435 776 xx.
2464 715 2576 788 56).
2597 711 2720 788 ipse
2745 733 2872 789 ergo
2901 721 3210 792 distinguat,
3245 727 3354 795 ipse
3377 731 3582 798 aperiat
3601 735 3744 802 quod

2165 803 2306 875 loqui
2333 808 2449 862 ausi
2480 819 2664 864 sumus
2695 827 2706 864 :
2737 813 3004 880 quomodo
3019 813 3117 868 ﬁat
3159 819 3478 874 resurrectio
3506 835 3630 878 ante
3665 841 3753 880 re-

2163 897 2570 964 surrectionem,
2593 915 2694 953 non
2718 902 2940 955 alterum
2959 911 3008 954 et
3026 905 3268 970 aliorum,
3293 908 3384 962 sed
3405 913 3744 982 eorumdem;

2145 999 2262 1054 nec
2293 987 2410 1040 talis
2437 988 2608 1056 qualis
2631 988 2834 1056 Lazari,
2865 991 2958 1045 sed
2981 992 3212 1048 invitam
3234 1005 3508 1054 internum.
3533 1003 3751 1072 Aperiet

2165 1073 2339 1144 plane.
2368 1076 2558 1132 Audite
2586 1077 2998 1135 dilucesceutem
3023 1085 3349 1152 magistrum,
3373 1089 3748 1150 etillabcntcm

2163 1165 2416 1222 cordibus
2455 1169 2655 1222 nostris
2697 1170 2866 1224 sulem
2915 1177 3156 1226 nostrum
3181 1191 3196 1240 ;
3225 1191 3327 1230 non
3353 1195 3510 1248 quem
3539 1182 3750 1240 deside-

2163 1267 2284 1313 raut
2309 1261 2444 1314 oculi
2475 1261 2670 1324 carnis,
2695 1263 2788 1316 sed
2815 1265 2898 1318 cui
2921 1275 3146 1320 aestuant
3171 1269 3364 1336 aperiri
3389 1273 3528 1326 oculi
3549 1275 3746 1330 cordis.

2165 1351 2339 1420 ipsum
2375 1369 2503 1420 ergo
2527 1353 2804 1410 audiamus
2833 1373 2845 1410 :
2879 1357 3062 1424 Amen,
3099 1377 3244 1414 amen
3279 1363 3392 1416 dico
3433 1364 3590 1434 vobis,
3627 1370 3748 1437 quia

2159 1443 2292 1496 venit
2320 1444 2463 1508 hora,
2495 1453 2539 1497 et
2567 1457 2698 1498 nunc
2722 1456 2813 1510 est,
2845 1450 3046 1516 quando
3071 1453 3288 1516 mortui,
3323 1455 3498 1512 videte
3519 1459 3745 1526 exprimi

2163 1534 2642 1598 resurrectitmem,
2694 1537 2898 1602 quando
2947 1543 3132 1593 mortui
3169 1543 3374 1596 audient
3409 1553 3582 1600 ‘voccm
3623 1547 3750 1603 Filii

2163 1620 2281 1688 Dei,
2322 1633 2368 1677 et
2413 1626 2500 1692 qui
2538 1628 2989 1682 atulieriut'oircnt.
3018 1633 3192 1698 Quare
3221 1635 3440 1704 addidit,
3473 1638 3572 1706 Qui
3599 1641 3754 1696 audi-

2163 1714 2291 1767 erint
2315 1715 2509 1770 vivent?
2539 1717 2764 1772 Possem
2791 1719 2930 1773 enim
2959 1723 3142 1778 audire
3163 1724 3264 1778 nisi
3295 1727 3566 1786 viverent?
3589 1732 3750 1787 Sufﬂ-

2163 1815 2308 1858 ceret
2333 1821 2478 1875 ergo,
2497 1805 2642 1860 Venit
2670 1809 2816 1874 hora,
2853 1820 2898 1863 et
2925 1828 3060 1866 nunc
3085 1824 3175 1878 est,
3207 1819 3409 1885 quando
3445 1823 3629 1875 mortui
3655 1833 3748 1877 att-

2163 1895 2300 1950 dient
2325 1913 2492 1952 vocem
2517 1897 2644 1952 Filii
2675 1899 2786 1954 Dei.
2811 1901 2926 1956 Jam
2951 1920 3050 1958 nos
3079 1905 3488 1978 iutelligercmns
3510 1913 3748 1971 viventes

2162 2003 2288 2053 eos;
2319 1990 2532 2059 quando
2567 1993 2668 2046 nisi
2697 1994 2964 2061 viverent,
2991 1997 3172 2052 audire
3203 2015 3308 2054 non
3345 2011 3576 2070 possent.
3608 2007 3742 2072 Non,

2163 2079 2350 2149 inquit,
2375 2083 2495 2150 quia
2517 2083 2698 2137 vivunt
2721 2084 2956 2150 audiunt,
2985 2088 3076 2140 sed
3105 2089 3370 2146 audiendo
3395 2097 3744 2154 reviviscunt:

2161 2171 2384 2238 audient,
2405 2183 2449 2226 et
2470 2175 2554 2244 qui
2574 2175 2826 2229 audierint
2847 2178 3028 2232 vivent.
3047 2181 3184 2246 Quid
3212 2193 3290 2236 est
3325 2201 3473 2255 ergo,
3504 2190 3746 2254 audient;

2163 2263 2287 2328 nisi,
2310 2265 2629 2320 obaudiunt?
2649 2267 2910 2333 Quantum
2927 2271 3067 2324 enim
3091 2274 3317 2340 pertinet
3341 2277 3405 2330 ad
3436 2280 3579 2334 auris
3599 2281 3746 2336 audi.

2163 2363 2294 2422 tum,
2326 2373 2430 2412 non
2472 2375 2662 2414 ontues
2699 2361 2786 2431 qui
2815 2362 3028 2417 audient
3059 2365 3232 2420 vivent
3261 2385 3273 2422 :
3301 2371 3448 2422 multi
3481 2372 3620 2426 enim
3651 2387 3746 2429 au-

2160 2447 2309 2500 diunt
2335 2457 2384 2502 et
2415 2464 2521 2503 non
2547 2451 2804 2516 credunt;
2837 2453 3102 2508 audiendo
3125 2466 3178 2509 et
3204 2473 3310 2511 non
3337 2460 3603 2516 credendo
3635 2475 3744 2519 non

2171 2536 2462 2592 obaudiunt
2483 2555 2495 2590 :
2521 2555 2626 2594 non
2647 2541 2978 2598 obaudiendo
2993 2561 3096 2599 non
3111 2548 3306 2601 vivunt.
3327 2549 3506 2620 Itaque
3527 2553 3633 2614 hic.
3655 2557 3746 2625 qui

2159 2629 2383 2718 audient,
2415 2631 2546 2684 nihil
2575 2632 2818 2688 estaliud
2845 2649 3002 2704 quam
3029 2639 3114 2705 qui
3149 2639 3452 2696 obaudient.
3495 2647 3593 2711 Qui
3617 2659 3746 2718 ergo

2158 2717 2509 2784 obaudierint,
2525 2720 2702 2776 vivent
2721 2739 2733 2776 :
2753 2726 2880 2779 certi
2897 2725 3020 2792 siut,
3037 2729 3212 2783 securi
3236 2733 3356 2796 sint,
3385 2734 3578 2790 vivent.
3602 2717 3745 2792 Prat-

2161 2808 2368 2864 dicatur
2387 2811 2629 2868 Christus
2653 2813 2881 2870 Verbum
2907 2817 3020 2882 Dei,
3047 2817 3210 2874 Filius
3235 2821 3344 2884 Dei,
3369 2838 3466 2892 per
3499 2826 3742 2894 quemlu-

2162 2908 2244 2954 cta
2267 2909 2388 2954 sunt
2403 2902 2603 2970 omnia,
2622 2913 2766 2959 certe
2789 2905 2866 2976 (a)
2885 2906 3293 2977 dispensationis
3309 2915 3743 2989 gratiaassumpla

2157 3005 2316 3046 omne
2347 3003 2502 3048 natus
2533 3009 2598 3049 ex
2643 2995 2886 3066 Virgine,
2921 2998 3094 3054 iulans
3129 3001 3182 3055 in
3221 3019 3400 3070 carne,
3437 3006 3646 3074 juvenis
3687 3011 3740 3065 in

2159 3095 2340 3146 earue,
2369 3085 2577 3154 patiens
2607 3085 2656 3139 in
2694 3101 2874 3152 carne,
2904 3089 3140 3144 moriens
3169 3092 3219 3146 in
3251 3107 3430 3162 carne,
3461 3112 3742 3169 resurgens

2161 3172 2210 3224 iu
2241 3187 2432 3239 e.u'ne,
2477 3175 2772 3230 ascendens
2821 3177 2870 3232 in
2910 3193 3103 3246 carne,
3154 3185 3466 3252 promittens
3505 3203 3744 3246 resurrca-

2159 3267 2387 3322 ctiouem
2442 3269 2624 3335 carui,
2681 3271 2994 3341 promittens
3043 3280 3484 3334 resurrectionem
3533 3285 3738 3352 urenti,

2159 3361 2322 3413 menti
2362 3370 2486 3414 ante
2512 3377 2747 3428 carnem,
2781 3365 2925 3418 carui
2953 3375 3075 3435 post
3107 3379 3357 3423 mentem.
3389 3371 3488 3438 Qui
3515 3375 3660 3430 audit
3685 3385 3743 3432 et

2159 3451 2394 3520 obaudil,
2419 3454 2598 3508 vivet:
2629 3455 2717 3525 qui
2749 3456 2894 3512 ntulit
2917 3467 2970 3511 ct
2995 3475 3098 3512 non
3123 3462 3354 3526 obaudit,
3392 3465 3440 3519 id
3469 3477 3568 3530 est,
3595 3469 3742 3525 audit

2159 3553 2212 3596 et
2238 3545 2563 3612 contemnit,
2604 3547 2749 3600 audit
2779 3559 2834 3602 et
2868 3563 2970 3602 non
3001 3551 3204 3614 credit,
3243 3569 3348 3608 non
3379 3555 3536 3610 vivet.
3567 3559 3741 3626 Quare

2159 3651 2263 3690 nou
2285 3637 2460 3691 vivet?
2488 3637 2620 3704 Quia
2650 3653 2754 3692 non
2790 3640 2950 3694 audit.
2977 3641 3110 3710 Quid
3137 3653 3239 3713 est,
3273 3659 3377 3700 non
3413 3648 3740 3706 andit?Nou

2159 3727 2394 3782 olutttdit.
2425 3729 2564 3799 Ergo
2592 3730 2678 3801 qui
2705 3731 2976 3796 audierint,
3009 3733 3186 3786 rivcnt.

2233 3820 2318 3872 11.
2351 3819 2581 3874 Attende
2611 3837 2752 3875 nunc
2776 3822 2918 3890 quod
2957 3823 3262 3879 dixeramus
3287 3825 3655 3898 dill'ercudum,
3685 3843 3741 3887 ut

2159 3925 2300 3964 nunc
2325 3952 2340 3975 ,
2391 3912 2434 3964 si
2479 3911 2592 3966 ﬁeri
2633 3915 2882 3982 potuerit,
2915 3917 3198 3984 aperiatur.
3229 3917 3742 3988 Subjecitcontinuo

2160 4001 2226 4056 de
2251 4001 2350 4056 hac
2373 4003 2484 4070 ipsa
2511 4006 2926 4070 resurrectione,
2963 4005 3106 4061 Sicut
3147 4011 3278 4062 enim
3308 4009 3463 4066 Pater
3491 4015 3638 4068 habet
3663 4017 3740 4069 rio

2161 4103 2264 4147 tant
2289 4095 2342 4147 in
2369 4096 2654 4164 semetipso,
2686 4097 2758 4149 sic
2782 4099 2918 4151 dedit
2944 4109 2988 4152 et
3027 4099 3162 4154 Filio
3185 4103 3334 4156 vitam
3365 4104 3550 4159 habere
3579 4107 3632 4160 in
3663 4123 3742 4162 se-

2159 4185 2389 4254 metipso.
2418 4185 2554 4252 Quid
2577 4197 2677 4252 est,
2703 4187 2848 4240 habet
2869 4191 3022 4243 riam
3051 4189 3206 4245 I’atcr
3229 4194 3280 4246 in
3305 4197 3568 4268 semetipso
3582 4199 3608 4251 1’
3623 4198 3739 4254 Non

2159 4275 2282 4331 alibi
2329 4276 2488 4332 habet
2528 4279 2716 4344 vitam,
2761 4279 2853 4332 sed
2901 4281 2950 4334 in
2991 4285 3295 4353 semetipso.
3331 4285 3516 4342 Vivere
3545 4291 3741 4361 quippe

2159 4381 2312 4421 suum
2355 4369 2405 4421 in
2449 4370 2536 4422 illo
2565 4379 2672 4434 est;
2703 4389 2805 4424 non
2833 4373 3065 4438 aliunde,
3100 4389 3201 4428 ttOn
3227 4377 3456 4432 alienum
3485 4391 3602 4435 est:
3635 4397 3740 4438 non

2159 4460 2306 4528 quasi
2339 4469 2606 4514 mutuatur
2635 4462 2820 4528 vitam,
2869 4479 2966 4518 nec
2999 4469 3146 4534 quasi
3177 4467 3438 4538 particeps
3481 4469 3540 4526 lit
3575 4473 3698 4528 vita:
3722 4515 3738 4542 ,

2160 4551 2274 4621 ejus
2315 4553 2436 4606 vitae
2475 4569 2592 4622 quae
2622 4569 2724 4607 non
2758 4564 2837 4609 est
2865 4555 3004 4624 quod
3043 4557 3188 4626 ipse;
3221 4560 3312 4614 sed
3343 4561 3488 4616 habet
3511 4565 3660 4618 vitam
3689 4566 3741 4621 in

2159 4643 2444 4712 semcﬁpso,
2481 4654 2533 4696 ut
2563 4645 2674 4712 ipsa
2701 4646 2803 4698 vita
2832 4645 2930 4700 sibi
2961 4647 3028 4700 sit
3053 4648 3184 4717 ipse.
3223 4649 3280 4704 Si
3319 4659 3542 4720 potuero
3567 4655 3741 4711 adhuc

2159 4735 2425 4789 modicum
2475 4737 2598 4805 quid
2647 4737 2768 4791 inde
2813 4737 3029 4804 dicere,
3077 4743 3335 4812 exemplis
3365 4748 3742 4815 propositis_ad

2159 4825 2557 4896 intelligentiam
2599 4837 2828 4882 vestram
2881 4829 3292 4899 iulormamlam,
3339 4812 3562 4893 Domino
3591 4812 3744 4910 adju-

2157 4929 2314 4973 vautc
2369 4936 2416 4990 p.
2444 4931 2596 4985 tero,
2651 4930 2704 4975 et
2753 4923 2948 4991 pietate
2997 4925 3304 4983 intentionis
3346 4939 3556 4986 vestrae.
3605 4933 3745 4989 Vivit

2159 5009 2322 5076 Deus,
2350 5011 2475 5064 vivit
2501 5020 2554 5066 et
2578 5012 2754 5066 anima
2784 5031 2796 5067 :
2825 5015 2920 5068 sed
2953 5016 3061 5070 vita
3103 5017 3196 5072 Dei
3245 5019 3589 5078 immutabilis
3621 5033 3703 5079 est
3725 5064 3744 5091 ,

2157 5103 2262 5156 vita
2287 5103 2478 5156 anima:
2505 5105 2773 5159 mutabilis
2800 5116 2901 5174 est.
2935 5107 3077 5162 Deus
3107 5125 3207 5166 nec
3234 5114 3460 5180 prolicit,
3483 5131 3581 5172 nec
3605 5117 3748 5172 deli-

2157 5193 2248 5258 cit;
2267 5193 2357 5247 sed
2385 5203 2467 5248 est
2497 5195 2606 5262 ipse
2633 5211 2844 5266 semper
2873 5197 2924 5251 in
2953 5213 3031 5264 se,
3057 5211 3136 5253 est
3165 5202 3230 5254 ita
3251 5212 3308 5256 ut
3332 5213 3444 5258 est:
3466 5220 3566 5260 non
3589 5207 3748 5262 aliter

2157 5299 2333 5346 nunc,
2377 5285 2528 5338 aliter
2571 5295 2773 5355 postea,
2807 5288 2960 5342 aliter
2998 5301 3173 5345 antea.
3231 5293 3439 5349 Anima:
3495 5311 3622 5352 vero
3671 5298 3748 5352 vi-

2159 5385 2208 5430 ta
2240 5417 2253 5442 ,
2314 5375 2465 5431 valde
2517 5377 2670 5432 aliter
2719 5389 2877 5449 atque
2930 5379 3124 5436 aliter:
3155 5383 3362 5439 vivebat
3409 5387 3588 5455 stulta,
3617 5389 3748 5450 viti!

2157 5471 2411 5538 sapiens;
2467 5470 2678 5526 vivebat
2725 5473 2934 5542 iniqua,
2969 5475 3097 5530 vivit
3144 5477 3284 5548 justa
3317 5498 3330 5534 :
3359 5497 3500 5538 nunc
3549 5487 3748 5540 uterni-

2157 5561 2251 5622 nit,
2287 5577 2428 5616 nituc
2457 5565 2811 5632 obliviscitur;
2845 5583 2984 5623 nunc
3015 5569 3188 5638 discit,
3233 5589 3370 5628 nunc
3396 5575 3600 5632 discere
3631 5595 3742 5636 non

2157 5662 2357 5721 potest;
2405 5670 2545 5709 nunc
2585 5658 2756 5726 perdit
2797 5661 2934 5730 quod
2990 5661 3284 5731 didicerat,
3337 5684 3476 5724 nunc
3517 5673 3744 5746 percipit

2216 5759 2290 5825 (a)
2321 5770 2414 5811 seu
2438 5772 2598 5814 τίνειν.
