4118 6478
358 374 501 440 ιειε

353 493 503 566 quod
549 491 840 548 amiserat:
872 487 1140 544 mutabilis
1166 487 1271 544 vita
1310 487 1522 544 animae.
1555 487 1620 542 Et
1648 501 1768 541 cum
1811 483 1941 540 vivit

353 589 537 642 anima
576 585 626 640 in
675 581 981 651 iniquitate,
1031 593 1175 634 mors
1213 578 1326 649 ejus
1354 587 1439 632 est
1469 595 1481 631 :
1511 594 1631 633 cum
1659 587 1836 630 autem
1881 573 1941 628 ﬁt

349 677 520 748 iusta,
555 675 611 730 ﬁt
638 674 896 743 particeps
922 671 1136 724 alterius
1173 670 1292 723 vita:
1315 711 1330 736 ,
1377 684 1494 740 qum
1539 685 1641 722 non
1682 675 1764 723 est
1798 662 1940 734 quod

354 770 495 840 ipsa,
525 764 778 836 erigenda
803 778 862 818 se
888 762 1082 832 quippe
1107 759 1174 814 ad
1203 760 1368 815 Deum
1396 769 1449 814 et
1477 757 1786 812 inhaerendo
1809 755 1938 821 Deo,

354 873 421 914 ex
451 859 540 912 illo
561 856 897 926 justiticatur.
930 852 1133 906 Dictum
1171 859 1251 905 cst
1275 849 1416 904 enim
1453 867 1465 903 :
1495 847 1725 904 Credenti
1750 847 1801 900 in
1829 861 1941 899 eum

352 953 444 1022 qui
473 949 721 1021 justiﬁeat
759 944 990 1014 impium,
1018 943 1288 1010 deputatur
1315 942 1440 1010 ﬁdes
1469 941 1576 1010 ejus
1604 939 1670 991 ad
1687 937 1942 1010 justitiam

355 1043 534 1115 (Rom.
568 1057 638 1108 tv,
664 1039 742 1109 5).
777 1035 1079 1092 Deﬁciendo
1106 1034 1173 1088 ab
1202 1033 1293 1089 illo
1319 1034 1590 1103 titiniqna,
1615 1028 1942 1101 proliciendo

350 1135 420 1187 ad
477 1132 622 1187 illum
669 1131 727 1185 ﬁt
758 1130 923 1200 justa.
972 1127 1158 1182 Nonne
1205 1126 1414 1180 videtur
1446 1124 1536 1179 tibi
1565 1123 1714 1194 quasi
1743 1121 1940 1190 aliquid

350 1225 606 1296 frigidum
644 1223 750 1294 igni
779 1221 1051 1276 admotum
1096 1218 1411 1278 fervescere.
1445 1225 1707 1271 remotum
1734 1215 1799 1270 ab
1823 1215 1944 1284 igne

351 1314 704 1387 torpescere?
729 1328 907 1368 nonne
945 1311 1153 1366 videtur
1183 1310 1272 1364 tibi
1299 1309 1550 1380 quiddam
1577 1309 1938 1371 tenebrosum,

348 1409 630 1464 admotum
656 1406 760 1462 luci
783 1406 1099 1468 clarescere,
1131 1413 1393 1457 remotum
1423 1417 1452 1454 a
1485 1402 1599 1455 luce
1620 1396 1942 1470 nigrescere?

349 1501 486 1555 Tale
509 1499 762 1570 quiddam
789 1507 871 1551 est
895 1496 1212 1560 anima,non
1231 1493 1332 1548 tale
1351 1493 1547 1562 aliquid
1577 1493 1734 1546 Deus.
1765 1491 1945 1546 Potest

347 1601 405 1645 et
434 1593 598 1646 homo
628 1590 827 1652 dicere,
857 1587 1053 1642 habere
1082 1603 1140 1641 se
1166 1586 1336 1640 lucem
1368 1601 1506 1640 nunc
1537 1585 1586 1638 in
1617 1583 1786 1638 oculis
1810 1585 1938 1637 suis.

351 1683 549 1737 Dicant
595 1695 722 1749 ergo
764 1679 913 1749 quasi
953 1677 1178 1750 quadam
1216 1692 1346 1731 voce
1381 1677 1594 1746 prOpria
1625 1675 1767 1730 oculi
1797 1675 1868 1728 tui
1898 1673 1943 1728 si

351 1782 583 1844 possunt
609 1791 620 1826 :
650 1770 918 1825 Habemus
956 1769 1126 1823 lucem
1154 1768 1205 1822 in
1237 1767 1388 1821 nobis
1417 1766 1563 1836 ipsis.
1593 1765 1790 1820 Contra
1813 1765 1945 1819 dici-

350 1863 620 1920 ttteron
663 1863 876 1934 pmprie
913 1859 1085 1916 dicitis
1125 1860 1321 1914 habere
1362 1873 1456 1912 vos
1500 1857 1671 1912 lucem
1709 1858 1761 1912 in
1792 1857 1942 1912 vobis

349 1959 486 2028 ipsis
514 1975 529 2010 :
555 1956 764 2012 habetis
788 1955 982 2020 lucem,
1011 1951 1105 2006 sed
1136 1952 1187 2005 in
1219 1951 1388 2016 cado;
1419 1950 1625 2004 habetis
1653 1949 1824 2004 lucem
1850 1989 1863 2014 ,
1897 1949 1941 2002 si

349 2052 490 2105 forte
514 2064 620 2104 nox
646 2057 757 2113 est,
797 2045 891 2100 sed
930 2045 980 2099 in
1024 2044 1169 2109 luna,
1216 2042 1267 2096 in
1306 2043 1556 2107 lucernis,
1584 2057 1688 2094 non
1720 2043 1770 2094 in
1794 2041 1943 2094 vobis

351 2139 656 2209 ipsisznam
680 2137 843 2192 clausi
863 2133 1124 2198 amittitis,
1151 2132 1290 2203 quod
1319 2131 1488 2200 aperti
1515 2131 1803 2202 percipitis.
1826 2131 1948 2192 Non

353 2233 408 2287 in
465 2232 618 2286 vobis
663 2229 791 2302 ipsis
826 2228 1032 2282 habetis
1059 2227 1227 2280 lucem
1262 2242 1275 2278 :
1309 2226 1420 2278 sole
1457 2223 1732 2277 occidente
1767 2231 1942 2277 tenete

350 2323 555 2388 lucem,
585 2323 630 2377 si
657 2321 876 2392 potestis
906 2337 920 2373 :
953 2335 1055 2373 nox
1085 2327 1186 2382 est,
1223 2326 1275 2372 et
1311 2317 1509 2371 lumine
1532 2327 1790 2370 nocturno
1816 2331 1941 2386 per-

351 2414 630 2482 fruimini;
663 2412 919 2467 subducta
942 2411 1152 2464 lucerna
1191 2417 1365 2463 tenete
1396 2409 1564 2462 lucem
1607 2423 1620 2459 :
1661 2423 1779 2461 cum
1817 2422 1942 2462 vero

359 2506 635 2560 subtracta
666 2504 883 2559 lucerna
927 2505 978 2556 in
1019 2501 1251 2556 tenebris
1304 2499 1590 2554 remanetis
1617 2539 1632 2564 ,
1696 2514 1801 2552 non
1855 2497 1940 2550 lu-

348 2611 471 2652 cem
499 2596 555 2650 in
596 2596 750 2650 vobis
776 2595 903 2664 ipsis
928 2592 1152 2646 habetis.
1189 2591 1300 2645 lloc
1354 2599 1435 2644 εει
1469 2604 1596 2660 ergo
1645 2589 1839 2644 habere
1864 2577 1942 2644 lu?

347 2705 471 2745 cem
498 2689 553 2745 in
584 2689 891 2757 semetipso,
923 2702 1026 2740 non
1053 2685 1288 2754 indigere
1322 2683 1439 2738 luce
1475 2699 1542 2739 ex
1581 2683 1769 2736 altero.
1807 2684 1942 2738 Ecce

346 2782 466 2849 ubi,
498 2783 543 2836 si
565 2781 684 2852 quis
705 2779 980 2849 intelligat,
1009 2777 1241 2832 ostendit
1268 2776 1456 2830 Filium
1487 2776 1746 2846 aequalem
1775 2777 1938 2843 Patri,

346 2873 440 2927 ubi
468 2874 569 2940 ait,
601 2871 745 2927 Sicut
769 2871 916 2924 habet
947 2866 1102 2922 Pater
1127 2870 1279 2921 vitam
1307 2869 1358 2921 in
1388 2869 1674 2936 semetipso,
1703 2870 1775 2921 sic
1803 2867 1941 2922 dedit

346 2975 397 3016 ct
426 2962 570 3016 Filio
598 2963 750 3016 vitam
779 2961 961 3015 habere
1006 2960 1058 3013 in
1087 2960 1352 3029 semetipso
1382 2975 1400 3013 :
1430 2969 1485 3012 ut
1514 2958 1615 3012 hoc
1643 2959 1814 3013 solum
1863 2959 1942 3012 in-

346 3056 504 3111 tersit
531 3054 672 3109 inter
700 3053 908 3107 Patrem
936 3058 991 3106 et
1029 3050 1242 3118 Filium,
1265 3050 1384 3120 quia
1407 3051 1564 3104 Pater
1587 3050 1746 3106 habet
1779 3050 1939 3104 vitam

348 3148 402 3202 in
432 3146 744 3215 semetipso,
778 3159 932 3214 quam
960 3158 1118 3198 nemo
1153 3143 1202 3197 ei
1243 3141 1422 3206 dedit;
1457 3141 1621 3196 Filius
1646 3150 1822 3197 autem
1847 3141 1943 3197 lia-

348 3237 443 3294 bet
466 3237 634 3292 vitam
667 3238 721 3291 in
748 3235 1055 3305 semetipso,
1081 3249 1237 3303 quam
1266 3234 1421 3288 Pater
1443 3234 1606 3289 dedit.

422 3330 516 3384 12.
559 3327 662 3383 Sed
702 3327 860 3382 etiam
906 3327 991 3380 hic
1017 3327 1186 3381 oritur
1226 3325 1441 3396 aliquod
1490 3325 1728 3379 nubilum
1760 3324 1941 3380 discu-

347 3421 613 3476 tiendum.
673 3418 788 3474 Non
851 3418 1196 3482 deﬁciamus,
1250 3417 1438 3471 intenti
1497 3417 1710 3470 simus:
1746 3428 1940 3486 pascua

349 3517 552 3570 montis
596 3522 754 3579 sunt,
807 3526 912 3566 non
962 3511 1320 3575 fastidiamus,
1353 3520 1409 3563 ut
1453 3510 1714 3563 vivamus.
1769 3509 1938 3572 Ecce,

351 3605 568 3676 inquis,
599 3603 780 3658 fateris
807 3603 918 3673 ipse
948 3601 1089 3672 quod
1134 3602 1294 3656 vitam
1341 3599 1471 3653 Filio
1503 3601 1656 3654 Pater
1681 3600 1855 3664 dedit,
1889 3609 1945 3655 ut

350 3696 552 3752 habeat
575 3713 690 3751 eam
718 3696 929 3766 quidem
960 3695 1010 3748 in
1048 3695 1334 3763 semetipso
1359 3735 1373 3758 ,
1406 3695 1540 3747 sicut
1588 3693 1746 3748 habet
1788 3692 1944 3748 l’ater

349 3791 518 3842 vitam
552 3788 604 3841 in
645 3787 930 3855 semetipso
953 3827 967 3851 ,
1002 3801 1104 3838 non
1153 3784 1395 3853 indigens
1431 3783 1544 3849 ille,
1577 3798 1680 3836 non
1714 3783 1944 3854 indigeat

351 3891 404 3933 et
431 3882 564 3944 iste;
598 3888 654 3932 ut
678 3879 747 3932 sit
778 3878 867 3932 ille
892 3879 993 3931 vita
1016 3918 1031 3944 ,
1058 3877 1127 3930 sit
1163 3886 1216 3931 et
1253 3877 1386 3940 iste;
1415 3884 1468 3930 et
1500 3885 1783 3945 utrumque
1809 3890 1942 3930 cons

346 3971 594 4042 junctum
632 3985 735 4024 una
773 3970 879 4023 vita
901 4009 916 4032 ,
949 3985 1053 4024 non
1082 3967 1238 4030 dum;
1282 3968 1405 4038 quia
1453 3983 1589 4022 unus
1635 3968 1808 4030 Deus,
1838 3983 1941 4021 non

351 4063 461 4117 duo
482 4061 558 4116 dii
584 4079 596 4114 :
623 4071 676 4116 et
704 4060 807 4116 hoc
834 4061 1003 4130 ipsqu
1032 4060 1102 4113 sit
1131 4074 1250 4114 esse
1281 4060 1461 4112 vitam.
1494 4057 1773 4124 Quomodo
1816 4073 1943 4128 ergo

350 4154 504 4209 dedit
548 4153 682 4207 Filio
725 4154 887 4207 vitam
933 4151 1131 4207 Pater?
1162 4151 1275 4206 Non
1322 4151 1397 4206 sic
1437 4153 1586 4221 quasi
1634 4163 1756 4206 ante
1789 4151 1945 4206 fuerit

349 4246 525 4301 Filius
565 4245 682 4300 sine
705 4245 845 4309 vita,
879 4254 1036 4314 atque
1083 4252 1140 4297 nt
1177 4243 1380 4298 viveret
1409 4258 1437 4296 a
1482 4243 1638 4297 Patre
1679 4244 1946 4312 acceperit

349 4338 518 4391 vitam
555 4351 718 4390 :nam
762 4335 808 4388 si
853 4334 954 4390 hoc
979 4342 1154 4397 esset,
1185 4350 1290 4388 non
1319 4334 1539 4388 haberet
1581 4335 1742 4388 vitam
1777 4335 1826 4389 in
1855 4352 1944 4390 se-

351 4430 604 4497 metipso.
653 4428 789 4482 Ecce
827 4427 894 4482 de
939 4427 1112 4481 anima
1146 4425 1417 4496 loquebar.
1463 4426 1558 4481 Est
1601 4429 1773 4480 anima
1803 4445 1816 4480 :
1844 4429 1944 4482 etsi

349 4535 461 4576 non
505 4521 576 4575 sit
601 4523 846 4588 sapiens,
877 4519 973 4574 etsi
1022 4533 1128 4574 non
1173 4519 1242 4573 sit
1285 4520 1463 4589 justa,
1492 4519 1666 4572 anima
1694 4527 1806 4583 est;
1844 4519 1943 4573 etsi

350 4625 461 4666 non
489 4611 561 4665 sit
592 4611 676 4680 pia
699 4652 712 4674 ,
744 4611 918 4664 anima
949 4619 1052 4664 est.
1102 4608 1257 4663 Aliud
1289 4610 1362 4663 illi
1388 4624 1514 4680 ergo
1555 4619 1636 4663 cst
1677 4625 1797 4664 esse
1825 4609 1942 4663 ani-

350 4717 496 4759 mam
518 4745 534 4766 ,
568 4703 708 4756 aliud
743 4718 870 4757 vero
907 4718 1026 4757 esse
1069 4703 1404 4772 sapientem,
1433 4715 1552 4756 esse
1573 4701 1793 4772 justam,
1825 4717 1945 4757 esse

350 4795 520 4865 piam.
553 4794 647 4847 Est
671 4808 799 4863 ergo
828 4792 1025 4862 aliquid
1049 4788 1153 4862 q'uo
1175 4793 1408 4848 nondum
1432 4801 1512 4848 εει
1537 4795 1747 4862 sapiens
1766 4835 1780 4857 ,
1804 4810 1943 4848 non-

350 4885 480 4938 dum
507 4884 650 4954 justa
672 4925 688 4949 ,
731 4883 965 4937 nondqu
999 4882 1113 4954 pia;
1145 4900 1251 4936 non
1299 4893 1473 4938 tamen
1519 4883 1652 4937 nihil
1695 4892 1808 4948 εει,
1839 4898 1944 4939 non

351 4985 537 5030 tamen
583 4974 726 5028 nulla
764 4975 869 5028 vita
899 4983 980 5028 εει
1013 4991 1026 5026 :
1059 4989 1178 5027 nam
1226 4989 1290 5027 ex
1336 4975 1586 5044 Operibus
1629 4976 1942 5044 quibusdam

350 5067 464 5121 suis
490 5065 725 5120 ostendit
751 5080 808 5120 se
837 5065 997 5118 vitam
1028 5066 1066 5130 ⁸,
1096 5065 1192 5119 ειεί
1239 5081 1343 5118 non
1376 5081 1434 5119 se
1470 5066 1702 5120 ostendit
1731 5068 1944 5137 sapien-

353 5167 460 5212 tem
483 5199 499 5223 ,
536 5157 706 5227 piam,
736 5157 952 5223 justam.
1004 5155 1115 5209 Nisi
1162 5156 1300 5209 enim
1334 5156 1568 5223 viveret,
1602 5172 1800 5228 corpus
1841 5175 1945 5213 non

351 5262 635 5317 moveret;
683 5249 905 5319 pedibus
952 5264 1230 5320 gressum,
1281 5250 1524 5304 manibus
1579 5266 1742 5318 opus,
1776 5253 1943 5306 oculis

354 5345 608 5398 intuitum
635 5385 646 5407 ,
680 5343 899 5396 auribus
924 5341 1159 5395 auditum
1192 5355 1295 5396 non
1329 5342 1646 5410 imperaret;
1681 5359 1784 5396 non
1817 5359 1947 5412 ape-

352 5436 488 5491 riret
534 5449 594 5489 os
628 5434 693 5488 ad
734 5449 918 5488 vocem
940 5475 954 5499 ,
979 5435 1212 5503 linguam
1241 5434 1306 5486 ad
1335 5433 1728 5488 distinctionem
1757 5452 1946 5490 vocum

354 5540 464 5580 non
488 5533 752 5580 moveret.
791 5523 884 5578 llis
906 5525 1084 5594 itaque
1113 5524 1364 5592 operibus
1391 5524 1570 5578 vivere
1597 5540 1655 5578 se
1683 5526 1944 5590 ostendit,

355 5625 553 5670 etesse
574 5614 772 5685 aliquid
801 5615 940 5684 quod
968 5616 1033 5668 sit
1063 5628 1287 5684 corpore
1315 5615 1503 5668 melius
1530 5631 1544 5666 :
1569 5615 1662 5670 sed
1693 5617 1946 5686 numquid

353 5705 440 5762 bis
481 5707 767 5776 operibus,
799 5707 1090 5776 sapientem
1117 5749 1130 5770 ,
1166 5708 1302 5776 piam
1325 5749 1337 5770 ,
1367 5708 1562 5775 justam
1594 5723 1650 5763 εε
1682 5711 1949 5766 ostendit?

417 5822 432 5852 ι
463 5825 538 5868 Er.
565 5819 709 5898 tugd.
735 5827 851 5869 Ven.
878 5827 986 5871 ιον.
1013 5833 1117 5884 pro,
1141 5827 1302 5883 vitam,
1328 5822 1506 5884 ferunt,
1531 5823 1698 5876 eiram.
1765 5837 1820 5880 at.

1515 367 1926 427 TRACTATUS
1967 366 2106 424 XIX.
2147 368 2372 427 CAPUT
2412 369 2475 426 ν.

3501 376 3641 438 1550

2049 480 2238 538 Nonne
2283 483 2586 553 ambulant,
2633 493 2940 554 operantur,
2989 486 3199 553 vident,
3249 489 3496 559 audiunt,
3548 494 3632 551 lo-

2050 584 2280 644 quuntur
2315 586 2369 630 et
2410 577 2592 641 stulti,
2621 587 2674 634 et
2705 578 2884 647 impii,
2917 586 2970 633 et
3008 579 3383 649 injusti?Cum
3407 599 3537 639 vero
3569 600 3628 642 se

2049 665 2204 736 erigit
2242 666 2307 720 ad
2347 666 2543 738 aliquid
2585 669 2724 738 quod
2774 671 2882 740 ipsa
2919 687 3023 725 non
3054 683 3130 726 est
3155 711 3170 739 ,
3203 682 3257 728 et
3296 674 3436 745 quod
3465 692 3625 746 supra

2049 757 2216 827 ipsam
2261 769 2377 824 est,
2408 769 2461 814 et
2507 775 2536 814 a
2579 776 2683 831 quo
2714 761 2823 832 ipsa
2868 771 2982 824 est,
3008 766 3233 834 percipit
3269 768 3586 836 sapientiam
3617 812 3632 836 ,

2044 849 2332 920 justitiam,
2367 851 2615 922 pietatem
2648 871 2660 906 :
2689 855 2804 910 sine
2847 856 3037 925 quibus
3063 870 3184 910 cum
3211 867 3392 923 esset,
3423 871 3633 917 mortua

2047 952 2192 1009 erat,
2218 958 2317 998 uec
2360 945 2523 999 vitam
2567 945 2794 1002 habebat
2835 964 2936 1018 qua
2978 948 3090 1018 ipsa
3135 950 3366 1017 viveret,
3396 951 3487 1008 sed
3531 970 3634 1022 qua

2047 1047 2242 1104 corpus
2274 1036 2584 1090 viviticaret.
2615 1029 2769 1092 Aliud
2797 1048 2878 1093 est
2903 1040 3042 1094 enim
3066 1041 3116 1095 in
3145 1043 3318 1097 anima
3341 1031 3488 1100 itinde
3517 1061 3638 1100 cor-

2047 1142 2150 1199 pus
2199 1129 2514 1196 viviiicatnr,
2546 1130 2686 1184 aliud
2737 1131 2874 1187 unde
2923 1132 3036 1202 ipsa
3084 1134 3399 1191 viviliea'tur.
3445 1137 3636 1194 Melius

2047 1221 2243 1290 quippe
2286 1229 2370 1275 εει
2411 1237 2568 1290 quam
2613 1237 2834 1292 corpus;
2864 1224 2955 1277 sed
2999 1225 3188 1280 melius
3226 1243 3382 1296 quam
3413 1228 3525 1297 ipse
3555 1239 3639 1283 est.

2049 1313 2208 1368 Deus.
2261 1312 2356 1368 Est
2400 1328 2528 1383 ergo
2561 1315 2671 1383 ipsa
2692 1355 2707 1378 ,
2736 1315 2942 1368 etiamsi
2974 1317 3042 1370 sit
3085 1316 3338 1387 insipiens
3358 1361 3372 1384 ,
3403 1320 3596 1390 injusta
3617 1355 3634 1388 ,

2049 1404 2208 1476 impia
2235 1447 2248 1469 ,
2277 1406 2381 1459 vita
2410 1407 2670 1474 corporis.
2719 1406 2851 1473 Quia
2881 1423 3008 1462 vero
3056 1411 3158 1463 vita
3190 1412 3302 1480 ejus
3346 1421 3428 1466 est
3457 1413 3594 1468 Deus
3613 1452 3630 1480 ,

2048 1498 2316 1568 quomodo
2343 1514 2461 1552 cum
2493 1501 2601 1568 ipsa
2630 1508 2711 1553 est
2737 1501 2791 1554 in
2834 1514 3057 1571 corpore
3079 1543 3092 1567 ,
3125 1513 3340 1571 przestat
3367 1505 3440 1558 illi
3479 1505 3630 1575 vigo-

2047 1603 2195 1656 rem,
2245 1589 2520 1654 decorem,
2575 1588 2955 1658 mobilitatem,
3007 1593 3179 1648 oﬂicia
3236 1595 3629 1663 membrorum;

2047 1682 2124 1736 sic
2152 1698 2272 1736 cum
2302 1683 2403 1737 vita
2430 1683 2546 1752 ejus
2574 1684 2712 1737 Deus
2739 1685 2788 1737 iu
2812 1684 2923 1754 ipsa
2947 1693 3048 1749 est,
3077 1695 3291 1755 prazstat
3319 1687 3389 1740 illi
3418 1686 3632 1755 sapien-

2049 1773 2208 1837 tiam,
2259 1774 2542 1844 pietatem,
2591 1775 2883 1844 justitiam,
2937 1775 3271 1830 charitatcm.
3340 1777 3496 1830 Aliud
3548 1777 3634 1832 εει

2047 1877 2174 1932 ergo
2201 1864 2340 1933 quod
2388 1874 2672 1934 przcstatur
2712 1866 2923 1936 corpori
2970 1867 3035 1920 de
3079 1868 3288 1930 anima;
3319 1867 3458 1921 aliud
3489 1867 3631 1936 quod

2049 1963 2328 2024 priestatur
2371 1957 2560 2011 animre
2605 1958 2672 2012 de
2717 1960 2824 2013 Deo
2855 1977 2867 2012 :
2901 1959 3161 2023 vivillcat,
3192 1969 3246 2013 et
3297 1961 3628 2026 vivilicaI-ur;

2046 2053 2254 2100 mortua
2302 2047 2565 2109 viviﬁcat,
2601 2049 2645 2102 si
2695 2049 2806 2117 ipsa
2857 2067 2960 2103 non
3012 2049 3326 2103 viviﬁCntur.
3372 2050 3632 2106 Veniente

2047 2136 2222 2206 itaque
2253 2139 2415 2192 verbo
2442 2148 2495 2193 et
2523 2141 2696 2194 infuso
2717 2140 3052 2195 audientibus
3072 2182 3086 2203 ,
3119 2141 3373 2210 factisque
3397 2142 3496 2195 illis
3523 2156 3630 2196 non

2045 2231 2216 2285 solum
2249 2232 2583 2286 audientibus
2604 2274 2618 2297 ,
2646 2233 2737 2287 sed
2768 2235 2924 2286 etiam
2964 2233 3364 2300 obedienlibns,
3399 2234 3632 2304 resurgit

2045 2322 2221 2374 anima
2248 2336 2276 2372 a
2304 2331 2474 2375 morte
2515 2337 2607 2375 sua
2637 2322 2702 2374 ad
2747 2324 2906 2376 vitam
2954 2339 3134 2386 suam;
3162 2323 3261 2377 hoc
3291 2335 3368 2378 est
3391 2364 3405 2389 ,
3436 2323 3503 2376 ab
3525 2324 3633 2377 ini-

2045 2411 2281 2478 quitatc,
2315 2411 2381 2464 ab
2408 2412 2729 2481 insipientia,
2764 2414 2829 2466 ab
2860 2413 3131 2482 impietate
3161 2418 3225 2468 ad
3257 2413 3424 2468 Deum
3451 2429 3628 2479 suum,

2046 2500 2135 2569 qui
2166 2509 2244 2553 est
2287 2501 2359 2554 illi
2387 2502 2665 2570 sapientia,
2693 2502 2928 2570 justitia,
2959 2504 3192 2557 claritas.
3228 2505 3422 2573 Snrgat
3467 2503 3530 2558 ad
3564 2505 3631 2558 il-

2045 2591 2176 2654 lum,
2205 2592 2532 2646 illuminetur
2561 2595 2626 2647 ab
2648 2593 2758 2647 illo.
2789 2595 3039 2660 Accedite,
3075 2595 3276 2664 inquit,
3310 2593 3376 2648 ad
3397 2612 3534 2648 cum.
3570 2595 3634 2650 Et

2045 2682 2168 2750 quid
2197 2683 2350 2736 nobis
2377 2683 2517 2738 erit?
2551 2683 2614 2736 Et
2642 2685 3002 2737 illuminamini
3043 2685 3212 2756 (I'sul.
3244 2702 3433 2750 xxxut,
3579 2686 3634 2741 Si

2045 2789 2173 2844 ergo
2201 2775 2501 2830 accedendo
2529 2776 2903 2829 illuminamini
2927 2816 2940 2840 ,
2976 2787 3026 2831 et
3057 2777 3354 2831 ιερει1υιιι1.)
3385 2778 3628 2831 tenebra-

2046 2869 2210 2932 mini;
2241 2883 2342 2922 non
2375 2877 2488 2923 erat
2533 2870 2584 2922 in
2615 2868 2763 2922 vobis
2808 2868 2984 2922 lumen
3015 2877 3250 2923 Vestrum
3273 2907 3290 2934 ,
3317 2867 3410 2921 sed
3444 2869 3494 2921 in
3526 2868 3632 2923 Deo

2047 2967 2242 3012 vestro.
2273 2958 2558 3023 Accedite,
2589 2969 2644 3012 ut
2671 2960 2958 3028 resurgatis
2987 2977 2999 3011 :
3029 2958 3075 3012 si
3119 2958 3448 3013 recesseritis
3469 3000 3484 3025 ,
3519 2974 3632 3012 Ino-

2046 3050 2276 3104 riemini.
2307 3051 2360 3104 Si
2389 3066 2515 3120 ergo
2539 3049 2844 3104 accedendo
2887 3050 3058 3103 vivitis
3080 3090 3094 3115 ,
3126 3049 3426 3106 rccedcndo
3465 3050 3632 3106 mori-

2046 3140 2210 3207 mini;
2241 3157 2345 3194 non
2369 3149 2484 3196 crat
2503 3142 2555 3194 in
2574 3140 2723 3194 vobis
2746 3141 2851 3194 vita
2883 3149 3075 3194 vestra.
3101 3139 3215 3209 ipsa
3245 3150 3325 3194 est
3353 3141 3496 3194 enim
3523 3140 3628 3193 vita

2046 3243 2222 3286 vestra
2245 3275 2257 3298 ,
2291 3247 2411 3302 qua:
2441 3241 2522 3286 est
2547 3233 2637 3286 lux
2679 3243 2875 3285 vestra.
2907 3231 3158 3296 Quoniam
3185 3231 3321 3302 apud
3347 3241 3392 3284 te
3417 3241 3490 3284 est
3515 3235 3631 3302 fons

2045 3326 2178 3388 vitw,
2203 3334 2248 3378 et
2273 3325 2323 3377 iu
2345 3325 2532 3379 lumine
2550 3335 2636 3377 tuo
2656 3323 2929 3377 videbimus
2953 3324 3118 3377 ltmteu
3140 3321 3309 3392 (Psul.
3332 3339 3490 3388 xxxv,
3518 3321 3631 3390 10).

2120 3418 2206 3472 l3.
2248 3416 2361 3470 Non
2400 3433 2526 3486 ergo
2565 3426 2702 3471 sicut
2730 3418 2904 3470 anima
2933 3416 3131 3487 aliquid
3175 3415 3318 3486 aliud
3356 3426 3438 3470 εει
3476 3426 3632 3472 aute-

2048 3526 2205 3580 quam
2235 3511 2579 3572 illuminetur,
2615 3521 2666 3563 et
2698 3509 2756 3564 ﬁt
2785 3510 2973 3565 melius
3000 3525 3120 3564 cum
3153 3509 3479 3564 illuminatur
3509 3525 3634 3580 par-

2050 3601 2356 3671 ticipatione
2383 3601 2650 3660 melioris;
2682 3601 2750 3654 ita
2792 3611 2847 3655 et
2883 3601 3111 3655 Verbum
3154 3601 3280 3665 Dei,
3312 3601 3474 3654 Filius
3503 3601 3632 3664 Dei,

2049 3693 2249 3763 aliquid
2275 3691 2418 3746 aliud
2443 3703 2556 3746 erat
2585 3700 2868 3761 antequam
2907 3692 3170 3762 acciperet
3199 3693 3389 3755 vitam,
3424 3701 3478 3745 ut
3509 3707 3631 3762 par-

2049 3786 2315 3855 ticipando
2335 3785 2522 3840 habent
2540 3786 2699 3839 vitam
2729 3802 2740 3837 :
2767 3783 2857 3838 sed
2879 3785 3036 3836 vitam
3066 3783 3219 3836 habet
3239 3783 3289 3837 in
3313 3784 3630 3852 semetipso;

2049 3894 2112 3934 ac
2138 3869 2232 3948 p'er
2277 3878 2377 3933 hoc
2405 3879 2516 3948 ipse
2543 3887 2624 3932 est
2670 3877 2783 3946 ipsa
2820 3876 2944 3930 vita.
2999 3874 3135 3942 Quid
3179 3891 3306 3945 ergo
3345 3875 3450 3942 ait,
3479 3873 3634 3929 Dedit

2050 3971 2188 4026 Filio
2232 3971 2384 4025 vitam
2427 3970 2608 4022 habere
2648 3969 2701 4022 in
2746 3967 3050 4036 semetipso?
3089 3966 3327 4020 Breviter
3369 3965 3630 4033 dixerim,

2049 4065 2244 4119 Gemtit
2273 4062 2482 4116 Filium.
2515 4061 2696 4131 Neque
2734 4061 2875 4116 enim
2899 4067 3016 4114 erat
3044 4059 3161 4114 sine
3189 4060 3292 4114 vita
3311 4101 3325 4125 ,
3352 4068 3406 4114 et
3431 4060 3636 4129 accepit

2051 4155 2250 4220 vitam;
2285 4154 2381 4210 sed
2421 4154 2689 4210 nascendo
2733 4157 2838 4207 vita
2887 4162 2989 4207 est.
3042 4153 3199 4207 Pater
3243 4154 3350 4208 vita
3400 4163 3483 4207 est
3528 4169 3632 4208 non

2050 4247 2354 4313 nascendo;
2382 4247 2549 4302 Filius
2595 4246 2698 4299 vita
2742 4254 2824 4299 est
2853 4243 3139 4299 nascendo.
3184 4243 3341 4298 Pater
3377 4245 3445 4299 de
3489 4245 3636 4299 nullo

2051 4352 2230 4409 patre,
2254 4338 2416 4393 Filius
2446 4342 2511 4392 de
2544 4337 2653 4391 Deo
2699 4335 2874 4390 Patre.
2923 4335 3080 4390 Pater
3105 4334 3244 4404 quod
3273 4343 3388 4400 est,
3421 4349 3450 4390 a
3492 4337 3636 4390 nullo

2049 4440 2130 4486 est
2157 4441 2171 4486 ι
2195 4430 2334 4501 quod
2360 4442 2535 4484 autem
2561 4430 2720 4484 Pater
2740 4438 2820 4482 est
2841 4469 2854 4492 ,
2887 4440 3108 4498 propter
3129 4427 3315 4482 Filium
3339 4438 3438 4482 est.
3473 4429 3640 4484 Filius

2052 4537 2177 4577 vero
2203 4531 2253 4576 et
2280 4521 2420 4590 quod
2444 4520 2608 4574 Filius
2633 4529 2742 4585 est,
2772 4528 2991 4589 propter
3032 4519 3238 4572 Patrem
3267 4530 3376 4583 est;
3418 4529 3470 4574 et
3497 4520 3636 4588 quod

2049 4621 2165 4679 est,
2198 4630 2226 4666 a
2272 4613 2428 4667 Patre
2456 4621 2556 4666 est.
2590 4611 2702 4665 lloc
2729 4627 2857 4682 ergo
2895 4611 3060 4674 dixit,
3104 4610 3271 4665 Vitam
3300 4611 3437 4666 dedit
3461 4611 3598 4666 Filio
3621 4655 3636 4676 ,

2044 4716 2104 4758 ut
2129 4704 2330 4759 haberet
2359 4721 2470 4758 eam
2495 4705 2545 4758 in
2587 4706 2886 4776 semetipso;
2918 4712 3168 4774 tauquam
3209 4704 3435 4772 diceret,
3478 4705 3636 4760 Pater

2049 4799 2140 4869 qui
2181 4807 2266 4852 est
2293 4797 2396 4852 vita
2440 4798 2490 4852 in
2535 4798 2861 4868 semetipso,
2894 4797 3076 4866 genuit
3122 4796 3312 4850 Filium
3359 4798 3447 4866 qui
3491 4807 3634 4852 esset

2051 4893 2156 4946 vita
2179 4891 2230 4945 iu
2255 4891 2562 4960 semetipso.
2595 4889 2697 4946 Pro
2722 4905 2787 4946 eo
2809 4891 2951 4944 enim
2973 4891 3111 4960 quod
3139 4899 3218 4944 cst
3242 4889 3444 4960 genuit,
3470 4889 3632 4943 voluit

2053 4983 2272 5052 intelligi
2299 4983 2454 5036 dedit.
2478 4983 2750 5052 Tanquam
2784 4983 2826 5035 si
2855 4983 3099 5052 cuiquam
3127 4982 3450 5045 diceremus,
3484 4968 3660 5035 Dcdit‘

2053 5076 2144 5129 tibi
2172 5077 2310 5129 Dens
2339 5091 2476 5131 εε›ε.
2509 5075 2602 5129 Cui
2625 5073 2807 5129 dedit?
2829 5075 2881 5130 Si
2907 5075 3188 5146 alicuijum
3216 5074 3460 5129 existenti
3489 5072 3636 5127 dedit
3676 5144 3677 5147 η

2052 5174 2170 5222 εεεε
2191 5210 2204 5231 ,
2240 5182 2342 5221 non
2375 5167 2419 5221 ei
2449 5165 2594 5221 dedit
2619 5181 2734 5221 esse
2757 5183 2768 5231 ;
2794 5168 2914 5237 quia
2942 5176 3084 5230 erat,
3109 5175 3388 5234 antequam
3413 5163 3459 5218 ei
3481 5164 3649 5222 dare-,
3675 5152 3691 5182 ί

2053 5269 2159 5326 tur,
2183 5261 2268 5330 qui
2301 5270 2479 5328 posset
2501 5260 2761 5328 accipere.
2805 5259 2939 5313 Cum
2969 5273 3096 5328 ergo
3125 5255 3277 5310 audis
3298 5296 3312 5320 ,
3347 5256 3500 5310 Dedit
3540 5255 3635 5310 tibi

2053 5367 2204 5418 esse,
2241 5370 2344 5406 non
2377 5368 2494 5406 eras
2525 5351 2612 5420 qui
2653 5351 2943 5419 acciperes,
2970 5360 3024 5404 et
3071 5348 3346 5403 existendo
3386 5349 3634 5418 accepisti

2056 5455 2112 5498 ut
2138 5460 2304 5500 esses.
2335 5443 2487 5496 Dedit
2512 5452 2746 5498 structor
2770 5442 2954 5496 domui
2984 5440 3103 5493 huic
3126 5447 3182 5493 ut
3201 5449 3362 5494 esset.
3383 5439 3488 5495 Sed
3509 5439 3634 5509 quid

2053 5540 2101 5594 ei
2130 5539 2308 5593 dedit?
2331 5538 2397 5593 Ut
2415 5538 2604 5590 domus
2627 5547 2784 5590 e<set.
2810 5535 2904 5587 Cui
2925 5534 3108 5586 dedit?
3133 5534 3477 5587 lluicdomui.
3497 5533 3634 5600 Quid

2053 5631 2102 5685 ei
2133 5629 2394 5685 dedit‘BUt
2423 5629 2613 5682 domus
2635 5636 2793 5680 esset.
2824 5625 3100 5691 Quomodo
3124 5626 3288 5694 potuit
3311 5625 3439 5680 dare
3461 5623 3639 5678 domui

2057 5734 2113 5778 ut
2143 5725 2331 5777 domus
2381 5721 2559 5776 esset?
2589 5719 2796 5772 Etenim
2848 5718 2889 5771 si
2921 5716 3111 5770 domus
3137 5725 3285 5779 erat;
3317 5718 3399 5769 cui
3449 5714 3594 5766 daret
3620 5756 3634 5778 ,

2061 5829 2118 5872 ut
2144 5818 2333 5873 domus
2361 5822 2530 5882 esset,
2560 5812 2770 5882 quando
2811 5811 2921 5884 jam
2967 5810 3156 5868 domus
3199 5809 3349 5866 erat?
3377 5806 3513 5876 Quid
3561 5815 3640 5858 est
3713 5849 3719 5859 κ
