4082 6484
439 393 564 453 1531

434 524 596 582 ergo,
623 507 776 564 Dedit
795 507 842 562 ei
872 515 928 560 ut
957 505 1144 559 domus
1174 501 1353 558 esset?
1381 498 1526 554 Fecit
1555 503 1611 550 ut
1638 495 1828 550 domus
1851 502 2012 582 esset.

437 581 572 670 Quid
601 614 728 671 ergo
759 597 893 654 Filio
913 595 1094 651 dedit?
1120 593 1272 648 Dedit
1300 593 1348 646 ei
1375 598 1432 644 ut
1460 589 1620 642 Filius
1647 594 1818 650 esset,
1840 581 2024 654 genuit

442 701 507 748 ιιι·
527 693 637 747 vita
666 699 809 746 esset
834 707 846 744 :
871 687 973 743 hoc
999 697 1080 746 est
1101 728 1114 752 ,
1141 683 1292 738 Dedit
1318 683 1364 736 ei
1388 680 1569 734 habere
1595 678 1747 732 vitam
1765 677 1814 729 in
1838 682 2021 730 semet-

438 785 550 853 ipso
573 824 589 848 ,
623 789 678 836 ut
719 788 862 836 esset
888 781 994 834 vita
1038 793 1140 832 non
1190 789 1353 844 egens
1380 774 1514 833 vita,
1561 785 1629 825 ne
1659 763 2024 838 participando

441 873 766 944 intelligatur
783 871 982 924 habere
1008 867 1191 920 vitam.
1220 864 1274 918 Si
1299 863 1439 917 enim
1461 857 1827 931 participando
1855 855 2022 908 habe-

442 973 526 1018 ret
546 965 711 1018 vitam
733 1003 748 1029 ,
781 969 961 1030 posset
987 967 1040 1012 et
1067 945 1359 1011 amittendo
1389 967 1507 1008 esse
1533 955 1647 1004 sine
1673 949 1779 1002 vita
1805 965 1817 999 :
1845 947 1944 1001 hoc
1973 945 2026 998 in

443 1056 582 1110 Filio
609 1069 678 1110 ne
708 1053 935 1122 accipias
955 1093 970 1114 ,
1001 1063 1068 1104 ne
1095 1049 1326 1118 cogites,
1366 1060 1431 1100 ue
1461 1043 1668 1098 credas.
1693 1039 1870 1094 Manet
1898 1049 2029 1104 ergo

447 1149 609 1203 Pater
632 1147 738 1201 vita
765 1187 779 1213 ,
807 1151 986 1198 manet
1012 1151 1066 1196 et
1095 1137 1262 1194 Filius
1277 1140 1392 1192 "vita
1419 1155 1432 1191 :
1456 1137 1612 1190 Pater
1631 1133 1736 1186 vita
1757 1131 1810 1184 in
1829 1135 2028 1184 semct-

445 1239 598 1308 ipso,
638 1252 742 1291 non
787 1249 818 1288 a
865 1229 1035 1297 Filio;
1065 1231 1230 1285 Filius
1273 1229 1375 1282 vita
1421 1228 1472 1280 in
1514 1223 1837 1290 semetipso,
1863 1217 1956 1274 sed
1999 1231 2033 1272 a

447 1327 628 1383 Patre.
673 1327 718 1380 A
749 1325 908 1381 Patre
949 1323 1161 1394 genitus
1186 1329 1245 1375 ut
1287 1327 1430 1374 esset
1469 1317 1573 1368 vita
1620 1313 1674 1366 in
1699 1310 2028 1378 semetipso:

447 1419 610 1473 Pater
640 1431 765 1472 vero
795 1432 900 1470 non
929 1415 1139 1484 genitos
1163 1413 1270 1466 vita
1299 1411 1352 1464 in
1380 1407 1688 1476 semetipso.
1719 1402 1828 1456 Nec
1855 1399 2000 1454 mino
2018 1429 2034 1440 -

446 1523 562 1563 rem
585 1507 774 1562 Filium
795 1506 978 1577 genuit
1003 1546 1017 1572 ,
1047 1505 1134 1574 qui
1161 1501 1454 1558 crescendo
1479 1499 1631 1554 ﬁeret
1656 1499 1894 1569 aequalis.
1919 1493 2034 1548 Non

446 1598 596 1654 enim
624 1597 691 1652 ad
733 1597 815 1652 sui
845 1597 1222 1666 perfectionem
1260 1593 1471 1664 adjutus
1504 1600 1587 1647 est
1631 1601 1909 1660 tempore,
1939 1597 2036 1657 per

448 1703 608 1758 quem
641 1687 929 1757 perlectum
975 1695 1153 1741 creata
1199 1694 1325 1740 sunt
1371 1693 1632 1752 tempora.
1677 1685 1817 1736 A‘nte
1857 1679 2036 1733 omnia

448 1787 688 1848 tempora
711 1777 854 1831 Patri
875 1785 1173 1832 comtcmus
1193 1783 1293 1830 est.
1315 1773 1595 1830 Non'enim
1617 1773 1852 1841 unquam
1883 1771 2038 1823 Pater

449 1870 566 1924 sine
591 1869 729 1924 Filio
753 1888 766 1923 :
791 1879 1022 1924 mter-nus
1051 1877 1228 1923 autem
1256 1868 1413 1922 Pater
1441 1875 1555 1932 est;
1587 1879 1716 1935 ergo
1735 1871 2038 1918 coaeternus

451 1973 507 2017 et
553 1961 735 2016 Filius.
787 1961 925 2030 Quid
973 1970 1063 2027 tu,
1091 1960 1308 2014 anima?
1347 1959 1552 2013 Mortua
1597 1971 1746 2022 eras,
1779 1956 2037 2010 amiseras

451 2051 638 2116 vitam,
659 2052 782 2106 audi
815 2053 1025 2107 Patrem
1053 2067 1148 2120 per
1175 2050 1390 2105 Filium.
1419 2049 1608 2118 Surge,
1628 2047 1806 2116 recipe
1833 2045 2034 2108 vitam;

450 2155 509 2198 ιιι
537 2144 590 2199 in
620 2160 685 2200 eo
713 2145 942 2215 recipias
966 2145 1130 2199 vitam
1182 2159 1339 2214 quam
1385 2159 1488 2196 non
1527 2141 1694 2195 habes
1737 2140 1788 2193 in
1831 2147 1885 2194 te
1906 2181 1920 2205 ,
1947 2137 2036 2207 qui

443 2235 615 2292 habet
643 2238 806 2292 vitam
832 2239 884 2292 in
923 2239 1232 2307 semetipso.
1263 2236 1505 2291 Viviticat
1543 2250 1669 2306 ergo
1697 2245 1746 2288 te
1777 2234 1952 2298 Pater,
1985 2239 2040 2286 et

453 2325 656 2392 Filius;
683 2337 738 2383 et
763 2329 936 2399 agitur
963 2329 1130 2397 prima
1168 2327 1490 2382 resurrectio
1510 2369 1524 2391 ,
1557 2325 1770 2396 quando
1806 2323 2038 2392 resurgis

453 2418 520 2471 ad
563 2419 978 2490 participandatn
1021 2419 1180 2473 vitam
1213 2417 1354 2488 quod
1386 2428 1438 2472 tu
1471 2433 1577 2471 non
1613 2431 1671 2470 es
1691 2457 1706 2481 ,
1739 2425 1793 2470 et
1821 2413 2037 2484 partici-

455 2511 628 2578 pando
652 2511 880 2568 efliceris
905 2513 1109 2568 vivens.
1141 2511 1377 2580 Resurge
1400 2527 1430 2564 a
1467 2517 1636 2564 morte
1665 2517 1752 2562 tua
1787 2508 1838 2561 in
1871 2507 2038 2559 vitam

455 2609 601 2656 tuam
623 2643 637 2667 ,
667 2603 756 2672 qui
779 2612 860 2657 est
889 2603 1028 2658 Deus
1058 2612 1210 2668 tuus;
1241 2609 1296 2656 et
1334 2601 1498 2656 transi
1527 2614 1558 2652 a
1585 2609 1759 2652 morte
1792 2597 1844 2650 in
1874 2595 2039 2649 vitam

455 2700 732 2745 aeternam.
760 2691 932 2746 liabet
957 2693 1098 2747 enim
1130 2691 1291 2745 vitam
1319 2698 1571 2744 :cternam
1597 2688 1752 2742 Pater
1783 2687 1835 2740 in
1861 2701 2038 2740 semc-

455 2783 625 2854 tipso;
655 2794 710 2839 et
735 2783 838 2840 nisi
885 2783 1074 2838 Filium
1125 2783 1282 2837 talem
1331 2789 1646 2852 generaret,
1679 2777 1769 2848 qui
1819 2776 2042 2831 haberet

455 2878 614 2934 vitam
661 2879 712 2932 in
761 2879 1075 2948 semetipso,
1105 2892 1211 2932 non
1253 2878 1390 2933 sicut
1429 2881 1586 2933 Pater
1632 2873 1854 2930 suscitat
1893 2887 2039 2925 mor-

456 2983 580 3028 tuos
607 2983 660 3028 et
679 2974 940 3042 viviﬁeat,
971 2975 1047 3029 sic
1073 2983 1126 3028 et
1151 2973 1318 3028 Filius
1343 2989 1476 3043 quos
1506 2973 1670 3026 vellet
1691 2967 2000 3024 vivntiraret.

527 3067 616 3121 M.
658 3066 796 3134 Quid
825 3082 952 3136 ergo
979 3066 1047 3122 de
1076 3067 1164 3120 illa
1195 3066 1582 3120 resurrectione
1611 3061 1886 3132 corporis?
1907 3059 2038 3114 Nam

457 3159 543 3213 isti
573 3159 662 3228 qui
707 3159 929 3212 audiunt
955 3167 1010 3213 et
1037 3158 1257 3224 vivunt,
1283 3156 1422 3210 unde
1443 3198 1457 3222 ,
1489 3155 1586 3210 nisi
1629 3152 1892 3208 audiendo
1914 3194 1929 3218 ,
1959 3151 2037 3204 vi-

457 3251 624 3304 vunt?
647 3251 852 3304 Amicus
873 3250 1013 3306 enim
1035 3250 1205 3320 sponsi
1227 3258 1324 3302 stat
1353 3255 1400 3301 et
1433 3247 1574 3300 audit
1600 3262 1714 3300 eum
1735 3285 1750 3310 ,
1777 3254 1824 3297 et
1853 3243 2039 3314 gaudio

457 3344 642 3416 gaudet
673 3353 877 3414 propter
903 3358 1068 3396 vocem
1093 3341 1267 3412 sponsi
1297 3339 1473 3411 (Joan.
1508 3355 1566 3394 ιιι
1589 3383 1602 3404 ,
1630 3338 1747 3409 ‘29),
1777 3351 1882 3390 non
1919 3350 2042 3404 pro-

459 3445 581 3504 pter
607 3449 792 3490 vocem
838 3449 987 3488 suam
1013 3451 1026 3498 ;
1057 3431 1161 3487 hoc
1207 3441 1318 3496 est,
1348 3429 1713 3500 participando
1733 3469 1747 3492 ,
1781 3442 1884 3480 non
1929 3427 2042 3479 exi-

455 3528 648 3583 stendo
691 3526 913 3582 audiunt
939 3535 994 3582 et
1021 3529 1203 3580 vivunt
1227 3542 1240 3577 :
1268 3534 1322 3578 et
1346 3535 1534 3580 omnes
1557 3521 1647 3591 qui
1676 3519 1932 3580 audiunt,
1965 3517 2042 3570 vi-

455 3631 616 3686 vunt;
650 3621 774 3690 quia
801 3635 987 3675 omnes
1015 3618 1105 3690 qui
1149 3617 1425 3678 obediunt,
1447 3613 1651 3668 vivunt.
1687 3613 1777 3666 Dic
1803 3609 1999 3680 aliquid
2023 3651 2039 3676 ,

459 3709 704 3780 Domine,
732 3713 892 3768 etiam
913 3711 981 3767 de
1001 3709 1394 3768 resurrectione
1421 3708 1616 3763 carnis.
1645 3699 1880 3759 Fuerunt
1899 3703 2040 3756 enim

456 3805 547 3875 qui
570 3820 689 3860 eam
717 3811 1006 3875 negarent,
1039 3807 1092 3857 et
1120 3801 1362 3857 dicerent
1401 3799 1520 3868 quia
1563 3797 1663 3852 ista
1695 3796 1807 3850 sola
1849 3802 1930 3866 est
1959 3805 2045 3848 res

455 3895 718 3952 surrcetio
768 3911 887 3964 qtnc
940 3893 998 3948 ﬁt
1048 3909 1140 3964 per
1185 3891 1370 3946 iidem.
1427 3889 1590 3958 Cujus
1639 3884 2043 3942 resurrectionis

457 3987 620 4040 modo
659 3986 916 4040 Dominus
947 3985 1070 4038 fecit
1109 3981 1700 4042 commemorationem,
1743 3987 1797 4032 et
1833 3977 2042 4031 intlama

458 4078 624 4132 mavit
645 4091 742 4130 nos
763 4118 778 4142 ,
801 4077 920 4146 quia
962 4075 1178 4146 quidam
1212 4075 1229 4105 ¹
1260 4072 1444 4126 mortui
1486 4071 1690 4122 audient
1721 4083 1888 4122 vocem
1921 4067 2045 4120 Filii

459 4165 578 4232 Dei,
597 4177 643 4220 et
667 4167 842 4220 vivent.
863 4165 976 4220 Non
998 4177 1184 4220 eorum
1212 4163 1302 4232 qui
1330 4161 1592 4215 audierint
1617 4159 1704 4213 alii
1727 4157 2039 4222 morientur,

459 4269 514 4313 ct
543 4259 631 4310 alii
659 4257 870 4322 vivent;
903 4255 996 4310 sed
1040 4267 1226 4310 omnes
1269 4254 1354 4324 qui
1393 4251 1643 4305 audierint
1685 4253 1878 4315 vivent,
1923 4251 2044 4322 quia

461 4363 652 4404 omnes
687 4348 778 4419 qui
819 4345 1118 4404 obedicrint
1164 4346 1359 4400 vivent.
1400 4344 1540 4398 E‘cce
1581 4343 1822 4398 videmus
1863 4359 2045 4398 resur—

463 4442 756 4495 rectionem
799 4439 994 4494 mentis
1020 4457 1032 4494 :
1061 4453 1164 4492 non
1195 4449 1322 4507 ergo
1348 4437 1652 4490 amittamus
1686 4435 1840 4489 tidem
1866 4436 1932 4490 de
1961 4453 2046 4490 re-

460 4532 798 4588 surrectione
825 4530 999 4586 carnis
1023 4533 1063 4583 '.
1091 4529 1158 4584 Et
1177 4530 1279 4584 nisi
1307 4539 1387 4595 tu,
1423 4521 1647 4584 Domine
1673 4528 1820 4592 Je’su,
1849 4527 2046 4584 dixeris

462 4639 622 4688 eam,
678 4637 838 4693 quem
899 4635 1232 4692 opponemus
1283 4617 1801 4676 contradicmribus?
1849 4617 2048 4673 Omnes

462 4715 606 4769 enim
647 4722 838 4782 sectrc,
871 4729 989 4784 qua:
1033 4727 1092 4769 se
1136 4713 1362 4784 aliquam
1393 4713 1702 4782 religionem
1747 4711 2047 4765 hominibus

463 4809 708 4863 inserere
764 4805 788 4836 ³
837 4814 1308 4875 prtrsumpscrunt,
1359 4820 1462 4860 nou
1519 4811 1849 4872 negaverunt
1894 4803 2046 4856 istam

465 4899 726 4955 mentium
772 4897 1216 4952 resurrectionem
1249 4914 1261 4950 :
1290 4911 1356 4950 ne
1404 4895 1670 4950 diceretur
1713 4899 1792 4951 eis
1813 4939 1828 4963 ,
1857 4897 1912 4952 Si
1941 4911 2045 4950 non

465 4991 696 5062 resurgit
724 4989 929 5052 anima,
958 5002 1122 5057 quare
1147 4987 1275 5041 mihi
1313 4987 1579 5057 loqueris?
1609 4989 1734 5058 quid
1767 4989 1818 5042 in
1857 5003 1944 5044 me
1974 4990 2050 5041 fa-

465 5099 590 5138 cere
625 5081 746 5138 vis?
767 5083 809 5136 si
841 5097 945 5135 non
977 5079 1106 5135 facis
1135 5095 1205 5135 cx
1235 5079 1500 5134 deteriore
1541 5080 1852 5148 meliorem,
1883 5095 2048 5150 quare

467 5175 736 5246 loqueris?
762 5177 934 5230 sinon
961 5172 1090 5228 facis
1114 5188 1181 5228 ex
1209 5173 1388 5242 iniquo
1409 5172 1607 5242 justum
1628 5213 1643 5240 ,
1674 5187 1837 5243 quare
1867 5174 2050 5244 loque-

467 5269 578 5324 ris?
606 5271 848 5324 siautem
879 5267 1008 5323 facis
1033 5283 1096 5322 ex
1130 5267 1310 5334 iniquo
1330 5269 1528 5336 justum
1553 5307 1568 5331 ,
1598 5282 1662 5320 ex
1694 5267 1856 5336 impio
1879 5268 2045 5338 pium,

469 5377 540 5414 ex
567 5361 728 5416 stulto
749 5363 1040 5431 sapientem
1059 5401 1074 5426 ,
1100 5359 1280 5414 fateris
1301 5374 1578 5429 resurgere
1599 5361 1828 5414 animam
1851 5376 2046 5426 meam,

469 5453 515 5506 si
565 5452 658 5506 tibi
707 5452 1179 5522 obtemperavero,
1221 5453 1264 5506 si
1307 5451 1398 5505 tibi
1452 5452 1750 5506 credidero.
1801 5451 2048 5508 Volentcs

533 5627 550 5691 ξ
579 5633 625 5673 ιιι
649 5631 853 5686 quatuor
874 5631 1001 5686 Mss,
1025 5628 1234 5691 quidem.

530 5689 551 5719 '
575 5695 679 5760 mss.
707 5699 880 5748 magno
899 5689 1172 5760 consensu:
1202 5701 1300 5742 Non
1320 5703 1434 5755 ergo
1455 5691 1726 5742 atnittmnus
1761 5693 1821 5744 de
1841 5695 1943 5759 ﬁde
1973 5707 2054 5749 re-‘

470 5757 807 5800 surreetwnem
828 5757 1004 5801 carnis.

537 5813 558 5845 ³
579 5812 652 5860 sic
671 5817 775 5861 Mss.
800 5821 856 5862 At
880 5813 994 5864 editi
1021 5828 1032 5864 :
1059 5822 1113 5864 se.
1133 5814 1526 5879 aliquoi-cligion
1541 5817 1806 5870 hominum:
1819 5821 2045 5877 inserere.

1382 396 1442 441 LV
1483 377 1759 438 JOANNIS
1797 369 2265 440 EVANGELIUM,
2305 373 2364 429 S.
2407 373 2768 432 AUGUSTINI

3573 375 3714 434 1552

2130 503 2257 558 ergo
2285 487 2385 542 sibi
2413 490 2558 546 credi
2595 505 2782 547 omnes
2811 491 2900 562 qui
2931 491 3270 548 instituerunt
3297 493 3522 564 alicujus
3543 495 3706 552 etiam

2131 580 2276 636 falsa:
2307 583 2576 653 religionis
2603 593 2836 650 sectam,
2869 601 3062 656 negare
3082 586 3233 640 istam
3257 587 3512 641 mentium
3537 571 3688 644 resur

2129 675 2418 728 rectionem
2459 691 2565 729 non
2613 685 2922 746 potuerunt;
2955 691 3140 731 omnes
3183 677 3250 732 de
3292 679 3378 732 illa
3420 693 3714 736 consense-

2131 764 2405 818 runtzscd
2453 766 2602 819 multi
2647 767 2825 822 carnis
2869 767 3309 823 resurrectionem
3355 780 3714 841 negaverunt;

2131 853 2379 909 dixerunt
2422 855 2472 909 iu
2529 855 2633 912 ﬁde
2677 857 2785 926 jam
2837 857 3024 912 iactam
3072 873 3194 915 esse
3245 861 3714 917 resurrectionem.

2133 943 2349 999 Talibus
2379 948 2577 1002 resistit
2607 949 2893 1018 Apostolus
2911 991 2927 1016 ,
2959 949 3142 1005 dicens
3167 967 3180 1003 :
3207 951 3286 1005 Ex
3305 953 3484 1024 quibus
3506 963 3579 1008 est
3601 954 3718 1026 Hy-

2135 1053 2356 1091 menwus
2380 1048 2425 1091 et
2455 1037 2714 1106 Philetas,
2747 1041 2832 1111 qui
2858 1043 2991 1094 circa
3035 1043 3295 1097 veritatem
3320 1044 3680 1101 abcrraverunt
3698 1088 3715 1114 ,

2136 1126 2350 1182 dicentes
2374 1131 2784 1184 resurrectionem
2801 1133 2916 1203 jam
2935 1133 3124 1202 factam
3153 1151 3260 1188 esse
3278 1178 3292 1202 ,
3314 1146 3363 1189 et
3401 1137 3554 1204 [idem
3588 1155 3720 1210 quo-

2137 1223 2370 1274 rumdam
2409 1223 2744 1295 subvertuntl
2764 1225 2804 1278 ll
2829 1225 2960 1278 Tim.
2989 1243 3062 1294 ιι,
3095 1229 3181 1294 17,
3213 1229 3279 1282 i8
3378 1229 3493 1284 Jatn
3525 1229 3719 1286 factam

2138 1330 2256 1369 esse
2285 1317 2730 1372 resurrectionem
2757 1317 3034 1384 dicebant,
3075 1321 3274 1376 sedeo
3318 1321 3476 1376 modo
3520 1333 3577 1377 ut
3617 1325 3720 1378 alia

2139 1419 2242 1458 non
2265 1415 2574 1477 speraretur
2599 1427 2611 1463 :
2637 1417 2691 1463 et
2715 1410 3184 1478 reprehendebant
3213 1411 3455 1467 homines
3483 1415 3722 1484 qui'spe-

2139 1499 2326 1553 rabant
2351 1500 2794 1556 resurrectionem
2835 1503 3043 1567 carnis,
3075 1504 3222 1558 velut
3250 1503 3360 1573 jam
3401 1508 3724 1562 resurrectio

2139 1604 2257 1657 quae
2285 1591 2546 1660 promissa
2587 1601 2731 1658 erat,
2765 1592 3030 1648 credendo
3061 1593 3385 1663 impleretur
3421 1595 3474 1650 in
3519 1608 3720 1654 mente.

2140 1679 2502 1748 Reprehendit
2545 1697 2638 1737 eos
2691 1685 2998 1752 Apostolus.
3043 1682 3148 1739 Cur
3199 1701 3293 1740 eos
3339 1689 3720 1757 reprehendit?
3759 1739 3764 1742 .

2140 1769 2327 1825 Nonne
2357 1771 2456 1826 hoc
2479 1771 2729 1828 dicebant
2755 1774 2894 1844 quod
2922 1775 3080 1828 modo
3107 1775 3358 1832 Dominus
3385 1779 3717 1848 loquebatur,

2153 1862 2294 1917 Venit
2319 1864 2443 1918 hora
2463 1908 2476 1930 ,
2513 1875 2558 1919 et
2579 1875 2712 1919 nunc
2732 1876 2801 1920 est
2821 1909 2835 1932 ,
2864 1867 3066 1938 quando
3103 1870 3290 1921 mortui
3317 1869 3525 1923 audient
3551 1887 3720 1926 vocem

2143 1955 2270 2010 Filii
2293 1956 2425 2020 Dei;
2450 1969 2498 2011 et
2523 1959 2608 2028 qui
2635 1959 2886 2012 audierint
2909 1961 3158 2024 ,‘vivent.’
3181 1960 3288 2016 Sed
3313 1961 3379 2016 de
3419 1963 3526 2017 vita
3565 1971 3720 2020 uten-

2143 2051 2270 2103 tium
2305 2051 2494 2120 loquor
2512 2051 2716 2116 adhuc,
2745 2051 2818 2105 a‘it
2849 2052 2938 2106 tibi
2960 2051 3116 2107 Jesus
3140 2071 3152 2106 :
3177 2055 3412 2108 nondum
3443 2055 3632 2124 laquor
3655 2057 3724 2112 de

2143 2142 2244 2194 vita
2273 2156 2589 2210 corporum;
2621 2142 2714 2196 sed
2749 2143 2935 2212 loquor
2977 2143 3044 2198 de
3089 2144 3194 2197 vita
3237 2145 3358 2199 vita:
3399 2161 3679 2216 corporum
3697 2173 3718 2212 -,

2144 2231 2194 2286 id
2223 2241 2338 2297 est,
2367 2233 2433 2286 de
2461 2233 2756 2288 animarum
2776 2275 2791 2299 ,
2815 2235 2872 2287 in
2908 2235 3099 2303 quibus
3132 2242 3216 2290 est
3255 2235 3357 2288 vita
3395 2252 3720 2307 corporum:

2145 2339 2264 2376 nam
2291 2325 2399 2378 seio
2425 2339 2544 2378 esse
2571 2339 2793 2394 corpora
2835 2324 2886 2378 in
2917 2327 3273 2381 monumentis
3311 2329 3540 2396 jacentia
3561 2372 3577 2396 ,
3607 2331 3721 2386 scio

2142 2425 2195 2468 et
2223 2421 2444 2483 corpora
2473 2423 2654 2470 vestra
2684 2416 2734 2469 in
2766 2417 3128 2474 monumentis
3149 2415 3356 2484 futtira;
3390 2420 3622 2474 nondum
3651 2421 3720 2477 de

2143 2506 2230 2560 illa
2261 2507 2652 2562 resurrectione
2681 2508 2905 2577 loquor:
2929 2507 2997 2562 de
3037 2509 3134 2562 ista
3167 2511 3376 2580 lo'quo'r,
3405 2511 3455 2564 in
3493 2513 3588 2566 ista
3629 2525 3723 2569 re-

2143 2597 2376 2666 surgite,
2411 2613 2477 2652 ne
2506 2599 2571 2652 ad
2603 2605 2811 2668 pmuam
2841 2600 2895 2653 in
2937 2600 3022 2653 illa
3062 2603 3367 2671 resurgatis.
3396 2599 3499 2658 Sed
3539 2613 3596 2658 ιιι
3621 2617 3723 2660 no-

2145 2689 2327 2742 veritis
2365 2689 2486 2758 quia
2533 2689 2599 2744 de
2649 2690 2738 2744 illa
2782 2691 2988 2760 loquor,
3020 2691 3144 2760 quid
3191 2693 3361 2746 addo?
3404 2695 3548 2748 Sicut
3592 2701 3725 2751 enin't

2145 2779 2288 2833 habet
2319 2779 2472 2833 Pater
2498 2781 2648 2834 vitam
2691 2783 2744 2834 in
2781 2784 3044 2853 semetipso
3065 2824 3080 2850 ,
3111 2785 3182 2837 sic
3211 2785 3349 2837 dedit
3377 2795 3423 2838 et
3463 2785 3599 2840 Filio
3625 2789 3724 2841 Ita-

2143 2869 2257 2922 bere
2277 2871 2426 2923 vitam
2445 2871 2496 2924 in
2517 2871 2800 2941 setnetipso.
2833 2871 2953 2948 Haec
2977 2873 3077 2926 vita
3106 2873 3244 2943 quod
3271 2875 3431 2930 Pater
3454 2885 3554 2940 cst,
3579 2877 3724 2948 quod

2145 2961 2308 3016 Filius
2349 2971 2430 3016 est
2448 3005 2462 3027 ,
2490 2962 2556 3016 ad
2584 2963 2705 3032 quid
2737 2965 3000 3034 pertinet?
3026 2965 3090 3018 ad
3121 2966 3385 3034 animant,
3419 2983 3482 3022 an
3510 2969 3574 3024 ad
3600 2985 3726 3026 cor-

2147 3054 2286 3123 pus?
2309 3055 2422 3108 Nun
2454 3055 2593 3108 enim
2625 3057 2781 3109 vitam
2823 3057 2964 3110 illam
2995 3059 3269 3126 sapientiae
3312 3062 3474 3114 sentit
3497 3075 3719 3131 corpus,

2145 3145 2236 3198 sed
2277 3160 2427 3200 mens
2472 3145 2761 3200 rationalis.
2809 3147 2940 3202 Nam
2987 3164 3084 3203 nec
3131 3151 3304 3204 onmis
3343 3152 3518 3206 anima
3550 3163 3724 3223 potest

2144 3238 2340 3290 sentire
2363 3237 2695 3305 sapientiam.
2723 3239 2890 3292 liabet
2908 3240 3049 3294 enim
3073 3250 3128 3296 et
3151 3257 3310 3312 pecus
3334 3245 3561 3300 animam
3583 3263 3596 3308 ;
3627 3242 3722 3302 sed

2147 3330 2354 3398 pecoris
2383 3331 2558 3382 anima
2587 3347 2692 3383 non
2739 3339 2914 3399 potest
2956 3334 3154 3389 sentire
3201 3337 3534 3404 sapientiam.
3582 3337 3725 3410 Ergo

2144 3420 2318 3473 anima
2343 3419 2572 3474 humana
2593 3429 2769 3491 potest
2788 3425 2986 3478 sentire
3015 3423 3167 3479 istam
3196 3427 3355 3480 vitam
3385 3445 3541 3497 quam
3565 3430 3725 3486 habet

2147 3511 2304 3566 Pater
2333 3513 2384 3566 iu
2432 3513 2753 3582 semetipso,
2781 3523 2836 3568 et
2880 3515 3024 3569 dedit
3059 3515 3188 3570 Filio
3231 3519 3390 3574 vitam
3432 3521 3628 3579 habere
3673 3525 3727 3580 in

2145 3605 2465 3673 semetipso;
2495 3605 2612 3674 quia
2645 3605 2767 3660 illud
2799 3617 2880 3661 est
2909 3623 3080 3661 verum
3104 3608 3272 3664 lumen
3294 3613 3428 3680 quod
3447 3613 3724 3684 illuminat,

2148 3711 2252 3750 non
2280 3711 2492 3751 omnem
2519 3699 2749 3752 animam
2769 3740 2784 3766 ,
2814 3699 2907 3754 sed
2937 3717 3134 3754 omnem
3178 3702 3426 3757 hominem
3455 3705 3726 3761 venientem

2147 3789 2200 3842 in
2227 3788 2360 3842 hunc
2379 3789 2641 3842 mundum.
2670 3787 2800 3844 Cum
2822 3799 2948 3861 ergo
2973 3791 3071 3862 ipsi
3099 3795 3260 3848 menti
3291 3794 3497 3866 loquor,
3527 3797 3726 3866 audiat,

2152 3880 2204 3934 id
2231 3891 2312 3935 est
2333 3881 2574 3948 obcdiat,
2600 3891 2652 3936 ct
2681 3883 2840 3936 vivat.

2221 3976 2307 4029 15.
2349 3975 2464 4029 Noli
2513 3975 2688 4045 itaque
2708 4015 2723 4040 ,
2755 3971 3012 4044 Domine,
3047 3979 3223 4032 tac‘et‘e
3247 3977 3314 4033 de
3341 3982 3733 4038 resurrectione

2150 4069 2326 4122 carnis
2349 4082 2364 4134 ;
2393 4083 2460 4122 ne
2481 4083 2584 4120 non
2607 4083 2723 4122 eam
2751 4067 2969 4122 credant
2994 4069 3257 4137 homines,
3286 4083 3338 4126 et
3357 4079 3729 4132 remaneamus

2152 4175 2249 4214 nos
2275 4163 2750 4230 argumen‘talores,
2777 4177 2879 4216 non
2906 4164 3290 4231 praedicatores.
3321 4166 3458 4236 Ergo
3487 4163 3614 4222 sicut
3637 4169 3731 4224 Ita-

2150 4251 2226 4304 bet
2271 4249 2430 4305 Pater
2467 4252 2620 4304 vitam
2648 4253 2698 4305 in
2725 4254 2986 4323 semetipso
3006 4296 3020 4320 ,
3052 4255 3125 4309 sic
3149 4257 3284 4309 dedit
3313 4266 3360 4310 et
3385 4257 3526 4312 Filio
3550 4257 3732 4316 habere”

2151 4341 2300 4394 vitam
2321 4342 2373 4394 in
2399 4342 2682 4410 senietlpso.
2711 4341 3008 4413 Intelligant
3031 4345 3119 4414 qui
3151 4346 3406 4413 audiunt,
3435 4350 3654 4404 credant
3678 4359 3735 4406 ut

2152 4433 2475 4502 intelligant,
2509 4433 2758 4488 obediant
2783 4441 2840 4488 ut
2869 4437 3062 4490 vivant.
3092 4439 3324 4493 Audiant
3347 4441 3518 4496 adhuc
3549 4443 3691 4498 aliud
3712 4485 3728 4510 ,

2153 4541 2218 4579 ne
2248 4524 2333 4578 hic
2355 4525 2551 4578 linitam
2581 4537 2699 4579 esse
2722 4527 3162 4582 resurrectionem
3196 4539 3402 4599 putent.
3437 4531 3499 4584 Et
3527 4533 3664 4587 dedit
3689 4535 3736 4588 ei

2153 4625 2441 4686 potestatem
2471 4627 2516 4669 et
2527 4615 2783 4688 judicium
2812 4619 2992 4688 facere.
3026 4619 3192 4687 Quis?
3219 4621 3396 4676 Pater.
3423 4621 3520 4677 Cui
3545 4623 3734 4680 dedit?

2151 4709 2306 4764 Filio.
2336 4709 2433 4765 Cui
2461 4712 2604 4765 enim
2630 4703 2775 4764 dedit
2802 4709 2996 4767 habere
3027 4713 3185 4767 vitam
3209 4714 3262 4768 in
3289 4717 3605 4787 semetipso,
3637 4733 3735 4787 po-

2155 4805 2396 4856 testatem
2426 4801 2568 4854 dedit
2595 4801 2642 4855 ei
2674 4810 2726 4855 et
2741 4801 2996 4870 judicium
3027 4802 3224 4861 facere.
3247 4806 3380 4871 Quia
3405 4809 3542 4877 ﬁlius
3571 4809 3741 4863 homi-

2153 4896 2230 4949 nis
2255 4905 2346 4948 est.
2378 4898 2478 4949 lste
2505 4896 2645 4950 enim
2690 4893 2932 4951 Christus
2953 4940 2966 4960 ,
2992 4907 3046 4952 et
3072 4899 3238 4954 Filius
3265 4899 3356 4955 Dei
3383 4909 3436 4956 et
3465 4901 3602 4957 (ilius
3635 4901 3735 4956 ho-

2153 4988 2310 5041 minis
2349 4995 2446 5041 est.
2479 4985 2544 5040 In
2592 4988 2840 5060 principio
2879 4997 2986 5042 erat
3021 4987 3232 5044 Verbum
3257 5030 3274 5058 ,
3304 5002 3348 5046 et
3387 4990 3600 5047 Verbum
3634 5005 3740 5048 erat

2153 5080 2290 5150 apud
2316 5079 2494 5143 Demn,
2519 5088 2562 5131 et
2586 5079 2723 5132 Deus
2750 5087 2856 5133 erat
2889 5079 3122 5143 Verbum;
3148 5081 3242 5135 hoc
3269 5091 3378 5136 erat
3402 5081 3454 5136 in
3485 5085 3740 5155 principio

2153 5173 2290 5241 apud
2322 5167 2496 5222 Deum.
2533 5171 2667 5224 Ecce
2697 5171 2959 5241 quomodo
2989 5171 3135 5226 dedit
3159 5173 3208 5226 ei
3236 5173 3395 5228 vitam
3439 5171 3640 5231 habere
3687 5178 3741 5232 in

2153 5263 2459 5332 semetipso.
2483 5260 2584 5316 Sed
2604 5262 2724 5332 quia
2755 5261 2968 5317 Verbtnn
2997 5280 3113 5316 caro
3139 5267 3329 5335 factum
3349 5276 3442 5332 est,
3469 5275 3516 5321 et
3542 5266 3744 5321 habita-

2153 5359 2220 5412 vit
2257 5359 2310 5410 in
2337 5355 2477 5410 nobis
2503 5353 2677 5426 (Joan.
2706 5372 2757 5422 ι,
2790 5355 2843 5422 9,
2877 5357 2923 5416 Ι,
2969 5357 3024 5420 2,
3069 5359 3183 5424 Η),
3215 5373 3280 5414 ex
3323 5360 3525 5430 virgine
3569 5359 3736 5418 Maria

2155 5449 2315 5503 homo
2355 5449 2555 5514 laetus,
2601 5448 2737 5503 [ilius
2775 5447 3002 5504 hominis
3035 5459 3137 5504 est.
3179 5451 3407 5508 Proinde
3443 5455 3561 5524 quia
3595 5453 3735 5512 ﬁlius

2159 5540 2386 5593 hominis
2407 5549 2506 5602 est,
2531 5539 2654 5609 quid
2683 5543 2922 5608 accepit?
2948 5541 3270 5596 Poteslatem
3294 5551 3345 5596 et
3368 5543 3623 5614 judicium
3656 5546 3735 5599 fa-

2156 5649 2298 5688 cere.
2341 5633 2490 5700 Quod
2527 5633 2820 5702 judicium?
2853 5633 2904 5686 lu
2951 5634 3054 5688 line
3083 5635 3258 5689 surculi
3287 5655 3299 5690 :
3325 5645 3379 5691 et
3409 5637 3478 5692 ibi
3518 5638 3620 5692 erit
3650 5655 3736 5693 re-

2157 5727 2418 5781 surreetio
2458 5734 2822 5792 mortuorum,
2855 5725 2946 5780 sed
2996 5743 3297 5796 corporum.
3341 5731 3557 5785 Animas
3609 5745 3738 5802 ergo

2160 5819 2376 5874 suscitat
2403 5818 2560 5884 Deus,
2588 5831 2680 5886 per
2709 5815 2972 5872 Christum
2998 5817 3188 5874 Filium
3216 5821 3308 5876 Dei
3333 5837 3345 5874 :
3371 5837 3591 5894 Corpora
3620 5839 3739 5880 sus-
