4118 6480
374 314 515 372 1553

368 431 499 483 citat
526 428 703 495 Deus,
755 442 849 498 per
894 426 1139 482 eumdem
1183 426 1451 482 Clu-istum
1502 428 1664 481 [ilium
1700 428 1947 481 hominis.

370 520 524 575 Dedit
554 522 600 574 ei
625 530 936 591 potestatem.
964 520 1108 575 lianc
1137 529 1446 589 potestatem
1478 536 1582 579 non
1616 520 1832 575 haberct
1856 519 1953 573 nisi
1992 576 1995 577 ν

366 612 677 685 acciperet,
707 620 931 683 etesset
954 610 1112 665 homo
1137 611 1251 669 sine
1282 619 1558 679 potestate.
1600 610 1702 665 Sed
1734 610 1845 679 ipse
1872 617 1956 685 est

369 702 514 757 ﬁlius
538 704 800 769 hominis,
831 702 920 772 qui
950 712 1004 757 et
1047 701 1212 757 Filius
1240 702 1353 757 Dei.
1406 701 1664 755 llmrendo
1706 701 1844 769 enim
1892 704 1956 753 ad

370 794 632 853 unitatem
678 808 919 862 persona:
950 793 1088 849 ﬁlius
1126 793 1354 847 hominis
1391 792 1528 846 Filio
1557 792 1680 855 Dei,
1712 791 1846 845 facta
1876 801 1958 846 est

370 902 477 955 una
506 902 731 956 persona
756 928 772 954 ,
800 886 1092 956 eademque
1112 886 1279 940 Filius
1309 885 1435 947 Dei,
1468 900 1585 955 qua:
1618 885 1834 938 etlilius
1858 883 1956 938 ho-

366 978 555 1031 minis.
585 976 719 1044 Quid
758 987 934 1031 autem
979 986 1196 1046 prapter
1223 975 1349 1045 quid
1388 975 1611 1041 habeat,
1644 974 1959 1044 dignosccn-

366 1066 499 1137 dum
527 1076 629 1122 est.
659 1067 825 1120 Filius
850 1067 1079 1121 hominis
1100 1066 1251 1121 habet
1283 1066 1532 1132 animam,
1564 1066 1719 1119 habet
1745 1081 1956 1137 corpus.

368 1156 543 1212 Filius
575 1158 667 1213 Dei
691 1198 706 1221 ,
743 1158 883 1227 quod
910 1167 991 1213 est
1019 1158 1251 1224 Verbum
1281 1157 1375 1212 Dei
1402 1198 1415 1221 ,
1463 1156 1619 1211 habet
1651 1157 1916 1211 hominem
1942 1200 1955 1224 ,

367 1258 629 1322 tanquam
662 1250 839 1315 anima
870 1265 1083 1320 corpus.
1130 1250 1277 1315 Sicut
1302 1250 1474 1303 anima
1502 1248 1703 1313 habens
1728 1264 1921 1318 corpus
1942 1289 1956 1315 ,

367 1357 483 1396 non
516 1340 797 1411 facitduas
830 1355 1080 1411 personas
1104 1381 1117 1403 ,
1165 1339 1258 1395 sed
1306 1356 1467 1395 unum
1522 1339 1828 1405 hominem;
1882 1340 1961 1394 sic

366 1432 611 1493 Verbum
660 1432 860 1487 habens
885 1432 1185 1497 hominem,
1216 1448 1319 1487 nou
1354 1432 1473 1486 facit
1497 1431 1628 1486 duas
1668 1447 1956 1503 personas,

366 1523 471 1579 sed
498 1538 661 1577 unum
686 1522 974 1578 Christum.
1005 1522 1138 1590 Quid
1164 1530 1246 1578 est
1278 1522 1473 1575 homo?
1501 1521 1689 1574 Anima
1732 1521 1961 1573 rationa-

366 1614 439 1669 lis
484 1614 687 1669 habens
714 1628 928 1684 corpus.
978 1614 1112 1681 Quid
1160 1621 1241 1668 est
1281 1612 1562 1668 Christus?
1594 1610 1826 1665 Verbum
1866 1611 1960 1666 Dei

368 1704 582 1759 habens
623 1705 911 1759 hominem.
950 1704 1113 1760 Video
1148 1704 1214 1759 de
1249 1704 1439 1774 quibus
1469 1703 1625 1758 rebus
1655 1700 1840 1772 loquar
1861 1743 1877 1770 ,
1907 1709 1961 1757 et

369 1796 499 1866 quis
538 1796 757 1866 loquar,
788 1804 842 1849 et
870 1795 1059 1864 quibus
1087 1795 1294 1864 loquar.

450 1888 538 1943 16.
579 1888 727 1943 Nunc
761 1886 941 1942 audite
977 1886 1043 1940 de
1072 1885 1464 1941 resurrectione
1502 1900 1781 1956 corporum
1808 1927 1823 1949 ,
1852 1900 1957 1939 non

371 1996 465 2035 me
487 2022 501 2048 ,
520 1979 617 2035 sed
648 1980 925 2034 Dominum
953 1978 1251 2037 locuturum
1274 2020 1289 2044 ,
1318 1988 1532 2049 propter
1552 1994 1645 2033 eos
1670 1979 1756 2050 qui
1784 1994 1959 2033 resur-

373 2086 633 2141 rexerunt
657 2075 920 2146 surgendo
940 2091 969 2129 a
992 2085 1184 2141 morte,
1209 2074 1516 2129 inhaerendo
1537 2075 1676 2135 vitm.
1700 2074 1793 2130 Cui
1817 2075 1961 2129 vitae?

371 2171 508 2236 Qua:
557 2186 661 2225 non
702 2170 846 2233 novit
873 2178 1118 2231 mortem.
1160 2167 1334 2238 Quare
1365 2183 1469 2235 non
1509 2168 1655 2222 novit
1696 2168 1961 2225 mortem?

371 2261 513 2328 Quia
544 2261 710 2315 nescit
752 2260 1176 2315 mutabilitatem.
1204 2258 1378 2328 Quare
1426 2258 1596 2323 nescit
1644 2260 1963 2321 mutabilita-

372 2353 532 2408 tem?
562 2352 693 2420 Quia
716 2353 820 2406 vita
848 2362 928 2406 est
958 2352 1008 2405 in
1039 2352 1347 2420 semetipso.
1387 2349 1453 2404 Et
1492 2360 1785 2421 potestatem
1826 2351 1963 2405 dedit

373 2445 422 2507 ei
461 2454 507 2497 et
528 2443 780 2514 judicium
806 2447 1002 2511 facere,
1028 2443 1147 2511 quia
1176 2442 1311 2510 ﬁlius
1338 2441 1552 2495 hominis
1575 2451 1667 2495 est.
1698 2440 1845 2507 Quod
1874 2443 1962 2510 ju-

373 2535 576 2590 dicium
596 2574 613 2601 ,
640 2534 793 2603 quale
814 2533 1106 2603 judicium?
1134 2531 1308 2586 Nolite
1332 2532 1506 2585 mirari
1535 2532 1648 2597 hoc,
1679 2533 1799 2601 quia
1830 2531 1959 2597 dixi,

373 2626 534 2682 Dedit
554 2628 601 2681 ei
621 2635 914 2696 potestatem
937 2634 989 2681 et
1006 2626 1259 2696 judicium
1288 2629 1471 2698 facere.
1507 2624 1637 2690 Quia
1659 2626 1786 2679 venit
1816 2626 1958 2693 liora.

371 2716 496 2777 Non
525 2717 759 2783 addidit,
792 2725 839 2772 et
867 2732 999 2770 nunc
1027 2724 1099 2771 est
1130 2730 1149 2769 :
1174 2730 1301 2785 ergo
1330 2714 1517 2769 horam
1546 2714 1826 2784 quamdam
1852 2714 1964 2768 vult

372 2808 651 2863 Insinuare
688 2807 740 2862 in
787 2808 891 2862 line
920 2807 1118 2862 seaculi.
1148 2806 1289 2861 Hora
1323 2820 1461 2861 nunc
1486 2813 1567 2860 cst
1601 2814 1657 2859 ut
1681 2814 1964 2875 resurgant

371 2901 579 2956 mortui
602 2942 617 2966 ,
640 2899 770 2956 hora
794 2899 897 2954 erit
916 2900 969 2953 in
993 2900 1096 2954 line
1122 2898 1298 2953 smculi
1326 2907 1381 2951 ut
1410 2904 1691 2967 resurgant
1717 2897 1910 2951 mortui
1946 2916 1959 2951 :

375 2991 474 3047 sed
514 3000 793 3061 resurgant
820 3005 957 3044 nunc
984 2990 1035 3043 in
1072 2997 1249 3045 mente
1272 2995 1442 3059 ,tunc
1467 2989 1517 3042 in
1558 3002 1757 3051 carne;
1788 3002 1965 3044 resur-

372 3092 507 3153 gant
537 3096 678 3136 nunc
708 3082 761 3136 in
787 3089 967 3136 mente
995 3096 1086 3151 per
1108 3079 1342 3134 Verbum
1372 3080 1461 3133 Dei
1492 3078 1679 3132 Filium
1710 3078 1839 3144 Dei,
1881 3093 1965 3132 re-

373 3181 600 3243 surgant
649 3181 771 3226 tunc
809 3172 860 3239 in
905 3186 1063 3229 carne
1093 3185 1184 3240 per
1223 3169 1454 3236 Verbum
1495 3169 1589 3227 Dei
1639 3183 1854 3225 carnem
1881 3167 1963 3221 fa-

374 3273 523 3317 ctum
547 3304 563 3329 ,
595 3260 758 3316 lilium
784 3262 1033 3319 hominis.
1059 3260 1240 3332 Neque
1273 3261 1413 3317 enim
1440 3260 1505 3315 ad
1530 3260 1784 3330 judicium
1813 3260 1963 3315 vivo-

372 3369 499 3407 rum
527 3362 581 3408 et
607 3361 933 3415 mortuorum
961 3353 1119 3407 Pater
1159 3353 1269 3422 ipse
1296 3362 1549 3409 venturus
1578 3360 1660 3406 est
1690 3367 1704 3405 :
1748 3366 1845 3406 nec
1882 3359 1962 3406 ta-

375 3459 505 3499 men
554 3444 755 3499 recedit
798 3459 827 3497 a
858 3444 994 3503 Filio
1041 3443 1216 3510 Pater.
1246 3442 1522 3511 Quomodo
1548 3457 1673 3512 ergo
1718 3458 1820 3496 non
1851 3442 1963 3511 ipse

374 3544 636 3589 venturus
664 3533 781 3590 est?
810 3534 943 3602 Quia
986 3550 1091 3589 non
1117 3534 1229 3604 ipse
1251 3516 1511 3588 videbitur
1541 3534 1591 3587 in
1612 3533 1835 3603 judicio.
1874 3532 1960 3586 Vi-

374 3626 563 3681 debunt
594 3629 647 3682 in
675 3644 819 3698 quem
841 3636 1157 3701 pupugcrunt
1178 3624 1353 3695 (Joan.
1389 3642 1499 3692 xu,
1523 3624 1633 3696 37).
1653 3622 1846 3679 Forma
1874 3623 1961 3679 illa

373 3721 479 3776 erit
503 3719 664 3790 judex
689 3760 705 3786 ,
732 3736 849 3791 quae
894 3702 1039 3775 stetit
1064 3719 1161 3775 sub
1196 3718 1409 3789 judice;
1454 3719 1539 3773 illa
1570 3719 1819 3789 iudicabit
1844 3735 1963 3789 qua:

372 3810 611 3883 iudicata
660 3820 742 3867 est
795 3827 808 3866 :
854 3811 1085 3881 judieata
1124 3819 1206 3866 est
1254 3811 1397 3867 enim
1446 3810 1663 3881 inique,
1708 3811 1965 3881 judicabit

372 3902 538 3971 juste.
572 3901 761 3957 Veniet
803 3917 931 3972 ergo
971 3901 1139 3957 forma
1179 3902 1358 3969 servi,
1405 3912 1460 3958 et
1508 3902 1620 3971 ipsa
1666 3902 1959 3973 apparebit.

374 3993 590 4053 Etenim
632 3991 800 4047 forma
828 3992 919 4048 Dei
947 3992 1215 4062 quomodo
1251 4001 1534 4063 appareret
1570 3992 1726 4061 justis
1767 4001 1820 4047 et
1859 3993 1964 4046 ini-

374 4084 541 4154 quis?
566 4082 696 4139 Nam
731 4083 774 4138 si
809 4083 1066 4153 judicium
1094 4098 1197 4139 non
1229 4082 1379 4138 lieret
1409 4083 1507 4138 nisi
1544 4084 1682 4138 inter
1712 4085 1853 4138 solos
1876 4084 1963 4154 ju-

374 4183 522 4243 stos,
555 4183 832 4245 appareret
859 4183 1105 4244 tanquam
1127 4174 1283 4244 justis
1311 4172 1479 4228 forma
1505 4174 1598 4229 Dei
1638 4192 1652 4229 :
1687 4175 1807 4246 quia
1836 4190 1962 4229 vero

371 4264 634 4336 judicium
671 4264 903 4319 futurum
930 4274 1012 4320 est
1030 4264 1301 4334 justorum
1330 4273 1384 4319 et
1410 4264 1710 4335 iniquorum
1731 4306 1745 4331 ,
1774 4280 1873 4320 nec
1900 4266 1965 4337 li-

374 4364 464 4411 cet
488 4363 551 4410 ut
575 4354 738 4425 iniqui
763 4354 977 4410 videant
1004 4355 1168 4410 Deum
1195 4372 1209 4421 ;
1243 4354 1389 4410 Beati
1417 4356 1557 4419 enim
1588 4357 1763 4423 mundi
1791 4357 1960 4422 corde,

374 4445 619 4517 quoniam
640 4445 740 4514 ipsi
759 4444 922 4499 Deum
947 4446 1176 4500 videbunt
1198 4445 1412 4516 (Illattlt.
1442 4461 1499 4512 v,
1526 4447 1584 4519 8)
1609 4447 1775 4519 ;btalis
1803 4462 1963 4517 appa-

376 4536 515 4592 rebit
533 4534 718 4605 judex,
746 4535 918 4606 qualis
939 4535 1104 4590 videri
1134 4536 1299 4606 possit
1322 4544 1375 4591 ει
1400 4535 1466 4590 ab
1490 4536 1568 4594 eis
1596 4551 1730 4614 quos
1750 4552 1965 4591 corona~

376 4636 532 4684 turus
556 4636 658 4693 est,
684 4636 738 4683 et
762 4628 829 4684 ab
849 4627 926 4683 eis
951 4643 1086 4698 quos
1104 4627 1586 4697 damnaturusest.
1616 4628 1808 4683 Forma
1836 4646 1962 4699 ergo

380 4721 523 4777 servi
553 4719 847 4787 videbitur,
875 4720 1079 4779 occulta
1107 4722 1210 4775 erit
1250 4720 1415 4775 forma
1440 4720 1553 4777 Dei.
1582 4720 1834 4779 Occultns
1862 4723 1964 4779 erit

380 4809 432 4865 in
462 4825 622 4865 servo
643 4810 810 4865 Filius
840 4810 931 4865 Dei
951 4819 1044 4887 ,et
1071 4810 1347 4882 apparebit
1369 4811 1513 4867 ﬁlius
1534 4811 1794 4878 hominis;
1841 4813 1961 4882 quia

380 4909 678 4969 potestatem
704 4900 841 4956 dedit
866 4901 911 4954 ei
938 4910 985 4955 et
995 4901 1247 4971 judicium
1269 4901 1435 4971 facere
1452 4942 1465 4965 ,
1489 4902 1604 4969 quin
1629 4903 1765 4971 ﬁlius
1794 4904 1962 4958 homi-

379 4999 457 5045 πει
485 5000 579 5045 est.
611 4991 678 5045 Et
704 4992 826 5061 quia
868 4990 981 5065 ipse
1011 4991 1156 5046 solus
1182 4992 1456 5062 apparebit
1498 4993 1549 5047 in
1592 4994 1756 5047 forma
1783 4996 1960 5067 servi,

377 5082 537 5138 Pater
554 5092 731 5139 autem
748 5098 852 5147 non
882 5084 1175 5153 apparebit,
1193 5086 1314 5155 quia
1344 5101 1445 5140 non
1466 5096 1543 5142 est
1564 5089 1775 5156 indutus
1797 5090 1962 5145 forma

372 5175 517 5229 servi
540 5191 555 5240 ;
585 5174 708 5230 ideo
728 5175 972 5243 superius
998 5175 1090 5240 ait,
1114 5173 1273 5229 Pater
1296 5193 1395 5230 non
1414 5177 1617 5247 judicat
1637 5195 1958 5251 quemquam,

370 5263 465 5317 sed
492 5279 641 5317 autne
663 5264 916 5334 judicium
936 5264 1073 5318 dedit
1094 5263 1249 5319 Filio.
1275 5265 1418 5321 Bene
1445 5282 1572 5337 ergo
1599 5268 1819 5327 dilatum
1847 5281 1927 5325 est
1946 5310 1961 5335 ,

374 5365 433 5408 ut
463 5355 577 5424 ipse
604 5364 745 5410 esset
769 5356 1040 5425 expositor
1065 5357 1152 5427 qui
1189 5358 1508 5427 propositor.
1533 5358 1785 5431 Superius
1821 5363 1961 5418 enim

373 5443 645 5498 occultum
669 5454 817 5511 erat;
842 5461 981 5500 nunc
1001 5445 1134 5517 jam,
1162 5457 1220 5501 ut
1250 5448 1495 5514 arbitror,
1526 5452 1860 5505 manifestum
1883 5464 1966 5509 est

374 5536 498 5605 quia
526 5534 664 5588 dedit
691 5535 737 5589 ei
766 5546 1059 5606 potestatem
1089 5547 1138 5592 et
1155 5539 1408 5610 judicium
1436 5545 1635 5609 facere,
1660 5542 1781 5610 quia
1810 5541 1965 5599 Pater

374 5644 476 5680 non
495 5626 699 5697 judicat
719 5644 1040 5699 quemquam,
1067 5630 1156 5683 sed
1177 5648 1320 5684 omne
1335 5632 1590 5701 judicium
1618 5633 1753 5686 dedit
1784 5632 1921 5688 Filio
1947 5652 1966 5687 :

373 5721 494 5792 quia
519 5717 776 5791 judicium
809 5734 903 5790 per
928 5720 1069 5775 illam
1117 5719 1338 5777 formam
1378 5721 1608 5779 futurum
1657 5731 1767 5793 est,
1808 5740 1963 5797 quam

1499 313 1906 371 TRACTATUS
1948 314 2084 369 XlX.
2125 315 2352 376 CAPUT
2395 318 2456 375 γ.

3504 329 3642 389 1551

2063 444 2169 484 ηοη
2199 431 2359 486 habet
2401 433 2577 488 Pater.
2620 434 2683 489 Et
2721 437 2877 506 quale
2909 436 3204 507 judicmm?
3250 439 3424 495 Nolite
3469 445 3643 499 mirari

2063 519 2157 572 hoc
2175 536 2195 583 ;
2222 523 2339 590 quia
2359 524 2488 585 venit
2518 525 2642 579 hora
2671 541 2689 579 :
2716 541 2819 582 non
2850 542 2910 582 ea
2935 543 3052 598 quae
3081 545 3220 585 nunc
3250 541 3351 595 est,
3383 542 3438 586 ut
3463 549 3644 588 resur—

2063 620 2187 681 gant
2211 614 2428 680 animus;
2458 616 2551 669 sed
2571 632 2686 686 qua:
2709 617 2878 672 futura
2891 628 2973 673 est
2990 660 3007 687 ,
3026 631 3082 674 ut
3102 632 3378 691 resurgant
3397 637 3644 693 corpora.

2139 705 2223 757 l7.
2253 705 2570 785 Expressius
2592 710 2692 765 hoc
2724 711 2901 778 dicat,
2930 719 2988 765 ut
3015 713 3330 768 calumniam
3364 714 3649 771 haereticus

2064 803 2286 864 negator
2314 800 2715 855 resurrectionis
2741 802 2980 870 corporis
3020 818 3127 858 non
3172 804 3405 859 inveniat
3432 822 3447 859 :
3479 821 3651 875 quan-

2065 900 2221 954 quam
2245 886 2352 956 jam
2382 888 2679 946 intellectus
2705 893 2986 955 elucescat.
3028 895 3157 949 Cum
3181 898 3423 973 superius
3446 897 3647 954 dictum

2067 983 2243 1044 esset,
2286 975 2429 1031 Venit
2454 978 2609 1045 liora;
2635 981 2867 1051 addidit,
2893 994 2938 1038 et
2967 1001 3100 1039 nunc
3120 995 3190 1040 est
3219 1002 3237 1039 :
3260 987 3417 1041 modo
3446 998 3645 1053 autem,

2080 1064 2220 1119 Venit
2258 1066 2420 1134 liora;
2447 1085 2549 1124 non
2585 1072 2817 1139 addidit,
2846 1084 2892 1129 et
2926 1092 3055 1129 nunc
3085 1086 3176 1131 est.
3219 1077 3419 1135 Tamen
3461 1094 3649 1133 omnes

2066 1171 2224 1212 ansas
2248 1201 2261 1222 ,
2289 1174 2475 1225 omnes
2501 1163 2783 1219 claviculas
2813 1166 3191 1222 calumniarum
3217 1209 3233 1235 ,
3266 1184 3452 1225 omnes
3479 1170 3650 1225 nodos

2067 1248 2375 1320 laqueorum
2420 1265 2599 1323 aperta
2648 1258 2869 1313 veritate
2903 1258 3220 1330 disrumpat.
3252 1261 3428 1317 Nolite
3472 1264 3650 1318 mirari

2066 1345 2195 1410 hoc;
2234 1348 2352 1416 quia
2378 1350 2507 1402 venit
2533 1350 2688 1417 liora,
2718 1353 2769 1406 in
2798 1371 2896 1423 qua
2927 1372 3097 1410 omnes
3121 1360 3206 1427 qui
3239 1359 3288 1411 in
3315 1362 3650 1416 monumentis

2067 1445 2199 1487 sunt.
2233 1437 2369 1504 Quid
2393 1440 2725 1496 evidentius?
2745 1444 2868 1513 quid
2903 1447 3242 1514 expressius?
3263 1448 3498 1518 Corpora
3524 1460 3649 1505 sunt

2067 1526 2118 1581 in
2147 1532 2504 1586 monumentis
2530 1550 2542 1585 :
2571 1535 2762 1589 animae
2785 1552 2887 1590 non
2917 1546 3039 1591 sunt
3066 1538 3115 1591 in
3145 1542 3518 1606 monumentis,
3550 1555 3649 1596 nec

2062 1615 2346 1686 justorum,
2373 1637 2469 1677 nec
2491 1623 2811 1693 iniquorum.
2837 1628 2969 1683 Justi
2998 1630 3172 1683 anima
3199 1630 3250 1685 in
3282 1633 3397 1685 sinu
3421 1632 3648 1688 Abraha:

2065 1707 2195 1776 fuit,
2246 1710 2408 1780 iniqui
2454 1714 2629 1769 anima
2677 1716 2814 1786 apud
2868 1718 3064 1773 inferos
3116 1722 3459 1791 torquebatur
3490 1722 3641 1793 (Luc.

2066 1814 2186 1865 xvi,
2210 1800 2442 1873 22-25):
2474 1805 2526 1859 in
2552 1817 2918 1877 monumento,
2951 1825 3048 1865 nec
3075 1810 3192 1875 illa,
3224 1827 3323 1866 nec
3348 1812 3454 1865 illa.
3479 1813 3650 1882 Supe-

2066 1890 2175 1945 rius
2215 1892 2425 1962 quando
2465 1895 2570 1962 ait,
2604 1897 2748 1951 Venit
2791 1899 2950 1965 Itora,
2997 1911 3043 1954 et
3073 1918 3206 1956 nunc
3243 1912 3313 1957 est
3332 1918 3353 1966 ;
3383 1905 3607 1958 obsecro
3630 1946 3644 1970 ,

2067 1981 2345 2046 intendite.
2375 1984 2575 2053 Nostis,
2604 1988 2812 2054 fratres,
2837 1991 2958 2060 quia
2988 1992 3054 2050 ad
3083 2007 3271 2061 panem
3302 1994 3499 2051 ventris
3524 2009 3645 2049 cum

2068 2072 2247 2130 labore
2290 2080 2628 2157 pervenitur;
2655 2090 2851 2150 quanto
2880 2068 3053 2153 magis
3082 2084 3149 2138 ad
3177 2100 3364 2154 panem
3417 2068 3648 2140 uiculis?

2005 2225 2013 2234 ,
2065 2168 2198 2223 Cum
2246 2170 2425 2236 labore
2470 2172 2653 2240 statis,
2689 2184 2743 2228 et
2784 2174 3010 2241 auditis;
3041 2176 3136 2231 sed
3180 2192 3277 2231 nos
3301 2192 3420 2231 cum
3448 2177 3649 2247 majore

2066 2268 2268 2314 stamus
2287 2302 2301 2325 ,
2333 2270 2387 2315 et
2415 2262 2697 2332 loquimur.
2726 2263 2782 2319 Si
2811 2252 3110 2320 laboramus
3136 2275 3349 2338 pr0pter
3378 2282 3469 2322 vos
3490 2309 3503 2333 ,
3540 2269 3652 2322 col-

2068 2349 2313 2406 laborare
2343 2366 2446 2405 non
2484 2353 2690 2408 debetis
2728 2363 2944 2426 propter
2981 2357 3197 2411 eosdem
3225 2358 3357 2410 vos?
3394 2358 3650 2426 Superius

2067 2453 2194 2517 ergo
2214 2456 2334 2497 cum
2355 2441 2575 2513 diceret,
2607 2441 2752 2497 Venit
2780 2444 2932 2510 hora,
2962 2455 3015 2505 et
3035 2445 3283 2515 adderet,
3313 2456 3357 2501 et
3383 2464 3515 2501 nunc
3539 2456 3645 2514 est,

2067 2531 2191 2600 quid
2244 2532 2506 2601 subjecit?
2561 2533 2777 2599 Quando
2828 2537 3009 2597 mortui
3069 2538 3272 2593 audient
3322 2554 3489 2593 vocem
3526 2537 3651 2592 Filii

2068 2621 2186 2689 Dei,
2212 2632 2257 2677 et
2294 2625 2379 2695 qui
2399 2626 2647 2683 audierint
2674 2627 2849 2687 vivent.
2879 2628 2993 2683 Non
3020 2629 3189 2699 dixit,
3217 2630 3413 2686 Omnes
3451 2633 3648 2687 mortui

2066 2714 2315 2781 audient,
2350 2725 2404 2771 et
2440 2717 2529 2788 qui
2566 2717 2830 2773 audierint
2854 2720 3030 2774 vivent
3062 2739 3075 2774 :
3106 2731 3347 2777 mortuos
3376 2723 3516 2776 enim
3551 2723 3651 2776 iui-

2068 2822 2198 2879 quos
2229 2808 2436 2863 volebat
2454 2809 2692 2881 intelligi.
2713 2810 2781 2864 Et
2805 2811 3059 2881 numquid
3081 2827 3267 2868 omnes
3290 2813 3450 2884 iniqui
3477 2814 3646 2869 obau-

2068 2899 2221 2955 diunt
2249 2901 2570 2971 Evangelia?
2612 2903 2811 2972 Aperte
2853 2902 2980 2958 dicit
3025 2904 3346 2972 Apostolus,
3398 2904 3502 2960 Sed
3547 2920 3649 2958 non

2068 3007 2237 3044 omnes
2266 2993 2543 3046 obaudiunt
2565 2991 2840 3064 Evangelia
2868 2993 3040 3066 (Rom.
3082 3010 3117 3050 x
3136 3036 3151 3061 ,
3182 2995 3293 3068 16).
3328 2996 3525 3050 Tamen
3556 2996 3646 3067 qui

2067 3082 2322 3150 audiunt,
2350 3084 2557 3148 vivent;
2586 3086 2705 3155 quia
2736 3102 2923 3141 omnes
2949 3088 3037 3157 qui
3068 3087 3359 3143 obaudiunt
3401 3088 3648 3158 Evange-

2070 3172 2173 3239 lio,
2204 3173 2459 3228 transient
2496 3174 2563 3229 ad
2598 3176 2757 3229 vitam
2796 3186 3046 3230 aeternam
3074 3193 3169 3247 per
3191 3177 3346 3233 [idem
3390 3196 3401 3231 :
3433 3195 3537 3233 non
3570 3187 3651 3233 ta-

2067 3280 2191 3320 men
2221 3280 2407 3321 omnes
2436 3267 2759 3333 obaudiunt,
2790 3277 2844 3324 et
2871 3269 2973 3324 hoc
3001 3285 3143 3325 nunc
3185 3277 3286 3327 est.
3330 3275 3399 3324 At
3430 3286 3553 3325 vero
3594 3271 3648 3325 in

2070 3356 2209 3424 line,
2243 3374 2413 3412 omnes
2437 3360 2522 3428 qui
2540 3369 2657 3412 sunt
2686 3360 2737 3413 in
2765 3360 3122 3427 monumentis,
3165 3360 3265 3416 hoc
3306 3369 3391 3416 est
3424 3360 3552 3431 justi
3580 3371 3651 3429 ,ει

2069 3448 2267 3518 injusti,
2297 3450 2500 3504 audient
2526 3467 2692 3505 vocem
2718 3452 2843 3521 ejus,
2874 3461 2917 3505 et
2941 3453 3227 3521 procedant.
3250 3451 3526 3520 Quomodo
3547 3468 3646 3508 no-

2069 3539 2165 3594 luit
2208 3540 2386 3595 dicere
2409 3582 2423 3607 ,
2472 3550 2520 3594 et
2563 3542 2764 3595 vivent?
2806 3540 3004 3596 Omnes
3031 3543 3170 3596 enim
3203 3543 3522 3613 procedent,
3555 3544 3649 3599 sed

2069 3648 2173 3685 non
2211 3647 2399 3687 omnes
2424 3633 2617 3687 vivent.
2664 3633 2721 3687 in
2769 3647 2834 3688 eo
2872 3634 3065 3703 quippe
3105 3634 3244 3703 quod
3292 3650 3448 3704 supra
3479 3634 3649 3700 dixit,

2069 3721 2136 3775 Et
2182 3723 2267 3791 qui
2298 3722 2549 3776 audierint
2596 3724 2791 3789 vivent;
2840 3724 2891 3778 in
2946 3712 3059 3793 ipsa
3101 3724 3438 3780 obauditionc
3486 3726 3648 3780 vitam

2067 3822 2321 3868 aeternam
2350 3813 2571 3884 intelligi
2600 3813 2767 3867 voluit
2784 3821 2839 3868 et
2865 3813 3070 3869 beatam
3093 3855 3108 3880 ,
3146 3830 3301 3886 quam
3328 3830 3431 3869 non
3460 3831 3649 3871 omnes

2070 3903 2336 3959 habebunt
2365 3904 2453 3983 qui
2478 3904 2545 3959 de
2570 3904 2928 3958 monumentis
2964 3904 3270 3983 procedent.
3301 3905 3416 3959 Jam
3447 3920 3572 3975 ergo
3594 3914 3650 3961 et

2068 3982 2574 4059 commemoratione
2639 4003 3138 4060 monumentorum,
3198 4004 3253 4051 et
3303 3996 3649 4064 expressione

2067 4085 2423 4154 processionis
2446 4084 2514 4140 de
2538 4086 2895 4143 monumentis
2918 4127 2933 4155 ,
2962 4095 3148 4156 aperte
3172 4087 3513 4158 intelligimus
3532 4104 3652 4144 cor-

2069 4164 2254 4248 porum
2303 4174 2765 4243 resurrectionem.

2082 4253 2108 4262 "
2140 4268 2231 4339 i8.
2253 4269 2469 4322 Audient
2507 4284 2679 4331 omnes
2711 4284 2879 4322 vocem
2904 4267 3012 4339 ejus
3032 4310 3046 4334 ,
3074 4277 3121 4323 et
3148 4268 3436 4339 precedent.
3466 4270 3533 4325 Et
3563 4270 3653 4324 ubi

2063 4358 2318 4428 judicium
2344 4398 2358 4423 ,
2402 4358 2448 4413 si
2478 4372 2664 4413 omnes
2703 4357 2957 4423 audient,
3004 4366 3058 4413 et
3095 4374 3282 4414 omnes
3328 4360 3651 4430 procedent?

2069 4450 2230 4516 Quasi
2276 4459 2442 4505 totum
2490 4450 2770 4505 confusum
2815 4458 2929 4515 est;
2977 4449 3111 4504 nihil
3146 4449 3302 4505 video
3340 4450 3651 4505 discretum.

2069 4538 2224 4593 Certe
2239 4538 2487 4608 accepisti
2510 4546 2826 4608 potestatem
2845 4539 3141 4609 judicandi,
3164 4540 3286 4609 quia
3310 4539 3449 4595 ﬁlius
3472 4540 3650 4595 homi-

2070 4630 2152 4684 nis
2177 4644 2269 4695 es;
2297 4645 2422 4685 ecce
2448 4629 2624 4685 aderis
2649 4630 2702 4684 in
2723 4630 2958 4701 judicio,
2989 4639 3271 4701 resurgeut
3292 4647 3514 4702 corpora
3541 4650 3553 4684 ε
3584 4632 3653 4687 de

2068 4721 2183 4790 ipso
2208 4721 2409 4791 judicio
2437 4720 2521 4776 die
2543 4720 2737 4792 aliquid
2764 4762 2779 4787 ,
2810 4722 2912 4776 hoc
2938 4730 3019 4776 est
3042 4722 3108 4776 de
3134 4722 3453 4777 discretione
3480 4723 3650 4776 malo—
3736 4787 3741 4791 Α

2067 4830 2187 4868 rum
2209 4823 2261 4867 et
2288 4813 2570 4879 bonorum.
2603 4813 2669 4867 Et
2693 4811 2794 4867 hoc
2819 4814 2942 4869 audi
2978 4833 2990 4868 :
3022 4813 3120 4879 Qui
3152 4815 3283 4868 bona
3319 4816 3570 4884 fecerunt,
3599 4814 3655 4867 in

2066 4905 2424 4961 resurrectione
2448 4905 2595 4970 vita};
2616 4906 2701 4974 qui
2725 4905 2861 4959 mala
2883 4915 3085 4976 egerunt
3108 4947 3123 4974 ,
3149 4906 3204 4960 in
3244 4905 3654 4961 resurrectionem

2057 4997 2264 5068 judicii.
2310 4997 2561 5071 Superius
2589 5012 2710 5051 cum
2755 4997 2822 5051 de
2866 4998 3255 5053 resurrectione
3302 4996 3559 5051 mentium
3607 5008 3660 5053 et

2067 5089 2363 5149 animarum
2400 5089 2742 5159 loqueretur,
2784 5089 3042 5160 numquid
3083 5090 3205 5146 fecit
3240 5087 3663 5144 discretionem?

2068 5182 2173 5237 Sed
2194 5197 2384 5251 omnes
2406 5182 2495 5252 qui
2522 5182 2766 5250 audient,
2798 5183 3008 5251 vivent;
3050 5184 3169 5254 quia
3196 5179 3529 5236 obaudiendo
3575 5183 3657 5253 vi-

2066 5280 2212 5328 vent.
2240 5273 2310 5326 At
2327 5288 2456 5327 vero
2477 5274 2803 5345 resurgendo
2826 5283 2879 5328 et
2905 5272 3237 5346 procedendo
3261 5272 3327 5327 de
3347 5287 3565 5328 monum
3575 5289 3661 5330 eu-

2071 5364 2170 5430 tis,
2215 5378 2321 5417 non
2359 5378 2545 5420 omnes
2583 5365 2649 5419 ad
2691 5366 2850 5420 vitam
2895 5375 3146 5420 aeternam
3191 5363 3381 5432 ibunt,
3426 5366 3522 5429 sed
3569 5369 3657 5438 qui

2069 5453 2207 5508 bene
2257 5453 2539 5509 fecerunt:
2572 5457 2660 5525 qui
2704 5465 2881 5510 autem
2913 5456 3083 5519 male,
3130 5453 3197 5509 ad
3236 5454 3513 5525 judicium.
3563 5457 3661 5512 llic

2070 5543 2211 5597 enim
2225 5543 2479 5613 judicium
2509 5560 2607 5615 pro
2629 5560 2782 5615 paena
2813 5546 3005 5615 posuit.
3038 5544 3106 5598 Et
3133 5546 3536 5617 eritdiremptio
3559 5588 3574 5615 ,
3605 5557 3662 5604 et

2073 5651 2178 5691 non
2205 5636 2377 5706 qualis
2406 5637 2562 5691 modo
2598 5646 2698 5691 est.
2726 5636 2857 5691 Nam
2894 5645 2948 5691 et
2993 5637 3152 5693 modo
3196 5653 3505 5709 separamur
3550 5654 3657 5693 non

2073 5727 2203 5785 locis
2223 5769 2239 5797 ,
2273 5727 2365 5784 sed
2394 5728 2631 5783 moribus
2650 5769 2664 5797 ,
2692 5727 2963 5785 achctibus
2986 5772 2999 5799 ,
3023 5730 3299 5787 desideriis
3319 5773 3332 5800 ,
3366 5730 3469 5786 llde
3490 5772 3507 5799 ,
3529 5746 3658 5801 spe,
3744 5740 3749 5743 '
