4082 6474
447 344 591 408 1555

447 458 725 513 eliaritate.
761 451 926 508 Simul
962 450 1102 508 enim
1139 463 1258 504 cum
1289 444 1484 516 iniquis
1509 441 1770 506 vivimus;
1800 437 1892 494 sed
1927 453 2030 492 non

449 564 551 602 una
585 547 688 602 vita
719 553 800 600 est
825 543 1065 600 omnium
1095 560 1107 595 :
1137 541 1188 594 in
1231 537 1440 593 occulto
1479 533 1777 589 dirimimur
1801 571 1814 596 ,
1843 530 1897 586 in
1943 543 2032 584 oe-

449 641 593 696 culto
618 652 960 712 separamur;
994 631 1260 706 quomodo
1282 643 1445 700 grana
1485 626 1536 680 in
1563 639 1684 680 area
1707 665 1721 692 ,
1753 638 1856 677 non
1896 635 2033 692 quo-

448 731 610 795 modo
634 744 798 800 grana
819 727 872 781 iu
909 725 1123 780 horreo.
1149 722 1212 775 Et
1237 725 1550 788 separantur
1571 729 1748 785 grana
1789 713 1839 766 in
1867 726 1988 766 area
2012 749 2028 776 ,

449 833 503 876 ct
527 821 816 876 miscentur
840 834 851 870 :
876 819 1218 886 separantur,
1248 823 1367 864 eum
1395 823 1423 861 a
1446 805 1594 876 palea
1634 803 2029 872 exspoliautur;

447 912 777 972 miscentur,
825 907 946 978 quia
987 903 1220 958 nondum
1263 899 1608 956 ventilantur.
1654 896 1802 950 Tunc
1850 902 2031 964 aperta

446 1002 551 1055 erit
581 997 863 1068 separatio,
893 996 1026 1050 sicut
1053 1007 1291 1057 morum,
1324 991 1400 1046 sic
1425 999 1478 1044 et
1506 989 1650 1054 vitae;
1673 988 1810 1040 sicut
1829 984 2032 1054 sapien-

449 1091 567 1157 tiae,
595 1090 664 1144 ita
691 1098 744 1144 et
771 1099 1072 1156 corporum.
1101 1084 1255 1138 ibunt
1285 1083 1374 1152 qui
1405 1080 1537 1136 bene
1560 1077 1828 1140 fecerunt,
1853 1075 2031 1128 vivere

448 1199 569 1238 cum
601 1181 816 1252 Angelis
861 1178 951 1233 Dei
985 1176 1116 1248 :qui
1155 1176 1291 1230 male
1333 1182 1590 1245 egerunt,
1631 1167 1863 1242 torqueri
1907 1181 2028 1221 eum

447 1274 662 1332 diabolo
701 1282 755 1328 et
794 1269 996 1342 angelis
1035 1269 1168 1338 ejus.
1205 1269 1271 1322 Et
1311 1266 1532 1321 transiet
1561 1263 1730 1318 forma
1759 1257 1920 1316 servi.
1949 1257 2029 1312 Ad

447 1365 553 1421 hoc
579 1363 720 1419 enim
753 1376 812 1417 se
834 1365 1248 1432 prtrsentaverat
1275 1363 1336 1416 ut
1357 1356 1553 1410 taceret
1585 1351 1839 1424 judicium
1873 1367 1886 1403 :
1915 1354 2033 1418 post

440 1455 695 1526 judicium
727 1461 910 1524 perget
941 1452 1062 1508 hinc
1086 1492 1099 1518 ,
1130 1451 1288 1508 ducet
1310 1463 1490 1504 secum
1531 1458 1724 1515 corpus
1761 1441 1842 1497 cui
1874 1447 2033 1510 caput

444 1563 558 1620 est,
583 1560 637 1608 et
662 1551 850 1606 offeret
871 1563 1091 1620 regnum
1118 1547 1227 1602 Deo
1250 1543 1291 1616 (ι
1321 1544 1436 1598 Cor.
1461 1558 1548 1610 xv,
1573 1537 1688 1612 24).
1707 1537 1856 1592 Tunc
1877 1535 2032 1603 plane

447 1644 714 1700 videbitur
735 1643 902 1698 forma
933 1641 1020 1695 illa
1049 1639 1161 1706 Dei,
1193 1652 1310 1708 qua:
1337 1651 1441 1691 non
1467 1629 1817 1706 potuitvideri
1837 1627 1906 1683 ab
1927 1625 2030 1682 ini-

445 1735 601 1806 quis,
647 1747 875 1804 quorum
921 1730 1110 1786 visioni
1151 1728 1319 1782 forma
1368 1726 1510 1781 servi
1553 1720 1853 1779 exhibenda
1893 1725 2027 1786 erat.

446 1827 586 1886 Dicit
614 1837 668 1882 et
709 1825 832 1882 alibi
874 1823 950 1879 sic
981 1841 992 1876 :
1018 1821 1172 1876 Ibunt
1197 1821 1278 1875 isti
1306 1821 1358 1892 in
1401 1816 1764 1871 mubustionem
1791 1819 2031 1867 ae'ternam

447 1918 540 1990 (de
581 1917 891 1988 quibusdam
937 1911 1226 1982 siniStris);
1261 1910 1390 1982 justi
1419 1917 1584 1962 autem
1620 1907 1672 1959 in
1699 1904 1850 1958 vitam
1887 1910 2033 1956 aeter-

445 2025 564 2063 nam
589 2007 816 2080 (Matth.
847 2021 986 2072 xxv,
1016 2005 1108 2075 4,6)
1140 2021 1152 2057 :
1185 2003 1252 2058 de
1281 2017 1384 2072 qua
1425 1999 1530 2054 alio
1563 1999 1680 2052 loco
1711 1994 1871 2061 dicit,
1911 1990 2032 2045 Htec

447 2110 520 2154 est
543 2109 709 2152 autem
738 2098 837 2150 vita
875 2105 1063 2150 interna
1087 2135 1100 2158 ,
1141 2102 1193 2146 ut
1221 2097 1526 2164 cognoscant
1573 2097 1621 2141 te
1663 2101 1821 2139 unum
1859 2097 2032 2136 verum

445 2187 635 2254 Deum,
666 2197 710 2242 et
737 2204 881 2259 quem
909 2187 1086 2241 misisti
1109 2185 1142 2238 Ι
1149 2201 1287 2239 esum
1316 2183 1570 2238 Christum
1596 2177 1771 2251 (Joan.
1799 2191 1926 2240 xvtl,
1949 2173 2028 2244 5).

446 2277 598 2334 Tune
631 2277 700 2332 ibi
729 2276 1005 2346 apparebit
1030 2275 1116 2348 qui
1143 2291 1256 2328 cum
1302 2272 1354 2328 in
1386 2276 1551 2344 forma
1593 2268 1689 2322 Dei
1735 2273 1892 2332 esset,
1931 2279 2034 2318 non

445 2373 682 2442 rapinam
723 2372 991 2425 arbitratus
1034 2378 1106 2424 est
1135 2385 1241 2423 esse
1280 2367 1485 2434 aequalis
1515 2365 1621 2420 Deo
1664 2361 1919 2437 (Philipp.
1949 2375 2030 2425 ~11,

447 2463 502 2534 (ἶ)
541 2481 556 2518 :
590 2470 713 2516 tunc
750 2475 808 2516 se
851 2459 1098 2516 ostendet
1125 2459 1393 2529 quomodo
1436 2472 1494 2512 se
1539 2453 1882 2510 dilectoribus
1925 2451 2033 2506 suis

445 2563 784 2610 ostensurum
827 2553 1087 2623 promisit.
1121 2551 1219 2617 Qui
1247 2551 1375 2604 enim
1405 2549 1568 2620 diligit
1593 2565 1704 2612 me,
1745 2545 1848 2614 ait,
1891 2561 2036 2598 man-

345 2657 352 2668 '
447 2643 568 2704 data
597 2659 706 2698 mea
749 2643 997 2709 custodit;
1022 2652 1068 2696 et
1105 2643 1190 2714 qui
1214 2641 1377 2712 diligit
1404 2657 1514 2708 me,
1556 2637 1794 2710 diligetur
1822 2653 1853 2690 a
1879 2634 2036 2690 Patre

447 2752 558 2800 meo
582 2775 598 2800 ,
638 2743 684 2788 et
713 2752 803 2806 ego
833 2735 1042 2805 diligant
1071 2749 1184 2788 eum
1208 2773 1222 2802 ,
1269 2741 1314 2788 et
1359 2733 1617 2802 ostendam
1663 2729 1907 2798 nteipsum
1936 2725 2031 2798 illi.

445 2825 650 2892 Quibus
691 2825 1042 2894 loquebatur,
1093 2838 1328 2894 prtesens
1360 2823 1439 2878 eis
1481 2829 1594 2876 erat
1634 2838 1648 2877 :
1688 2819 1780 2874 sed
1809 2819 2034 2873 formam

445 2917 591 2973 servi
620 2917 903 2982 videbant;
939 2917 1157 2970 formam
1182 2925 1358 2970 autem
1393 2914 1485 2968 Dei
1515 2929 1621 2967 non
1644 2911 1910 2978 videbant.
1933 2909 2036 2964 Per

442 3007 742 3078 jumentum
769 3007 835 3060 ad
855 3006 1118 3061 stabulum
1141 3005 1468 3061 ducebantur
1481 3003 1719 3070 curandi,
1754 3002 1845 3057 sed
1865 3001 2035 3062 sanati

445 3095 734 3160 videbunt;
775 3096 898 3166 quia
925 3097 1208 3158 ostendant,
1255 3095 1454 3164 inquit,
1497 3093 1741 3162 meipsum
1767 3092 1864 3146 illi.
1893 3091 2036 3158 Quo-

446 3185 609 3240 modo
637 3184 933 3242 ostenditur
964 3183 1184 3254 aequalis
1225 3185 1400 3238 Patri?
1437 3183 1570 3238 Cum
1611 3183 1740 3238 dicit
1769 3183 2031 3252 Philippo,

450 3275 554 3346 Qui
579 3293 656 3330 me
675 3277 823 3340 uidet,
857 3276 986 3338 videt
1011 3285 1056 3328 et
1086 3274 1292 3328 Patrem
1314 3291 1476 3327 meum
1503 3272 1678 3344 (Joan.
1707 3289 1816 3338 xw,
1836 3273 1926 3340 21,
1958 3273 2032 3344 9).

522 3367 610 3421 19.
665 3365 786 3421 Νοη
833 3383 1034 3437 possum
1085 3381 1175 3436 ego
1224 3381 1256 3417 a
1298 3365 1488 3433 meipso
1523 3365 1690 3433 facere
1718 3365 2035 3436 quidquam:

447 3459 576 3522 sicut
605 3458 757 3512 audio
775 3458 971 3530 judico,
1005 3467 1052 3512 et
1071 3457 1326 3528 judicium
1356 3474 1520 3510 meum
1569 3467 1761 3526 justum
1781 3467 1869 3513 est.
1902 3459 2034 3526 Quia

449 3551 642 3630 dicturi
683 3552 756 3607 illi
795 3567 1031 3618 eramus,
1068 3552 1146 3606 Tu
1169 3551 1452 3622 judicabis,
1485 3561 1536 3607 et
1567 3551 1723 3607 Pater
1749 3568 1857 3608 non
1891 3552 2036 3622 judi-

449 3643 612 3714 cabit,
641 3646 760 3718 quia
792 3663 938 3700 omne
967 3647 1220 3718 judicium
1263 3645 1399 3700 dedit
1444 3645 1619 3714 Filio;
1648 3661 1754 3700 non
1794 3662 1922 3718 ergo
1946 3663 2033 3703 se-

447 3738 680 3798 cundum
711 3739 920 3794 Patrem
941 3739 1203 3809 judicabis
1231 3757 1244 3791 :
1271 3739 1486 3810 adjecit,
1531 3739 1650 3794 Non
1690 3756 1895 3811 possunt
1942 3757 2033 3812 ego

448 3847 480 3884 α
505 3833 692 3902 meipso
713 3831 879 3901 facere
907 3831 1178 3904 quidquam
1211 3848 1230 3887 :
1253 3833 1382 3888 sicut
1408 3833 1562 3886 audio
1585 3833 1788 3904 judico,
1820 3842 1866 3886 et
1883 3833 2032 3904 judi-

447 3925 582 3976 cium
618 3940 784 3976 nteum
813 3923 1014 3993 justum
1057 3933 1164 3990 est;
1212 3925 1330 3992 quia
1373 3940 1474 3977 non
1520 3939 1689 3993 qua’ro
1729 3924 2035 3984 uoluntatem

447 4031 606 4082 meum
627 4055 640 4079 ,
682 4014 772 4068 sed
812 4018 1115 4074 voluntatem
1141 4017 1248 4086 ejus
1277 4016 1361 4086 qui
1390 4015 1526 4078 misit
1554 4033 1649 4069 me.
1681 4015 1837 4072 Certe
1867 4015 2034 4070 Filius

448 4116 583 4172 quos
612 4102 722 4156 vult
748 4103 994 4157 vivilieat.
1023 4103 1136 4158 Non
1166 4106 1355 4173 quaerit
1381 4105 1706 4162 voluntatem
1737 4120 1908 4174 suam,
1939 4107 2033 4161 sed

449 4193 777 4248 voluntatem
799 4193 914 4264 ejus
937 4195 1024 4264 qui
1051 4195 1196 4249 misit
1225 4195 1392 4249 illum.
1421 4195 1533 4248 Non
1565 4187 1758 4264 meam,
1783 4211 1886 4250 non
1913 4212 2034 4266 pro-

446 4284 654 4355 priam;
707 4299 814 4338 non
858 4299 1054 4346 meam,
1088 4301 1192 4346 non
1226 4285 1316 4340 filii
1349 4285 1612 4352 hominis;
1666 4303 1769 4340 non
1821 4303 2028 4354 meam,

447 4391 569 4448 qua:
616 4377 828 4431 resistat
857 4377 984 4431 Deo.
1017 4376 1238 4431 Faciunt
1266 4377 1408 4440 enim
1437 4375 1680 4434 homines
1707 4379 2032 4435 voluntatem

447 4483 623 4534 suam,
675 4483 780 4523 non
821 4467 934 4534 Dei,
981 4469 1192 4540 quando
1235 4467 1436 4526 faciunt
1479 4469 1620 4539 quod
1673 4471 1876 4538 volunt,
1923 4489 2030 4530 non

449 4561 590 4632 quod
612 4559 763 4630 jubet
783 4561 917 4622 Deus
951 4577 962 4612 :
990 4560 1202 4632 quando
1227 4570 1403 4616 autem
1432 4562 1500 4616 ita
1541 4561 1740 4621 faciunt
1763 4564 1905 4634 quod
1935 4580 2031 4621 vo-

445 4651 582 4720 lunt,
605 4662 664 4716 ut
691 4663 866 4708 tamen
892 4661 1182 4722 sequantur
1222 4654 1545 4710 voluntatem
1595 4654 1725 4720 Dei,
1789 4672 1892 4710 non
1951 4656 2030 4710 fa-

444 4746 592 4808 ciunt
617 4744 941 4812 voluntatem
963 4759 1134 4810 suam,
1163 4746 1402 4814 quamvis
1432 4745 1571 4816 quod
1601 4747 1786 4802 volunt
1815 4747 2029 4802 faciant.

444 4835 647 4893 Valens
677 4835 756 4892 fac
785 4836 924 4908 quod
950 4836 1184 4906 juberis;
1212 4845 1370 4905 atque
1400 4837 1470 4894 ita
1499 4845 1550 4892 et
1577 4836 1678 4892 hoc
1701 4837 1865 4894 facies
1889 4839 2032 4910 quod

445 4928 543 4994 vis,
574 4937 627 4983 et
655 4943 760 4982 non
790 4927 1114 4994 voluntatem
1147 4935 1285 4980 tuam
1317 4925 1498 4995 facies,
1528 4928 1620 4983 sed
1645 4929 1898 4998 jubentis.

515 5018 606 5076 20.
633 5018 769 5088 Quid
795 5018 962 5090 ergo?
994 5018 1137 5072 Sicut
1159 5019 1332 5085 audio,
1362 5017 1430 5072 ita
1445 5019 1646 5090 judico.
1665 5021 2026 5086 AuditFilius,

445 5119 500 5166 et
541 5112 871 5168 demonstrat
909 5110 958 5166 ei
989 5109 1166 5176 Pater,
1195 5119 1249 5166 et
1293 5111 1441 5165 videt
1487 5111 1650 5166 Filius
1689 5111 1899 5166 Patrem
1949 5111 2030 5167 fa-

448 5201 698 5258 cientem.
729 5203 795 5258 Et
841 5204 940 5258 ista
984 5201 1360 5260 disluleramus
1392 5203 1548 5272 paulo
1575 5203 1905 5264 enucleatius
1936 5221 2032 5274 pro

448 5289 650 5348 viribus
667 5303 1008 5363 pertractare,
1025 5295 1067 5349 si
1092 5305 1298 5364 tempus
1316 5295 1470 5350 nobis
1495 5305 1709 5366 peracta
1735 5298 1959 5353 lectione
1979 5310 2034 5354 et

447 5380 594 5436 vires
635 5385 1033 5440 remansissent.
1067 5385 1121 5440 Si
1153 5385 1323 5442 dicam
1355 5401 1440 5441 me
1468 5401 1624 5456 posse
1653 5387 1793 5458 loqui
1833 5389 2026 5452 adhuc.

447 5473 582 5528 forte
607 5488 702 5528 vos
723 5475 904 5531 audire
927 5477 1035 5546 jam
1062 5493 1166 5532 non
1197 5477 1434 5546 potestis.
1469 5479 1596 5533 lteni
1625 5481 1759 5535 forte
1781 5483 2032 5538 aviditate

447 5565 696 5622 audiendi
737 5565 912 5622 dicitis
940 5609 956 5634 ,
1003 5569 1312 5624 POSSUIDUS.
1359 5569 1544 5625 Melius
1583 5579 1666 5626 est
1697 5583 1904 5638 ergout
1933 5589 2030 5646 ego

449 5659 810 5715 inﬁrmitatem
851 5675 1026 5716 meam
1070 5663 1271 5731 fatear,
1315 5664 1436 5734 quia
1469 5663 1580 5735 jam
1620 5665 1862 5738 fatigatus
1889 5667 2030 5738 loqui

449 5767 554 5810 non
581 5766 820 5828 possum,
848 5767 1005 5825 quam
1035 5763 1090 5810 ut
1115 5755 1264 5811 vobis
1283 5755 1392 5828 jam
1431 5757 1568 5816 bene
1605 5758 1825 5830 satiatis,
1859 5758 2031 5816 adhuc

1365 334 1429 386 »Ν
1469 327 1746 385 ιυΑΝΝιδ
1784 321 2256 388 EVANGELIUM,
2299 320 2354 377 S.
2393 319 2749 379 AUGUS‘IINI

3581 321 3605 376 1
3617 319 3720 377 558

2142 435 2414 490 infundam
2459 436 2602 508 quod
2649 451 2754 490 non
2797 433 2932 490 bene
2973 435 3248 507 digeratis.
3293 435 3522 493 Proinde
3572 436 3728 510 hujus

2138 527 2508 598 promissionis
2535 543 2692 597 quam
2723 526 2786 581 ad
2815 525 3126 582 hodiernum
3158 537 3387 598 tempus,
3445 529 3488 582 si
3533 544 3722 600 super-

2137 627 2311 680 esset,
2357 617 2702 684 distuleram,
2749 625 2931 673 tenete
2969 633 3056 673 me
3086 617 3368 689 adjuvante
3408 618 3634 678 Domino
3669 621 3725 679 in

2138 709 2430 764 crastinum
2461 710 2777 766 debitorem.

2651 799 3061 858 TRACTATUS
3097 801 3220 862 XX.

2136 889 2362 946 Rursum
2393 891 2444 944 in
2471 891 2620 958 illud,
2655 893 2848 960 Amen,
2876 909 3031 949 amen
3065 894 3184 950 dico
3213 893 3384 960 vobis,
3414 912 3518 950 non
3550 906 3723 966 potest

2207 981 2372 1036 Filius
2392 999 2420 1037 a
2440 1000 2496 1039 se
2519 985 2692 1040 facere
2707 985 3013 1056 quidquam,
3035 986 3132 1040 nisi
3151 987 3288 1056 quod
3307 987 3492 1042 viderit
3512 988 3721 1044 Patrem

2207 1075 2484 1132 facientem
2515 1095 2527 1128 :
2561 1093 2904 1148 qtizreumque
2944 1079 3086 1133 enim
3131 1077 3287 1133 Pater
3313 1079 3456 1144 facit,
3483 1077 3598 1134 lucc
3629 1095 3718 1135 ca-

2205 1165 2327 1221 dem
2359 1175 2412 1222 et
2442 1167 2605 1222 Filius
2629 1169 2750 1223 facit
2777 1169 3042 1224 similiter.
3069 1167 3195 1242 Cap.
3231 1186 3280 1236 v,
3321 1169 3355 1240 ᾓ
3380 1210 3392 1223 .
3429 1170 3516 1224 l9.

2210 1256 2262 1316 1.
2291 1255 2464 1318 Verba
2494 1257 2702 1320 Domini
2744 1259 2911 1313 nostri
2940 1259 3063 1314 Jesu
3096 1243 3311 1324 Christi,
3345 1262 3572 1316 maxime
3597 1277 3720 1332 qua)

2134 1344 2365 1402 Joannes
2393 1357 2777 1404 commemorat
2801 1351 3144 1420 evangelista,
3168 1351 3254 1422 qui
3280 1367 3381 1405 non
3413 1353 3527 1408 sine
3557 1367 3718 1410 causa

2135 1451 2296 1507 super
2341 1449 2523 1508 peetus
2561 1439 2766 1494 Domini
2815 1439 3178 1495 discumbebat
3217 1439 3396 1513 (Joan.
3433 1458 3547 1507 χιιι,
3601 1443 3716 1514 25),

2135 1530 2309 1584 nisiut
2334 1539 2539 1586 secreta
2569 1531 2772 1586 altioris
2797 1532 3067 1601 sapientia:
3089 1533 3204 1602 ejus
3225 1533 3482 1601 ebiberet,
3507 1535 3718 1606 etquod

2134 1620 2362 1674 amando
2401 1619 2623 1682 biberat,
2665 1621 3083 1692 evangelizaudo
3125 1633 3380 1692 ructaret,
3411 1625 3479 1678 ita
3510 1633 3716 1680 secreta

2135 1719 2258 1766 sunt
2281 1719 2334 1772 et
2363 1711 2620 1780 profunda
2639 1711 3028 1784 intelligentiae‘
3049 1722 3138 1778 ,ut
3166 1729 3352 1770 omnes
3384 1714 3598 1769 turbent
3627 1716 3718 1786 qui

2137 1815 2386 1870 perverso
2413 1811 2532 1857 sunt
2550 1803 2728 1866 corde,
2748 1813 2996 1859 etomnes
3015 1815 3301 1872 exerceant
3321 1805 3407 1877 qui
3433 1815 3576 1864 recto
3597 1815 3722 1866 sunt

2136 1891 2316 1946 corde.
2363 1891 2590 1948 Proinde
2633 1894 3020 1949 animadvertat
3049 1895 3290 1950 Charitas
3313 1905 3489 1950 vestra
3513 1895 3578 1951 ad
3609 1895 3722 1952 lucc

2137 1999 2301 2056 pauca
2328 2001 2444 2053 qua:
2487 1986 2620 2040 lecta
2648 1997 2787 2040 sunt.
2831 1986 3117 2042 Videamus
3141 1989 3181 2040 si
3209 2003 3313 2058 quo
3340 1989 3498 2044 modo
3539 2005 3724 2059 possu—

2137 2093 2257 2134 mus
2283 2078 2516 2133 donaute
2545 2091 2599 2134 et
2626 2079 2908 2149 adjuvaute
2954 2081 3070 2150 ipso
3099 2081 3188 2150 qui
3233 2081 3392 2136 verba
3431 2097 3528 2135 sua
3569 2083 3722 2138 nobis

2137 2171 2306 2226 voluit
2351 2171 2584 2237 recitari,
2639 2188 2758 2243 qua:
2809 2181 2937 2227 tunc
2991 2173 3166 2227 audita
3219 2183 3376 2243 atque
3421 2173 3719 2243 conscripta

2137 2271 2281 2328 Sunt,
2307 2273 2358 2318 nt
2387 2263 2546 2319 modo
2584 2267 2888 2336 legerentur
2912 2307 2927 2332 ,
2961 2265 3086 2336 quid
3129 2266 3227 2320 sibi
3265 2266 3391 2320 velit
3431 2265 3570 2335 quod
3597 2281 3722 2322 eum

2137 2357 2362 2412 audistis
2389 2359 2554 2412 modo
2577 2359 2775 2423 dicere,
2806 2343 2992 2426 Amen,
3015 2377 3158 2426 amen
3186 2360 3296 2414 dico
3323 2359 3476 2424 vobis,
3505 2377 3604 2414 non
3631 2377 3724 2430 po-

2137 2457 2230 2503 test
2259 2449 2428 2504 Filius
2451 2467 2481 2502 a
2509 2468 2562 2505 se
2587 2455 2753 2523 facere
2782 2451 3052 2522 quidquam
3075 2495 3089 2517 ,
3119 2452 3218 2504 nisi
3244 2453 3378 2522 quod
3401 2452 3576 2510 viderit
3607 2451 3720 2506 Pa-

2139 2549 2263 2593 trem
2291 2541 2554 2611 facientem
2579 2558 2594 2593 :
2615 2557 2939 2612 quaecumque
2966 2543 3098 2596 enim
3131 2541 3284 2598 Pater
3320 2543 3461 2614 facit,
3498 2543 3603 2598 hth
3630 2559 3723 2598 ea-

2138 2631 2250 2685 dem
2277 2641 2322 2685 et
2353 2629 2402 2684 F
2403 2633 2521 2686 ilius
2548 2633 2669 2703 facit
2695 2634 2944 2687 similiter.

2209 2722 2262 2778 2.
2288 2721 2440 2779 Unde
2462 2733 2640 2779 autem
2665 2735 2817 2778 natus
2838 2725 2904 2778 sit
2927 2740 3104 2780 sermo
3129 2725 3248 2794 iste,
3271 2727 3724 2784 commemorandi

2139 2814 2266 2868 estis
2290 2823 2507 2892 propter
2532 2815 2802 2885 superiora
2830 2816 3095 2884 lectionis,
3124 2817 3210 2872 ubi
3239 2827 3514 2878 curaverat
3543 2819 3722 2874 Domi-

2139 2927 2239 2967 nus
2286 2913 2566 2982 quemdam
2609 2915 2746 2970 inter
2797 2915 2915 2970 illos
2944 2917 3032 2986 qui
3065 2918 3116 2970 in
3161 2919 3392 2989 quinque
3434 2921 3724 2990 porticibus

2141 3002 2358 3074 piscina:
2385 3005 2526 3058 illius
2560 3004 2862 3064 Salomonis
2887 3007 3157 3076 jacebant,
3201 3009 3284 3063 cui
3314 3010 3540 3078 dixerat,
3581 3011 3723 3067 Tolle

2139 3095 2406 3166 grabatum
2453 3105 2623 3158 tuum,
2670 3107 2716 3151 et
2760 3098 2883 3151 vade
2909 3099 2958 3151 in
2983 3099 3186 3154 domum
3215 3110 3374 3154 luant.
3405 3103 3513 3157 lloc
3545 3113 3721 3160 autem

2139 3185 2338 3242 fecerat
2376 3186 2652 3244 sabbatis:
2687 3188 2828 3244 unde
2875 3190 3167 3258 perturbati
3209 3191 3377 3246 Judtei
3427 3193 3722 3252 calumnia-

2141 3277 2352 3344 bautur,
2395 3278 2542 3348 quasi
2581 3293 2884 3333 eversorem
2933 3289 2987 3339 et
3035 3282 3493 3350 prmvaricatorem
3547 3283 3719 3355 Legis.

2139 3367 2289 3422 Tunc
2316 3369 2392 3422 eis
2420 3369 2642 3436 dixerat,
2679 3368 2833 3422 Pater
2861 3387 3000 3424 meus
3029 3389 3183 3440 usque
3212 3373 3360 3430 modo
3385 3385 3639 3442 operatur,
3677 3383 3724 3430 et

2140 3474 2230 3530 ego
2261 3475 2441 3528 Operor
2469 3457 2577 3532 (Id.
2608 3477 2657 3522 v,
2689 3461 2742 3525 8,
2779 3459 2888 3532 l7).
2941 3462 3018 3516 llli
3064 3463 3206 3516 enim
3249 3465 3532 3520 carnaliter
3581 3467 3724 3522 acci-

2143 3550 2346 3622 pientes
2390 3550 2592 3604 sabbati
2643 3551 3088 3620 observationem,
3119 3554 3370 3624 putabant
3401 3557 3563 3612 Deum
3603 3563 3724 3628 post

2141 3641 2376 3698 laborem
2423 3642 2658 3698 fabricati
2699 3644 2878 3698 mundi
2913 3661 3076 3716 usque
3117 3646 3183 3700 ad
3225 3646 3365 3702 hunc
3404 3649 3540 3703 diem
3573 3650 3720 3718 quasi

2140 3733 2407 3800 dormire;
2449 3741 2504 3789 et
2543 3744 2823 3806 propterea
2865 3737 3226 3794 sanctifieasse
3269 3739 3412 3793 illum
3451 3739 3625 3807 diem,
3657 3755 3725 3795 ex

2140 3842 2246 3897 quo
2275 3827 2436 3895 cmpit
2465 3826 2606 3881 velut
2649 3841 2678 3880 a
2729 3827 2998 3882 laboribus
3027 3830 3381 3898 requiescere.
3429 3831 3520 3885 Est
3546 3841 3722 3886 autem

2140 3929 2528 3986 sacramentum
2569 3917 2774 3973 sabbati
2815 3921 3046 3990 antiquis
3079 3921 3315 3990 patribus
3347 3923 3542 3980 nostris
3583 3938 3721 3992 prm-

2139 4019 2348 4080 crptum
2379 4009 2570 4080 (Exod.
2609 4026 2700 4074 xx,
2727 3995 2902 4080 8-H),
2943 4009 3082 4080 quod
3115 4003 3212 4065 nos
3249 4011 3530 4066 Christiani
3561 4012 3723 4082 spiri-

2139 4100 2353 4154 tualiter
2374 4100 2741 4172 observamus,
2773 4109 2828 4154 ut
2857 4100 2922 4156 ab
2952 4101 3097 4156 omni
3123 4103 3297 4156 servili
3321 4118 3507 4172 opere,
3549 4103 3599 4157 id
3642 4111 3724 4158 est

2139 4189 2206 4244 ab
2235 4191 2379 4244 omni
2409 4199 2627 4259 peccato
2649 4189 2792 4260 (quia
2819 4190 3073 4245 Dominus
3100 4191 3247 4258 dicit,
3278 4191 3454 4246 Omnis
3479 4194 3565 4262 qui
3599 4193 3723 4264 facit

2140 4291 2417 4350 peccatum,
2442 4297 2611 4334 servus
2639 4291 2709 4334 est
2736 4281 2920 4351 peccati
2954 4279 3129 4354 (Joan.
3159 4297 3270 4346 VIII,
3296 4283 3362 4337 5i
3388 4280 3429 4356 ),
3453 4282 3722 4338 abstinea-

2139 4386 2257 4439 mus
2283 4387 2400 4434 nos,
2427 4380 2482 4425 et
2509 4371 2796 4426 habeamus
2820 4373 3050 4456 quietem
3075 4373 3125 4426 in
3154 4373 3313 4429 corde
3335 4383 3538 4446 nostro,
3568 4374 3618 4428 id
3642 4383 3723 4430 est

2139 4463 2572 4534 tranquillitatem
2588 4463 2934 4534 spiritualetn.
2961 4463 3024 4518 Et
3057 4465 3295 4534 quamvis
3321 4466 3370 4519 in
3401 4465 3502 4519 hoc
3525 4465 3721 4521 saeculo

2139 4555 2192 4611 id
2220 4570 2494 4619 conemur,
2531 4555 2595 4608 ad
2625 4569 2742 4608 eam
2785 4565 2958 4609 tamen
2999 4551 3233 4624 requiem
3277 4555 3567 4626 perfectam
3614 4571 3718 4612 non

2141 4647 2528 4717 perveniemus,
2569 4645 2671 4700 nisi
2708 4659 2826 4698 eum
2858 4643 2924 4702 de
2969 4644 3066 4700 hac
3113 4647 3219 4699 vita
3257 4646 3567 4700 exicrimus.
3613 4645 3720 4701 Sed

2139 4739 2258 4794 ideo
2283 4737 2480 4793 dictum
2507 4749 2587 4792 est
2613 4737 2776 4792 Deum
2803 4737 3278 4808 requievisse,quia
3291 4737 3399 4808 jam
3419 4747 3718 4793 creaturam

2139 4827 2338 4885 nullam
2393 4827 2652 4892 condebat
2707 4835 2984 4896 postquam
3038 4827 3270 4897 perfecta
3336 4837 3460 4882 sunt
3514 4829 3718 4884 omnia.

2138 4919 2383 4988 Quietem
2409 4934 2537 4974 vero
2581 4927 2858 4988 propterea
2903 4919 3186 4990 appellavit
3214 4919 3504 4990 Scriptura,
3537 4929 3595 4974 ut
3625 4935 3724 4975 nos

2139 5009 2452 5066 admoneret
2497 5019 2616 5079 post
2665 5009 2804 5064 bona
2843 5023 3004 5080 Opera
3055 5011 3409 5080 requieturos.
3449 5007 3539 5065 Sic
3578 5012 3723 5066 enim

2137 5104 2390 5174 scripturn
2441 5104 2698 5159 habemus
2747 5104 2799 5157 in
2840 5103 3070 5170 Genesi,
3111 5103 3174 5156 Et
3217 5103 3334 5175 fecit
3379 5101 3516 5159 Deus
3553 5105 3724 5158 omnia

2138 5197 2266 5252 bona
2309 5195 2482 5264 valde,
2523 5207 2566 5250 et
2593 5198 2830 5270 requievit
2857 5197 2992 5253 Deus
3015 5198 3097 5252 die
3124 5199 3333 5269 septimo
3364 5197 3513 5272 (Gen.
3545 5214 3582 5266 ι,
3613 5201 3674 5256 51
3705 5241 3721 5266 ,

2138 5299 2182 5343 et
2220 5305 2278 5356 lt,
2318 5286 2374 5360 2)
2408 5297 2498 5342 :ut
2531 5297 2582 5342 tu
2615 5288 2771 5343 homo
2799 5304 2919 5346 cum
2949 5289 3178 5344 attendis
3206 5290 3374 5360 ipsum
3407 5289 3573 5345 Deum
3605 5301 3726 5360 post

2137 5379 2274 5433 bona
2307 5393 2468 5448 opera
2500 5377 2858 5448 requievisse,
2911 5395 3015 5432 non
3070 5377 3162 5433 tibi
3211 5395 3396 5448 Speras
3441 5381 3718 5450 requiem,

2139 5471 2240 5526 nisi
2288 5487 2408 5526 cum
2455 5471 2591 5525 bona
2639 5471 2805 5526 fueris
2856 5481 3150 5542 operatus:
3184 5480 3237 5527 et
3273 5471 3721 5542 quemadmodum

2139 5563 2278 5617 Deus
2307 5571 2646 5634 posteaquam
2677 5562 2800 5616 fecit
2827 5561 3096 5616 hominem
3135 5563 3200 5616 ad
3240 5561 3525 5632 imaginem
3553 5572 3608 5617 et
3649 5563 3722 5618 si-

2138 5653 2486 5710 militudinem
2513 5669 2662 5709 suam
2687 5661 2840 5710 sexto
2871 5653 2974 5718 die,
3007 5653 3134 5710 etin
3169 5653 3260 5708 illo
3289 5655 3510 5724 perfecit
3536 5653 3715 5710 omnia

2205 5771 2220 5801 ι
2248 5775 2320 5819 Er.
2347 5767 2490 5832 Lugd.
2517 5774 2567 5819 et
2593 5777 2708 5819 vcu.
2733 5767 2922 5833 legunt,
2947 5769 3198 5832 profunde:
3221 5769 3558 5834 intelligentia.
3601 5778 3656 5822 at.
