4118 6506
336 339 478 400 9557

333 471 499 527 opera
532 469 624 507 sua
662 451 802 507 hoaa
833 447 1018 517 valde,
1066 447 1322 519 requievit
1363 446 1588 517 septimo
1618 446 1737 511 die;
1770 443 1845 496 sic
1871 450 1926 497 et

335 549 433 605 tibi
464 548 703 618 requiem
744 560 848 600 non
889 560 1102 614 Speres,
1138 543 1237 599 nisi
1266 558 1384 598 cum
1429 541 1649 596 redieris
1679 539 1742 594 ad
1776 537 1926 593 simi-

335 641 618 696 litudinem
650 639 704 693 in
733 652 835 708 qua
867 637 1033 690 factus
1071 651 1157 700 es,
1209 651 1367 704 quam
1419 631 1703 703 peccando
1749 629 1927 701 pcrdi-

332 734 484 789 disti.
536 731 648 788 Non
688 731 828 785 enim
880 729 1018 783 Deus
1065 728 1333 782 laborasse
1385 726 1640 780 dicendus
1695 732 1808 790 est,
1839 722 1927 792 qui

340 826 481 880 dixit
525 834 578 878 et
617 823 750 877 facta
794 830 935 875 sunt.
967 819 1094 888 Quis
1121 827 1202 873 est
1244 817 1333 887 qui
1377 827 1495 888 post
1524 823 1720 870 tantam
1753 812 1928 883 operis

337 917 649 972 facilitatem
695 913 846 983 quasi
888 920 1007 982 post
1041 910 1276 966 laborem
1320 909 1444 962 velit
1476 905 1849 977 requiescere?
1875 904 1926 958 Si

335 1010 500 1081 jussit
529 1018 581 1064 et
603 1006 792 1077 aliquis
821 1005 869 1061 ei
900 1005 1114 1072 restitit,
1143 1001 1189 1057 si
1211 1003 1367 1072 jussit
1389 1011 1441 1057 et
1467 1019 1570 1056 non
1599 1009 1679 1056 est
1707 998 1922 1064 factum,

336 1110 400 1170 et
444 1111 498 1156 ut
541 1101 689 1155 licret
715 1098 1002 1163 laboravit;
1045 1096 1238 1153 merito
1278 1095 1485 1150 dicatur
1530 1102 1647 1164 post
1694 1092 1927 1148 laborem

333 1193 671 1264 requievisse
719 1209 745 1261 :7
778 1206 898 1245 cum
945 1204 1072 1253 vero
1122 1197 1176 1243 et
1218 1187 1274 1243 in
1320 1187 1435 1257 ipso
1484 1186 1619 1242 libro
1658 1183 1928 1240 Geneseos

333 1285 601 1356 legamus,
631 1284 774 1340 Dixit
802 1283 956 1348 Deus,
981 1283 1104 1337 Fiat
1131 1283 1252 1347 lux;
1282 1292 1327 1336 et
1372 1282 1510 1350 facta
1539 1288 1608 1334 est
1641 1279 1770 1334 tum:
1798 1277 1928 1332 dixit

333 1375 499 1442 Deus,
532 1375 652 1429 Fiat
683 1377 1086 1438 ﬁrmamentum;
1117 1385 1160 1427 et
1201 1374 1390 1443 factum
1431 1380 1500 1426 est
1553 1372 1925 1440 [imitamentum

336 1465 494 1540 (Gen.
521 1483 557 1532 I,
591 1468 643 1533 5,
684 1467 738 1532 6,
782 1467 868 1537 7);
917 1475 970 1522 et
1014 1473 1208 1520 c:r~t.era
1250 1465 1298 1516 in
1334 1463 1494 1518 verbo
1521 1462 1636 1531 ejus
1678 1460 1929 1516 continuo

339 1558 486 1611 farta
523 1574 535 1611 :
565 1558 648 1612 cui
679 1567 959 1610 attestatur
989 1566 1041 1610 et
1073 1555 1312 1608 Psalmus
1342 1553 1546 1618 dicens,
1593 1549 1714 1622 Ipse
1760 1550 1887 1603 dixit
1913 1589 1929 1615 ,

336 1657 384 1702 ct
417 1653 556 1719 facta
597 1657 747 1710 sunt;
794 1647 899 1717 ipse
943 1646 1220 1711 mandavit,
1271 1655 1316 1699 et
1367 1653 1533 1698 creata
1577 1651 1692 1695 sunt
1743 1637 1925 1711 (Paul.

337 1753 527 1795 XXXII.
556 1737 610 1802 9,
641 1746 687 1790 et
717 1753 936 1800 CXLVIII,
962 1735 1014 1807 5)
1054 1754 1066 1788 :
1098 1734 1363 1806 quomodo
1400 1743 1520 1804 post
1559 1732 1812 1788 mundum
1855 1733 1931 1785 fa-

337 1838 490 1884 ctum
523 1827 757 1897 requiem
787 1826 939 1897 quasi
977 1836 1034 1881 ut
1086 1835 1321 1881 cessaret
1362 1824 1687 1894 requirebat,
1737 1822 1825 1893 qui
1877 1823 1931 1877 in

335 1921 580 1992 iubendo
643 1935 906 1990 nunquam
973 1918 1356 1974 laboraverat?
1391 1919 1527 1988 Ergo
1571 1917 1658 1978 illa
1708 1914 1932 1989 mystica

337 2021 488 2078 sunt,
522 2020 574 2066 et
600 2021 881 2090 propterea
913 2011 980 2065 ita
1013 2009 1203 2080 posita,
1253 2020 1308 2063 ut
1348 2009 1500 2064 nobis
1531 2009 1766 2078 requiem
1812 2022 1934 2077 spe—

337 2121 528 2168 remus
554 2090 672 2176 poSt
701 2107 834 2159 hanc
859 2105 1045 2173 vitam,
1078 2105 1171 2158 sed
1198 2103 1240 2158 si
1271 2102 1408 2156 bona
1435 2116 1596 2171 Opera
1627 2099 1931 2155 fecerimus.

340 2197 472 2255 Ideo
500 2197 755 2252 Dominus
783 2195 1069 2250 retundens
1098 2192 1480 2263 impudentiam
1504 2199 1555 2246 et
1583 2206 1816 2244 errorem
1843 2188 1936 2244 Ju-

340 2290 608 2354 darorum,
648 2298 701 2346 et
729 2288 1016 2343 ostendens
1053 2301 1147 2342 eos
1174 2301 1276 2338 non
1303 2293 1447 2339 recte
1473 2297 1659 2352 Sapere
1684 2282 1749 2336 de
1779 2281 1888 2336 Deo
1915 2322 1930 2348 ,

337 2381 417 2436 ait
442 2381 548 2435 illis
575 2378 942 2434 scandalizatis
971 2378 985 2409 ί
1013 2393 1082 2448 qu
1111 2375 1153 2430 -d
1184 2376 1405 2431 sabbato
1431 2373 1746 2443 operabatur
1765 2372 1938 2427 homi-

338 2489 470 2527 num
489 2472 787 2537 sanitatem,
815 2469 970 2534 Patcr
989 2486 1126 2523 meus
1147 2484 1301 2541 usque
1328 2467 1475 2521 modo
1497 2475 1752 2536 aperatur,
1773 2474 1820 2518 et
1845 2481 1936 2536 ego

339 2580 532 2634 operor
559 2578 577 2616 :
607 2562 766 2616 nolite
795 2576 922 2632 ergo
960 2560 1059 2614 hoc
1104 2568 1288 2630 putare
1320 2559 1440 2630 quia
1470 2557 1692 2612 sabbato
1730 2557 1799 2611 ita
1848 2573 1936 2611 res

339 2656 548 2726 quievit
571 2655 724 2708 Pater
748 2669 920 2717 meus,
949 2660 1004 2706 ut
1025 2668 1088 2707 ex
1116 2652 1206 2706 illo
1243 2666 1347 2706 non
1380 2658 1658 2719 operetur;
1691 2646 1784 2702 sed
1801 2647 1938 2702 sicut

344 2747 466 2816 ipse
490 2761 634 2809 nunc
662 2755 932 2814 operatur,
989 2758 1182 2812 operor
1229 2751 1283 2798 et
1333 2755 1452 2810 ego.
1480 2739 1586 2795 Sed
1619 2739 1752 2793 sicut
1784 2738 1939 2792 Pater

341 2839 462 2894 sine
490 2838 694 2903 labore,
735 2837 812 2891 sic
848 2845 900 2891 et
943 2835 1104 2890 Filius
1146 2833 1262 2888 sine
1307 2833 1508 2887 labore.
1555 2830 1700 2885 Dixit
1753 2829 1890 2884 Deus
1918 2870 1934 2895 ,

341 2941 390 2983 et
439 2930 576 2999 farta
626 2939 742 2983 sunt
783 2945 801 2984 :
834 2927 966 2982 dixit
995 2925 1238 2981 Christus
1279 2923 1606 2994 languenti,
1635 2919 1778 2975 Tolte
1820 2937 1940 2991 gra-

343 3021 518 3076 batum
547 3029 707 3086 tuum,
739 3028 782 3074 et
809 3019 933 3072 vade
959 3019 1012 3071 in
1043 3018 1247 3078 domum
1271 3026 1430 3081 tuam,
1459 3023 1514 3069 et
1543 3013 1736 3068 factum
1764 3022 1863 3067 est.

419 3115 472 3166 3.
503 3111 772 3167 Catholica
801 3119 978 3166 autem
1007 3110 1136 3163 tides
1165 3107 1348 3175 habet,
1378 3107 1518 3178 quod
1545 3106 1718 3160 Patris
1744 3114 1796 3160 et
1818 3103 1938 3158 Filii

345 3223 516 3277 opera
543 3222 646 3260 non
677 3216 800 3260 sunt
826 3202 1161 3274 separahiiia.
1190 3201 1299 3254 lloc
1320 3207 1404 3254 est
1424 3199 1561 3269 quod
1585 3198 1728 3265 volo,
1750 3197 1793 3252 si
1814 3211 1937 3266 pos-

349 3314 494 3361 sum,
534 3297 678 3367 loqui
707 3295 965 3350 Charilati
996 3303 1185 3348 vestrae
1207 3310 1219 3345 :
1240 3291 1332 3346 sed
1351 3289 1640 3345 secundum
1669 3289 1755 3344 illa
1778 3288 1940 3343 verba

353 3388 615 3452 Domini,
669 3386 766 3452 Qui
815 3395 974 3456 potest
1021 3401 1198 3455 capere
1227 3383 1395 3454 capiat
1437 3381 1645 3455 (Matth.
1686 3397 1795 3444 XIX,
1826 3380 1938 3452 12).

351 3479 456 3545 Qui
490 3488 665 3532 autem
697 3492 885 3546 capere
927 3492 1028 3531 non
1077 3484 1269 3545 potest,
1325 3492 1428 3528 non
1478 3472 1609 3528 mihi
1641 3471 1935 3536 :ulscrihat,

349 3572 448 3627 sed
485 3569 719 3625 tarditati
767 3583 910 3634 suae;
956 3576 1010 3622 et
1055 3577 1328 3623 convertat
1370 3583 1427 3621 se
1457 3566 1522 3620 ad
1554 3566 1700 3619 illum
1733 3563 1822 3634 qui
1851 3579 1945 3618 cor

352 3666 567 3736 aperit,
600 3673 661 3719 ut
697 3661 941 3718 infundat
971 3661 1111 3732 quod
1140 3661 1318 3715 donat.
1357 3661 1630 3714 Postremo
1657 3658 1770 3712 etsi
1795 3657 1943 3727 quis-

349 3773 518 3828 quam
556 3766 838 3827 propterea
869 3770 974 3810 IIon
1006 3753 1348 3817 intellexerit,
1379 3751 1498 3821 quia
1529 3765 1630 3804 non
1675 3764 1703 3802 a
1745 3763 1830 3801 me
1869 3747 1946 3802 sic

325 3851 558 3906 -dictum
589 3859 671 3905 est
694 3861 752 3905 ut
777 3851 877 3905 dici
900 3848 1097 3913 debuit,
1121 3847 1355 3916 ignoscat
1383 3844 1625 3898 humanae
1659 3839 1943 3911 fragiiitati,

352 3953 411 4000 et
457 3941 722 4015 supplicet
767 3941 957 3995 divinae
1009 3937 1250 3992 bonitati.
1305 3936 1574 3990 Habemus
1625 3932 1766 3986 enim
1807 3931 1948 3986 intus

355 4035 673 4106 magistrum
698 4031 986 4086 Christum.
1012 4025 1276 4096 Quidquid
1301 4042 1394 4096 per
1414 4041 1595 4079 aurem
1619 4030 1868 4088 vestram,
1896 4030 1951 4077 et

355 4141 419 4177 os
448 4138 625 4176 meum
654 4137 844 4190 capere
875 4136 979 4175 non
1014 4116 1313 4189 potueritis,
1361 4117 1413 4171 in
1453 4115 1614 4171 corde
1657 4125 1838 4169 vestro
1881 4113 1949 4168 ad

360 4228 488 4268 cun
539 4211 933 4276 convertimini,
967 4211 1054 4280 qui
1085 4219 1139 4264 et
1168 4224 1252 4262 me
1283 4207 1437 4261 docet
1475 4205 1614 4275 quod
1657 4205 1863 4274 loquor,
1897 4211 1952 4258 et

357 4303 520 4360 vobis
561 4301 1009 4376 quemadmodum
1055 4301 1302 4370 dignatur
1340 4298 1632 4352 distribuit.
1664 4297 1763 4363 Qui
1805 4295 1950 4349 novit

355 4399 489 4469 quid
518 4400 629 4463 det,
650 4407 704 4453 et
727 4396 811 4452 cui
838 4395 948 4460 det,
969 4392 1140 4447 aderit
1157 4391 1373 4461 petenti,
1397 4397 1450 4442 et
1474 4389 1672 4458 aperiet
1699 4387 1947 4457 pulsanti.

360 4493 428 4548 Et
451 4491 496 4547 si
521 4490 654 4544 forte
676 4502 780 4542 non
801 4484 1026 4549 dederit,
1052 4497 1210 4538 nemo
1230 4497 1288 4536 se
1311 4481 1450 4534 dicat
1471 4480 1760 4534 deSertum.
1791 4477 1951 4534 Forte

358 4584 508 4638 enim
547 4579 745 4650 aliquid
787 4578 918 4634 dare
963 4577 1160 4642 diil‘ert,
1192 4577 1285 4631 sed
1325 4575 1588 4630 neminem
1629 4574 1951 4629 esurientem

361 4673 638 4745 relinquit.
666 4671 723 4727 Si
743 4671 884 4725 enim
912 4687 1017 4724 non
1041 4669 1131 4724 dat
1149 4667 1215 4723 ad
1243 4669 1444 4731 horam,
1472 4674 1689 4722 exercet
1712 4681 1953 4735 quaeren-

365 4774 476 4821 tem
502 4807 516 4832 ,
551 4780 656 4818 non
688 4762 980 4818 contemnit
1022 4769 1310 4831 petentem.
1340 4757 1526 4814 Videte
1551 4771 1679 4828 ergo
1709 4767 1759 4810 ct
1784 4766 1954 4810 atten-

365 4857 479 4912 dite
497 4855 623 4927 quid
647 4855 805 4910 velim
823 4853 1020 4919 dicere,
1045 4851 1142 4907 etsi
1168 4850 1304 4906 forte
1323 4865 1425 4904 non
1445 4851 1662 4920 possim.
1686 4849 1954 4904 Catholica

367 4951 502 5013 ﬁdes
525 4951 628 5004 hoc
658 4948 840 5012 habet,
873 4946 1078 5000 ﬁrmata
1109 4944 1307 5014 Spiritu
1346 4941 1438 4996 Dei
1478 4942 1530 4996 in
1571 4942 1769 4996 sanctis
1798 4941 1912 5010 ejus
1936 4981 1952 5006 ,

363 5049 557 5098 contra
611 5054 821 5096 omnem
873 5037 1176 5090 hrcreticam
1229 5033 1572 5104 pravitatem,
1627 5031 1748 5102 quia
1786 5030 1957 5085 Patris

368 5142 424 5188 ct
495 5129 612 5185 Filii
678 5144 840 5199 opera
891 5123 1260 5196 inscparabilia
1317 5131 1457 5179 sunt.
1513 5122 1648 5190 Quid
1691 5130 1772 5177 est
1818 5120 1957 5191 quod

373 5223 526 5278 dixi?
563 5219 842 5288 Quomodo
891 5218 1004 5289 ipse
1067 5217 1223 5270 Pater
1268 5223 1322 5268 et
1372 5213 1536 5268 Filius
1576 5211 1959 5282 inseparabiles

374 5323 520 5380 sunt,
551 5315 630 5368 sic
656 5321 708 5367 et
735 5326 895 5381 Opera
935 5309 1108 5364 Patris
1147 5315 1202 5361 et
1241 5305 1360 5360 Filii
1405 5305 1776 5373 inseparabilia
1813 5313 1958 5358 sunt.

373 5403 657 5474 Quomodo
685 5403 844 5458 Pater
888 5409 942 5456 et
987 5400 1152 5455 Filius
1197 5396 1576 5466 inseparabiles
1621 5395 1782 5449 sunt?
1829 5395 1961 5462 Quia

377 5495 496 5565 ipse
541 5493 696 5559 dixit,
745 5491 854 5562 Ego
897 5501 942 5544 et
987 5489 1143 5543 Pater
1179 5505 1334 5541 unum
1358 5503 1529 5540 sumus
1556 5485 1734 5558 (Joan.
1770 5486 1960 5557 3,50).

381 5589 516 5656 Quia
543 5588 703 5642 Pater
732 5595 784 5640 et
807 5584 848 5640 F
855 5585 974 5638 ilius
1005 5596 1110 5636 non
1143 5589 1265 5634 sunt
1284 5578 1388 5632 duo
1413 5577 1504 5633 Ilii.
1528 5578 1622 5633 sed
1647 5593 1780 5632 unus
1804 5577 1962 5643 Deus,

358 5690 367 5700 ’
446 5715 461 5744 ¹
489 5720 618 5769 Mss,
640 5709 1094 5762 scmrdatimutibus.
1119 5711 1189 5758 Sic
1214 5708 1360 5756 etiam
1391 5703 1512 5754 infra
1545 5711 1820 5756 constanter
1861 5719 1964 5769 pro,

379 5773 738 5823 xwidalizatis.

379 5786 738 5826 autumamus.

1523 327 1934 398 macra'rus
1973 325 2090 382 xx.
2124 308 2358 386 CAPUT
2404 327 2468 386 v.
2523 315 2526 318 “

3475 338 3615 396 1533

2041 441 2275 498 Verbum
2293 454 2345 499 et
2358 443 2508 527 cujus
2526 443 2867 513 estVeI-bum,
2884 460 3019 500 unus
3031 455 3082 502 et
3098 445 3316 514 Unicus,
3335 448 3473 505 Deus
3488 466 3623 508 unus

2038 533 2196 588 Pater
2225 544 2278 590 et
2298 534 2460 590 Filius
2490 536 2749 591 charitatc
2772 537 3054 606 complexi,
3084 555 3324 611 unusque
3349 539 3626 598 charitatis

2038 627 2265 698 Spiritus
2303 645 2488 684 eorum
2527 639 2625 694 est,
2663 639 2717 684 ut
2745 630 2835 685 tiat
2861 630 3091 684 Trinitas
3118 632 3274 686 Pater
3303 642 3355 688 et
3381 633 3544 689 Filius
3571 645 3624 690 et

2032 719 2258 789 Spiritus
2280 732 2510 778 sanctus.
2535 721 2647 776 NOII
2668 738 2792 792 ergo
2816 731 3014 776 tantum
3037 723 3202 778 Patris
3221 733 3274 778 et
3295 724 3434 791 Filii,
3459 725 3550 781 sed
3571 736 3625 782 ct

2033 807 2262 880 Spiritus
2289 811 2477 876 sancti,
2508 813 2643 867 sicut
2667 813 2942 882 aequalitas
2968 823 3021 868 et
3049 815 3468 884 inseparabilitas
3501 832 3622 886 pcr-

2035 918 2286 958 sonarum
2309 945 2322 969 ,
2361 903 2431 957 ita
2475 905 2633 958 etiam
2659 920 2818 974 opera
2859 905 3225 977 inseparabilia
3263 917 3402 962 sunt.
3437 909 3623 962 Adhuc

2035 995 2244 1064 planius
2261 995 2434 1050 dicam
2464 995 2587 1065 quid
2615 997 2683 1051 sit
2713 1039 2726 1063 ,
2757 1013 2916 1068 opera
2942 999 3307 1068 inseparabilia
3336 1010 3476 1055 sunt.
3505 1001 3622 1057 Non

2033 1085 2158 1139 dicit
2175 1087 2429 1142 catholica
2456 1086 2582 1141 tides
2597 1089 2716 1158 quia
2733 1087 2853 1142 fecit
2873 1089 3012 1143 Deus
3029 1089 3184 1144 Pater
3199 1091 3413 1160 aliquid,
3433 1102 3484 1148 ct
3505 1091 3624 1148 fecit

2036 1175 2201 1231 Filius
2222 1175 2419 1245 aliquid
2443 1175 2583 1230 aliud
2613 1194 2626 1231 :
2649 1177 2740 1231 sed
2764 1177 2903 1246 quod
2928 1176 3049 1233 fecit
3070 1177 3242 1244 Pater,
3271 1179 3369 1234 hoc
3386 1189 3438 1235 et
3462 1181 3624 1237 Filius

2034 1264 2177 1332 fecit,
2200 1265 2300 1319 hoc
2325 1273 2380 1319 et
2408 1265 2636 1334 Spiritus
2670 1275 2883 1320 sanctus
2915 1265 3055 1321 fecit.
3088 1267 3191 1323 Per
3213 1269 3444 1324 Verbum
3481 1249 3622 1326 enim

2034 1354 2166 1409 facta
2189 1364 2310 1410 sunt
2333 1356 2506 1410 omnia
2530 1372 2542 1407 :
2569 1356 2780 1426 quando
2810 1356 2939 1410 dixit
2967 1365 3019 1410 et
3041 1357 3172 1411 facta
3195 1369 3338 1426 sunt,
3372 1377 3467 1430 per
3487 1359 3620 1414 Ver-

2031 1444 2155 1499 bum
2187 1444 2315 1499 facta
2341 1455 2496 1511 sunt,
2533 1461 2625 1513 per
2645 1445 2911 1499 Christum
2941 1445 3081 1501 facta
3113 1457 3251 1502 sunt.
3282 1447 3344 1503 lu
3375 1451 3621 1520 principia

2033 1536 2172 1591 enim
2195 1546 2300 1588 erat
2335 1534 2567 1599 Verbum,
2597 1546 2641 1590 et
2662 1535 2878 1590 Verbum
2898 1546 3003 1590 erat
3041 1540 3178 1608 apud
3204 1538 3379 1605 Deum,
3410 1552 3454 1593 et
3485 1538 3621 1594 Deus

2033 1637 2136 1680 erat
2161 1625 2376 1681 Verbum
2397 1628 2596 1680 :omuia
2617 1644 2704 1697 per
2727 1627 2894 1696 ipsum
2918 1627 3053 1697 facta
3080 1638 3194 1682 sunt
3213 1629 3388 1701 (Joan.
3415 1646 3451 1692 I,
3479 1633 3522 1697 Ι,
3543 1631 3622 1702 5).

2032 1717 2087 1774 Si
2110 1719 2282 1774 omnia
2313 1735 2408 1788 per
2433 1719 2604 1789 ipsum
2638 1719 2770 1774 facta
2803 1732 2959 1786 sunt;
2989 1723 3114 1775 dixit
3165 1721 3324 1790 Deus,
3358 1723 3474 1778 Fiat
3506 1726 3621 1791 tux;

2034 1819 2080 1864 et
2107 1813 2242 1882 facta
2267 1819 2336 1864 est
2363 1812 2452 1864 lux
2480 1826 2499 1864 :
2527 1812 2578 1865 in
2609 1811 2782 1866 Verbo
2808 1810 2950 1877 fecit,
2975 1826 3069 1881 per
3100 1813 3326 1867 Verbum
3349 1812 3494 1869 fecit.

2107 1903 2160 1958 4.
2205 1904 2342 1958 Ecce
2386 1918 2514 1973 ergo
2555 1918 2694 1958 nunc
2740 1902 3037 1958 audivimus
3074 1905 3447 1976 Evangelium,
3502 1921 3627 1962 cum

2036 1993 2385 2063 responderet
2420 1993 2873 2052 stomachantibus
2897 1993 3125 2063 Judtcis,
3154 1997 3272 2064 quia
3316 2013 3423 2051 non
3463 1999 3628 2052 solum

2036 2087 2254 2143 solvebat
2273 2086 2555 2154 sabbatum,
2576 2086 2663 2140 sed
2682 2087 2829 2140 etiam
2849 2096 3043 2157 patrem
3063 2104 3209 2142 suum
3231 2088 3624 2156 dicebatDeum,

2037 2179 2280 2248 azqualem
2304 2195 2359 2233 se
2381 2177 2570 2248 faciens
2604 2176 2715 2232 Deo
2741 2176 2848 2250 (Id.
2881 2194 2934 2246 v,
2957 2179 3048 2248 18)
3074 2197 3085 2233 :
3116 2179 3192 2234 sic
3209 2180 3349 2234 cnim
3372 2182 3626 2249 scriptum

2037 2271 2191 2326 estin
2214 2270 2474 2340 superiori
2501 2270 2753 2338 capitulo.
2784 2269 2918 2325 Cum
2945 2285 3070 2341 ergo
3099 2271 3187 2326 tali
3214 2286 3400 2327 eorum
3428 2275 3629 2328 erranti

2038 2359 2386 2432 indignationi
2433 2361 2526 2415 Dei
2556 2359 2722 2414 Filius
2764 2370 2818 2416 et
2849 2360 3053 2416 Veritas
3097 2361 3474 2429 responderet,
3515 2363 3626 2430 ait,

2038 2451 2218 2517 Amen,
2258 2467 2405 2506 amen
2434 2450 2546 2505 dico
2583 2451 2751 2516 vobis,
2784 2467 2883 2505 nou
2916 2459 3074 2522 potest
3109 2449 3276 2506 Filius
3315 2469 3347 2504 a
3375 2469 3428 2508 se
3461 2457 3633 2524 facere

2038 2545 2332 2615 quidquam,
2373 2544 2470 2597 nisi
2514 2543 2648 2613 quod
2696 2543 2873 2597 viderit
2913 2541 3120 2598 Patrem
3158 2543 3441 2614 facientem.
3485 2544 3630 2599 Tan-

2038 2652 2196 2707 quam
2235 2636 2466 2703 diceret,
2509 2634 2644 2702 Quid
2681 2635 3020 2691 scandalizati
3053 2637 3213 2704 estis,
3261 2639 3380 2707 quia
3417 2636 3628 2693 Patrem

2037 2743 2215 2783 meum
2242 2729 2348 2784 dixi
2379 2729 2562 2793 Deum,
2589 2735 2642 2782 et
2662 2729 2782 2798 quia
2807 2728 3064 2797 mqualem
3094 2744 3180 2784 me
3209 2729 3343 2784 facio
3374 2730 3517 2786 Deo?
3549 2731 3628 2785 lta

2041 2835 2158 2876 sum
2189 2821 2429 2891 mqualis,
2456 2830 2516 2875 ut
2538 2820 2624 2874 ille
2650 2835 2734 2874 me
2753 2821 2997 2890 genuerit
3023 2839 3034 2873 :
3062 2819 3131 2874 ita
3154 2835 3271 2875 sum
3301 2821 3542 2891 mqualis,
3567 2831 3625 2876 ut

2041 2929 2148 2968 non
2181 2913 2269 2966 ille
2310 2928 2341 2967 a
2373 2927 2485 2978 me,
2513 2910 2606 2966 sed
2632 2926 2731 2980 ego
2761 2911 2826 2966 ab
2856 2897 2948 2966 illo
2975 2911 3094 2965 sim.
3129 2912 3237 2967 lloc
3258 2912 3398 2968 enim
3430 2912 3630 2968 intelli-

2040 3003 2181 3072 gitur
2210 3003 2262 3056 in
2290 3001 2371 3055 his
2401 3000 2596 3067 verbis,
2631 2999 2752 3053 Non
2780 3009 2940 3070 potest
2963 2999 3010 3053 F
3012 3000 3129 3055 ilius
3154 3017 3184 3053 a
3209 3017 3262 3054 se
3295 3001 3628 3070 faceret/uid-

2041 3110 2223 3164 quam,
2273 3092 2368 3146 nisi
2402 3092 2536 3163 quod
2577 3091 2756 3145 viderit
2794 3089 3004 3145 Patrem
3043 3093 3326 3163 facientem.
3362 3093 3474 3148 Hoc
3512 3102 3630 3161 est,

2041 3184 2294 3255 quidquid
2324 3184 2489 3238 Filius
2516 3183 2674 3239 habet
2696 3181 2942 3249 utfaciat,
2969 3199 2998 3237 a
3021 3184 3176 3240 Patre
3193 3185 3353 3240 habet
3374 3196 3429 3240 Iit
3452 3185 3632 3243 faciat.

2043 3276 2222 3344 Quare
2261 3274 2420 3336 habet
2461 3291 2488 3328 a
2528 3274 2687 3329 Patre
2726 3285 2782 3329 ut
2821 3273 3011 3330 faciat?
3040 3276 3172 3343 Quia
3207 3291 3237 3330 a
3279 3277 3432 3333 Patre
3476 3278 3637 3334 habet

2045 3377 2103 3423 ut
2129 3366 2296 3422 Filius
2334 3366 2418 3420 sit.
2451 3366 2624 3432 Quare
2653 3381 2682 3418 a
2711 3366 2866 3420 Patre
2901 3365 3057 3422 habet
3087 3375 3142 3421 ut
3177 3366 3340 3422 Filius
3371 3369 3476 3423 sit?
3503 3368 3636 3437 Quia

2045 3475 2074 3515 a
2104 3460 2262 3515 Patre
2279 3458 2515 3514 habetat
2538 3457 2724 3528 possit,
2747 3457 2868 3528 quia
2894 3471 2923 3511 a
2944 3457 3096 3513 Patre
3119 3457 3279 3514 habet
3303 3466 3359 3513 ut
3381 3459 3468 3514 sit.
3497 3459 3634 3514 Filio

2047 3551 2185 3605 enim
2214 3548 2315 3603 hoc
2341 3556 2422 3603 est
2450 3563 2569 3602 esse
2595 3545 2735 3615 quod
2762 3562 2937 3616 posse.
2963 3547 3170 3602 llomini
3193 3565 3299 3603 non
3331 3549 3402 3604 ita
3429 3561 3528 3604 est.
3554 3550 3637 3607 Ex

2047 3655 2163 3694 com
2171 3640 2442 3708 paratione
2458 3637 2702 3716 humana:
2720 3637 3058 3704 inﬁrmitatis,
3074 3639 3227 3709 longe
3246 3639 3322 3692 iul'
3324 3655 3376 3693 ra
3387 3640 3635 3710 jacentis.

2048 3741 2333 3800 utcumque
2355 3728 2516 3784 corda
2537 3727 2828 3794 sustollite;
2857 3737 2909 3782 et
2933 3743 2997 3782 ne
3017 3727 3152 3782 forte
3181 3729 3371 3798 aliquis
3395 3740 3636 3785 nostrum

2049 3822 2270 3890 attingat
2299 3826 2585 3885 secretum,
2615 3827 2668 3873 et
2691 3819 2840 3888 quasi
2871 3819 3239 3873 coruscatione
3268 3834 3472 3890 magum
3502 3820 3636 3876 lucis

2050 3909 2388 3974 horrescens,
2414 3908 2584 3977 sapiat
2605 3907 2822 3978 aliquid,
2843 3923 2909 3961 ne
2927 3908 3179 3977 insipiens
3201 3918 3471 3965 remaneat
3495 3927 3507 3964 :
3529 3927 3639 3966 non

2051 4011 2232 4059 tamen
2264 4017 2323 4056 se
2362 4009 2530 4057 totum
2556 4016 2745 4072 sapere
2776 4008 2954 4070 putet,
2989 4017 3055 4057 ne
3081 4001 3381 4070 superbiat,
3415 4010 3467 4058 et
3495 4003 3638 4074 quod

2052 4096 2228 4166 sapuit
2262 4093 2490 4148 amittat.
2524 4093 2694 4147 Homo
2714 4092 2854 4147 aliud
2884 4101 2967 4148 est
3003 4092 3143 4162 quod
3181 4101 3282 4160 est,
3320 4095 3462 4149 aliud
3496 4095 3639 4165 quod

2053 4198 2249 4260 potest.
2286 4187 2586 4257 Aliquando
2622 4187 2764 4242 enim
2807 4196 2862 4242 et
2891 4195 2974 4242 est
3001 4186 3195 4251 homo,
3235 4187 3425 4244 et'non
3468 4198 3641 4259 potest

2053 4278 2192 4350 quod
2214 4278 2355 4344 vult;
2396 4277 2679 4347 aliquando
2712 4284 2887 4333 autem
2926 4277 3004 4333 sic
3041 4287 3123 4332 est
3159 4277 3348 4346 homo,
3387 4288 3445 4333 ut
3476 4281 3645 4350 possit

2053 4371 2194 4440 quod
2225 4370 2337 4424 vult
2377 4387 2389 4424 :
2423 4369 2601 4438 itaque
2637 4367 2780 4422 aliud
2817 4377 2900 4424 est
2929 4383 3047 4424 esse
3089 4369 3274 4438 ipsius,
3306 4370 3448 4425 aliud
3482 4386 3642 4441 posse

2056 4461 2243 4532 ipsius.
2273 4461 2329 4516 Si
2356 4461 2497 4516 enim
2527 4461 2628 4516 hoc
2663 4469 2804 4515 esset
2832 4475 2949 4516 esse
2981 4461 3179 4530 ipsius,
3209 4462 3348 4532 quod
3383 4474 3466 4519 est
3487 4480 3646 4536 posse

2056 4553 2254 4622 ipsius;
2290 4566 2409 4606 cum
2438 4551 2596 4606 vellet
2621 4560 2819 4620 posset.
2849 4551 2990 4606 Deus
3010 4560 3185 4607 autem
3207 4554 3290 4609 cui
3313 4570 3415 4610 non
3439 4565 3520 4611 est
3543 4557 3646 4612 alia

2056 4645 2351 4704 substantia
2379 4653 2436 4699 ut
2468 4645 2567 4708 sit,
2598 4652 2651 4698 et
2677 4645 2775 4698 alia
2817 4653 3049 4714 potestas
3088 4657 3144 4701 ut
3181 4649 3363 4718 possit.
3396 4647 3489 4706 sed
3515 4666 3648 4706 con-

2062 4736 2410 4793 substantiale
2440 4735 2514 4790 illi
2543 4743 2626 4790 est
2645 4735 2897 4807 quidquid
2919 4738 3032 4808 ejus
3059 4751 3160 4806 est,
3189 4749 3242 4796 et
3261 4744 3513 4813 quidquid
3543 4753 3646 4810 est,

2059 4828 2181 4898 quia
2224 4827 2365 4882 Deus
2403 4835 2486 4882 est
2523 4827 2560 4892 ⁸,
2609 4841 2714 4881 non
2753 4827 2858 4882 alio
2901 4829 3060 4882 modo
3107 4839 3209 4896 est,
3255 4835 3442 4888 etalio
3488 4834 3652 4888 modo

2062 4928 2273 4989 potest;
2311 4916 2404 4972 sed
2444 4931 2562 4972 esse
2587 4926 2640 4972 et
2678 4932 2836 4987 posse
2865 4919 3022 4974 simul
3063 4919 3240 4986 habet,
3272 4925 3392 4992 quia
3418 4924 3553 4979 velle
3599 4935 3653 4980 et

2060 5009 2238 5066 facere
2265 5009 2421 5064 simul
2451 5007 2628 5063 habet.
2656 5009 2788 5075 Quia
2819 5025 2946 5080 ergo
2987 5013 3220 5080 potentia
3249 5013 3366 5068 Filii
3397 5014 3461 5069 de
3487 5014 3651 5069 Patre

2061 5111 2164 5169 est,
2213 5099 2334 5158 ideo
2379 5110 2434 5156 et
2477 5100 2768 5154 substantia
2809 5100 2926 5155 Filii
2957 5101 3023 5157 de
3066 5103 3222 5159 Patre
3257 5111 3339 5157 est
3374 5118 3390 5169 ;
3428 5113 3482 5159 et
3530 5107 3654 5175 quia

2065 5193 2358 5250 substantia
2387 5191 2507 5247 Filii
2539 5192 2605 5248 de
2632 5192 2812 5260 Patre,
2843 5193 2963 5247 ideo
3000 5197 3234 5264 potentia
3262 5193 3377 5248 Filii
3403 5195 3471 5251 de
3500 5195 3658 5252 Patre

2066 5293 2169 5340 est.
2191 5283 2309 5339 Non
2337 5283 2436 5338 alia
2466 5284 2702 5354 potentia
2728 5295 2812 5339 est
2839 5284 2892 5338 in
2925 5284 3078 5350 Filio,
3109 5293 3163 5338 et
3191 5284 3290 5337 alia
3312 5285 3610 5342 substantia
3641 5304 3655 5342 :

2067 5376 2162 5432 sed
2190 5377 2301 5446 ipsa
2327 5384 2410 5430 est
2431 5375 2663 5444 potentia
2692 5391 2816 5445 qua!
2843 5383 2895 5430 et
2919 5374 3244 5440 substantia;
3276 5375 3571 5433 substantia
3603 5388 3661 5434 ut

2069 5469 2169 5534 sit,
2199 5468 2432 5539 potentia
2471 5475 2527 5521 ut
2553 5468 2737 5537 possit.
2769 5468 2909 5537 Ergo
2935 5467 3051 5536 quia
3083 5465 3247 5522 Filius
3272 5467 3339 5522 de
3369 5468 3526 5526 Patre
3551 5481 3653 5539 est,

2135 5583 2153 5615 ί
2181 5589 2288 5648 Mss.
2317 5589 2448 5648 octo,
2473 5581 2558 5632 sed
2588 5580 3079 5648 consubstantialeilli
3099 5587 3168 5633 est
3191 5581 3426 5646 quidquid
3448 5584 3552 5648 ejus
3568 5594 3656 5647 est,

2070 5649 2116 5694 et
2140 5643 2374 5708 quidquid
2397 5643 2505 5708 ejus
2523 5651 2591 5693 est
2611 5643 2741 5708 quod
2779 5650 2873 5700 est,
2897 5644 3030 5708 quia
3077 5643 3212 5708 Deus
3235 5652 3316 5694 est.
3359 5643 3661 5708 ttem'igiauus

2074 5704 2192 5774 vero
2214 5704 2358 5764 addit,
2386 5704 2474 5764 est,
2497 5707 2586 5754 hoc
2609 5704 2729 5775 loco.
2757 5711 2802 5754 et
2823 5704 3058 5769 quidquid
3081 5705 3188 5769 ejus
3218 5714 3306 5768 est,
3330 5713 3397 5758 est
3419 5704 3546 5770 quod
3569 5716 3659 5770 est,

2076 5781 2190 5826 (μετα
2217 5775 2341 5816 betas
2366 5775 2431 5816 est
2453 5778 2469 5816 .'
2495 5782 2584 5815 nec
2609 5780 2762 5815 nunus
2781 5775 2934 5816 recte.
