4082 6478
495 354 520 407 ί
531 349 634 410 559

493 469 614 525 ideo
635 466 786 528 dixit,
821 464 987 520 Filius
1009 480 1105 518 non
1133 470 1289 534 potest
1314 478 1343 515 a
1363 477 1414 515 se
1434 459 1600 533 facere
1622 456 1908 529 quidquam.
1945 451 2078 523 Quia

492 576 598 616 non
626 567 706 616 est
735 557 897 614 Filius
922 573 952 612 a
974 573 1052 623 se,
1083 556 1203 612 ideo
1230 568 1332 609 non
1361 560 1536 623 potest
1560 565 1590 604 a
1619 565 1698 604 se.

560 653 614 709 5.
647 651 865 708 Videtur
911 650 1053 706 enim
1092 645 1242 718 quasi
1281 645 1539 699 minorem
1591 656 1650 696 se
1691 639 1910 706 fecisse,
1955 653 2075 693 cum

487 743 643 808 dixit,
676 739 798 796 Non
821 748 978 812 potest
1005 737 1172 792 Filius
1192 753 1223 790 a
1242 752 1294 796 se
1324 734 1489 804 facere
1508 732 1801 817 quidquam,
1825 729 1922 783 nisi
1940 727 2076 795 quod

489 835 666 901 viderit
688 834 894 888 Patrem
920 831 1202 904 facientem.
1234 827 1331 881 ilic
1358 825 1514 896 erigit
1532 824 1795 879 cervicem
1828 819 2075 875 limretica

491 929 727 992 vanitas,
759 940 944 988 eorum
985 921 1188 981 scilicet
1225 918 1316 1000 qui
1355 918 1540 985 dicunt
1579 915 1770 973 Filium
1810 913 2075 968 minorem

487 1035 611 1076 esse
649 1034 808 1089 quam
847 1018 1089 1081 Patrem,
1126 1011 1350 1072 minoris
1398 1007 1702 1080 potestatis,
1748 1004 2073 1075 maiestatis,

487 1111 884 1184 possibilitatis,
918 1124 1024 1164 non
1065 1106 1418 1178 intelligentes
1447 1103 1758 1176 mysterium
1790 1099 2072 1155 verborum

481 1201 704 1258 Christi.
745 1199 998 1255 Attendat
1044 1206 1218 1252 autem
1259 1193 1504 1250 Charitas
1546 1204 1755 1259 vestra,
1800 1200 1854 1247 et
1896 1191 2074 1246 videte

477 1290 930 1364 quemadmodum
975 1290 1030 1344 in
1075 1288 1274 1344 carnali
1314 1302 1412 1342 suo
1456 1285 1727 1354 intellectu
1768 1282 1928 1338 modo
1964 1290 2074 1337 tur-

477 1384 678 1440 bentur
715 1383 766 1438 in
798 1382 928 1454 ipsis
951 1381 1130 1438 verbis
1156 1380 1375 1436 Christi.
1409 1379 1520 1434 Hoc
1548 1386 1722 1433 autem
1752 1377 1910 1446 paulo
1947 1385 2073 1442 ante

470 1493 535 1546 pr
549 1477 804 1542 mlocutns
825 1491 963 1543 sum,
983 1475 1105 1546 quia
1125 1474 1301 1530 omnia
1325 1487 1573 1544 perversa
1595 1471 1754 1540 corda
1775 1470 2067 1541 perturbat,

469 1567 516 1630 Si
532 1577 622 1624 cut
643 1569 725 1638 pia
747 1568 908 1633 corda
929 1575 1148 1630 exercet
1169 1566 1399 1634 Verbum
1415 1565 1530 1633 Dei,
1553 1564 1785 1620 maxime
1806 1563 1948 1635 quod
1977 1577 2071 1633 per

465 1663 741 1724 Joannem
781 1661 1157 1741 evangelistam
1207 1661 1421 1728 dicitur.
1453 1659 1574 1715 Alta
1613 1659 1755 1721 enim
1797 1674 1892 1729 per
1920 1657 2069 1723 illum

482 1756 749 1821 dicuntur,
785 1771 889 1812 non
934 1757 1360 1828 qualiacumque,
1393 1769 1499 1810 non
1533 1769 1653 1826 qua:
1686 1752 1836 1807 facile
1869 1750 2068 1816 intelli-

479 1861 693 1929 gantur.
725 1851 860 1906 Ecce
882 1851 992 1921 jam
1022 1850 1301 1906 bmrelicns
1336 1847 1381 1904 si
1411 1846 1546 1914 forte
1574 1846 1722 1902 audit
1745 1843 1904 1902 verba
1946 1845 2065 1910 ista,

480 1943 634 2013 erigit
664 1957 743 2010 se,
773 1951 827 1997 et
851 1941 978 2007 dicit
1015 1941 1168 2012 nobis
1199 1959 1210 1995 :
1244 1939 1382 1999 Ecce
1408 1939 1582 1993 minor
1607 1944 1689 1993 est
1715 1936 1880 2010 [filius
1907 1951 2068 2006 quam

479 2033 657 2101 Pater,
703 2050 831 2091 cccc
866 2034 987 2100 audi
1026 2033 1188 2092 verba
1223 2031 1365 2108 Filii,
1407 2031 1497 2102 qui
1541 2030 1706 2096 dicit,
1749 2029 1868 2095 Non
1907 2040 2070 2100 potest

479 2127 651 2183 Filius
690 2144 721 2182 a
748 2143 804 2182 se
839 2130 1004 2200 facere
1027 2127 1322 2197 quidquam,
1358 2125 1456 2179 nisi
1489 2123 1624 2194 quod
1650 2123 1829 2178 uiderit
1859 2121 2069 2178 Patrem

479 2220 768 2290 facientem.
816 2217 1111 2287 Exspecta,
1159 2215 1609 2288 quemadmodum
1653 2213 1910 2284 scriptum
1953 2221 2066 2279 est,

480 2307 606 2363 Esto
649 2317 937 2363 mansuetus
973 2307 1042 2360 ad
1091 2307 1400 2360 audiendum
1438 2307 1670 2372 verbum,
1717 2313 1772 2358 ut
1817 2304 2069 2376 intelligas

479 2399 669 2469 (Eccli.
711 2415 766 2467 v,
809 2398 921 2470 15).
954 2398 1086 2454 Puta
1120 2397 1263 2454 enim
1299 2411 1386 2453 me
1420 2395 1789 2453 conturbatum
1829 2409 1948 2451 esse
1987 2395 2069 2450 bis

479 2489 680 2562 verbis,
719 2490 968 2562 quoniam
1013 2489 1131 2544 dico
1165 2489 1422 2559 aequalem
1463 2496 1779 2560 potestatem
1820 2487 2068 2558 majesta-

478 2590 696 2652 temque
733 2597 854 2639 esse
887 2581 1060 2638 Patris
1088 2591 1143 2638 et
1171 2581 1319 2650 Filii,
1350 2596 1472 2638 cum
1509 2579 1708 2646 audivi,
1747 2578 1870 2634 Non
1907 2589 2068 2650 potest

481 2657 652 2743 Filius
689 2692 722 2738 α
759 2693 813 2742 σε
847 2676 1012 2745 facere
1047 2676 1339 2750 quidquam,
1375 2675 1474 2731 nisi
1499 2673 1636 2745 quod
1654 2673 1832 2728 uiderit
1862 2671 2069 2742 Patrem

479 2767 766 2842 facientem.
798 2766 1064 2839 Turbatus
1093 2766 1176 2836 bis
1205 2765 1382 2832 verbis
1407 2779 1589 2842 quaero
1609 2763 1704 2823 abs
1734 2773 1805 2828 te,
1835 2763 1927 2833 qui
1955 2761 2065 2833 jam

479 2841 574 2929 tibi
603 2857 798 2920 videris
820 2857 1148 2922 intellexisse
1172 2875 1184 2911 :
1208 2841 1462 2918 Novimus
1488 2856 1540 2911 in
1568 2855 1854 2927 Evangelia
1874 2854 2066 2918 Filium

477 2951 784 3010 ambulasse
816 2965 975 3022 super
1004 2965 1152 3007 mare
1182 2950 1396 3021 (Matth.
1429 2964 1542 3014 xiv,
1572 2948 1702 3019 25);
1737 2947 1825 3003 ubi
1852 2947 2066 3012 Patrem

477 3042 611 3098 vidit
627 3042 930 3102 ambulasse
943 3058 1104 3112 super
1114 3041 1294 3097 mare?
1311 3040 1408 3098 llic
1413 3039 1522 3110 jam
1541 3039 1629 3094 ille
1648 3039 1904 3094 turbatur.
1920 3037 2068 3101 Pone

478 3149 611 3205 ergo
639 3134 779 3205 quod
806 3135 1166 3200 intellexeras,
1189 3144 1242 3190 et
1263 3132 1421 3187 simul
1440 3145 1760 3204 quaeramus.
1779 3131 1916 3198 Quid
1939 3146 2066 3202 ergo

476 3227 737 3289 facimus?
757 3227 930 3285 Verba
958 3227 1166 3293 Domini
1191 3224 1506 3290 audivimus,
1528 3223 1648 3278 Non
1665 3233 1825 3295 potest
1842 3221 2009 3278 Filius
2035 3239 2068 3276 a

477 3336 532 3373 se
551 3322 714 3389 facere
734 3318 1026 3389 quidnam,
1057 3317 1152 3389 nisi
1175 3316 1309 3388 quod
1336 3315 1514 3374 viderit
1541 3313 1747 3368 Patrem
1776 3314 2062 3385 facientem.

475 3410 784 3467 Anibulavit
805 3410 917 3480 ipse
937 3423 1097 3480 super
1123 3423 1288 3476 mare,
1312 3408 1468 3473 Pater
1488 3421 1754 3478 nunquam
1776 3406 2065 3461 ambulavit

481 3513 644 3568 super
663 3515 829 3568 mare.
855 3498 1013 3570 Certe
1039 3515 1138 3557 non
1161 3499 1281 3572 facit
1308 3497 1472 3572 Filius
1492 3497 1785 3569 quidquam,
1816 3497 1913 3551 nisi
1931 3496 2066 3568 quod

481 3590 662 3647 uiderit
692 3589 898 3647 Patrem
925 3592 1210 3662 facientem.

555 3681 609 3736 6.
642 3681 774 3736 Redi
803 3696 930 3754 ergo
953 3695 1164 3743 mecum
1191 3680 1257 3736 ad
1285 3680 1334 3736 id
1362 3680 1504 3752 quod
1531 3679 1795 3749 dicebam,
1830 3695 1898 3735 ne
1927 3677 2064 3741 forte

477 3775 556 3830 sic
583 3773 978 3847 intelligendum
1006 3775 1093 3840 sit,
1126 3783 1185 3829 ut
1204 3773 1270 3830 de
1296 3774 1588 3844 quaestione
1609 3772 1765 3828 ambo
1789 3785 2060 3828 exeamus.

475 3864 610 3920 Nam
640 3881 740 3937 ego
765 3865 1055 3923 secundum
1086 3866 1245 3922 fidem
1276 3865 1592 3921 catholicam
1619 3863 1773 3918 video
1798 3862 2066 3934 quomodo

477 3973 665 4016 exeam
695 3957 812 4014 sine
838 3957 1150 4023 offensione,
1179 3958 1295 4013 sine
1330 3958 1582 4013 seandalo
1621 3975 1634 4012 :
1670 3967 1725 4013 tu
1751 3966 1928 4012 autem
1955 3957 2064 4012 cir-

476 4049 802 4115 cumclusus,
849 4051 1043 4120 quaeris
1081 4064 1186 4118 qua
1223 4063 1402 4104 exeas.
1439 4049 1552 4116 Qua
1590 4049 1883 4104 intraveras
1924 4048 2061 4102 vide.

477 4140 641 4205 Forte
677 4154 785 4205 non
833 4140 1138 4210 intellexisti
1178 4149 1234 4196 et
1273 4141 1374 4205 boc
1415 4142 1554 4212 quoil
1591 4142 1719 4207 dixi,
1753 4141 1865 4210 Qua
1897 4141 2064 4196 intra-

478 4247 636 4292 veras
679 4231 846 4288 vide:
885 4231 1058 4301 ipsum
1098 4231 1224 4295 audi
1268 4231 1555 4298 dicentem,
1602 4232 1714 4303 lngo
1751 4249 1864 4287 sunt
1897 4233 2066 4304 janua

479 4322 660 4396 (Joan.
687 4341 744 4392 x,
774 4323 852 4394 7).
878 4324 994 4389 Non
1023 4325 1141 4381 sine
1177 4339 1340 4384 causa
1373 4341 1503 4397 ergo
1531 4327 1727 4396 quaeris
1751 4342 1852 4398 qua
1879 4343 2060 4394 exeas,

475 4425 533 4473 et
559 4431 666 4472 non
696 4416 925 4490 invenis,
951 4416 1050 4481 nisi
1076 4417 1198 4487 quia
1221 4432 1326 4471 non
1355 4432 1448 4486 per
1467 4416 1686 4487 ianuam
1717 4418 1945 4484 intrasti,
1971 4418 2060 4474 sed

480 4522 577 4580 per
596 4507 882 4572 maceriam
911 4507 1172 4563 cecidisti.
1200 4507 1338 4578 Ergo
1366 4508 1813 4578 quemadmodum
1839 4519 2008 4579 potes,
2031 4525 2062 4564 a

473 4597 626 4652 ruina
649 4605 735 4652 tua
761 4597 951 4668 collige
979 4606 1049 4665 te.
1068 4605 1122 4653 et
1149 4597 1280 4652 intra
1311 4597 1658 4668 pcrjannam,
1682 4608 1738 4653 ut
1760 4600 1876 4655 sine
1897 4599 2063 4656 oll'en-

472 4689 627 4744 sione
650 4687 836 4755 intres,
863 4698 918 4744 et
939 4688 1054 4744 sine
1077 4703 1259 4756 errore
1283 4703 1459 4750 exeas.
1493 4688 1593 4743 Per
1616 4689 1885 4745 Christum
1920 4692 2058 4760 veni,

471 4794 577 4836 nec
614 4794 680 4834 ex
719 4779 880 4834 corde
906 4789 997 4852 tuo
1034 4779 1224 4841 alteras
1253 4779 1397 4850 quod
1432 4780 1612 4844 dicas;
1654 4781 1748 4836 sed
1785 4781 1928 4852 quod
1975 4783 2062 4838 ille

471 4870 727 4936 OStendit,
769 4870 871 4928 hoc
909 4871 1144 4942 loquere.
1175 4872 1310 4927 Ecce
1349 4870 1480 4938 ﬁdes
1519 4871 1777 4942 catholica
1808 4873 2059 4942 quemad-

473 4963 693 5032 modum
731 4961 842 5019 exit
875 4963 943 5020 de
988 4965 1087 5019 ista
1134 4964 1516 5036 propositione,
1549 4965 1857 5026 Ambulavit
1896 4965 2062 5022 Filius

473 5070 638 5122 super
678 5070 846 5120 mare,
889 5054 1053 5126 pedes
1095 5056 1272 5113 carnis
1312 5055 1558 5122 ﬂuctibus
1602 5056 1886 5126 imposuit;
1935 5072 2062 5112 caro

472 5147 798 5214 ambulabat,
819 5155 875 5204 et
891 5147 1140 5215 divinitas
1153 5147 1482 5218 gubernabat
1509 5166 1523 5203 :
1549 5148 1760 5216 quando
1786 5164 1914 5219 ergo
1935 5163 2061 5204 caro

449 5246 483 5285 a
504 5237 778 5293 mbulabat
796 5247 850 5294 et
869 5239 1116 5296 divinitas
1135 5239 1483 5310 gubernabat,
1510 5240 1668 5295 Pater
1686 5239 1881 5296 absens
1907 5242 2063 5297 erat?

476 5323 536 5381 Si
554 5327 746 5384 absens
765 5339 898 5394 erat,
922 5330 1191 5401 quomodo
1215 5330 1328 5401 ipse
1353 5331 1519 5387 Filius
1536 5330 1685 5396 dicit,
1712 5331 1870 5387 Pater
1893 5341 2062 5387 autem

475 5419 532 5491 in
570 5434 651 5471 me
693 5435 930 5486 manens,
973 5423 1084 5491 ipse
1122 5421 1246 5491 facit
1289 5437 1442 5493 opera
1478 5439 1574 5485 sua
1618 5423 1727 5494 (Id.
1774 5439 1888 5489 xlv,
1931 5423 2062 5495 10)?

477 5507 534 5563 Si
559 5523 688 5580 ergo
712 5509 868 5566 Pater
910 5512 962 5567 in
992 5499 1140 5568 Filio
1160 5527 1402 5580 manens,
1432 5515 1543 5585 ipse
1573 5514 1699 5570 facit
1723 5531 1884 5584 opera
1923 5531 2057 5583 sua;

473 5597 767 5667 ambulatio
805 5600 892 5655 illa
928 5603 1104 5658 carnis
1129 5619 1288 5673 supra
1318 5619 1484 5669 mare,
1516 5620 1546 5658 ιι
1576 5605 1730 5660 Patre
1759 5605 1938 5672 fiebat,
1967 5623 2063 5676 per

479 5689 666 5744 Filium
699 5690 875 5747 fiebat.
908 5694 1044 5765 Ergo
1073 5697 1160 5750 illa
1201 5697 1490 5774 ambulatio
1515 5713 1649 5769 opus
1685 5709 1766 5762 est
1806 5699 1978 5771 Patris
2009 5709 2063 5755 et

476 5781 595 5850 Filii
638 5783 1011 5859 inseparabile.
1064 5787 1357 5865 Utrumque
1392 5793 1460 5850 ibi
1509 5803 1813 5866 operantem
1855 5796 2052 5854 video:

1450 342 1516 400 IN
1555 337 1831 398 JOANNIS
1871 331 2341 396 EVANGELIUM.
2383 336 2439 392 S.
2482 337 2846 396 AUGUSTINI

3633 351 3773 417 i560

2187 467 2284 506 ncc
2309 452 2465 508 Pater
2487 457 2674 523 Filium
2697 460 2950 540 deseruit,
2974 477 3069 517 nec
3094 463 3252 534 Filius
3273 481 3301 520 a
3322 465 3478 524 Patre
3499 466 3762 528 discessit.

2186 542 2260 610 ita
2290 547 2540 618 quidquid
2585 552 2709 606 facit
2739 553 2920 624 Filius,
2951 570 3054 610 non
3097 557 3220 613 facit
3247 561 3362 616 sine
3405 561 3602 632 Patre;
3641 567 3765 636 quia

2183 635 2437 708 quidquid
2468 641 2590 696 facit
2618 643 2794 710 Pater,
2823 659 2926 700 non
2959 646 3081 702 facit
3109 650 3223 716 sine
3251 651 3409 708 Filio.

2255 732 2306 786 7.
2349 733 2565 789 Exitum
2594 747 2677 791 est
2702 737 2844 792 hinc.
2877 739 3064 796 Videte
3093 743 3213 812 quia
3242 751 3388 816 recte
3413 761 3509 806 nos
3536 747 3764 816 dicimus

2183 822 2555 894 inseparabilia
2571 842 2690 884 esse
2705 845 2866 899 opera
2881 831 3051 887 Patris
3067 844 3116 888 et
3133 834 3248 888 Filii
3263 845 3316 891 et
3331 814 3556 906 Spiritus
3571 814 3757 905 sancti.

2180 915 2311 972 Nam
2333 920 2598 988 quomodo
2625 929 2682 976 tu
2709 923 2976 994 intelligis.
3002 939 3128 981 ecce
3165 925 3286 982 fecit
3318 927 3454 983 Deus
3481 929 3675 996 lucem,
3708 943 3764 988 et

2180 1008 2312 1090 vidit
2333 1009 2496 1075 Filius
2513 1011 2721 1067 Patrem
2740 1013 3020 1070 facientem
3039 1017 3232 1085 lucem,
3257 1020 3547 1076 secundum
3574 1037 3762 1077 carnac

2179 1096 2284 1152 lem
2300 1100 2620 1172 intellectum
2635 1112 2804 1171 tuum,
2821 1106 2909 1176 qui
2925 1106 3045 1162 ideo
3063 1107 3142 1162 vis
3159 1109 3418 1164 minorem
3438 1111 3756 1183 intelligere,

2178 1189 2301 1260 quia
2327 1189 2479 1258 dixit,
2511 1190 2632 1246 Non
2663 1204 2823 1263 potest
2845 1191 3059 1252 Filiusa
3078 1214 3129 1252 se
3155 1201 3323 1268 facere
3347 1199 3642 1272 quidquam,
3665 1205 3760 1274 nisi

2177 1283 2312 1353 quod
2338 1284 2515 1339 viderit
2546 1285 2750 1342 Patrem
2772 1291 3053 1360 facientem.
3075 1292 3374 1347 FccitDeus
3388 1295 3761 1365 Paterlnccm;

2178 1389 2333 1443 quam
2358 1375 2530 1430 lucem
2548 1378 2705 1432 aliam
2725 1378 2848 1434 fecit
2863 1381 3030 1438 Filius
3045 1384 3066 1436 ?
3084 1383 3233 1438 Fecit
3257 1384 3394 1452 Deus
3412 1386 3570 1442 Pater
3593 1386 3763 1443 ﬁrma-

2177 1477 2415 1522 mentum
2433 1511 2448 1536 ,
2473 1470 2666 1534 coelum
2685 1472 2821 1528 inter
2837 1489 3000 1549 aquas
3021 1485 3073 1530 et
3097 1491 3281 1547 aquas,
3305 1478 3434 1533 vidit
3456 1494 3576 1534 eum
3596 1481 3761 1539 Filius

2175 1562 2466 1624 secundum
2487 1559 3046 1648 intelligentiam'tuam
3066 1570 3268 1626 tardam
3284 1553 3334 1628 et
3349 1588 3617 1644 grossam:
3638 1579 3760 1648 quia

2177 1653 2306 1708 vidit
2335 1654 2498 1711 Filius
2530 1657 2739 1713 Patrem
2771 1657 3052 1715 facientem
3081 1661 3492 1734 firmamentum,
3524 1677 3576 1722 et
3603 1668 3756 1739 dixit,

2179 1746 2298 1801 Non
2320 1758 2475 1819 potest
2499 1747 2666 1804 Filius
2685 1766 2716 1803 a
2732 1767 2786 1805 se
2809 1755 2975 1822 facere
2991 1754 3288 1825 quidquam,
3309 1757 3407 1814 nisi
3426 1760 3563 1828 quod
3581 1761 3758 1816 viderit

2176 1836 2383 1892 Patrem
2397 1840 2676 1908 facientem,
2697 1841 2766 1914 da
2780 1843 2908 1897 mihi
2925 1846 3150 1912 alterum
3171 1847 3578 1904 firmamentum.
3598 1853 3676 1906 An
3699 1829 3754 1918 tu

2174 1929 2394 1985 amisisti
2412 1929 3269 2006 fundamentum?Snperaedilicati
3283 1949 3456 2008 autem
3470 1956 3626 2013 supra
3647 1943 3758 1998 fun-

2173 2022 2480 2087 damentum
2499 2028 2869 2100 Apostolorum
2900 2039 2953 2084 et
2983 2030 3390 2104 Prophetarum,
3415 2034 3528 2104 ipso
3551 2050 3756 2091 summo

2173 2118 2345 2191 lapide
2361 2120 2596 2191 angulari
2615 2121 3098 2190 existenteChristo
3113 2123 3260 2190 Jesu,
3275 2135 3530 2194 pacantur
3545 2128 3595 2181 in
3611 2128 3760 2201 Chri-

2173 2219 2256 2266 sto
2281 2210 2490 2282 (Ep/tes.
2511 2227 2570 2278 ιι,
2597 2212 2804 2281 μεως
2837 2228 2931 2268 nec
2955 2213 3283 2268 contendunt
3306 2224 3359 2270 et
3383 2226 3563 2271 errant
3585 2219 3637 2272 in
3657 2219 3758 2274 ha:-

2174 2303 2297 2358 resi.
2326 2302 2668 2374 lntclligimus
2693 2320 2820 2374 ergo
2850 2303 3237 2368 lucemfactam
3260 2322 3290 2362 a
3319 2307 3426 2361 Deo
3455 2307 3631 2376 Patre,
3661 2310 3757 2381 sed

2174 2410 2270 2465 per
2285 2395 2503 2462 Filium;
2526 2397 2913 2452 firmamentum
2945 2398 3138 2452 factum
3157 2414 3186 2453 a
3212 2400 3322 2454 Deo
3346 2400 3525 2466 Patre,
3549 2401 3641 2456 sed
3663 2417 3758 2472 per

2173 2484 2385 2540 Filium.
2407 2483 2590 2540 Omnia
2619 2487 2760 2542 enim
2792 2505 2879 2558 per
2903 2489 3070 2559 ipsum
3095 2493 3231 2559 facta
3267 2501 3381 2543 sunt
3399 2530 3413 2555 ,
3446 2501 3491 2544 et
3517 2491 3624 2545 sine
3648 2491 3756 2562 ipso

2173 2581 2364 2647 factum
2380 2587 2450 2632 est
2472 2579 2616 2632 niltil.
2632 2579 2835 2635 Excute
2853 2581 3250 2652 intelligentiam
3267 2591 3405 2636 tuam
3423 2599 3437 2649 ;
3453 2599 3548 2638 nec
3565 2585 3759 2639 intellia

2171 2667 2403 2738 gentiam
2417 2667 2726 2734 vocandam,
2743 2669 2835 2725 sed
2851 2671 3002 2740 plane
3015 2671 3458 2728 stultitiam.Deus
3469 2674 3626 2729 Pater
3636 2675 3757 2732 fecit

2174 2758 2428 2814 mundum
2451 2778 2464 2814 :
2482 2775 2636 2829 quem
2656 2760 2780 2816 fecit
2797 2761 2959 2816 Filius
2979 2762 3205 2817 alterum
3225 2764 3520 2818 mundum?
3539 2765 3604 2818 da
3625 2765 3755 2820 mihi

2173 2851 2426 2924 mundum
2449 2852 2586 2912 Filii.
2612 2853 2714 2922 Iste
2736 2853 2787 2907 in
2814 2868 2918 2924 quo
2939 2869 3139 2919 sumus,
3161 2855 3311 2924 cujus
3335 2854 3453 2909 est?
3475 2855 3559 2910 dic
3581 2857 3751 2924 nobis,

2171 2956 2202 2997 a
2233 2957 2337 3013 quo
2377 2941 2547 3017 factus
2583 2944 2706 2998 est?
2733 2943 2790 3014 Si
2821 2944 3041 3018 dixeris,
3075 2943 3117 3000 A
3151 2945 3319 3012 Filio;
3353 2961 3457 3001 non
3492 2962 3520 3000 a
3561 2947 3771 3014 Patre;

2171 3035 2359 3090 errasti
2385 3050 2414 3088 a
2439 3035 2592 3090 Patre
2620 3051 2633 3088 :
2663 3036 2706 3090 si
2733 3034 2957 3103 dixeris,
2981 3037 3021 3090 A
3044 3037 3234 3114 Patre,
3271 3053 3377 3092 non
3398 3053 3428 3092 a
3468 3037 3635 3102 Filio;
3663 3053 3753 3093 re-

2171 3129 2398 3199 spondet
2439 3129 2531 3184 tibi
2567 3128 2934 3202 Evangelqium,
2965 3129 3029 3183 Et
3075 3131 3289 3184 mundus
3327 3147 3553 3207 pereunt
3592 3135 3754 3206 factus

2170 3230 2265 3287 est,
2285 3231 2329 3274 et
2347 3220 2562 3274 mundus
2578 3237 2687 3273 eum
2705 3238 2804 3275 non
2820 3223 3045 3297 cognovit
3065 3221 3239 3296 (Joan.
3264 3222 3360 3288 ιβ,
3381 3221 3489 3292 10).
3509 3222 3753 3292 Agnosces

2172 3325 2300 3384 ergo
2315 3327 2436 3366 eum
2461 3327 2553 3381 per
2567 3327 2724 3382 quem
2744 3314 2912 3367 factus
2926 3322 3008 3369 est
3029 3313 3335 3388 mundus,et
3356 3314 3460 3368 noli
3479 3329 3600 3369 esse
3617 3316 3754 3377 inter

2172 3403 2296 3462 illos
2317 3405 2402 3474 qui
2429 3420 2551 3476 cum
2573 3405 2661 3476 qui
2689 3405 2812 3460 fecit
2838 3405 3090 3473 mundum
3114 3421 3216 3481 non
3238 3416 3616 3479 cognoverunt.

2243 3495 2296 3550 8.
2331 3495 2705 3566 lnseparabilia
2724 3505 2848 3563 sunt
2875 3511 3001 3571 ergo
3018 3512 3177 3568 opera
3205 3497 3376 3552 Patris
3405 3510 3457 3553 et
3483 3497 3621 3554 Filii.
3646 3499 3751 3556 Sed

2171 3584 2273 3641 hoc
2295 3595 2398 3653 est,
2433 3586 2552 3642 Non
2581 3597 2737 3658 potest
2767 3587 2934 3643 Filius
2963 3606 2994 3642 a
3019 3606 3072 3644 se
3097 3590 3367 3666 quidquam
3395 3592 3578 3661 facere,
3611 3593 3750 3662 quod

2171 3688 2314 3735 esset
2349 3680 2393 3734 si
2422 3679 2641 3747 diceret,
2671 3681 2785 3736 Non
2815 3691 2896 3738 est
2921 3681 3088 3738 Filius
3113 3698 3144 3738 a
3171 3699 3248 3740 se.
3277 3684 3485 3757 Etenim
3513 3686 3557 3740 si
3589 3684 3752 3742 Filius

2171 3779 2272 3834 est,
2297 3779 2449 3825 natus
2470 3779 2550 3824 est
2570 3788 2581 3823 :
2609 3771 2653 3825 si
2673 3780 2825 3827 natus
2845 3781 2946 3840 est,
2966 3773 3032 3828 ab
3057 3772 3147 3828 illo
3161 3773 3329 3829 estde
3350 3790 3455 3845 quo
3475 3785 3628 3831 natus
3648 3786 3747 3831 est.

2171 3860 2277 3916 Sed
2307 3870 2483 3916 tamen
2511 3863 2765 3932 :equalem
2795 3864 2894 3918 sibi
2923 3865 3124 3935 genuit.
3155 3865 3269 3920 Non
3292 3867 3431 3921 enim
3459 3867 3623 3922 defuit
3651 3869 3750 3923 ali-

2171 3953 2294 4024 quid
2325 3955 2616 4027 generanti,
2648 3963 2739 4010 aut
2764 3965 2972 4026 tempus
2993 3957 3234 4026 quaesivit
3258 3965 3313 4012 ut
3342 3967 3638 4028 generaret,
3662 3959 3750 4029 qui

2169 4046 2355 4114 genuit
2380 4053 2734 4112 eomternum;
2757 4054 2849 4101 aut
2865 4056 3086 4102 matrem
3110 4050 3352 4119 quresivit
3375 4059 3430 4104 ut
3450 4060 3748 4120 generaret,

2172 4136 2261 4207 qui
2287 4135 2353 4192 de
2378 4151 2436 4192 se
2466 4138 2685 4207 protulit
2713 4137 2982 4206 Verbum;
3007 4150 3095 4193 ant
3123 4139 3278 4194 Pater
3305 4155 3568 4210 generans
3594 4150 3751 4196 aztate

2171 4240 2516 4301 praecesserat
2544 4231 2733 4298 Filium
2751 4273 2765 4300 ,
2796 4241 2854 4296 ut
2873 4233 3132 4287 minorem
3152 4231 3340 4286 Filium
3357 4241 3660 4303 generaret.
3687 4233 3752 4289 Et

2171 4321 2308 4377 forte
2331 4322 2457 4377 dicit
2479 4324 2670 4392 aliquis
2684 4324 2806 4394 quia
2828 4336 2948 4393 post
2967 4324 3129 4392 multa
3147 4323 3336 4379 saecula
3359 4324 3410 4378 in
3429 4333 3638 4380 senecta
3657 4340 3749 4380 sua

2170 4415 2310 4478 Deus
2331 4416 2564 4486 suscepit
2584 4416 2795 4482 Filium.
2819 4415 2966 4472 Sicut
2983 4417 3139 4472 Pater
3158 4417 3273 4472 sine
3293 4425 3586 4481 senectute,
3606 4417 3683 4474 sic
3699 4426 3752 4474 et

2169 4506 2336 4577 lj‘ilius
2348 4508 2462 4574 sine
2476 4507 2804 4570 incremento
2819 4525 2832 4564 :
2849 4522 2946 4580 nec
2960 4507 3046 4563 ille
3060 4508 3234 4564 senuit
3247 4523 3344 4563 nec
3357 4508 3442 4563 ille
3455 4510 3644 4574 crevit;
3658 4508 3750 4564 sed

2168 4598 2386 4668 aequalis
2403 4597 2660 4666 animalem
2681 4598 2883 4668 genuit,
2907 4607 3138 4652 aeternus
3153 4607 3430 4653 internum.
3449 4598 3747 4666 Quomodo,

2169 4689 2339 4764 inquit
2381 4692 2588 4764 aliquis,
2627 4699 2857 4746 aeternus
2894 4692 3187 4764 aeternum?
3225 4689 3502 4770 Quomodo
3541 4690 3750 4746 ﬂamma

2167 4785 2474 4855 temporalis
2495 4791 2714 4853 generat
2735 4783 2907 4840 lucem
2932 4784 3298 4854 temporalem.
3331 4783 3519 4840 Cetera
3549 4793 3630 4838 est
3652 4799 3751 4839 au-

2169 4885 2276 4931 tem
2297 4877 2506 4945 flamma
2527 4889 2787 4945 generans
2814 4875 2914 4942 luci
2938 4891 3094 4945 quam
3116 4882 3358 4947 generat,
3386 4890 3484 4930 nec
3505 4877 3755 4945 praecedit

2171 4976 2410 5036 tempore
2440 4966 2649 5019 flamma
2690 4980 2954 5036 generans
2986 4966 3156 5033 lucem
3194 4974 3535 5037 generatam;
3565 4967 3658 5022 sed
3687 4983 3750 5024 ex

2169 5073 2276 5128 quo
2301 5057 2484 5127 incipit
2515 5055 2748 5129 ﬂamma,
2773 5078 2837 5116 ex
2869 5061 2959 5116 illo
2994 5056 3178 5128 incipit
3203 5058 3311 5127 lux.
3337 5059 3410 5113 Da
3438 5059 3568 5114 mibi
3597 5058 3723 5114 llam

2167 5169 2308 5209 mam
2343 5155 2459 5209 sine
2504 5155 2649 5225 luce,
2686 5164 2741 5210 et
2771 5155 2842 5210 do
2871 5155 2960 5214 tibi
2997 5155 3160 5222 Deum
3203 5153 3415 5216 Patrem
3458 5153 3574 5208 sine
3594 5151 3753 5216 Filio,

2169 5245 2282 5301 lioc
2307 5254 2389 5300 est
2413 5261 2560 5318 ergo,
2594 5245 2715 5301 Non
2747 5257 2903 5318 potest
2935 5245 3099 5300 Filius
3125 5263 3156 5299 a
3178 5261 3231 5300 se
3259 5249 3422 5316 facere
3445 5245 3751 5316 quidquam,

2170 5337 2265 5391 nisi
2299 5336 2434 5408 quod
2462 5337 2637 5402 uiderit
2665 5336 2872 5400 Patrem
2914 5337 3210 5407 facientem;
3242 5338 3364 5407 quia
3397 5335 3578 5390 videre
3603 5331 3751 5397 Filii.

2173 5428 2273 5484 hoc
2297 5437 2381 5486 est
2401 5437 2580 5484 natum
2609 5443 2728 5494 esse
2742 5429 2808 5484 de
2826 5429 2998 5489 Patre.
3017 5427 3132 5483 Non
3163 5429 3266 5482 alia
3283 5428 3418 5483 visio
3435 5427 3551 5498 ejus
3575 5435 3630 5482 et
3652 5426 3754 5481 alia

2169 5521 2462 5592 substantia
2493 5521 2641 5591 ejus:
2671 5536 2770 5592 nec
2790 5521 2890 5576 alia
2909 5521 3140 5591 potentia
3166 5521 3300 5591 ejus,
3326 5521 3429 5576 alia
3458 5519 3753 5575 substantia

2170 5613 2305 5683 ejus.
2351 5612 2544 5668 Totum
2587 5612 2728 5683 quod
2765 5623 2880 5679 est,
2929 5612 2996 5667 de
3032 5612 3188 5667 Patre
3227 5622 3343 5677 est;
3393 5619 3560 5666 totum
3607 5610 3754 5683 quod

2172 5713 2374 5772 potest,
2413 5703 2481 5759 de
2522 5704 2677 5759 Patre
2722 5713 2843 5760 est:
2884 5704 3131 5773 quoniam
3165 5703 3306 5775 quod
3345 5713 3517 5777 potest
3553 5715 3752 5773 etest,

2167 5798 2274 5855 hoc
2300 5811 2462 5852 unum
2489 5806 2597 5863 cst;
2627 5806 2677 5852 et
2708 5795 2776 5853 de
2801 5798 2954 5854 Patre
2985 5806 3152 5854 totum
3179 5805 3278 5854 est.
