4118 6486
350 362 377 417 1
388 363 486 418 561

426 480 481 537 9.
521 475 771 547 Sequitur
805 484 859 531 et
890 475 1003 545 Ipse
1037 477 1088 531 in
1119 477 1297 533 verbis
1322 476 1455 547 suis,
1492 485 1545 531 et
1577 473 1713 529 male
1740 468 1939 526 intelli-

351 574 546 635 gentes
582 566 881 634 conturbat,
920 576 978 622 ut
1012 567 1080 623 ad
1113 578 1318 623 rectum
1360 567 1683 623 intellectum
1725 576 1944 622 revocet

350 668 620 714 errantes.
646 660 780 714 Cum
820 660 1073 725 dixisset,
1107 660 1227 716 Non
1257 670 1416 731 potest
1442 660 1606 716 Filius
1636 679 1665 715 a
1695 678 1749 717 se
1778 661 1945 731 facere

355 752 661 821 quidquam,
682 753 780 807 nisi
804 752 939 824 quod
959 754 1133 808 viderit
1153 753 1360 808 Patrem
1382 755 1646 825 facientem
1673 768 1692 807 :
1719 769 1783 807 ne
1809 752 1944 807 forte

354 846 591 899 carnalis
619 845 933 915 subreperet
961 845 1278 911 intellectus,
1309 856 1363 901 et
1392 854 1656 901 averteret
1686 854 1939 910 mentem,

350 944 411 990 et
449 935 651 991 faceret
680 937 780 991 sibi
812 935 971 991 homo
998 936 1148 1006 quasi
1174 937 1308 992 duos
1350 936 1545 1003 fabros,
1578 952 1740 991 unum
1774 935 1943 1005 magi-

352 1038 552 1093 strum,
571 1028 794 1083 alterum
815 1028 1135 1098 discipulum
1152 1028 1301 1099 quasi
1323 1029 1680 1085 attendentem
1697 1026 1763 1090 ad
1781 1025 1945 1095 magi-

352 1128 554 1184 strum,
579 1120 723 1175 verbi
746 1124 932 1191 gratia,
951 1119 1231 1175 facientem
1253 1135 1465 1187 arcam;
1489 1118 1826 1189 utquomodo
1856 1118 1945 1171 ille

356 1210 485 1265 fecit
521 1226 723 1277 arcam,
774 1212 930 1267 faciat
966 1221 1020 1266 et
1052 1212 1151 1266 iste
1186 1214 1405 1268 alteram
1439 1227 1617 1267 arcam
1652 1210 1943 1273 secundum

356 1294 627 1349 visionem
656 1310 814 1364 quam
845 1295 1075 1365 inspexit
1100 1297 1151 1350 in
1172 1297 1424 1367 magistro
1444 1305 1695 1365 operante
1720 1314 1732 1347 :
1757 1296 1851 1350 sed
1878 1310 1945 1350 ne

354 1388 466 1442 tale
503 1388 701 1458 aliquid
744 1389 842 1443 sibi
876 1388 1168 1461 duplicaret
1200 1390 1251 1443 in
1292 1390 1378 1443 illa
1408 1390 1635 1459 simplici
1670 1390 1945 1444 divinitate

354 1478 660 1534 intellectus
676 1480 923 1547 carnalis,
940 1491 1149 1535 secutus
1167 1482 1259 1545 ait,
1285 1481 1621 1550 Quacumque
1636 1482 1767 1535 enim
1792 1479 1946 1533 Pater

354 1572 502 1649 facit,
553 1572 661 1625 lucc
706 1574 880 1626 eadem
926 1582 969 1626 et
1019 1572 1186 1627 Filius
1232 1575 1353 1643 facit
1390 1573 1635 1627 similiter.
1669 1572 1785 1626 Non
1822 1572 1946 1627 facit

353 1661 519 1716 Pater
546 1662 668 1727 alia,
701 1674 753 1722 et
780 1664 881 1717 alia
909 1664 1074 1719 Filius
1098 1664 1308 1728 similia,
1341 1664 1433 1718 sed
1464 1664 1647 1719 eadem
1679 1664 1940 1718 similiter.

352 1752 472 1807 Non
502 1756 644 1809 enim
671 1757 777 1821 ait,
805 1756 1164 1827 Quzecumque
1191 1757 1313 1812 facit
1338 1757 1513 1822 Pater,
1547 1756 1669 1812 facit
1698 1766 1751 1811 et
1779 1756 1943 1811 Filius

354 1845 456 1900 alia
494 1845 689 1899 similia
728 1865 742 1899 :
788 1847 910 1908 sed,
956 1847 1327 1923 Quwcnmque,
1369 1848 1565 1919 inquit,
1605 1845 1761 1901 Pater
1798 1847 1940 1916 facit,

355 1936 466 1989 lucc
504 1938 679 1991 eadem
719 1947 766 1992 et
797 1938 963 1993 Filius
998 1940 1118 2009 facit
1156 1939 1402 1994 similiter.
1433 1942 1559 2007 Qua:
1602 1939 1710 2004 ille,
1743 1938 1856 1993 ha'c
1892 1948 1943 1993 et

354 2028 473 2106 ipse
508 2046 521 2081 :
557 2028 807 2083 mundum
842 2030 1016 2095 Pater,
1048 2030 1298 2084 mundum
1330 2030 1518 2094 Filius,
1546 2029 1797 2082 mundum
1826 2028 1945 2098 Spl-

352 2120 491 2173 ritns
532 2131 764 2174 sanctus.
791 2120 844 2176 Si
891 2130 997 2175 tres
1026 2121 1121 2189 dii,
1156 2130 1265 2177 tres
1297 2121 1475 2174 mundi
1509 2139 1521 2174 :
1555 2120 1599 2174 si
1641 2136 1775 2174 unus
1806 2122 1944 2175 Deus

350 2210 517 2265 Pater
533 2220 585 2266 et
605 2213 767 2268 Filius
784 2222 835 2267 ct
856 2213 1082 2282 Spiritus
1104 2222 1339 2273 sanctus.
1370 2228 1505 2266 unus
1524 2213 1751 2265 mundus
1780 2211 1945 2266 factus

353 2311 440 2356 est
468 2318 497 2355 a
530 2303 685 2359 Patre
721 2320 816 2373 per
854 2304 1046 2358 Filium
1080 2304 1129 2359 in
1168 2303 1369 2375 Spiritu
1407 2312 1611 2357 sancto.
1649 2303 1773 2357 limo
1814 2318 1943 2373 ergo

350 2394 483 2455 facit
527 2394 709 2460 Filius,
750 2412 868 2465 qua:
904 2395 1027 2456 facit
1062 2404 1114 2449 et
1156 2380 1331 2457 Pater,
1373 2402 1426 2454 et
1470 2409 1575 2461 non
1619 2393 1946 2447 dissimiliter

351 2484 481 2539 fat-it
512 2504 524 2539 :
555 2495 609 2540 et
634 2486 746 2559 haec
776 2486 917 2552 facit,
948 2495 999 2540 et
1029 2485 1272 2547 similiter
1301 2484 1443 2538 facit.

430 2581 516 2635 l0.
551 2579 665 2633 iam
693 2579 932 2645 dixerat,
960 2580 1065 2632 Itarc
1094 2580 1247 2650 facit;
1274 2593 1436 2649 quare
1462 2576 1691 2644 addidit,
1717 2577 1945 2631 similiter

348 2673 517 2747 facit?
548 2672 621 2726 Ne
648 2672 778 2725 alius
823 2687 1013 2739 pravus
1041 2669 1342 2725 intellectus
1369 2670 1450 2724 vel
1482 2685 1632 2724 error
1676 2669 1727 2723 in
1767 2669 1946 2722 animo

350 2773 690 2836 nasceretur.
721 2762 883 2818 Vides
922 2765 1060 2817 enim
1102 2762 1331 2816 hominis
1356 2777 1522 2832 opus;
1554 2763 1762 2816 animus
1787 2770 1867 2816 est
1893 2762 1944 2815 in

350 2858 574 2912 homine
602 2867 655 2911 et
682 2871 876 2924 corpus
904 2873 916 2909 :
943 2854 1154 2910 animus
1179 2855 1402 2925 imperat
1424 2854 1666 2925 corpori,
1696 2854 1788 2909 sed
1812 2853 1947 2908 mul-

351 2958 469 3003 tum
500 2949 722 3003 interest
759 2949 897 3004 inter
919 2963 1113 3018 corpus
1136 2956 1187 3003 et
1212 2949 1449 3002 animum
1475 2965 1488 3001 :
1523 2963 1718 3017 corpus
1742 2947 1945 3004 visibile

350 3048 473 3115 est,
505 3041 714 3096 animus
741 3041 1055 3108 invisibilis;
1088 3041 1228 3095 inter
1257 3040 1543 3110 potentiam
1590 3040 1945 3110 virtutemque

349 3132 557 3195 animi,
589 3140 643 3186 et
670 3131 905 3204 cujusvis
934 3132 1057 3193 licet
1076 3132 1308 3186 caelestis
1330 3131 1569 3199 corporis
1595 3133 1815 3185 multum
1861 3132 1945 3185 in-

352 3230 545 3279 terest.
570 3221 801 3293 Imperat
822 3233 995 3289 tamen
1011 3223 1217 3289 animus
1238 3224 1449 3293 corpori
1471 3237 1588 3299 suo,
1609 3234 1662 3279 et
1682 3223 1807 3279 facit
1827 3241 1946 3279 cor-

350 3330 456 3387 pus
481 3334 496 3369 :
520 3324 574 3370 et
599 3314 737 3385 quod
768 3315 976 3369 videtur
999 3317 1207 3369 animus
1245 3314 1419 3370 facere
1438 3358 1451 3377 ,
1476 3315 1576 3377 hoc
1604 3315 1726 3371 facit
1753 3326 1805 3372 et
1830 3334 1948 3373 eor-

350 3425 477 3483 pus.
509 3409 729 3464 Videtur
752 3424 877 3479 ergo
906 3424 1098 3479 corpus
1136 3408 1235 3463 hoc
1272 3409 1409 3467 idem
1438 3409 1614 3466 facere
1655 3411 1795 3481 quod
1835 3412 1948 3466 ani-

350 3515 506 3567 mus,
535 3500 626 3554 sed
652 3516 753 3555 non
783 3500 1042 3555 similiter.
1069 3499 1346 3566 Quomodo
1370 3500 1469 3556 hoc
1497 3501 1637 3556 idem
1665 3502 1821 3570 facit,
1853 3503 1946 3559 sed

352 3608 466 3647 non
497 3591 778 3647 similiter?
794 3591 940 3648 Facit
960 3592 1168 3645 animus
1188 3592 1405 3646 verbum
1424 3593 1563 3663 apud
1587 3609 1663 3657 se,
1680 3594 1830 3664 jubet
1849 3595 1949 3650 litt-

350 3701 496 3761 gurc,
512 3692 565 3739 et
580 3682 776 3754 profert
795 3684 1009 3739 verbum
1033 3684 1172 3754 quod
1191 3684 1313 3740 fecit
1330 3687 1537 3741 animus
1554 3706 1565 3740 :
1584 3686 1702 3742 fecit
1717 3689 1942 3754 animus,

354 3776 477 3831 fecit
500 3788 553 3841 et
572 3776 775 3846 lingua;
797 3775 918 3831 fecit
946 3776 1193 3831 dominus
1221 3778 1479 3847 corporis,
1506 3778 1626 3833 fecit
1653 3789 1701 3836 et
1726 3794 1944 3835 servus:

351 3868 450 3933 sed
544 3867 739 3934 faceret
754 3884 960 3935 servus,
984 3884 1009 3921 a
1032 3869 1251 3931 domino
1270 3871 1472 3939 accepit
1500 3872 1639 3941 quod
1661 3872 1874 3940 faceret,
1895 3882 1949 3929 ct

347 3959 579 4034 iubente
591 3958 804 4014 domino
832 3959 973 4026 fecit.
1000 3959 1107 4013 lloc
1129 3959 1265 4014 idem
1281 3960 1347 4014 ab
1363 3970 1586 4031 utroque
1612 3959 1806 4017 factum
1831 3974 1908 4019 est
1930 3982 1943 4017 :

352 4049 452 4105 sed
481 4050 733 4119 numquid
756 4050 1000 4105 similiter
1016 4052 1037 4105 ?
1052 4052 1330 4119 Quomodo
1350 4068 1453 4107 non
1473 4054 1736 4120 similiter,
1757 4054 1829 4108 ait
1853 4056 1947 4110 ali-

351 4141 477 4211 quis
493 4141 518 4193 ?
538 4141 674 4195 Ecce
696 4142 912 4196 verbum
938 4142 1078 4210 quod
1109 4143 1229 4197 fecit
1250 4146 1459 4198 animus
1485 4161 1633 4200 meus
1657 4186 1672 4211 ,
1696 4156 1873 4201 manet
1895 4147 1947 4202 in

353 4250 446 4289 me
482 4252 496 4288 :
531 4234 671 4304 quod
712 4234 837 4290 fecit
875 4235 1048 4304 lingua
1079 4250 1230 4303 mea,
1271 4252 1523 4306 percusso
1550 4254 1674 4293 aere
1706 4240 1945 4307 transiit,

356 4334 414 4381 et
440 4340 549 4380 non
577 4333 677 4380 est.
708 4325 836 4380 Cum
864 4325 1064 4381 dixeris
1088 4325 1309 4381 verbum
1338 4328 1388 4381 in
1420 4329 1598 4382 animo
1629 4338 1750 4396 tuo,
1782 4338 1835 4385 et
1858 4346 1947 4385 so-

355 4419 540 4474 nuerit
569 4434 663 4488 per
687 4418 918 4489 linguam
948 4428 1088 4473 tuam
1110 4462 1125 4487 ,
1169 4419 1281 4473 redi
1328 4419 1392 4474 ad
1427 4422 1663 4476 animum
1691 4430 1865 4488 tuum,
1896 4431 1950 4478 et

353 4509 485 4565 vide
511 4510 631 4580 quia
669 4509 740 4564 ibi
774 4519 854 4565 est
882 4511 1103 4566 verbum
1138 4511 1278 4582 quod
1308 4511 1497 4568 fecisti.
1526 4513 1789 4585 Numquid
1815 4517 1950 4571 sicut

359 4600 559 4668 mansit
586 4601 637 4654 in
664 4600 840 4655 animo
871 4611 984 4667 tuo,
1017 4602 1210 4657 mansit
1240 4604 1291 4657 in
1326 4602 1501 4674 lingua
1535 4607 1657 4660 tua?
1682 4606 1830 4674 Quod
1857 4622 1948 4662 so-

358 4690 477 4744 nuit
508 4706 599 4760 per
627 4689 855 4761 linguam
880 4702 1021 4745 tuam
1042 4733 1056 4757 ,
1086 4692 1208 4748 fecit
1234 4692 1409 4764 lingua
1435 4710 1630 4751 sonans
1653 4739 1666 4760 ,
1693 4696 1818 4753 fecit
1837 4699 1950 4754 ani-

358 4801 485 4841 mus
508 4786 746 4857 cogitans
777 4805 791 4845 :
817 4787 908 4852 sed
936 4787 1074 4860 quod
1102 4790 1279 4850 sonuit
1302 4789 1477 4860 lingua
1498 4832 1513 4856 ,
1547 4793 1780 4859 transiit;
1808 4794 1949 4865 quod

359 4877 617 4948 cogitavit
644 4877 884 4947 animus,
914 4889 1207 4949 permanet.
1248 4880 1357 4945 lioc
1389 4897 1517 4951 ergo
1549 4882 1675 4946 fecit
1713 4899 1907 4955 corpus
1929 4928 1945 4954 ,

358 4969 506 5040 quod
528 4968 651 5023 fecit
676 4969 916 5035 animus;
944 4969 1035 5024 sed
1065 4986 1168 5031 non
1199 4971 1458 5028 similiter.
1489 4973 1637 5035 Fecit
1664 4976 1805 5030 enim
1832 4978 1950 5035 ani-

362 5077 487 5117 mus
506 5061 647 5132 quod
680 5070 855 5117 teneat
877 5062 1087 5117 animus
1106 5062 1272 5135 ;fecit
1297 5074 1472 5118 autem
1497 5066 1671 5136 lingua
1702 5068 1840 5137 quod
1865 5086 1952 5124 so-

359 5160 497 5217 nat,
527 5160 583 5207 et
610 5166 705 5222 per
730 5167 907 5206 aerem
936 5167 1115 5207 aurem
1137 5153 1397 5208 verberat.
1422 5154 1683 5225 Numquid
1713 5160 1951 5228 sequeris

360 5244 632 5314 syllabas,
661 5252 716 5299 et
752 5242 883 5298 facis
912 5253 968 5298 ttt
995 5246 1280 5300 maneant?
1302 5245 1418 5300 Non
1454 5262 1581 5317 ergo
1609 5249 1685 5303 sic
1714 5250 1870 5306 Pater
1899 5260 1954 5307 et

364 5334 567 5399 Filius;
597 5334 689 5390 scd
719 5334 832 5390 htec
860 5336 1046 5391 eadem
1079 5336 1234 5403 facit,
1274 5345 1329 5392 et
1354 5338 1594 5393 similiter
1622 5339 1762 5403 facit.
1791 5340 1845 5404 Si
1873 5342 1951 5398 fe-

362 5427 438 5481 cit
476 5426 617 5481 Deus
642 5427 836 5481 coalum
864 5427 1001 5496 quod
1045 5436 1255 5491 manet,
1290 5429 1389 5487 hoc
1419 5430 1541 5486 fecit
1575 5429 1738 5488 Filius
1758 5434 1950 5489 etelnm

363 5515 506 5588 quod
552 5525 750 5571 manet.
798 5516 853 5572 Si
881 5517 1004 5571 fecit
1034 5519 1173 5572 Deus
1198 5518 1353 5574 Pater
1380 5518 1650 5583 hominem
1679 5523 1767 5593 qui
1794 5527 1953 5582 mori-

366 5616 488 5673 tur,
544 5606 792 5662 eumdem
852 5607 1014 5662 Filius
1064 5608 1333 5664 hominem
1396 5608 1519 5665 fecit
1567 5600 1655 5685 qui
1706 5615 1947 5671 moritur.

365 5698 727 5769 Quaecumque
781 5698 904 5753 fecit
949 5699 1104 5754 Pater
1154 5700 1385 5769 stantia,
1437 5700 1550 5756 hare
1598 5700 1719 5757 fecit
1770 5714 1824 5759 et
1864 5706 1951 5763 Fi-

365 5791 469 5849 lius
494 5790 724 5855 stantia;
759 5788 880 5861 quia
909 5792 1149 5849 similiter
1175 5792 1333 5849 fecit:
1367 5802 1420 5850 et
1460 5808 1803 5867 quaecumque
1829 5797 1951 5855 fecit

1512 351 1926 417 TRACTATUS
1967 351 2089 410 XX.
2129 354 2353 413 CAPUT
2392 356 2457 412 V.

3485 359 3625 416 1562

2053 466 2210 524 Pater
2256 471 2598 541 temporalia,
2651 472 2764 528 hzec
2810 472 2995 539 eadem
3048 472 3171 530 fecit
3215 472 3380 533 Filius
3422 484 3630 550 tempo-

2050 560 2211 625 ralia;
2244 562 2364 631 quia
2395 578 2498 617 non
2538 563 2709 618 solum
2737 565 2846 633 ipsa
2880 565 3033 632 fecit,
3066 566 3158 621 sed
3188 575 3241 622 et
3267 569 3508 625 similiter
3550 572 3631 628 fe-

2050 652 2139 705 cit.
2173 652 2329 707 Pater
2347 655 2487 708 enim
2515 654 2636 711 fecit
2662 672 2754 727 per
2774 655 2966 711 Filium
2990 698 3002 722 ,
3030 657 3153 728 quia
3180 672 3275 729 per
3295 658 3525 715 Verbum
3553 662 3633 717 fe-

2050 742 2124 797 cit
2148 742 2305 799 Pater
2328 748 2525 799 omnia.

2124 836 2210 889 il.
2242 836 2432 903 Quaere
2460 838 2511 891 in
2539 837 2693 893 Patre
2714 848 2769 894 et
2792 838 2926 894 Filio
2951 840 3340 910 separationem
3364 883 3379 907 ,
3412 856 3519 896 non
3555 842 3635 897 in-

2050 928 2235 981 venis:
2268 928 2363 982 sed
2395 928 2439 983 si
2479 930 2811 984 assurrexisti
2834 972 2847 995 ,
2884 939 3007 985 tunc
3048 946 3151 985 non
3191 931 3428 997 invenis;
3459 934 3502 987 si
3540 934 3637 987 ali-

2050 1018 2175 1087 quid
2202 1034 2360 1089 supra
2401 1030 2629 1075 mentem
2660 1031 2801 1076 tuam
2833 1024 3082 1093 tetigisti,
3115 1032 3239 1077 tunc
3273 1039 3378 1078 non
3406 1025 3631 1081 invenis.

2050 1108 2181 1163 Nam
2205 1111 2247 1163 si
2277 1113 2326 1165 in
2356 1111 2436 1165 his
2466 1113 2694 1166 versaris
2717 1154 2731 1180 ,
2759 1129 2878 1183 qum
2905 1115 3003 1169 sibi
3030 1129 3213 1169 errans
3239 1116 3449 1170 animus
3474 1115 3632 1182 facit;

2050 1214 2169 1254 cum
2198 1201 2517 1271 imaginibus
2557 1204 2658 1257 tuis
2699 1205 2965 1273 loqueris,
3006 1222 3111 1260 non
3137 1222 3256 1261 eum
3284 1205 3461 1263 Verbo
3494 1208 3585 1263 Dei
3614 1224 3630 1262 :

2052 1292 2236 1347 fallunt
2266 1295 2599 1364 tcimagincs
2623 1304 2744 1349 tute.
2765 1296 3101 1352 Transcende
3123 1307 3176 1351 et
3195 1314 3407 1368 corpus,
3433 1306 3485 1353 et
3503 1313 3634 1368 sape

2050 1385 2286 1439 animum
2328 1404 2342 1437 :
2384 1387 2697 1441 transcende
2742 1396 2796 1442 et
2841 1388 3113 1454 animum,
3160 1397 3213 1442 et
3265 1404 3393 1457 sape
3442 1389 3629 1443 Deum.

2051 1478 2166 1533 Non
2191 1480 2359 1549 tangis
2390 1480 2552 1534 Deum
2574 1523 2587 1545 ,
2616 1480 2714 1534 nisi
2756 1489 2803 1535 el
2833 1480 3066 1533 animum
3098 1481 3408 1535 transieris:
3435 1487 3633 1549 quanto

2052 1572 2225 1627 minus
2253 1574 2420 1641 tangis
2441 1615 2453 1637 ,
2484 1573 2527 1627 si
2563 1574 2613 1627 in
2645 1588 2805 1628 carne
2827 1573 3122 1627 manseris?
3147 1571 3224 1626 llli
3264 1588 3391 1641 ergo
3422 1573 3509 1641 qni
3548 1587 3633 1627 sa-

2049 1667 2200 1735 piunt
2245 1681 2486 1732 carnem,
2534 1683 2691 1737 quam
2754 1667 2908 1736 longe
2952 1675 3075 1720 sunt
3119 1680 3149 1719 a
3195 1664 3447 1733 sapiendo
3491 1664 3632 1734 quod

2051 1760 2190 1813 Deus
2219 1759 2331 1813 est?
2357 1759 2476 1829 quia
2505 1776 2612 1813 non
2641 1760 2706 1814 ibi
2727 1768 2939 1826 essent,
2970 1759 3127 1813 etiam
3154 1759 3199 1812 si
3222 1758 3454 1811 animum
3483 1772 3634 1825 sape-

2048 1859 2186 1904 rent.
2219 1851 2437 1905 Recedit
2464 1850 2623 1906 homo
2650 1852 2872 1905 multum
2902 1866 2931 1905 a
2966 1852 3073 1906 Deo
3102 1850 3312 1920 quando
3337 1850 3476 1917 sapit
3513 1864 3630 1904 car-

2050 1946 2258 2010 naliter,
2288 1955 2339 1999 et
2366 1946 2587 1999 multum
2628 1947 2846 2000 interest
2871 1945 3007 2000 inter
3032 1960 3248 1999 carnem
3277 1952 3331 1999 et
3355 1944 3588 1997 animum
3617 1961 3632 1999 :

2050 2038 2166 2107 plus
2197 2047 2368 2092 tamen
2399 2038 2617 2092 interest
2644 2040 2781 2092 inter
2806 2038 3040 2091 animum
3066 2046 3119 2091 et
3159 2037 3346 2091 Deum.
3377 2036 3455 2091 Tu
3497 2037 3542 2090 si
3581 2035 3635 2089 in

2050 2128 2228 2181 animo
2253 2143 2337 2194 es,
2370 2129 2418 2181 in
2448 2129 2624 2184 medio
2646 2144 2703 2182 es
2729 2147 2741 2182 :
2776 2128 2818 2182 si
2843 2122 2974 2182 infra
3015 2128 3275 2189 attendis,
3299 2141 3492 2195 corpus
3516 2134 3632 2181 est:

2050 2223 2094 2276 si
2145 2236 2301 2290 supra
2350 2222 2612 2287 attendis,
2656 2222 2795 2275 Dens
2838 2230 2937 2274 est.
2984 2221 3180 2274 Attolle
3210 2229 3261 2273 te
3303 2235 3332 2273 a
3372 2232 3633 2288 corpore,

2052 2314 2214 2367 transl
2240 2314 2397 2367 etiam
2424 2322 2492 2366 te.
2522 2312 2655 2365 Vide
2682 2313 2821 2366 enim
2849 2312 2969 2381 quid
3002 2312 3134 2365 dixit
3156 2310 3392 2364 Psalmus
3412 2352 3427 2374 ,
3458 2318 3510 2364 et
3536 2308 3635 2362 ad-

2051 2405 2282 2457 moneris
2312 2403 2759 2472 quemadmodum
2796 2401 3080 2471 sapiendns
3114 2402 3182 2453 sit
3228 2400 3367 2454 Deus
3402 2416 3415 2453 :

2050 2506 2200 2561 sunt,
2243 2495 2440 2564 inquit,
2472 2494 2595 2547 mihi
2625 2495 2862 2563 lttcryma:
2903 2508 3027 2546 mete
3055 2508 3207 2561 panes
3245 2492 3326 2544 die
3358 2507 3418 2543 ac
3456 2498 3634 2554 nocte,

2050 2602 2165 2639 cum
2186 2586 2371 2637 dicitur
2398 2585 2520 2637 mihi
2551 2584 2788 2650 quotidie,
2816 2583 2913 2638 Ubi
2934 2592 3003 2638 est
3028 2583 3165 2636 Deus
3190 2582 3637 2651 tuus?Tanquant

2053 2678 2246 2748 Pagani
2277 2677 2454 2731 dicant
2484 2693 2496 2728 :
2531 2676 2668 2729 Ecce
2690 2675 2761 2729 dii
2792 2675 2994 2740 nostri;
3024 2674 3164 2730 Deus
3190 2682 3365 2729 vester
3392 2672 3479 2727 ubi
3513 2672 3637 2726 est?

2050 2768 2349 2825 Ostendunt
2387 2768 2528 2822 enim
2570 2767 2641 2821 illi
2672 2766 2812 2836 quod
2851 2767 3087 2829 videtur;
3125 2779 3222 2819 nos
3248 2764 3471 2819 colimus
3494 2761 3637 2833 quod

2051 2876 2157 2916 non
2180 2860 2409 2915 videtur.
2444 2861 2508 2914 Et
2536 2864 2619 2914 cui
2648 2859 3023 2914 ostendamus?
3053 2858 3255 2911 homini
3283 2856 3371 2926 qui
3404 2870 3511 2909 non
3539 2857 3637 2908 ha-

2050 2954 2141 3010 bet
2168 2953 2308 3008 unde
2347 2952 2559 3007 videat?
2584 2951 2715 3006 Nam
2745 2950 2927 3020 utique
2953 2949 2997 3003 si
3024 2948 3123 3018 ipsi
3153 2947 3282 3003 deos
3307 2960 3433 3001 suos
3457 2944 3639 3001 vident

2050 3044 2255 3109 oculis;
2299 3043 2557 3098 habemus
2584 3050 2637 3095 et
2666 3054 2762 3095 nos
2785 3040 2919 3094 alios
2947 3038 3132 3093 oculos
3151 3078 3165 3103 ,
3197 3035 3339 3091 unde
3364 3034 3639 3090 videamus

2053 3138 2217 3191 Deum
2260 3144 2518 3189 nostrum.
2553 3132 2656 3202 Ipsi
2691 3132 2825 3186 oeuli
2857 3129 3142 3184 mundandi
3181 3136 3302 3183 sunt
3337 3142 3365 3181 a
3406 3128 3514 3182 Deo
3544 3140 3641 3182 no-

2050 3239 2163 3283 stro
2183 3269 2197 3294 ,
2231 3234 2287 3281 ut
2314 3226 2583 3281 videamus
2612 3225 2778 3277 Deum
2807 3230 3046 3277 nostrum
3078 3239 3090 3275 :
3123 3219 3265 3274 Beati
3289 3218 3428 3274 enim
3452 3216 3639 3272 mundo

2052 3322 2232 3389 corde,
2282 3323 2401 3392 quia
2433 3320 2531 3391 ipsi
2565 3317 2729 3371 Deum
2774 3317 3005 3370 ridebunt
3038 3314 3247 3386 (Matth.
3281 3330 3331 3379 v,
3378 3315 3456 3381 8).
3499 3312 3639 3383 Ergo

2051 3427 2171 3465 cum
2212 3426 2268 3465 se
2296 3409 2666 3464 conturbatum
2714 3406 2965 3470 dixisset,
2998 3420 3117 3460 cum
3162 3404 3356 3458 dicitur
3395 3402 3469 3457 illi
3508 3417 3641 3472 quo-

2052 3503 2180 3558 tidie
2201 3544 2213 3567 ,
2252 3503 2348 3557 Ubi
2375 3512 2447 3556 est
2470 3500 2607 3555 Deus
2634 3502 2787 3554 tuus?
2820 3498 2943 3553 Ilac
2968 3507 3269 3551 memoratus
3292 3512 3421 3563 sum,
3448 3495 3638 3566 inquit.

2052 3598 2168 3677 quia
2197 3597 2381 3649 dicitur
2410 3596 2533 3648 mihi
2559 3595 2805 3665 quotidie,
2837 3592 2934 3647 Ubi
2960 3604 3029 3646 est
3072 3591 3206 3645 Deus
3235 3592 3388 3645 tuus?
3410 3600 3464 3655 et
3489 3590 3640 3659 quasi

2052 3688 2238 3742 volens
2282 3686 2681 3755 apprehendere
2730 3684 2896 3737 Deum
2944 3697 3133 3747 suum,
3166 3680 3292 3735 llwc
3332 3689 3639 3734 memoratus

2052 3798 2183 3845 sum,
2231 3780 2424 3849 inquit,
2454 3787 2499 3831 et
2537 3776 2693 3843 effudi
2723 3792 2873 3845 super
2909 3792 2988 3828 me
3026 3774 3245 3827 animam
3282 3788 3441 3829 meam
3466 3770 3634 3840 (Psal.

2053 3887 2171 3937 xu,
2204 3872 2268 3934 4,
2299 3872 2374 3941 5).
2403 3869 2471 3925 Ut
2498 3885 2623 3938 ergo
2652 3869 2963 3937 attingerem
2994 3865 3159 3919 Deum
3192 3878 3388 3927 meum,
3429 3862 3495 3916 de
3531 3874 3638 3931 quo

2052 3964 2181 4018 mihi
2213 3962 2503 4027 dicebatur,
2543 3960 2639 4015 Ubi
2655 3970 2726 4015 est
2754 3959 2887 4013 Deus
2908 3958 3062 4011 tuus?
3089 3972 3194 4011 non
3221 3955 3380 4011 effudi
3406 3955 3634 4007 animam

2053 4070 2225 4109 meam
2271 4069 2431 4123 super
2467 4068 2684 4107 carnem
2730 4066 2940 4114 meam,
2987 4049 3083 4104 sed
3130 4063 3289 4116 super
3329 4061 3459 4103 me:
3494 4055 3639 4100 "'8"-

2054 4148 2234 4203 scendi
2260 4163 2343 4201 me
2362 4189 2376 4213 ,
2396 4156 2449 4200 ut
2469 4147 2616 4200 illum
2638 4156 2928 4215 tangerem.
2950 4142 3038 4197 ille
3064 4142 3205 4197 enim
3236 4150 3315 4195 est
3331 4154 3491 4209 super
3516 4153 3635 4204 me,

2054 4241 2142 4311 qui
2168 4239 2291 4294 fecit
2318 4256 2401 4294 me
2429 4257 2441 4292 :
2474 4254 2631 4294 nemo
2651 4254 2771 4292 eum
2790 4235 3131 4307 attingit,nisi
3150 4235 3238 4304 qui
3267 4232 3530 4287 transierit
3556 4246 3635 4285 se.

2126 4330 2212 4385 19..
2246 4330 2427 4400 Cogita
2466 4344 2691 4399 corpus;
2723 4327 2947 4383 mortale
2972 4334 3070 4389 est,
3102 4334 3367 4380 terrenum
3393 4331 3505 4388 cst,
3536 4321 3640 4376 fra

2053 4420 2159 4492 gile
2180 4432 2292 4487 est,
2323 4420 2666 4490 corruptibilc
2694 4428 2776 4474 est
2804 4437 2816 4473 :
2849 4418 3036 4487 abjice.
3068 4416 3173 4472 Sed
3197 4415 3332 4469 forte
3356 4430 3478 4469 caro
3508 4422 3640 4468 tem-

2054 4516 2252 4587 poralis
2277 4526 2375 4571 est.
2408 4515 2523 4569 Alia
2546 4529 2767 4585 corpora
2789 4514 2958 4582 cogita
2979 4554 2994 4577 ,
3023 4510 3259 4567 etelestia
3286 4523 3509 4578 corpora
3542 4522 3637 4563 co-

2053 4609 2193 4680 gita;
2226 4608 2422 4678 majora
2446 4650 2461 4675 ,
2502 4607 2742 4671 meliora,
2792 4604 3066 4674 splendida
3109 4610 3233 4658 sunt
3273 4619 3287 4656 :
3332 4599 3547 4655 attende
3586 4605 3641 4654 et

2055 4701 2166 4773 ipsa
2192 4744 2207 4767 ,
2233 4702 2515 4756 volvuntur
2534 4700 2599 4755 ab
2620 4699 2821 4754 oriente
2847 4697 2911 4751 ad
2939 4695 3265 4751 occidentem
3288 4734 3302 4758 ,
3332 4708 3437 4746 non
3464 4698 3635 4754 stant;

2057 4796 2305 4851 videntur
2329 4792 2525 4859 oculis,
2561 4808 2663 4846 non
2708 4792 2878 4845 solum
2909 4788 2975 4842 ab
3001 4787 3251 4854 homine,
3294 4784 3388 4839 sed
3419 4783 3579 4839 etiam
3607 4795 3637 4836 a

2055 4901 2247 4961 pecore
2278 4902 2290 4937 :
2322 4883 2484 4938 transi
2512 4891 2567 4937 et
2593 4882 2725 4953 ipsa.
2758 4881 2825 4935 Et
2854 4876 3141 4950 quomodo,
3175 4877 3414 4946 inquies,
3460 4880 3638 4926 trans~

2055 4993 2121 5034 eo
2150 4977 2385 5033 coelestia
2409 4990 2652 5045 corpora,
2670 4990 2789 5029 cum
2818 4971 3032 5027 ambulo
3057 4971 3109 5025 in
3141 4978 3279 5025 terra
3345 4967 3458 5021 Non
3477 4976 3639 5019 carne

2057 5072 2273 5135 transis,
2306 5069 2401 5124 sed
2430 5078 2625 5123 mente.
2651 5066 2836 5135 Abjice
2864 5073 2917 5119 et
2944 5065 3054 5134 ipsa
3086 5080 3099 5115 :
3127 5060 3368 5132 quamvis
3393 5058 3635 5121 luceant,

2057 5178 2279 5233 corpora
2330 5169 2485 5225 sunt;
2535 5159 2775 5229 quamvis
2816 5156 2884 5212 de
2933 5155 3072 5211 etelo
3119 5153 3383 5222 fulgeant,
3415 5161 3639 5217 corpora

2059 5264 2199 5310 sunt.
2222 5254 2386 5320 Veni,
2428 5253 2676 5324 quoniam
2724 5250 2859 5306 forte
2901 5265 3008 5303 non
3044 5257 3095 5303 te
3130 5252 3285 5316 putas
3310 5242 3507 5297 habere
3533 5254 3639 5311 quo

2058 5364 2185 5414 eas,
2230 5363 2354 5404 cum
2395 5346 2703 5402 consideras
2742 5346 2843 5401 ista
2890 5343 3085 5401 omnia.
3128 5340 3196 5394 Et
3235 5338 3372 5393 ultra
3404 5335 3640 5392 cmlcstia

2059 5455 2281 5509 corpora
2304 5456 2412 5522 quo
2438 5440 2605 5493 iturus
2630 5454 2767 5504 sum,
2799 5436 3001 5507 inquis,
3029 5445 3080 5488 ct
3110 5431 3234 5501 quid
3262 5439 3439 5485 mente
3464 5438 3639 5483 trans-

2060 5532 2231 5586 iturus
2288 5518 2446 5585 sum?
2474 5528 2837 5584 Considerasti
2873 5526 2969 5579 ista
3007 5523 3222 5576 omnia?
3260 5518 3639 5582 Consideravi,

2060 5623 2251 5692 inquis.
2277 5622 2428 5677 Unde
2447 5619 2821 5675 considerasti?
2850 5618 2958 5683 Ipse
2982 5614 3342 5669 considerator
3366 5616 3638 5681 appareat.

2060 5712 2178 5781 ipse
2204 5712 2343 5767 enim
2371 5710 2736 5765 considerator
2772 5709 2991 5761 istorum
3019 5704 3252 5759 omnium
3271 5746 3283 5769 ,
3311 5699 3642 5757 discrimina-

2061 5810 2163 5869 ter,
2206 5801 2484 5858 distinctor
2508 5808 2558 5856 ct
2586 5796 2978 5870 quodammodo
3019 5811 3284 5871 appensor
3309 5794 3363 5850 in
3393 5794 3527 5850 libra
3554 5803 3616 5845 sa
