4118 6474
499 320 642 382 i563

497 441 731 513 pientiar,
775 439 980 504 arimos
1005 445 1106 495 est.
1136 435 1265 494 Sine
1303 433 1464 490 dubio
1503 431 1693 488 melior
1738 436 1821 486 est
1866 427 2078 482 animus

496 549 603 604 quo
633 533 730 587 ista
761 530 936 586 onmia
965 527 1235 600 cogitasti,
1263 541 1418 596 quam
1445 526 1543 580 ista
1572 522 1756 584 omnia,
1783 536 1900 592 quae
1931 519 2080 588 cogi-

495 623 642 680 tasti.
689 621 910 676 Animus
955 635 1082 688 ergo
1130 619 1228 674 iste
1270 617 1486 686 spiritus
1531 621 1642 678 est,
1689 629 1796 668 non
1843 625 2076 680 corpus:

497 712 739 767 transiet
769 714 959 782 ipsum.
989 710 1250 777 Compara
1293 708 1463 774 ipsum
1499 707 1734 758 animum
1779 704 1953 772 primo
1978 742 1994 766 ,
2027 708 2084 754 ut

496 803 676 858 videas
699 818 804 874 quo
833 810 1106 864 transeas;
1145 811 1395 866 compara
1425 795 1571 850 illum
1601 794 1770 850 carni.
1802 791 1984 860 Absit,
2014 805 2082 845 ne

494 895 730 966 digneris
753 907 1082 964 comparare.
1111 891 1372 960 Compara
1413 891 1560 946 illum
1587 888 1778 960 fulguri
1803 887 1964 954 solis,
1995 885 2080 940 lu-

493 965 577 1042 nte
597 1028 611 1054 ,
641 965 912 1042 stellarum
948 1002 962 1038 :
995 984 1163 1052 major
1201 981 1373 1054 fulgor
1401 991 1484 1037 est
1517 981 1702 1048 animi.
1733 979 1914 1050 Primo
1939 977 2079 1034 cclc-

493 1079 706 1144 ritatem
730 1077 892 1134 animi
938 1075 1104 1145 ipsius
1131 1073 1270 1130 vide.
1315 1073 1448 1128 Vide
1481 1073 1524 1128 si
1563 1087 1668 1128 non
1711 1069 2076 1134 vehementior

494 1169 721 1242 scintilla
747 1176 827 1224 est
847 1166 1006 1222 animi
1029 1165 1308 1236 cogitantis
1327 1207 1342 1230 ,
1369 1180 1528 1236 quam
1561 1163 1812 1234 Splendor
1839 1162 1967 1218 solis
1994 1161 2079 1216 lu-

493 1261 682 1318 centis.
709 1259 886 1316 Solem
917 1258 1176 1314 orientem
1203 1267 1256 1312 tu
1283 1256 1432 1310 vides
1457 1256 1638 1310 animo
1665 1271 1680 1309 :
1709 1263 1884 1308 motus
1913 1252 2078 1324 ipsius

491 1369 649 1424 quam
691 1351 868 1416 tardus
894 1359 976 1418 est
1010 1348 1078 1405 ad
1115 1350 1350 1404 animum
1381 1347 1568 1404 tuum?
1596 1347 1716 1402 Cito
1759 1355 1814 1400 tu
1861 1344 2079 1416 potuisti

489 1444 725 1513 cogitare
737 1440 894 1512 ‘quod
917 1441 1150 1498 tacturus
1169 1450 1252 1495 est
1279 1440 1379 1494 sol.
1408 1437 1490 1492 Ab
1510 1439 1715 1492 oriente
1740 1435 1806 1490 ad
1832 1435 2078 1491 occiden-

491 1515 606 1602 tetri,
627 1543 880 1594 venturus
910 1543 1020 1600 est,
1049 1533 1160 1603 jam
1195 1549 1258 1587 ex
1287 1532 1388 1586 alia
1421 1539 1568 1602 parte
1595 1544 1716 1586 cras
1746 1530 1934 1584 oritur.
1978 1528 2075 1586 Ubi

490 1607 740 1694 hoefecit
782 1625 1029 1698 cogitatio
1079 1633 1194 1688 tua,
1243 1624 1416 1678 adhuc
1445 1623 1534 1677 ille
1575 1622 1754 1680 tardus
1787 1629 1899 1686 est,
1937 1628 1992 1676 et
2022 1629 2076 1676 tu

489 1718 678 1784 omnia.
698 1699 1006 1786 peragrasti.
1049 1715 1233 1783 Magna
1277 1730 1406 1784 ergo
1433 1729 1522 1768 res
1563 1722 1644 1768 est
1687 1712 1921 1768 animus.
1969 1710 2076 1767 Sed

487 1810 754 1881 quomodo
783 1809 938 1874 dico,
989 1809 1106 1863 est?
1146 1808 1334 1863 Transi
1377 1815 1432 1862 et
1468 1805 1672 1876 ipsum;
1703 1805 1826 1876 quia
1869 1813 1922 1860 et
1961 1804 2076 1874 ipse

489 1903 698 1958 animus
723 1901 989 1957 mutabilis
1026 1908 1141 1965 est,
1167 1899 1408 1970 quamvis
1447 1899 1636 1954 melior
1677 1899 1748 1953 sit
1785 1896 1933 1953 omni
1957 1911 2077 1952 eor-

490 2011 642 2066 pore.
673 1995 828 2050 Modo
859 1993 1030 2058 novit,
1061 1993 1218 2048 modo
1249 2009 1352 2047 non
1395 1992 1573 2056 novit;
1615 1990 1775 2046 modo
1803 1989 2075 2045 oblivisci-

491 2096 596 2152 tur,
625 2086 784 2140 modo
811 2084 1154 2150 recordatur;
1183 2083 1342 2138 modo
1381 2083 1526 2146 vult,
1569 2082 1730 2137 modo
1773 2096 1876 2136 non
1915 2081 2069 2147 vult;

487 2178 648 2233 modo
675 2185 895 2248 peccat,
927 2177 1086 2232 modo
1123 2175 1300 2245 justus
1345 2183 1445 2230 est.
1477 2173 1666 2230 Transi
1705 2189 1832 2244 ergo
1857 2189 2070 2230 onmem

485 2269 924 2331 mutabilitatem;
952 2283 1056 2322 non
1081 2268 1253 2321 solum
1283 2280 1440 2320 omne
1461 2263 1600 2335 quod
1639 2264 1866 2330 videtur,
1895 2263 1988 2318 sed
2019 2271 2076 2318 et

485 2375 642 2416 omne
669 2359 810 2430 quod
851 2366 1102 2414 mutatur.
1133 2359 1390 2414 Transisti
1430 2359 1571 2412 enim
1597 2373 1815 2414 carnem
1841 2373 1962 2428 qua:
1993 2357 2076 2412 vi-

485 2449 658 2514 detur,
689 2449 922 2504 transisti
949 2450 1164 2514 coelum,
1189 2449 1356 2505 solem
1379 2489 1394 2513 ,
1424 2448 1635 2514 lunam,
1667 2456 1721 2504 et
1745 2449 1928 2504 stellas
1955 2464 2073 2519 qua:

485 2542 758 2605 videntur;
802 2541 970 2596 transi
1005 2551 1060 2598 et
1102 2556 1260 2597 omne
1307 2541 1446 2611 quod
1487 2549 1742 2596 mutatur.
1783 2539 1902 2596 Jam
1929 2541 2072 2596 enim

487 2632 603 2687 istis
629 2633 908 2688 transactis
933 2647 1154 2687 veneras
1189 2631 1257 2686 ad
1293 2633 1530 2708 animum
1567 2640 1714 2686 tuum
1737 2674 1751 2696 ,
1795 2631 1890 2686 sed
1917 2639 1972 2686 et
2000 2632 2070 2686 ibi

483 2723 730 2779 invenisti
761 2723 1164 2778 mutabilitatem
1189 2725 1352 2778 animi
1381 2724 1474 2778 tui.
1500 2722 1766 2793 Numquid
1803 2722 2072 2780 mutabilis

485 2823 568 2871 est
593 2815 772 2872 Deus?
800 2815 992 2870 Transi
1032 2831 1159 2886 ergo
1187 2825 1240 2870 et
1276 2817 1512 2870 animum
1535 2826 1702 2870 tuum.
1734 2813 1958 2870 Effunde
1983 2830 2074 2868 su-

482 2911 658 2974 perte
675 2905 906 2960 animam
931 2915 1074 2960 tuam
1095 2946 1110 2972 ,
1141 2913 1196 2960 ut
1221 2905 1498 2978 contingas
1524 2905 1688 2962 Deum
1713 2947 1730 2977 ,
1757 2904 1825 2961 de
1845 2919 1952 2980 quo
1977 2905 2068 2964 tibi

479 2995 696 3064 dicitur,
731 2996 830 3053 Ubi
851 3007 922 3052 cst
945 2997 1080 3052 Deus
1101 3005 1213 3052 tuus
1229 2999 1254 3052 Σ)

555 3090 644 3144 15.
673 3088 750 3144 Ne
779 3096 932 3157 putes
973 3096 1024 3142 te
1061 3089 1255 3157 aliquid
1287 3087 1550 3144 facturum
1578 3088 1721 3160 quod
1767 3089 1926 3144 homo
1961 3104 2068 3144 non

479 3181 670 3250 possit.
707 3179 818 3234 lloc
853 3177 978 3234 fecit
1005 3179 1114 3249 ipse
1139 3179 1372 3236 Joannes
1397 3181 1737 3250 evangelista.
1771 3179 2072 3234 Transccn-

481 3270 561 3326 dit
583 3285 830 3337 carnem,
860 3271 1186 3326 transcendit
1215 3278 1412 3326 terram
1441 3285 1598 3342 quam
1624 3269 1889 3334 calcabat,
1925 3277 2070 3325 tran-

481 3362 690 3418 scendit
733 3362 900 3416 maria
944 3377 1060 3430 qua:
1101 3361 1344 3428 videbat,
1393 3362 1718 3416 transcendit
1756 3377 1937 3418 aerem
1977 3363 2065 3418 ubi

479 3453 636 3508 alites
661 3453 902 3519 volitant,
935 3452 1260 3508 transcendit
1285 3454 1482 3520 solem,
1513 3453 1840 3510 transcendit
1861 3453 2062 3520 lunam,

479 3545 811 3600 transcendit
851 3543 1064 3608 stellas,
1118 3543 1441 3598 transcendit
1485 3559 1672 3600 omnes
1719 3544 1933 3613 spiritus
1975 3545 2064 3614 qui

479 3649 588 3690 non
611 3635 874 3701 videntur,
910 3633 1232 3690 transcendit
1257 3644 1486 3689 mentem
1511 3649 1658 3688 suam
1683 3635 1796 3704 ipsa
1816 3627 2022 3691 ratione
2045 3637 2062 3668 ¹

479 3726 642 3780 θιιίηἰί
677 3727 778 3780 sui.
813 3725 1224 3780 Trauseendens
1251 3726 1350 3780 ista
1386 3725 1594 3790 omnia,
1621 3741 1783 3794 super
1807 3741 1866 3780 se
1889 3725 2066 3782 effun-

477 3817 611 3874 dens
631 3819 862 3872 animam
884 3833 1055 3882 suam,
1079 3833 1184 3888 quo
1208 3817 1479 3886 pervenit?
1499 3817 1633 3885 Quid
1654 3817 1815 3874 vidit?
1836 3817 1900 3873 In
1925 3820 2067 3889 priu-

476 3911 608 3980 cipio
637 3921 740 3964 erat
772 3909 1010 3978 Verbum,
1041 3922 1084 3964 et
1117 3909 1329 3965 Verbum
1352 3919 1458 3964 erat
1481 3912 1618 3981 apud
1645 3910 1830 3966 Deum.
1861 3912 1914 3967 Si
1935 3927 2064 3982 ergo

477 4004 868 4072 separationem
909 4015 1014 4056 non
1051 4002 1198 4056 vides
1233 4003 1287 4056 in
1326 4002 1473 4066 luce,
1520 4002 1642 4072 quid
1673 4003 2063 4072 separationem

478 4093 675 4161 quaeris
716 4075 776 4146 in
809 4093 1004 4164 opere?
1033 4091 1165 4147 Vide
1193 4092 1360 4147 Deum
1379 4133 1394 4160 ,
1423 4092 1539 4148 vidc
1575 4092 1803 4148 Verbum
1843 4093 1956 4164 ejus
1983 4094 2064 4148 iu-

477 4181 686 4238 lnerere
715 4183 886 4238 Verbo
911 4183 1106 4237 dicenti
1128 4185 1182 4237 ’τ
1215 4184 1335 4252 quia
1367 4183 1482 4252 ipse
1500 4183 1684 4239 dicens
1710 4199 1812 4238 non
1844 4185 2061 4258 syllabis

477 4274 636 4340 dicit;
663 4275 758 4330 sed
775 4274 1064 4346 'splendore
1089 4273 1360 4343 sapientiae
1385 4273 1603 4344 fulgere,
1635 4274 1737 4330 hoc
1755 4275 2058 4332 estdicere.

478 4365 617 4434 Quid
646 4367 844 4421 dictum
872 4374 953 4421 est
978 4366 1045 4420 de
1075 4365 1344 4434 Sapientia
1372 4365 1576 4436 ipsius?
1605 4365 1808 4420 Candor
1832 4376 1906 4420 est
1935 4367 2062 4422 lucis

476 4468 676 4513 teternw
713 4459 882 4528 (Sap.
921 4473 1026 4522 vn,
1065 4455 1179 4527 26).
1223 4455 1450 4511 Attende
1487 4455 1776 4512 candorem
1811 4455 1962 4512 solis.
2003 4457 2060 4512 ln

477 4551 616 4607 cmlo
640 4561 742 4614 est,
775 4559 828 4604 et
851 4548 1100 4618 expandit
1123 4547 1405 4602 candorem
1429 4563 1525 4617 per
1546 4558 1714 4602 terras
1734 4561 1942 4614 omnes,
1966 4561 2062 4617 per

473 4641 642 4696 maria
672 4641 850 4694 omnia
877 4655 888 4693 :
921 4646 972 4693 et
1003 4639 1184 4710 utique
1209 4637 1500 4708 corporalis
1521 4638 1608 4692 lux
1636 4645 1737 4692 est.
1765 4636 1822 4693 Si
1843 4651 2060 4707 separas

474 4731 760 4788 candorem
800 4733 930 4786 solis
957 4747 986 4786 a
1019 4731 1165 4798 sole,
1196 4745 1384 4800 separa
1419 4729 1654 4785 Verbum
1693 4746 1724 4785 a
1761 4730 1938 4786 Patre.
1983 4731 2059 4786 De

475 4826 588 4884 sole
615 4825 821 4896 loquor.
849 4823 1106 4880 Lucerna:
1135 4837 1236 4877 una
1266 4821 1538 4876 ﬂammula
1567 4823 1740 4878 tenuis
1759 4863 1775 4891 ,
1803 4837 1923 4894 qua:
1952 4837 2058 4876 uno

470 4917 600 4974 ﬂatu
615 4919 786 4991 possit
801 4917 1087 4986 exstingui,
1103 4916 1302 4986 spargit
1321 4914 1492 4970 lucem
1516 4929 1666 4970 suam
1687 4929 1848 4984 super
1866 4922 2058 4970 cuncta

471 5027 593 5082 qua:
626 5012 920 5081 suhjacent.
957 5007 1116 5064 Vides
1143 5007 1314 5063 lucem
1339 5021 1576 5078 sparsam
1605 5021 1636 5061 a
1664 5005 1931 5060 ﬂammula
1960 5021 2056 5075 ge-

471 5110 733 5168 neratam,
765 5099 1106 5156 emissionem
1137 5097 1304 5164 vides,
1335 5097 1722 5167 separationem
1754 5112 1858 5151 non
1883 5097 2053 5152 vides.

469 5191 752 5262 lntelligite
788 5205 936 5262 ergo,
969 5189 1159 5244 fratres
1183 5187 1514 5252 charissimi,
1547 5187 1760 5242 Patrem
1785 5197 1840 5242 et
1863 5187 2056 5244 Filium

471 5291 528 5338 et
562 5282 816 5352 Spiritum
862 5289 1104 5335 sanctum
1152 5278 1582 5350 inseparabiliter
1609 5277 1708 5332 sibi
1747 5277 2052 5344 cohaerere,

469 5374 783 5431 Trinitatem
813 5373 950 5428 hanc
977 5388 1138 5427 unum
1183 5369 1381 5437 Deum;
1413 5377 1467 5424 et
1492 5370 1668 5424 omnia
1707 5385 1868 5440 opera
1901 5370 2056 5425 unius

471 5465 588 5532 Dei,
618 5464 732 5520 lucc
755 5481 874 5522 esse
902 5465 1094 5530 Patris,
1121 5463 1240 5520 haec
1265 5477 1388 5518 esse
1415 5461 1558 5530 Filii,
1589 5461 1704 5518 lucc
1737 5477 1856 5518 esse
1889 5461 2056 5534 Spiri-

533 5623 553 5694 ξ
576 5627 706 5694 unus
727 5621 902 5694 codex,
921 5621 1089 5694 ipsum.
1101 5617 1350 5694 rationfm.
1377 5617 1522 5694 Alius,
1537 5616 1786 5694 ianuaque
1805 5617 2052 5694 rationein.

531 5683 645 5796 bsic
665 5691 771 5732 uss.
798 5690 850 5734 At
873 5679 1008 5735 editi.
1045 5682 1152 5734 ride
1173 5681 1509 5744 verbummjus
1535 5679 1760 5734 {inluvie
1795 5680 1938 5734 verba
1977 5681 2056 5736 di-

469 5759 540 5798 ce:
597 5781 611 5795 .

1445 313 1509 369 IN
1546 307 1822 369 JOANNIS
1859 303 2322 371 EVANGELIUM,
2359 306 2416 362 S.
2447 307 2814 365 AUGUSTI-Nl

3633 297 3766 356 εδει

2190 434 2272 482 tus
2313 429 2502 483 sancti.
2529 429 2731 486 Caetera
2757 446 2874 503 qua:
2897 440 3314 504 consequuntur,
3355 449 3475 504 qua:
3499 433 3768 506 pertinent

2187 518 2252 572 ad
2297 534 2596 576 sermonem
2635 523 2797 590 ipsius
2839 523 3044 578 Domini
3095 525 3262 578 nostri
3305 525 3430 581 Jesu
3469 523 3664 582 Clu-isti
3707 528 3762 584 in

2187 612 2501 682 Evangelia,
2547 616 2796 684 quoxtiam
2839 624 2893 670 et
2931 617 3174 674 crastino.
3202 616 3288 674 die
3330 632 3508 674 sermo
3546 619 3766 678 debetur

2186 704 2357 772 vobis,
2387 703 2624 780 adestpte
2653 715 2706 760 ut
2732 707 2976 762 audiatis.

2681 819 3086 878 TllAC’l‘ATUS
3125 822 3264 899 xxi.

2185 931 2260 987 Ab
2288 949 2346 988 eo
2375 934 2510 1004 quod
2528 936 2770 1006 scriptum
2796 947 2888 1003 est,
2921 936 3078 991 Pater
3097 939 3236 992 enim
3259 939 3427 1010 diligit
3465 937 3676 1006 Filium,
3710 951 3766 996 et

2257 1026 2432 1078 omnia
2455 1025 2784 1086 demonstrat
2821 1029 2867 1082 ei
2897 1045 3015 1097 (ῖιιω
3039 1029 3152 1100 ipse
3189 1028 3340 1094 facit;
3389 1047 3546 1100 usque
3573 1032 3642 1084 ad
3683 1031 3756 1094 id.

2255 1117 2353 1186 Qui
2387 1133 2490 1171 non
2515 1118 2824 1174 honorificat
2841 1121 3056 1186 Filium,
3092 1139 3194 1178 non
3219 1123 3532 1188 honorificat
3553 1125 3770 1186 Patrem

2255 1209 2343 1280 qui
2374 1209 2701 1266 misitillum.
2725 1212 2852 1282 Cap.
2892 1229 2942 1279 v,
2993 1214 3065 1284 ᾗ.
3095 1213 3274 1270 20-25.

2256 1323 2308 1378 l.
2351 1323 2611 1380 llesterno
2635 1325 2722 1382 die
2745 1337 2998 1396 quantum
3025 1329 3278 1384 Dominus
3303 1329 3502 1385 donare
3523 1329 3774 1402 dignatus

2183 1422 2296 1478 est,
2327 1429 2429 1484 qua
2457 1415 2724 1483 potuimus
2751 1417 2998 1473 facultate
3039 1419 3379 1478 tractavimus
3399 1463 3413 1486 ,
3445 1429 3499 1476 et
3540 1437 3643 1492 qua
3671 1437 3769 1490 po-

2185 1507 2379 1562 tuimus
2407 1507 2698 1576 capacitate
2753 1509 3146 1576 intelleximus,
3193 1511 3460 1582 quomodo
3501 1512 3770 1582 inseparaw

2183 1599 2306 1656 bilia
2351 1609 2474 1655 sunt
2499 1617 2659 1672 Opera
2691 1601 2861 1658 Patris
2899 1613 2953 1657 et
2987 1603 3136 1670 Filii;
3185 1619 3286 1659 nec
3315 1603 3414 1658 alia
3443 1603 3566 1658 facit
3590 1604 3768 1672 Pater,

2181 1693 2280 1746 alia
2313 1693 2508 1756 Filius,
2543 1693 2634 1747 sed
2676 1695 2852 1748 omnia
2895 1695 3054 1751 Pater
3083 1695 3208 1751 facit
3245 1711 3340 1766 per
3369 1697 3593 1764 Filium,
3647 1707 3768 1752 tan-

2181 1799 2340 1854 quam
2371 1799 2464 1853 per
2493 1783 2726 1840 Verbum
2749 1801 2924 1852 suum,
2957 1787 3023 1842 de
3044 1802 3148 1857 quo
3175 1789 3430 1858 scriptum
3451 1797 3550 1854 est,
3579 1787 3766 1842 Omnia

2181 1891 2270 1944 per
2297 1875 2464 1944 ipsum
2491 1878 2626 1947 facta
2651 1889 2800 1948 sunt,
2833 1886 2878 1932 et
2905 1879 3010 1932 sine
3035 1879 3144 1948 ipso
3173 1883 3364 1951 factum
3394 1889 3464 1932 est
3491 1879 3635 1933 nihil.
3667 1879 3768 1936 Se-

2180 1969 2394 2038 quentia
2425 1969 2582 2023 verba
2613 1969 2771 2024 hodie
2799 1971 3073 2025 videamus
3093 2014 3106 2038 ,
3141 1983 3190 2026 et
3225 1972 3292 2026 ab
3322 1971 3507 2026 eodem
3543 1971 3767 2026 Domino

2181 2057 2296 2128 ejus
2339 2059 2753 2126 misericordiam
2783 2069 2836 2115 et
2873 2061 3252 2130 deprecemur,
3288 2071 3342 2118 et
3373 2077 3676 2132 speremus,
3708 2071 3768 2120 ut

2182 2147 2407 2218 primum
2437 2151 2480 2202 si
2506 2149 2720 2218 dignum
2749 2149 2860 2221 ipse
2879 2151 3099 2220 judicat,
3127 2152 3482 2222 intelligamus
3505 2151 3646 2222 quod
3674 2167 3766 2206 ve-

2181 2255 2298 2293 rum
2328 2248 2410 2294 est
2438 2258 2450 2294 :
2489 2241 2533 2294 si
2559 2251 2736 2295 autem
2765 2229 2866 2297 hoc
2907 2259 3012 2297 non
3056 2244 3414 2312 potuerimus,
3445 2259 3552 2298 non
3583 2259 3766 2298 eamus

2181 2329 2234 2401 in
2272 2329 2399 2384 illud
2434 2331 2574 2402 quod
2617 2331 2810 2387 falsum
2853 2343 2954 2389 est.
3001 2334 3187 2390 Melius
3227 2347 3306 2390 est
3337 2337 3477 2390 enim
3521 2336 3764 2402 nescire,

2179 2437 2336 2492 quam
2363 2437 2542 2476 errare
2566 2441 2578 2477 :
2609 2423 2700 2478 scd
2729 2425 2865 2480 scire
2899 2433 2980 2480 est
3002 2425 3195 2480 melius
3221 2442 3378 2496 quam
3409 2427 3636 2482 nescire.
3665 2425 3767 2482 fta-

2179 2529 2283 2582 que
2303 2523 2426 2569 ante
2447 2516 2621 2572 omnia
2645 2517 2825 2572 conari
2852 2517 3108 2572 debemus
3133 2529 3184 2573 ut
3212 2520 3444 2574 sciamus
3469 2537 3480 2574 :
3509 2520 3553 2574 si
3583 2527 3766 2589 potue-

2179 2607 2366 2672 rimus,
2399 2607 2506 2663 Deo
2532 2609 2764 2678 gratias;
2793 2611 2836 2662 si
2860 2618 3038 2664 autem
3067 2625 3172 2664 non
3203 2612 3528 2681 potuerimus
3553 2612 3762 2668 interim

2179 2697 2456 2766 pervenire
2494 2698 2560 2752 ad
2603 2699 2916 2766 veritatem,
2967 2716 3069 2754 non
3117 2715 3302 2756 eamus
3345 2699 3410 2755 ad
3457 2701 3760 2756 falsitatem.

2177 2787 2313 2856 Quid
2339 2790 2481 2844 enim
2511 2790 2704 2856 simus,
2735 2799 2790 2844 ct
2813 2791 2937 2862 quid
2969 2801 3274 2858 tractemus,
3300 2791 3637 2847 considerare
3665 2793 3763 2847 de—

2177 2879 2385 2936 bemus.
2415 2881 2666 2937 llomines
2695 2899 2876 2938 sumus
2901 2899 3115 2938 carnem
3144 2893 3433 2954 portantes,
3464 2884 3514 2938 in
3539 2883 3640 2942 hac
3656 2885 3763 2940 vita

2175 2972 2506 3028 ambulantes
2532 2993 2544 3028 :
2577 2983 2632 3029 et
2655 2975 2698 3030 si
2718 2975 2828 3046 jam
2854 2975 2921 3030 de
2947 2977 3152 3032 semine
3177 2976 3321 3032 verbi
3351 2977 3442 3032 Dei
3469 2977 3661 3044 renati,
3686 2985 3765 3032 ta-

2175 3079 2299 3120 men
2331 3065 2399 3118 ita
2445 3065 2495 3118 in
2523 3065 2735 3140 Christo
2777 3065 3045 3134 innovati,
3091 3074 3150 3122 ut
3193 3066 3425 3122 nondum
3459 3067 3665 3137 penitus
3692 3067 3759 3122 ab

2174 3155 2344 3209 Adam
2375 3156 2674 3225 exspoliati.
2709 3155 2860 3224 Quod
2887 3159 3028 3211 enim
3057 3166 3296 3212 nostrum
3321 3157 3543 3213 mortale
3569 3166 3622 3214 et
3641 3172 3762 3212 cor-

2174 3245 2421 3315 ruptibile
2471 3255 2722 3317 aggravat
2761 3248 2990 3300 animam
3031 3245 3185 3320 (Sap.
3213 3263 3286 3310 ix,
3339 3247 3452 3316 15),
3495 3263 3564 3302 ex
3591 3247 3762 3302 Adam

2173 3351 2294 3392 esse
2313 3347 2550 3408 apparet,
2575 3346 2629 3392 et
2649 3337 2984 3393 manifestum
3007 3347 3086 3394 est
3112 3355 3124 3391 :
3153 3337 3294 3408 quod
3320 3347 3498 3392 autem
3521 3348 3762 3394 nostrum

2171 3427 2444 3496 spirituale
2469 3428 2712 3484 sublevat
2743 3429 2994 3496 animam,
3026 3429 3092 3484 de
3123 3429 3215 3484 Dei
3242 3429 3383 3484 dono
3420 3439 3475 3484 et
3507 3427 3574 3484 de
3601 3429 3762 3484 mise-

2171 3519 2400 3574 ricordia
2431 3519 2577 3588 ejus,
2623 3520 2712 3589 qui
2743 3519 2966 3576 Unicum
3011 3535 3166 3576 suum
3199 3519 3343 3574 misit
3366 3521 3761 3576 communicare

2171 3611 2448 3666 nobiscum
2473 3620 2697 3666 mortem
2729 3611 3002 3677 nostram,“
3021 3619 3074 3666 et
3099 3609 3294 3666 ducere
3317 3626 3414 3666 nos
3442 3611 3508 3666 ad
3543 3611 3760 3665 immoe-

2173 3704 2430 3760 talitatem
2471 3719 2643 3760 suam.
2685 3703 2838 3760 llune
2875 3703 3132 3759 habemus
3178 3705 3517 3774 magistrum,
3559 3713 3617 3758 ut
3653 3719 3758 3760 non

2171 3810 2480 3866 peccemus;
2511 3807 2563 3851 et
2583 3795 2941 3862 defensorem,
2970 3795 3013 3850 si
3039 3795 3430 3866 peccaverimus
3451 3803 3504 3851 et
3529 3793 3759 3851 confessi

2171 3897 2331 3958 atque
2361 3889 2602 3943 conversi
2635 3887 2923 3953 fuerimus;
2955 3897 3009 3942 ct
3037 3887 3490 3956 interpellatorem
3525 3903 3621 3958 pro
3659 3903 3760 3943 no-

2169 3979 2252 4036 bis
2272 4022 2286 4046 ,
2323 3981 2365 4035 si
2400 3980 2523 4050 quid
2555 3979 2678 4034 boni
2707 3997 2738 4034 a
2768 3979 2994 4035 Domino
3023 3979 3540 4043 desideraverimus;
3577 3987 3632 4034 et
3660 3979 3758 4034 da-

2169 4078 2339 4125 torem
2371 4086 2490 4124 cum
2523 4070 2699 4136 Patre,
2733 4070 2852 4140 quia
2885 4067 3025 4124 Deus
3050 4086 3187 4125 unus
3208 4079 3292 4126 est
3311 4069 3471 4126 Pater
3491 4077 3545 4126 et
3571 4069 3754 4126 Filius.

2167 4161 2271 4217 Sed
2301 4161 2613 4231 loquebatur
2637 4161 2738 4220 ista
2764 4159 2926 4216 homo
2951 4159 3293 4228 hominibus;
3326 4161 3464 4216 Deus
3493 4161 3756 4228 occultus,

2170 4251 2330 4306 homo
2349 4252 2678 4321 manifestus,
2703 4263 2760 4307 ut
2781 4251 3090 4308 manifestos
3111 4252 3353 4309 homines
3375 4252 3574 4308 faceret
3595 4252 3754 4320 deos;

2168 4351 2223 4398 et
2253 4343 2420 4399 Filius
2448 4345 2562 4412 Dei,
2593 4345 2760 4401 factus
2786 4346 3021 4402 hominis
3043 4345 3204 4412 filius,
3233 4353 3293 4406 ut
3315 4346 3589 4402 hominum
3617 4345 3755 4401 ﬁlios

2167 4433 2369 4490 faceret
2407 4435 2544 4490 filios
2568 4435 2682 4491 Dei.
2709 4435 2822 4504 Qua
2851 4435 2952 4493 hoc
2977 4447 3093 4492 arte
3125 4437 3398 4508 sapientia:
3425 4453 3536 4492 sua:
3561 4435 3750 4504 faciat,

2167 4525 2221 4582 in
2257 4528 2374 4598 ejus
2411 4527 2591 4583 verbis
2627 4529 2984 4598 agnoscimus.
3029 4529 3290 4600 Loquitur
3330 4530 3472 4586 enim
3521 4529 3756 4600 parvulis

2166 4635 2394 4691 parvus:
2421 4621 2512 4676 sed
2541 4621 2653 4690 ipse
2679 4621 2748 4676 ita
2772 4637 2970 4693 parvus
2997 4633 3053 4678 ut
3079 4633 3132 4679 et
3160 4640 3416 4695 magnus;
3445 4639 3544 4679 nos
3577 4631 3754 4679 autem

2165 4713 2341 4785 parvi,
2364 4712 2458 4768 sed
2479 4713 2532 4766 in
2553 4713 2643 4768 illo
2659 4714 2834 4785 magni
2857 4733 2870 4769 :
2895 4714 3130 4786 loquitur
3151 4731 3278 4786 ergo
3301 4726 3550 4787 tanquam
3566 4715 3753 4772 fovens

2165 4814 2221 4862 et
2245 4806 2484 4860 nutriens
2513 4806 2800 4874 lactentes,
2833 4814 2885 4862 et
2909 4807 3138 4863 amando
3174 4816 3502 4864 crescentes.

2233 4897 2290 4951 2.
2332 4895 2564 4963 Dixerat,
2597 4895 2720 4951 Non
2737 4907 2893 4968 potest
2919 4896 3089 4952 Filius
3125 4915 3158 4952 a
3180 4915 3234 4953 se
3262 4901 3428 4971 facere
3451 4897 3752 4970 quidquam,

2165 4988 2264 5042 nisi
2285 4987 2418 5059 quod
2457 4987 2632 5043 viderit
2672 4987 2881 5042 Patrem
2917 4989 3182 5058 facientem
3213 4987 3390 5058 (Joan.
3417 4987 3622 5060 v,19).
3666 4987 3754 5042 ln-

2164 5079 2463 5134 telleximus
2479 5087 2654 5134 autem
2677 5079 2795 5148 quia
2819 5095 2921 5135 non
2945 5095 3185 5135 seorsum
3207 5079 3402 5150 aliquid
3427 5079 3584 5134 Pater
3611 5077 3754 5146 facit,

2163 5171 2305 5242 quod
2339 5187 2458 5226 cum
2485 5171 2680 5228 viderit
2711 5171 2895 5238 Filius,
2921 5171 3078 5228 faciat
3105 5179 3160 5226 et
3183 5172 3296 5242 ipse
3325 5171 3522 5242 aliquid
3545 5170 3648 5224 tale
3677 5169 3759 5224 in-

2163 5275 2346 5336 specto
2383 5280 2544 5336 opere
2590 5265 2761 5324 Patris
2805 5266 2882 5320 sui
2911 5283 2924 5331 ;
2956 5265 3049 5321 sed
3079 5265 3218 5334 quod
3259 5265 3409 5328 dixit,
3441 5263 3564 5318 Non
3595 5272 3757 5334 potest

2163 5357 2335 5413 Filius
2359 5375 2390 5411 a
2417 5375 2469 5413 se
2499 5361 2665 5430 facere
2699 5357 3007 5428 quidquam,
3036 5357 3134 5410 nisi
3167 5357 3299 5428 quod
3341 5355 3516 5409 viderit
3547 5353 3756 5408 Patrem

2165 5451 2447 5524 facientem,
2477 5451 2597 5520 quia
2619 5449 2684 5503 de
2710 5449 2865 5504 Patre
2894 5456 2975 5502 est
3006 5457 3146 5503 totus
3176 5447 3342 5503 Filius
3366 5489 3380 5514 ,
3407 5455 3461 5502 et
3491 5455 3600 5502 tota
3629 5445 3760 5501 sub-

2165 5545 2356 5599 stantia
2399 5551 2454 5599 et
2493 5543 2723 5612 potentia
2773 5541 2887 5612 ejus
2927 5557 2996 5596 ex
3042 5542 3135 5596 illo
3164 5551 3246 5597 est
3284 5540 3374 5612 qui
3402 5541 3585 5620 genuit
3609 5555 3754 5595 eum.

2161 5637 2318 5694 Modo
2343 5645 2519 5692 autem
2545 5651 2666 5692 cum
2693 5633 2914 5691 dixisset
2939 5651 2998 5690 se
3020 5635 3136 5692 haec
3165 5635 3338 5690 facere
3369 5635 3614 5690 similiter
3636 5647 3756 5704 qua!

2165 5725 2288 5786 facit
2313 5727 2502 5796 Pater,
2528 5736 2585 5782 ut
2626 5741 2730 5782 non
2769 5725 3127 5798 intelligamus
3165 5727 3266 5783 alia
3304 5725 3481 5783 facere
3521 5725 3755 5784 Patrem.
