4118 6494
334 353 476 410 9565

327 466 435 518 alia
461 463 676 528 Filium,
701 460 794 518 sed
824 459 980 516 simili
1009 458 1240 530 potentia
1281 456 1458 514 facere
1496 457 1687 514 Filium
1723 457 1912 515 eadem

329 556 445 622 ipsa
467 570 587 624 qum
604 554 761 608 Pater
780 551 924 618 facit,
944 567 1064 606 cum
1086 550 1238 605 Pater
1255 549 1379 604 facit
1400 566 1496 621 per
1518 548 1704 605 Filium
1726 567 1739 614 ;
1760 565 1917 604 secu-

329 657 416 700 tus
439 647 511 698 ait
529 645 669 715 quod
689 643 842 698 hodie
871 645 1062 698 lectum
1087 643 1401 709 audivimus,
1427 642 1579 697 Pater
1600 643 1730 696 enim
1749 641 1917 711 diligit

329 735 549 800 Filium,
576 747 621 790 et
649 737 816 790 omnia
839 736 1145 788 demonstrat
1187 736 1229 788 ei
1263 751 1376 805 quae
1401 735 1507 806 ipse
1532 735 1672 803 facit.
1717 734 1917 788 Rursus

329 830 574 886 mortalis
601 830 854 899 cogitatio
893 829 1248 896 perturbatur.
1295 825 1628 880 Demonstrat
1655 825 1809 879 Pater
1830 825 1914 878 Fi-

329 921 402 975 lio
430 938 549 992 quae
581 921 692 990 ipse
733 921 856 974 facit
892 918 907 974 Ξ
941 935 1068 990 ergo
1092 960 1106 985 ,
1137 920 1209 972 ait
1236 919 1460 988 aliquis,
1493 933 1735 973 seorsum
1764 917 1918 971 Pater

325 1010 474 1076 hcit,
510 1024 566 1065 ut
594 1012 762 1082 possit
783 1011 945 1065 Filius
967 1011 1142 1064 videre
1164 1009 1302 1080 quod
1335 1011 1473 1063 facit.
1508 1008 1711 1062 Rursus
1730 1022 1917 1062 occur-

325 1112 454 1158 runt
487 1103 732 1156 humanae
766 1101 1071 1171 cogitationi
1095 1109 1341 1169 tanquam
1369 1098 1594 1152 artifices
1617 1098 1740 1160 duo,
1771 1099 1917 1152 velut

324 1196 367 1250 si
405 1196 554 1248 faber
583 1195 772 1250 doceat
826 1195 991 1248 lilium
1019 1207 1170 1252 suum
1204 1201 1370 1246 artem
1399 1207 1578 1255 suam,
1609 1198 1662 1244 et
1696 1189 1916 1244 demon-

325 1296 462 1340 stret
497 1287 547 1340 ei
593 1286 845 1356 quidquid
891 1287 1038 1350 facit,
1070 1293 1125 1338 ut
1155 1285 1321 1355 possit
1357 1284 1514 1339 etiam
1561 1283 1672 1351 ipse
1703 1282 1911 1340 facere:

327 1379 517 1431 Omnia
537 1420 554 1439 ,
584 1378 772 1446 inquit,
797 1379 1103 1431 demonstrat
1130 1377 1174 1429 ei
1200 1391 1311 1446 qua?
1330 1392 1437 1447 ipse
1461 1376 1602 1445 facit.
1629 1372 1761 1428 Cum
1787 1389 1915 1444 ergo

324 1469 486 1522 Pater
522 1467 682 1532 facit,
716 1467 881 1522 Filius
921 1483 1028 1521 non
1057 1467 1210 1531 facit,
1239 1476 1295 1519 ut
1330 1465 1498 1538 p0ssit
1537 1465 1717 1519 videre
1752 1463 1915 1518 Filius

322 1559 467 1627 quod
502 1559 659 1612 Pater
692 1558 858 1612 facit?
896 1558 1056 1613 Certe
1085 1558 1254 1611 omnia
1285 1574 1372 1626 per
1408 1559 1574 1628 ipsum
1613 1559 1747 1626 facta
1774 1564 1908 1622 sunt,

323 1659 370 1704 et
404 1650 514 1702 sine
544 1651 653 1718 ipso
684 1652 873 1720 factum
903 1659 975 1702 est
1002 1648 1146 1702 nihil.
1181 1648 1331 1702 Hunc
1356 1648 1596 1702 videmus
1624 1647 1914 1718 quemdad-

324 1742 548 1796 modum
579 1744 735 1796 Pater
756 1743 1082 1798 demonstrat
1120 1742 1253 1798 Filio
1279 1742 1418 1816 quod
1464 1742 1624 1805 facit;
1663 1757 1782 1795 cum
1810 1741 1914 1798 Pa-

327 1843 413 1889 ter
443 1835 571 1888 nihil
600 1833 776 1900 faciat,
808 1834 909 1888 nisi
937 1833 1074 1902 quod
1107 1849 1198 1902 per
1225 1833 1411 1886 Filium
1441 1832 1581 1886 facit.
1622 1831 1757 1898 Quid
1791 1830 1914 1891 fecit

322 1926 525 1986 Pater?
564 1926 837 1980 Mundum.
875 1925 1017 1978 Itane
1045 1923 1237 1978 factum
1283 1923 1535 1977 mundum
1574 1923 1912 1976 demonstra-

324 2018 404 2070 vit
450 2017 604 2082 Filio,
637 2027 696 2070 ut
737 2025 790 2070 et
827 2018 938 2085 ipse
968 2016 1071 2069 tale
1101 2015 1292 2085 aliquid
1321 2013 1559 2070 faceret?
1587 2014 1750 2068 Detur
1786 2028 1913 2084 ergo

325 2106 560 2162 mundus
586 2106 740 2160 nobis
765 2123 920 2177 quem
949 2105 1071 2160 fecit
1091 2116 1146 2161 et
1172 2107 1352 2171 Filius,
1395 2105 1520 2170 Sed,
1549 2115 1601 2158 et
1630 2105 1798 2158 omnia
1825 2121 1914 2173 per

322 2201 492 2267 ipsum
522 2200 659 2268 facta
705 2209 840 2264 sunt,
870 2209 913 2252 et
941 2200 1046 2253 sine
1072 2199 1180 2269 ipso
1209 2201 1393 2270 factum
1419 2207 1488 2251 est
1519 2197 1663 2262 nihil,
1687 2207 1734 2251 et
1762 2213 1912 2250 mune

322 2293 420 2347 dus
438 2309 528 2361 per
547 2309 658 2346 eum
682 2297 845 2363 [actus
865 2301 933 2345 est
955 2293 1131 2359 (Joan.
1151 2308 1188 2357 ι,
1210 2291 1262 2358 3,
1285 2289 1390 2362 l0).
1416 2291 1470 2343 Si
1491 2288 1658 2344 factus
1678 2304 1773 2358 per
1789 2305 1909 2343 eum

322 2393 406 2440 εει
447 2383 696 2447 mundus,
729 2393 781 2438 et
810 2384 987 2436 omnia
1033 2397 1126 2451 per
1164 2380 1336 2448 ipsum
1368 2380 1500 2434 facta
1531 2389 1673 2444 sunt,
1705 2389 1759 2434 et
1783 2380 1912 2436 nihil

320 2475 449 2531 facit
478 2475 636 2528 Pater
660 2474 800 2543 quod
839 2491 943 2527 non
987 2490 1080 2543 per
1123 2474 1311 2527 Filium
1352 2473 1540 2538 faciat;
1570 2473 1656 2527 ubi
1687 2473 1908 2526 demon-

320 2576 458 2622 strat
492 2566 629 2620 Filio
673 2567 830 2621 Pater
877 2567 1017 2642 quod
1059 2567 1209 2632 facit,
1241 2567 1337 2620 nisi
1384 2567 1434 2620 in
1483 2566 1596 2634 ipso
1636 2565 1770 2619 Filio
1813 2581 1912 2635 per

319 2674 482 2728 quem
512 2658 675 2712 facit?
711 2658 842 2724 Quis
867 2660 1008 2713 enim
1040 2658 1186 2712 locus
1224 2657 1310 2711 ubi
1349 2657 1745 2711 demonstretur
1776 2672 1910 2727 opus

318 2751 498 2805 Patris
525 2750 682 2816 Filio,
711 2750 863 2820 quasi
891 2758 1040 2803 extra
1074 2749 1226 2802 faciat
1257 2757 1310 2802 et
1338 2757 1485 2806 extra
1512 2747 1712 2810 sedeat,
1743 2757 1793 2801 et
1818 2747 1908 2800 Fi-

318 2844 426 2900 lius
468 2843 700 2897 attendal
751 2859 962 2896 manum
1016 2842 1186 2896 Patris
1228 2839 1671 2911 quemadmodum
1717 2839 1909 2894 faciat?

321 2935 421 2989 L’bi
451 2943 536 2988 est
561 2935 646 2987 illa
672 2933 1039 3004 inseparabilis
1054 2932 1328 2988 Trinitas?
1358 2931 1448 2985 ubi
1468 2940 1551 2985 est
1586 2930 1813 2984 Verbum
1841 2929 1908 2984 de

315 3041 428 3097 quo
455 3027 658 3081 dictum
686 3035 765 3080 est
809 3027 946 3095 quod
992 3026 1102 3095 ipse
1131 3034 1214 3080 est
1233 3025 1408 3078 Virtus
1437 3032 1488 3078 ct
1516 3023 1780 3092 Sapientia
1815 3022 1906 3077 Dei

319 3118 337 3186 (
363 3117 379 3168 Ι
406 3116 526 3170 Cor.
561 3132 598 3178 l,
632 3115 765 3187 2i)?
805 3116 890 3169 ubi
925 3115 1063 3185 quod
1103 3115 1171 3168 de
1201 3115 1310 3184 ipsa
1337 3114 1606 3182 Sapientia
1636 3112 1906 3180 Scriptura

314 3209 469 3274 dicit,
499 3208 704 3263 Candor
730 3218 799 3262 est
823 3209 953 3261 enim
980 3207 1103 3260 lucis
1130 3216 1328 3260 aeterna:
1359 3207 1512 3278 (Sap,
1537 3220 1610 3258 vlt
1627 3244 1642 3270 ,
1667 3204 1796 3273 26)?
1819 3203 1906 3257 ubi

311 3301 459 3373 quod
490 3301 558 3354 de
601 3300 688 3353 illa
724 3299 912 3356 iterum
943 3299 1155 3362 dicitur,
1203 3297 1417 3366 Attingit
1451 3313 1480 3347 a
1507 3296 1606 3364 [inc
1647 3311 1801 3363 usque
1839 3293 1907 3348 ad

314 3395 472 3462 ﬁnem
499 3393 716 3461 fortiter,
753 3398 799 3443 et
827 3389 1049 3459 disponit
1075 3387 1243 3440 omnia
1274 3388 1494 3442 suaviter
1525 3385 1634 3456 (Id.
1657 3402 1768 3451 vttt,
1799 3388 1820 3440 l
1847 3387 1906 3456 )?

313 3485 369 3541 Si
402 3484 532 3555 quid
572 3483 696 3536 facit
733 3481 910 3544 Pater,
948 3495 1042 3549 per
1067 3479 1257 3537 Filium
1299 3477 1458 3542 facit;
1488 3477 1532 3531 si
1565 3492 1656 3546 per
1683 3476 1906 3546 Sapien-

313 3578 446 3630 tiam
492 3589 682 3640 suam,
730 3583 784 3627 et
823 3572 1080 3628 Virtutem
1128 3586 1276 3624 suam
1319 3569 1479 3624 facit:
1512 3585 1616 3622 non
1645 3578 1792 3623 extra
1829 3569 1904 3624 illi

317 3666 553 3723 ostendit
567 3665 707 3734 quod
727 3665 921 3728 videat,
941 3663 1032 3718 sed
1053 3663 1105 3721 in
1128 3663 1242 3732 ipso
1265 3662 1339 3714 illi
1359 3661 1591 3717 ostendit
1607 3662 1746 3731 quod
1763 3661 1902 3714 facit.

388 3762 444 3814 '5.
486 3758 626 3826 Quid
653 3757 794 3812 videt
820 3756 1004 3819 Pater,
1031 3754 1112 3807 vel
1141 3755 1314 3824 potius
1343 3753 1468 3823 quid
1498 3753 1637 3807 videt
1667 3753 1832 3806 Filius
1854 3753 1905 3807 in

314 3853 477 3908 Patre
509 3862 566 3906 ut
594 3849 749 3904 faciat
777 3857 830 3903 et
855 3848 1009 3916 ipse?
1056 3848 1259 3900 Possim
1305 3845 1439 3899 forte
1475 3846 1691 3911 dicere;
1721 3846 1813 3899 sed
1839 3845 1905 3899 da

317 3948 409 4012 qui
446 3941 616 4012 possit
651 3955 873 4009 capere:
907 3947 993 3992 aut
1024 3938 1158 3992 forte
1183 3937 1382 4008 possim
1410 3937 1640 4005 cogitare
1660 3979 1674 4003 ,
1700 3951 1797 3991 nec
1823 3937 1905 3989 di-

311 4047 475 4096 cere;
505 4041 598 4085 aut
635 4030 765 4084 forte
808 4044 906 4083 nec
934 4027 1186 4098 cogitare.
1229 4028 1448 4081 Excedit
1491 4029 1630 4081 enim
1677 4042 1778 4082 nos
1818 4028 1906 4081 illa

316 4126 570 4181 divinitas
597 4135 841 4193 tanquam
867 4122 1010 4175 Deus
1036 4121 1299 4185 hmnines,
1323 4129 1568 4192 tanquam
1595 4121 1907 4175 immortalis

315 4214 600 4280 mortales,
623 4226 868 4284 tanquam
886 4223 1115 4268 a2ternus
1137 4213 1472 4282 temporales.
1492 4212 1714 4283 lnspiret
1735 4225 1785 4270 et
1809 4215 1906 4267 do-

315 4321 409 4365 net
434 4352 446 4372 ,
478 4308 546 4363 de
574 4308 715 4362 fonte
743 4307 832 4360 illo
859 4307 978 4362 vita:
1009 4320 1148 4359 nunc
1181 4305 1378 4374 aliquid
1411 4305 1638 4360 irrorare
1665 4306 1908 4376 dignetur

312 4410 374 4456 et
401 4399 662 4454 distillare
693 4399 743 4451 in
771 4397 912 4451 sitim
946 4408 1219 4462 nostram,
1254 4413 1320 4452 ne
1359 4398 1410 4451 in
1454 4397 1551 4451 hac
1578 4413 1758 4452 eremo
1785 4415 1908 4453 are-

313 4506 554 4547 scamus.
602 4490 846 4544 Dicamus
882 4493 967 4552 ei,
998 4489 1242 4554 Domine,
1269 4491 1350 4542 cui
1383 4489 1660 4543 didicimus
1690 4490 1870 4545 dicere
1890 4531 1904 4556 ,

316 4583 502 4638 Pater.
544 4582 814 4636 Audemus
841 4581 981 4635 enim
1011 4580 1130 4643 hoc,
1164 4581 1284 4650 quia
1325 4580 1436 4650 ipse
1473 4581 1639 4634 voluit
1665 4590 1721 4635 ut
1748 4581 1912 4635 aude-

315 4689 508 4730 remus
544 4691 558 4728 :
589 4674 636 4729 si
665 4681 838 4727 tamen
871 4672 948 4726 sic
977 4673 1234 4735 vivamus,
1264 4683 1321 4725 ut
1347 4686 1450 4725 non
1479 4673 1632 4726 nobis
1659 4672 1819 4738 dicat,
1849 4671 1910 4727 Si

325 4763 485 4818 Pater
505 4780 639 4830 sum,
661 4764 744 4818 ubi
772 4771 844 4818 est
883 4762 1042 4816 honor
1066 4763 1228 4816 meus?
1248 4764 1291 4817 si
1315 4762 1561 4817 Dominus
1580 4781 1710 4830 smn,
1736 4763 1815 4817 ubi
1839 4773 1910 4817 est

321 4857 477 4909 timor
504 4872 645 4909 meus
685 4853 946 4924 (Malach.
977 4869 1012 4917 ι,
1039 4853 1134 4922 6)?
1175 4855 1418 4909 Dicamus
1450 4871 1573 4924 ergo
1605 4856 1711 4920 illi,
1755 4857 1913 4911 Pater

319 4959 531 5005 noster.
561 4951 659 5004 Cui
683 4949 936 5016 dicimus,
969 4953 1126 5006 Pater
1153 4949 1370 5003 noster?
1404 4948 1537 5004 Patri
1564 4947 1781 5002 Christi.
1814 4951 1914 5015 Qui

319 5057 454 5112 ergo
508 5041 652 5096 Patri
705 5041 898 5097 Christi
947 5045 1108 5109 dicit,
1152 5042 1311 5097 Pater
1360 5049 1580 5104 noster,
1621 5040 1746 5110 quid
1789 5040 1914 5095 dicit

322 5132 563 5198 Christo,
587 5133 690 5187 nisi
709 5176 722 5198 ,
748 5133 938 5189 Frater
967 5134 1190 5189 noster?
1214 5133 1324 5186 Non
1349 5142 1523 5186 tamen
1555 5133 1689 5186 sicut
1717 5129 1913 5187 Christi

324 5225 522 5291 Pater,
558 5226 631 5279 ita
681 5234 735 5281 et
775 5235 956 5281 uoster
988 5227 1181 5280 Pater:
1209 5239 1472 5294 nunquam
1505 5224 1644 5278 enim
1672 5224 1916 5278 Christus

325 5318 401 5372 ita
431 5333 532 5374 nos
555 5319 861 5388 conjunxit,
891 5329 945 5372 ut
973 5320 1167 5373 nullam
1195 5318 1584 5372 distinctionem
1617 5319 1810 5371 faceret
1839 5319 1916 5370 in-

326 5420 414 5464 ter
454 5426 555 5464 nos
601 5420 652 5465 et
697 5411 908 5465 se.'lllc
955 5412 1094 5465 enim
1144 5410 1308 5464 Filius
1346 5411 1562 5478 atqualis
1600 5409 1739 5462 Patri
1776 5450 1791 5473 ,
1828 5409 1918 5462 ille

327 5509 566 5555 aeternus
599 5515 718 5554 cum
749 5502 932 5565 Patre,
964 5501 1209 5571 Patrique
1236 5509 1572 5554 comternus:
1603 5514 1698 5552 nos
1742 5509 1917 5554 autem

328 5589 454 5644 facti
485 5605 582 5662 per
610 5591 801 5645 Filium
823 5633 837 5658 ,
862 5590 1092 5661 adoptati
1121 5607 1212 5660 per
1245 5589 1486 5646 Unicum.
1526 5590 1754 5644 Proinde
1786 5606 1920 5644 nuu-

329 5695 496 5750 quam
522 5681 762 5736 auditum
797 5692 878 5736 est
901 5681 968 5736 de
991 5697 1085 5737 ore
1116 5681 1321 5735 Domini
1353 5681 1516 5735 nostri
1549 5680 1674 5735 Jesu
1700 5679 1916 5750 Christi,

330 5788 454 5829 cum
504 5773 571 5830 ad
609 5773 896 5848 discipulos
923 5776 1258 5850 loqueretur,
1289 5775 1486 5832 dixisse
1514 5775 1660 5830 illum
1704 5772 1770 5832 de
1810 5775 1919 5832 Deo

1469 345 1876 412 mammis
1919 343 2060 402 χχι.
2101 343 2327 402 CAPUT
2372 341 2436 400 v.

3457 351 3596 410 1566

2021 476 2229 517 summo
2250 463 2403 516 Patre
2425 475 2542 526 suo,
2565 461 2722 517 Pater
2747 471 2962 517 noster:
2986 463 3077 518 sed
3109 473 3218 531 aut,
3243 465 3394 520 Pater
3423 481 3596 536 meus,

2017 551 2185 617 dixit;
2233 561 2324 605 aut
2344 593 2359 617 ,
2392 552 2548 607 Pater
2576 543 2778 608 vester.
2798 554 2954 609 Pater
2981 564 3163 610 noster
3191 572 3298 611 non
3327 557 3477 628 dixit,
3511 575 3601 615 us-

2018 655 2121 711 que
2148 643 2280 697 adeo
2312 653 2376 697 ut'
2393 643 2620 713 quodam
2649 645 2765 700 loco
2794 655 3011 714 poneret
3041 647 3154 702 haec
3175 649 3282 703 duo
3311 667 3326 704 :
3360 648 3504 704 Vada
3532 653 3600 706 ad

2020 731 2183 787 Deum
2235 750 2430 799 meum,
2462 735 2647 806 inquit,
2699 745 2745 789 et
2790 735 2953 791 Deum
2995 747 3228 793 vestrum.
3271 741 3446 808 Quare
3492 759 3598 800 non

2018 823 2171 890 dixit,
2206 825 2366 878 Deum
2398 826 2676 882 nostrum?
2707 827 2772 880 Et
2801 827 3007 882 Putrem
3032 846 3196 884 meum
3222 832 3388 900 dixit,
3417 843 3464 888 et
3495 834 3593 890 Pa.

2020 924 2143 968 (rem
2182 924 2394 968 vestrum
2424 915 2599 984 (Joan.
2632 933 2694 970 xx
2722 959 2736 983 ,
2764 918 2887 988 17);
2930 934 3033 972 non
3064 919 3231 987 dixit,
3263 922 3473 978 Patrem
3501 941 3601 980 no-

2019 1016 2206 1060 strum.
2250 1007 2337 1062 Sic
2371 1008 2540 1076 jungit
2571 1017 2625 1062 ut
2660 1009 2964 1079 distinguat,
2993 1012 3068 1064 sic
3096 1013 3367 1082 distinguit
3395 1025 3451 1070 ut
3493 1032 3600 1072 non

2018 1098 2278 1168 sejungat.
2324 1097 2493 1153 Unum
2523 1115 2618 1152 nos
2648 1099 2757 1152 vult
2784 1115 2900 1155 esse
2932 1101 2983 1154 in
3010 1116 3088 1167 se,
3113 1119 3274 1158 unum
3295 1115 3471 1161 autem
3497 1107 3599 1163 Pa-

2021 1199 2152 1243 trem
2181 1199 2233 1244 et
2259 1203 2336 1243 se.

2089 1281 2142 1335 4.
2184 1281 2676 1352 Quantumcumque
2699 1297 2826 1353 ergo
2857 1283 3204 1354 intelligamus
3232 1294 3286 1340 et
3313 1295 3566 1356 quantum
3588 1328 3603 1353 ,

2017 1387 2243 1441 cumque
2281 1372 2551 1426 videamus
2571 1413 2585 1438 ,
2614 1374 2772 1428 etiam
2812 1389 2931 1427 cum
2964 1375 3176 1444 Angelis
3205 1379 3395 1446 arquati
3432 1377 3602 1432 fueri-

2019 1479 2156 1530 mus,
2199 1481 2305 1519 non
2344 1465 2638 1521 videbimus
2666 1468 2800 1520 sicut
2837 1465 2975 1524 videt
3004 1467 3186 1521 Filius.
3226 1469 3332 1523 Nos
3375 1470 3516 1524 enim
3545 1479 3601 1526 et

2017 1558 2228 1628 quando
2251 1574 2353 1612 non
2381 1559 2640 1626 videmus,
2665 1574 2847 1614 sumus
2863 1561 3078 1629 aliquid.
3112 1561 3178 1615 Et
3201 1563 3324 1631 qttid
3346 1563 3485 1617 aliud
3510 1579 3601 1618 su-

2017 1665 2138 1704 mus
2165 1651 2377 1719 quando
2407 1665 2510 1704 non
2540 1651 2799 1717 videmus,
2829 1652 2926 1704 nisi
2957 1667 3060 1704 non
3092 1652 3372 1707 videntes?
3402 1653 3598 1710 Sumus

2017 1749 2192 1794 tamen
2222 1741 2302 1795 vel
2335 1757 2437 1795 non
2470 1743 2744 1806 videntes;
2773 1751 2825 1796 et
2847 1752 2903 1796 ut
2929 1742 3222 1808 videamus,
3242 1745 3601 1802 convertimus

2015 1848 2116 1889 nos
2139 1833 2204 1886 ad
2231 1849 2349 1886 eum
2381 1849 2536 1902 quem
2565 1833 2874 1898 videamus;
2904 1841 2960 1889 et
2987 1833 3044 1887 ﬁt
3071 1835 3122 1888 in
3148 1833 3299 1888 nobis
3328 1835 3462 1889 visio
3479 1850 3600 1904 qua:

2018 1943 2122 1982 non
2153 1937 2285 1992 erat,
2314 1927 2525 1996 quando
2552 1942 2648 1981 nos
2676 1936 2851 1980 tamen
2871 1941 3103 1980 eramus.
3145 1925 3240 1980 Est
3267 1926 3410 1981 enim
3440 1925 3600 1982 homo

2017 2036 2125 2074 non
2153 2020 2366 2084 videns,
2398 2027 2450 2073 et
2495 2019 2632 2072 idem
2666 2019 2778 2086 ipse
2806 2033 2924 2071 cum
2965 2018 3185 2080 viderit,
3216 2017 3412 2072 dicitur
3441 2017 3600 2072 homo

2016 2113 2221 2166 videns.
2263 2111 2374 2164 Non
2400 2126 2527 2180 ergo
2559 2109 2657 2164 hoc
2681 2120 2762 2164 est
2793 2102 2862 2162 illi
2895 2109 3100 2174 videre,
3124 2109 3263 2178 quod
3288 2124 3406 2164 esse
3425 2109 3598 2163 homi-

2016 2219 2137 2258 nem
2160 2222 2170 2256 :
2193 2220 2310 2256 nam
2339 2203 2380 2254 si
2413 2201 2511 2254 hoc
2535 2202 2605 2254 illi
2628 2209 2770 2256 esset
2797 2201 2974 2254 videre
3000 2201 3138 2269 quod
3163 2215 3282 2255 esse
3304 2200 3595 2266 hominem,

2016 2311 2282 2364 nunquam
2312 2303 2453 2349 esset
2477 2294 2638 2348 homo
2665 2293 2762 2347 nisi
2792 2293 2990 2345 videns.
3020 2291 3150 2360 Cum
3177 2308 3304 2344 vero
3326 2299 3410 2346 est
3439 2291 3599 2345 homo

2017 2403 2120 2442 non
2153 2387 2357 2451 videns,
2388 2395 2441 2440 et
2470 2386 2658 2454 quaerit
2687 2384 2863 2438 videre
2883 2382 3024 2452 quod
3058 2397 3158 2436 non
3191 2381 3364 2445 videt;
3398 2381 3600 2451 estqui

2014 2485 2248 2547 qumrat,
2276 2485 2433 2531 etest
2459 2475 2547 2545 qui
2583 2491 2641 2530 se
2677 2483 2950 2528 convertat
2973 2482 3028 2528 ut
3059 2473 3273 2527 videat:
3302 2483 3354 2527 et
3394 2488 3514 2527 cum
3539 2487 3598 2528 se
3660 2513 3670 2524 .

2015 2569 2150 2622 bene
2177 2567 2496 2621 converterit
2521 2574 2573 2619 et
2598 2565 2808 2630 viderit,
2834 2565 2890 2616 lit
2919 2565 3077 2616 homo
3111 2563 3314 2640 videns,
3339 2563 3426 2633 qui
3448 2563 3594 2632 prius

2013 2670 2128 2715 erat
2149 2659 2308 2716 homo
2329 2675 2433 2712 non
2454 2657 2657 2710 videns.
2682 2655 2872 2709 Videre
2891 2671 3018 2724 ergo
3037 2654 3240 2708 accedit
3261 2655 3424 2719 illi,et
3449 2669 3599 2709 rece-n

2011 2750 2091 2804 dit
2113 2750 2179 2802 ab
2207 2749 2295 2802 illo
2326 2766 2337 2797 :
2363 2748 2568 2800 accedit
2595 2745 2665 2799 illi
2697 2762 2814 2800 cum
2841 2760 2902 2798 se
2925 2735 3244 2798 converterit
3269 2786 3282 2808 ,
3307 2743 3506 2798 recedit
3528 2743 3597 2798 ab

2012 2841 2106 2894 illo
2142 2855 2262 2894 cum
2307 2854 2366 2892 se
2413 2837 2688 2891 averterit.
2745 2835 3010 2904 Numquid
3055 2835 3124 2888 ita
3171 2835 3377 2890 Filius?
3421 2835 3594 2891 Absit.

2011 2932 2290 3004 Nunquam
2319 2930 2413 2984 fuit
2442 2929 2607 2984 Filius
2633 2943 2735 2981 non
2763 2927 2945 2980 videns
2965 2967 2980 2991 ,
3007 2935 3056 2980 et
3086 2934 3265 3004 postea
3315 2925 3481 2978 factus
3513 2933 3596 2980 est

2011 3003 2196 3078 videns
2225 3042 2236 3076 :
2266 3022 2356 3077 sed
2386 3022 2566 3075 videre
2597 3019 2806 3073 Patrem
2832 3059 2845 3082 ,
2880 3017 2979 3070 hoc
3013 3017 3086 3070 illi
3105 3003 3196 3070 'est
3221 3031 3342 3071 esse
3381 3014 3592 3070 Filium.

2009 3113 2119 3170 Nos
2143 3114 2282 3167 enim
2313 3111 2599 3167 avertendo
2626 3109 2691 3162 ad
2720 3116 2989 3176 peccatum
3011 3148 3025 3173 ,
3062 3107 3353 3161 amittimus
3393 3106 3593 3161 illumi-

2011 3209 2278 3262 nationem
2308 3222 2320 3267 ;
2350 3215 2404 3259 et
2429 3203 2784 3258 convertenda
2810 3215 2906 3254 nos
2949 3199 3013 3252 ad
3043 3200 3204 3252 Deum
3231 3239 3244 3262 ,
3277 3199 3596 3267 percipimus
3643 3221 3647 3225 '

2011 3292 2471 3350 illuminationem.
2514 3286 2666 3341 Aliud
2695 3295 2774 3340 est
2805 3285 2948 3340 enim
2986 3285 3163 3338 ltunen
3193 3299 3300 3352 quo
3326 3283 3594 3336 illumina-

2011 3398 2150 3445 mur,
2179 3380 2317 3435 aliud
2351 3395 2447 3434 nos
2472 3380 2562 3448 qui
2590 3377 2967 3431 illuminamur.
2996 3375 3197 3428 Lumen
3225 3383 3402 3428 autem
3425 3373 3596 3444 ipsum

2010 3489 2118 3543 quo
2157 3472 2545 3532 illuminamur,
2575 3485 2673 3522 nec
2712 3468 2971 3521 avertitur
2997 3483 3026 3520 a
3058 3482 3116 3521 se
3141 3506 3156 3530 ,
3181 3481 3280 3520 nec
3311 3465 3479 3535 perdit
3512 3465 3596 3520 lu-

2010 3581 2126 3621 cem
2157 3566 2210 3630 ¹,
2234 3564 2356 3633 quia
2400 3563 2486 3615 lux
2517 3571 2616 3615 est.
2656 3561 2745 3614 Sic
2774 3575 2900 3628 ergo
2929 3559 3258 3613 demonstrat
3285 3559 3442 3611 Pater
3481 3572 3595 3612 retu

2010 3671 2166 3724 quam
2195 3654 2315 3706 facit
2345 3652 2510 3716 Filio,
2545 3661 2599 3704 ut
2635 3652 2685 3704 in
2725 3651 2876 3703 Patre
2909 3650 3083 3703 videat
3107 3648 3282 3702 omnia
3314 3648 3510 3712 Filius,
3541 3655 3598 3702 et

2010 3748 2063 3802 in
2097 3748 2250 3800 Patre
2277 3746 2346 3798 sit
2373 3743 2547 3796 (unnia
2581 3743 2764 3795 Filius.
2798 3741 3037 3795 Videndo
3065 3740 3204 3794 enim
3235 3749 3391 3794 natus
3418 3747 3520 3804 est,
3540 3747 3596 3794 et

2011 3838 2279 3896 nascendo
2319 3837 2478 3889 videt.
2521 3835 2622 3889 Sed
2657 3850 2758 3888 non
2790 3832 3070 3902 aliquando
3111 3847 3216 3886 non
3259 3841 3375 3886 erat
3415 3839 3590 3897 natus,

2010 3942 2059 3986 et
2089 3940 2268 4000 postea
2300 3940 2454 3983 natus
2480 3938 2591 3988 est;
2623 3927 2760 3979 sicut
2787 3940 2890 3978 non
2922 3923 3206 3992 aliquando
3233 3940 3337 3976 non
3366 3923 3516 3987 vidit,
3539 3931 3594 3978 et

2011 4032 2192 4093 postea
2225 4021 2352 4076 vidit
2382 4038 2395 4074 :
2426 4019 2518 4074 sed
2549 4019 2597 4071 in
2631 4033 2696 4072 eo
2726 4015 2866 4085 quod
2896 4025 2974 4069 est
3007 4016 3079 4068 illi
3106 4015 3306 4078 videre,
3339 4011 3391 4068 in
3421 4029 3486 4068 eo
3513 4021 3596 4068 est.

2010 4114 2086 4169 illi
2114 4128 2250 4174 esse,
2287 4113 2335 4164 in
2366 4126 2431 4164 eo
2459 4120 2538 4164 est
2567 4109 2640 4161 illi
2683 4117 2860 4160 natum
2887 4121 3006 4160 esse
3026 4147 3039 4170 ,
3073 4106 3123 4159 in
3153 4119 3218 4159 eo
3243 4114 3324 4158 est
3353 4105 3424 4157 illi
3472 4119 3595 4174 pero

2011 4221 2247 4270 manere,
2277 4205 2332 4258 in
2368 4219 2435 4257 eo
2463 4210 2545 4257 est
2581 4202 2653 4255 illi
2687 4217 2788 4254 non
2821 4200 3011 4252 mutari
3033 4238 3048 4262 ,
3082 4198 3132 4251 in
3166 4212 3231 4251 eo
3261 4206 3340 4251 est
3379 4197 3451 4250 illi
3479 4197 3596 4252 sine

2011 4298 2162 4352 initio
2190 4307 2243 4350 et
2268 4297 2381 4350 sine
2417 4296 2520 4348 line
2550 4294 2854 4362 persistere.
2893 4291 3005 4344 Non
3037 4305 3163 4358 ergo
3190 4290 3474 4343 carnaliter
3509 4303 3598 4344 ae-

2011 4388 2268 4456 cipiamus
2290 4387 2407 4455 quia
2431 4385 2579 4440 sedet
2607 4385 2782 4446 Pater,
2799 4383 2996 4437 etfacit
3020 4397 3174 4452 Opus,
3193 4391 3246 4436 et
3266 4381 3600 4436 demonstrat

2013 4477 2148 4533 Filio
2177 4494 2190 4542 ;
2228 4485 2280 4530 et
2310 4475 2449 4529 videt
2493 4475 2657 4528 Filius
2697 4487 2829 4541 opus
2859 4471 2995 4542 quod
3028 4472 3184 4525 Pater
3211 4471 3363 4534 facit,
3392 4481 3445 4525 et
3471 4471 3599 4526 facit

2012 4569 2143 4624 illud
2172 4569 2222 4622 in
2252 4569 2354 4622 alio
2376 4568 2510 4629 loco,
2531 4575 2619 4618 aut
2640 4581 2704 4618 ex
2731 4565 2831 4616 alia
2861 4563 3102 4616 materia.
3137 4563 3320 4616 Omnia
3341 4561 3484 4616 enim
3509 4576 3600 4631 per

2013 4662 2180 4732 ipsum
2208 4662 2340 4730 facta
2370 4666 2506 4721 sunt,
2528 4665 2573 4708 et
2601 4657 2707 4708 sine
2735 4656 2844 4722 ipso
2870 4658 3059 4724 factum
3088 4662 3160 4706 est
3184 4653 3328 4706 nihil.
3367 4651 3597 4706 Verbum

2015 4751 2186 4806 Patris
2207 4759 2290 4804 est
2309 4750 2490 4811 Filius,
2517 4745 2647 4800 nihil
2671 4746 2804 4799 dixit
2828 4746 2966 4799 Deus
2987 4743 3125 4813 quod
3149 4759 3252 4798 non
3275 4743 3410 4798 dixit
3434 4744 3485 4796 in
3510 4740 3599 4796 Fi-

2016 4843 2105 4897 lio.
2149 4840 2382 4894 Dicendo
2411 4839 2551 4892 enim
2584 4839 2634 4890 in
2665 4837 2798 4892 Filio
2824 4837 2962 4904 tptod
2991 4836 3224 4889 facturus
3252 4843 3366 4888 erat
3393 4847 3482 4902 per
3506 4829 3599 4885 Fi-

2016 4934 2165 4995 lium,
2200 4933 2370 5002 ipsum
2403 4931 2587 4984 Filium
2621 4930 2801 4993 genuit
2829 4943 2922 4996 pcr
2949 4942 3108 4997 quem
3139 4927 3333 4981 faceret
3356 4923 3559 4980 omnia.

2089 5027 2142 5082 5.
2187 5025 2250 5079 Et
2281 5025 2476 5092 maiora
2502 5023 2578 5077 his
2603 5020 2958 5076 demonstrabit
2988 5021 3032 5074 ei
3052 5037 3226 5089 opera,
3255 5029 3308 5072 ut
3337 5035 3420 5073 vos
3449 5018 3603 5071 miro-

2018 5119 2162 5173 mini.
2203 5119 2406 5172 Rursus
2451 5115 2538 5171 hic
2578 5115 2770 5170 turbat.
2812 5115 2878 5169 Et
2918 5115 3037 5183 quis
3064 5121 3146 5167 est
3173 5112 3260 5182 qui
3297 5110 3450 5178 digne
3479 5124 3604 5178 per»

2020 5219 2287 5266 scrutetur
2326 5211 2425 5264 hoc
2472 5218 2675 5262 tantum
2721 5209 3021 5261 secretum?
3058 5206 3158 5260 Sed
3204 5205 3312 5273 jam
3350 5203 3600 5272 quoniam

2021 5303 2176 5357 nobis
2203 5302 2345 5371 loqui
2369 5301 2612 5369 dignatus
2635 5309 2736 5361 est,
2759 5299 2870 5368 ipse
2901 5299 3088 5366 aperit.
3121 5296 3294 5363 Neque
3320 5295 3464 5347 enim
3495 5291 3606 5348 vel-

2021 5395 2094 5452 let
2122 5395 2298 5450 dicere
2337 5391 2478 5462 qnod
2510 5391 2672 5446 nollet
2711 5389 2926 5458 intelligi
2957 5405 2969 5440 :
3003 5387 3122 5456 quia
3153 5385 3330 5439 dicere
3357 5384 3607 5455 dignatus

2022 5496 2125 5554 est,
2155 5487 2271 5542 sine
2295 5484 2455 5538 dubio
2481 5483 2728 5538 excitavit
2767 5481 3085 5535 audientiam
3111 5495 3126 5543 ;
3156 5477 3412 5548 numquid
3444 5491 3600 5546 quem

2023 5579 2272 5634 excitavit
2296 5589 2349 5630 ut
2379 5575 2604 5638 audiret,
2637 5574 2921 5628 excitatum
2955 5571 3194 5626 deserit?
3235 5571 3507 5634 Diximus,
3545 5576 3605 5623 ut

2024 5670 2312 5742 potuimus,
2333 5683 2434 5722 non
2455 5677 2558 5722 tem
2566 5665 2814 5736 poraliter
2828 5663 2964 5718 scire
2981 5663 3192 5734 Filium,
3210 5679 3306 5720 nec
3321 5660 3466 5718 aliud
3484 5673 3605 5717 esse

2090 5785 2106 5817 ⁸
2130 5791 2180 5834 tu
2218 5783 2375 5835 locem
2398 5788 2524 5844 Ilss.,
2549 5790 2635 5830 nec
2655 5775 2813 5842 perdit
2835 5773 3012 5829 lucere.
