4118 6490
537 318 675 377 1567

542 434 663 489 Filii
691 431 986 499 Scientiam,
1011 430 1152 487 aliud
1180 430 1351 503 ipsum
1368 429 1556 485 Filium
1578 447 1592 496 ;
1616 438 1668 484 et
1691 427 1832 482 aliud
1863 440 1983 483 esse
2004 424 2121 480 Filii

536 525 817 591 visionem,
845 532 900 579 et
927 523 1069 579 aliud
1093 523 1263 594 ipsum
1289 522 1479 576 Filium
1508 538 1520 573 :
1549 520 1641 574 sed
1669 520 1838 589 ipsam
1862 519 2121 573 visionem

535 631 659 679 esse
686 615 896 681 Filium,
919 624 974 670 et
1000 615 1164 686 ipsam
1194 613 1465 668 scientiam
1496 611 1579 667 vel
1610 610 1921 681 sapientiam
1949 608 2122 663 Patris

534 719 656 762 esse
677 704 891 773 Filium,
906 720 1129 776 eamque
1154 703 1537 773 sapientiamet
1559 717 1677 756 eam
1698 701 2122 759 visioncmmter-

534 812 673 858 nam,
691 810 811 851 esse
836 796 903 851 ab
927 805 1148 860 aeterno,
1176 803 1228 848 et
1248 794 1297 849 ei
1321 808 1349 846 a
1371 808 1476 863 quo
1499 801 1578 847 est
1603 800 1919 846 coaeternam
1950 791 2001 854 ιις
2022 803 2121 843 nec

534 888 609 943 ibi
642 903 736 959 per
761 897 969 958 tempus
996 886 1195 957 aliquid
1220 885 1447 950 variari;
1472 899 1573 941 nec
1589 884 1786 954 aliquid
1812 882 1955 938 nasci
1978 880 2119 952 quod

533 994 641 1035 non
670 990 823 1045 erat;
854 994 952 1035 nec
977 978 1175 1048 aliquid
1203 978 1375 1048 perire
1413 976 1554 1048 quod
1586 984 1719 1033 erat.
1761 974 2020 1040 Diximus,
2064 981 2122 1028 ut

532 1070 824 1140 potuimus.
864 1069 999 1137 Quid
1039 1084 1173 1139 ergo,
1209 1069 1295 1131 hic
1329 1068 1489 1123 modo
1518 1067 1643 1123 facit
1679 1076 1890 1138 tempus
1911 1107 1924 1131 ,
1952 1074 2009 1125 ut
2037 1064 2120 1125 di-

532 1171 708 1226 ceret,
735 1161 932 1231 majora
970 1160 1048 1214 his
1094 1159 1454 1215 demonstrabit
1498 1160 1545 1213 ei
1588 1160 1782 1228 Opera?
1816 1157 1868 1213 id
1908 1166 1991 1212 est
2023 1156 2125 1215 de-'

535 1260 927 1309 monstraturus
964 1259 1080 1316 est,
1122 1250 1223 1306 hoc
1261 1260 1341 1305 est
1384 1250 1789 1307 demonstrabit.
1831 1249 1985 1304 Aliud
2039 1257 2122 1303 est

532 1340 952 1406 demonstravit,
979 1340 1123 1395 aliud
1150 1349 1232 1396 est
1266 1341 1652 1396 demonstrabit
1676 1359 1688 1393 :
1715 1340 2118 1405 demonstravit,

530 1432 599 1493 de
627 1433 895 1502 prieterito
921 1433 1184 1500 dicimus;
1218 1433 1640 1499 demonstrabit,
1674 1434 1741 1489 de
1783 1433 1959 1488 futuro
1984 1432 2119 1487 diei-

531 1538 672 1582 mus.
704 1524 840 1591 Quid
866 1541 993 1596 ergo
1016 1527 1102 1581 hic
1127 1527 1351 1597 agimus,
1379 1526 1605 1581 fratres?
1622 1526 1762 1582 Ecce
1783 1542 1939 1597 quem
1970 1526 2122 1582 dixe-

531 1629 713 1671 ramus
729 1615 871 1670 Patri
887 1627 1231 1683 comternum,
1248 1617 1377 1672 nihil
1396 1619 1446 1671 in
1467 1618 1558 1671 illo
1569 1618 1757 1672 variari
1777 1634 1870 1687 per
1889 1628 2117 1687 tempus,

530 1707 666 1762 nihil
693 1710 896 1764 moveri
918 1725 1010 1780 per
1034 1711 1201 1780 spatia
1226 1711 1310 1765 vel
1331 1719 1723 1765 momentorum
1741 1711 1823 1764 vel
1854 1711 2113 1777 locorum,

531 1815 752 1856 manere
777 1816 989 1872 semper
1033 1817 1154 1857 cum
1186 1803 1342 1859 Patre
1378 1804 1641 1858 videntem
1663 1844 1678 1868 ,
1709 1804 1974 1858 videntem
2014 1803 2117 1857 Pa-

533 1900 668 1947 trem
695 1902 749 1948 et
774 1893 1003 1949 videndo
1020 1896 1356 1962 existentem,
1380 1911 1565 1951 rursus
1586 1897 1738 1952 nobis
1759 1906 1996 1967 tempora
2022 1913 2118 1951 no-

531 1984 759 2061 minans,
792 1984 1148 2040 demonstrabit
1176 1988 1220 2041 ei
1240 2029 1253 2055 ,
1280 1989 1476 2057 inquit,
1505 1989 1583 2044 his
1608 1991 1825 2060 majora.
1857 1990 1995 2061 Ergo
2023 1990 2119 2047 d0-

529 2060 924 2133 monstraturus
951 2088 1033 2135 est
1059 2079 1232 2134 adhuc
1256 2081 1455 2151 aliquid
1486 2081 1639 2148 Filio,
1668 2083 1810 2153 quod
1840 2099 1943 2139 non
1970 2084 2118 2138 novit

528 2166 734 2227 Filius?
753 2169 890 2237 Quid
909 2185 1034 2240 ergo
1056 2170 1313 2226 facimus?
1334 2174 1602 2243 quomodo
1618 2173 1721 2230 hoc
1736 2175 2116 2246 intelligimus?

530 2258 670 2315 Ecce
687 2260 944 2316 Dominus
965 2270 1144 2318 noster
1156 2262 1310 2319 Jesus
1322 2265 1563 2321 Christus
1578 2281 1788 2324 sursum
1807 2276 1939 2332 erat,
1958 2268 2116 2323 deor-

529 2366 648 2415 sum
670 2362 770 2407 est.
795 2352 1016 2420 Quando
1032 2369 1242 2410 sursum
1265 2359 1415 2411 erat?
1436 2357 1657 2424 Quando
1672 2358 1822 2426 dixit,
1850 2360 2117 2423 Qutecam-

527 2455 623 2510 que
644 2443 766 2511 facit
784 2441 959 2511 Pater,
984 2444 1089 2499 here
1110 2446 1278 2499 eodeni
1297 2458 1342 2501 et
1362 2446 1411 2500 F
1413 2449 1528 2503 ilius
1544 2450 1666 2519 facit
1685 2451 1932 2504 similiter.
1961 2449 2115 2506 Unde

526 2530 692 2586 modo
719 2531 1005 2588 deorsum?
1034 2534 1237 2606 Majora
1275 2538 1353 2592 his
1385 2538 1740 2595 demonstrabit
1778 2543 1823 2596 ei
1854 2559 2027 2613 opera.
2070 2546 2115 2598 0

526 2620 751 2679 Domine
766 2624 891 2680 Jesu
909 2624 1141 2695 Christe,
1168 2629 1399 2683 salvator
1427 2640 1625 2697 noster,
1650 2632 1879 2689 Verbum
1902 2635 1993 2689 Dei
2019 2650 2115 2704 per

524 2715 667 2785 quod
686 2715 820 2771 facta
841 2727 963 2772 sunt
987 2720 1182 2783 omnia,
1204 2721 1329 2790 quid
1353 2722 1444 2776 tibi
1473 2723 1627 2778 Pater
1651 2723 2114 2781 demonstraturus

524 2815 610 2862 est
641 2807 782 2877 quod
817 2808 991 2864 adhuc
1022 2811 1231 2865 neseis?
1259 2811 1385 2881 quid
1417 2822 1467 2867 te
1512 2814 1637 2869 latet
1666 2814 1878 2871 Patris?
1903 2817 2029 2887 quid
2062 2827 2114 2872 te

524 2894 656 2953 latet
694 2898 746 2951 in
769 2897 947 2965 Patre,
977 2914 1135 2969 quem
1165 2915 1270 2956 non
1304 2903 1432 2957 latet
1466 2903 1659 2959 Pater?
1685 2921 1804 2976 quas
1830 2922 1992 2978 opera
2020 2908 2113 2963 tibi

525 2989 729 3056 majora
756 2989 1213 3048 demonstraturus
1238 2995 1359 3050 est?
1387 3005 1473 3051 aut
1502 2997 1691 3065 quibus
1713 3000 1968 3069 operibus
1996 3016 2111 3055 ma-

521 3077 642 3151 jora
673 3090 797 3135 sunt
838 3096 957 3149 quae
985 3081 1442 3141 demonstraturus
1475 3088 1590 3142 est?
1619 3089 1749 3144 Cum
1780 3091 1923 3146 enim
1957 3091 2110 3159 dixit,

525 3171 726 3241 majora
751 3170 847 3235 his,
871 3170 1128 3227 debemus
1156 3174 1298 3244 prius
1324 3175 1618 3247 intelligere
1645 3180 1835 3249 quibus
1864 3182 2087 3252 majora.

597 3263 652 3316 6.
684 3263 1048 3320 Recordemur
1074 3266 1211 3321 unde
1238 3282 1415 3324 sermo
1449 3270 1548 3325 iste
1577 3274 1853 3341 processit.
1888 3273 2111 3342 Quando

524 3362 743 3409 curatus
771 3363 854 3410 est
881 3356 969 3411 ille
996 3357 1085 3428 qui
1114 3358 1326 3428 triginta
1355 3370 1407 3415 et
1433 3371 1555 3417 octo
1592 3378 1762 3419 annos
1799 3364 2031 3421 habebat
2058 3366 2111 3422 in

525 3445 872 3515 infirmitate,
920 3458 975 3505 et
1009 3450 1169 3520 jussit
1192 3466 1312 3507 eum
1359 3454 1565 3508 salvum
1615 3457 1798 3512 tollere
1834 3458 2111 3529 grabatum

527 3552 708 3604 suum,
737 3549 791 3595 et
818 3539 897 3596 ire
925 3557 979 3595 in
1006 3541 1221 3597 domum
1249 3559 1419 3599 suam.
1444 3546 1577 3602 llinc
1594 3548 1736 3602 enim
1766 3548 1935 3604 Judmi
1964 3566 2112 3606 com-

527 3632 681 3698 moti,
712 3647 835 3687 cum
864 3635 1057 3702 quibus
1082 3637 1394 3706 loquebatur
1423 3657 1435 3692 :
1468 3640 1781 3710 loquebatur
1806 3644 1982 3699 verbis
2001 3686 2016 3713 ,
2058 3654 2113 3702 et

524 3722 735 3778 tacebat
774 3724 1078 3793 intellectu;
1106 3727 1497 3797 quodammodo
1524 3732 1776 3788 iunnebat
1807 3734 2109 3807 intelligen-

526 3814 689 3884 tibus,
744 3816 951 3873 celabat
993 3818 1384 3876 irascentibus:
1422 3821 1546 3878 hinc
1595 3840 1721 3895 ergo
1764 3840 1885 3881 cum
1929 3839 2113 3884 essent

525 3906 779 3961 commoti
815 3906 1005 3974 Judrei,
1033 3909 1156 3979 quia
1187 3909 1285 3965 hoc
1324 3912 1543 3967 sabbato
1583 3914 1837 3970 Dominus
1872 3917 2105 3985 faceret,

525 3997 789 4053 dederunt
815 4001 1147 4056 occasionem
1177 4006 1411 4059 sermoni
1442 4006 1582 4061 huic.
1613 4006 1730 4062 Non
1758 4024 1884 4079 ergo
1910 4011 1987 4065 sic
2012 4028 2112 4066 au-

526 4086 741 4143 diamus
771 4087 882 4143 haec
909 4098 1157 4160 tanquam
1179 4092 1325 4147 obliti
1352 4110 1469 4164 qua:
1490 4110 1647 4166 supra
1677 4096 1815 4152 dicta
1841 4108 1985 4167 sunt,
2016 4101 2111 4157 sed

526 4177 873 4247 respiciamus
893 4180 1042 4235 illum
1063 4180 1367 4251 languidum
1390 4184 1602 4255 triginta
1624 4196 1678 4242 et
1702 4198 1822 4244 octo
1846 4204 2111 4248 annorum

524 4271 703 4327 subito
745 4271 940 4327 factum
978 4288 1199 4340 sanum,
1245 4275 1628 4333 admirantibus
1670 4279 1867 4338 iudicis
1905 4291 1961 4340 et
2004 4284 2111 4340 ira—

524 4361 816 4417 scentibus.
866 4362 1185 4431 Qurerebant
1231 4366 1478 4422 tenebras
1523 4370 1693 4440 magis
1734 4370 1804 4427 de
1846 4374 2107 4445 sabbato,

525 4469 685 4526 quam
713 4454 892 4510 lumen
926 4455 992 4511 de
1017 4455 1294 4512 miraculo.
1328 4457 1421 4513 His
1456 4474 1585 4531 ergo
1610 4460 2003 4533 indignantibus
2031 4467 2111 4522 lo-

525 4558 719 4614 quens,
745 4545 821 4600 ait
849 4544 972 4613 hoc,
1006 4545 1210 4619 Majora
1239 4549 1315 4603 his
1349 4550 1708 4607 demonstrabit
1736 4555 1783 4609 ei
1805 4571 1977 4626 Opera.
2013 4558 2112 4614 His

526 4638 726 4708 majora
757 4637 1030 4708 :quibus?
1057 4638 1211 4707 Quod
1248 4640 1455 4699 vidistis
1485 4644 1756 4702 hominem
1796 4646 1993 4706 factum
2023 4665 2111 4709 sa-

527 4742 655 4784 num
678 4770 694 4795 ,
724 4728 876 4799 cujus
913 4729 1135 4802 languor
1160 4732 1445 4789 duraverat
1483 4750 1649 4808 usque
1692 4738 1761 4794 ad
1805 4742 2016 4813 triginta
2056 4753 2112 4800 et

525 4829 649 4877 octo
672 4834 841 4876 annos
856 4863 871 4889 ,
915 4820 1000 4878 bis
1024 4823 1227 4894 majora
1253 4824 1411 4881 Pater
1434 4826 1894 4889 demonstraturus
1917 4845 1998 4890 est
2022 4834 2111 4891 Fi-

462 4916 465 4917 ⁷
528 4912 622 4969 lio.
650 4912 781 4982 Quae
810 4923 934 4968 sunt
961 4915 1200 4984 majora?
1229 4916 1497 4987 Sequitur,
1526 4930 1580 4975 et
1603 4921 1731 4977 dicit
1756 4941 1770 4977 :
1801 4924 1948 4980 Sicut
1976 4928 2110 4983 enim

528 5001 686 5058 Pater
704 5005 911 5060 suscitat
934 5014 1155 5060 mortuos
1170 5016 1215 5061 et
1235 5008 1469 5078 viviﬁcat,
1496 5010 1568 5065 sic
1591 5020 1641 5067 et
1669 5011 1836 5071 Filius
1856 5032 1982 5085 quos
2004 5018 2111 5075 vult

525 5097 765 5167 uiui/ient.
796 5097 962 5152 Plane
989 5099 1190 5168 majora
1213 5110 1336 5155 sunt
1360 5102 1479 5157 ista.
1511 5103 1674 5161 Va‘lde
1708 5108 1853 5164 enim
1880 5111 2000 5180 plus
2027 5121 2110 5168 est

527 5197 588 5243 ut
612 5197 854 5261 resurgat
882 5197 1150 5252 mortuus.
1182 5207 1339 5262 quam
1370 5202 1427 5248 ιιι
1452 5197 1797 5255 convalescat
1835 5212 2065 5272 ωειεοιοε
2090 5223 2105 5260 2

528 5279 729 5350 majora
757 5290 883 5336 sunt
910 5281 1029 5336 ista.
1056 5281 1159 5337 Sed
1186 5283 1398 5353 quando
1433 5300 1495 5341 ea
1531 5286 1689 5343 Pater
1716 5289 2109 5350 demonstratu-

526 5384 620 5425 rus
639 5379 723 5425 est
743 5371 909 5427 Filio?
931 5372 1111 5429 Nescit
1134 5375 1275 5429 enim
1299 5390 1361 5431 ea
1390 5375 1595 5432 Filius?
1620 5386 1674 5433 et
1698 5379 1788 5437 ille
1810 5382 1898 5453 qui
1925 5384 2110 5455 loque-

529 5460 704 5530 batur,
729 5478 834 5518 non
853 5474 1074 5521 noverat
1098 5476 1336 5522 mortuos
1361 5468 1621 5526 suscitare
1641 5471 1664 5525 ἲ
1685 5472 1858 5529 adhuc
1880 5474 2110 5533 habebat

529 5554 735 5610 discere
778 5559 1095 5615 resuscitare
1132 5570 1410 5627 mortuos,
1457 5578 1555 5633 per
1598 5579 1755 5635 quem
1804 5567 1937 5624 facta
1986 5578 2110 5627 sunt

529 5647 749 5704 omnia?
776 5649 866 5719 qui
889 5648 1009 5705 fecit
1026 5662 1082 5707 ut
1106 5653 1423 5720 viveremus,
1446 5657 1535 5726 qui
1557 5673 1662 5714 non
1682 5675 1912 5736 eramus,
1936 5662 2110 5724 adhuc

546 5788 549 5791 ν
596 5762 615 5794 ³
635 5770 741 5829 uss,
768 5763 829 5815 ab
844 5770 1021 5819 attento
1040 5765 1184 5820 etim:
1201 5780 1281 5821 cut
1299 5774 1369 5822 est
1391 5776 1642 5825 cowtema.

1492 315 1557 371 IN
1594 311 1873 371 JOANNIS
1913 306 2380 376 EVANGELIUM,
2420 308 2476 366 S.
2518 307 2886 366 AUGUSTINI

3670 312 3807 369 1568

2231 422 2460 478 habebat
2478 423 2684 480 discere
2707 435 2762 480 ut
2780 425 3251 481 resuscitaremur?
3272 425 3407 494 Quid
3428 436 3509 483 est
3525 443 3654 500 ergo
3673 430 3815 500 quod

2230 514 2345 570 vult
2371 514 2587 573 dicere?

2302 607 2354 659 7.
2380 606 2665 661 Descendit
2687 606 2828 669 enim
2854 606 2918 660 ad
2948 621 3065 673 nos,
3097 609 3264 678 ct.qui
3298 611 3454 679 paulo
3477 619 3603 667 ante
3628 611 3815 682 loque-

2229 694 2387 758 batur
2412 704 2467 749 ut
2494 696 2662 761 Deus,
2692 700 2851 765 coepit
2885 697 3043 767 loqui
3072 707 3125 752 ut
3157 699 3336 753 homo.
3380 699 3498 769 Ipse
3525 711 3608 756 est
3636 711 3811 759 tamen

2229 786 2389 843 homo
2415 788 2503 857 qui
2532 789 2703 855 Deus,
2732 790 2854 859 quia
2892 790 3031 845 Dens
3072 790 3241 844 factus
3267 801 3348 847 est
3376 791 3534 848 homo
3565 811 3578 846 :
3609 794 3702 849 sed
3735 794 3817 848 fa-

2227 887 2345 933 ctus
2385 878 2526 948 quod
2572 894 2677 949 non
2710 895 2823 934 erat
2854 920 2869 947 ,
2900 881 3279 949 nonarnittens
3318 882 3458 952 quod
3492 892 3627 938 erat.
3674 885 3818 954 Ergo

2226 969 2452 1023 accessit
2493 969 2653 1024 homo
2692 970 2843 1036 Deo,
2890 980 2949 1026 ut
2985 981 3125 1027 esset
3172 972 3330 1039 homo
3365 974 3455 1043 qui
3496 981 3611 1029 erat
3640 974 3815 1040 Deus;

2228 1075 2333 1115 non
2364 1070 2419 1115 ut
2439 1062 2548 1130 jam
2580 1061 2739 1117 homo
2764 1072 2927 1130 esset,
2958 1072 3013 1119 et
3036 1078 3138 1118 non
3167 1073 3311 1119 esset
3334 1064 3492 1127 Deus.
3523 1065 3817 1121 Audiamus

2227 1165 2355 1222 ergo
2392 1166 2514 1206 eum
2541 1160 2595 1206 et
2620 1151 2836 1208 fratrem
2863 1195 2877 1219 ,
2905 1155 2994 1223 qui
3018 1156 3033 1187 ²
3062 1154 3408 1215 audiebamus
3435 1154 3765 1212 conditorem
3798 1176 3814 1212 :

2226 1243 2589 1313 conditorem,
2641 1245 2766 1315 quia
2823 1246 3054 1301 Verbum
3114 1247 3168 1302 in
3223 1247 3510 1317 principio;
3554 1248 3814 1309 fratrem.

2226 1336 2349 1411 quia
2402 1345 2584 1392 natum
2642 1354 2707 1393 ex
2768 1339 2972 1415 virgine
3022 1339 3187 1395 Maria
3243 1359 3257 1397 :
3305 1340 3633 1403 conditorem
3690 1352 3817 1397 ante

2225 1428 2517 1494 Abraham,
2539 1431 2880 1498 anteaAdam,
2911 1443 3035 1491 ante
3057 1442 3274 1501 terram,
3300 1443 3423 1489 ante
3448 1435 3663 1502 emtum,
3692 1445 3817 1490 autc

2225 1521 2402 1577 Omnia
2424 1523 2718 1591 corporalia
2744 1532 2797 1578 et
2820 1525 3143 1594 Spiritualia;
3170 1525 3388 1585 fratrem
3416 1536 3601 1586 autem.
3627 1542 3692 1583 ex
3736 1543 3815 1583 se-

2225 1613 2370 1668 mine
2412 1613 2640 1669 Abraha:
2663 1655 2679 1682 ,
2726 1629 2792 1670 ex
2830 1616 2969 1671 tribu
3006 1615 3137 1672 Juda
3163 1657 3179 1684 ,
3229 1633 3301 1676 ex.
3336 1618 3551 1688 Virgine
3598 1617 3810 1674 Israeli-

2224 1702 2347 1771 tica.
2388 1703 2442 1759 Si
2475 1719 2603 1775 ergo
2642 1706 2886 1761 novimus
2929 1707 3100 1773 hunc,
3142 1709 3231 1778 qui
3264 1708 3418 1763 nobis
3447 1708 3709 1778 loquitur,
3756 1719 3812 1765 et

2224 1794 2390 1850 Deum
2413 1806 2465 1851 et
2486 1796 2777 1864 hominem,
2802 1799 3157 1869 intelligamus
3179 1801 3336 1856 verba
3360 1801 3451 1856 Dei
3469 1809 3519 1855 et
3545 1800 3807 1857 hominis:

2222 1886 2509 1955 aliquando
2553 1889 2693 1942 enim
2727 1888 2850 1945 talia
2889 1891 3043 1946 nobis
3072 1890 3201 1949 dicit
3246 1906 3365 1961 quae
3408 1893 3707 1961 pertineant
3743 1893 3812 1954 ad

2222 1976 2555 2046 majestatem
2584 2020 2599 2043 ,
2630 1980 2915 2049 aliquando
2944 1997 3064 2050 qua:
3103 1984 3399 2050 pertineant
3429 1982 3495 2037 ad
3540 1983 3811 2039 humilita-

2225 2073 2351 2128 tem.
2382 2066 2498 2136 Ipse
2518 2069 2662 2123 enim
2693 2070 2935 2126 excelsus
2961 2112 2975 2137 ,
3004 2072 3095 2141 qui
3125 2072 3341 2127 humilis
3368 2083 3424 2127 ut
3455 2088 3551 2129 nos
3579 2074 3811 2130 Immites

2223 2156 2381 2211 faciat
2418 2160 2658 2214 excelsos
2684 2162 2725 2213 ¹.
2757 2160 2893 2228 Quid
2927 2177 3056 2231 ergo
3102 2163 3220 2217 ait?
3267 2162 3638 2218 Demonstrabit
3679 2164 3810 2221 mihi

2224 2249 2383 2304 Pater
2403 2251 2482 2305 Itis
2507 2254 2723 2324 majora,
2755 2264 2810 2306 ut
2836 2268 2922 2308 vos
2950 2256 3223 2309 miremini.
3262 2256 3398 2326 Ergo
3427 2257 3580 2313 nobis
3608 2266 3691 2313 est
3713 2257 3810 2313 de-

2222 2353 2643 2409 monstraturus,
2674 2360 2777 2401 non
2809 2345 2903 2399 illi.
2936 2345 3070 2400 Cum
3107 2362 3235 2417 ergo
3276 2348 3428 2403 nobis
3470 2349 3539 2403 sit
3581 2349 3809 2404 demon-

2221 2442 2486 2489 straturus
2529 2435 2716 2500 Pater;
2768 2445 3049 2505 propterea
3087 2436 3221 2491 dixit
3250 2477 3268 2504 ,
3318 2448 3371 2491 ut
3414 2454 3499 2492 vos
3537 2439 3806 2493 miremini.

2221 2522 2477 2594 Exposuit
2509 2527 2649 2583 enim
2678 2528 2819 2596 quod
2846 2528 3013 2583 voluit
3040 2528 3239 2593 dicere,
3273 2527 3647 2584 Demonstrabit
3678 2532 3807 2585 mihi

2220 2614 2401 2673 Pater.
2445 2616 2622 2685 Quare
2672 2635 2779 2673 non
2808 2620 2980 2687 dixit,
3016 2621 3407 2676 Demonstrabit
3436 2622 3586 2677 vobis
3612 2622 3804 2682 Pater:

2219 2706 2313 2761 sed
2336 2747 2352 2773 ,
2385 2708 2743 2781 demonstrabit
2768 2710 2936 2765 Filio?
2962 2709 3096 2779 Quia
3125 2720 3180 2766 et
3218 2726 3317 2779 nos
3346 2712 3583 2769 membra
3624 2726 3807 2768 sumus

2219 2797 2372 2863 Filii;
2406 2809 2461 2853 et
2489 2814 2587 2863 nos
2627 2801 3138 2873 membratanquam
3183 2804 3323 2874 quod
3370 2805 3622 2870 discimus
3644 2847 3659 2870 ,
3691 2805 3809 2875 ipse

2217 2889 2375 2945 discit
2398 2891 2792 2961 quodammodo
2822 2894 2872 2947 in
2906 2895 3160 2955 membris
3188 2897 3320 2950 suis.
3348 2896 3626 2964 Quomodo
3649 2896 3806 2953 discit

2218 2979 2271 3034 in
2302 2981 2496 3038 nobis?
2522 2982 2802 3052 Quomodo
2832 2984 3031 3053 patitur
3057 2985 3110 3040 in
3139 2987 3309 3042 nobis.
3341 2986 3496 3044 Unde
3522 2986 3808 3058 probamus

2217 3072 2338 3141 quia
2371 3072 2566 3143 patitur
2591 3074 2644 3128 in
2683 3075 2971 3132 nobis?.Ex
3000 3077 3089 3130 illa
3118 3093 3247 3134 voce
3276 3078 3344 3134 de
3383 3080 3523 3142 caelo
3556 3098 3569 3134 :
3609 3080 3803 3147 Saule,

2218 3164 2378 3221 Saule
2400 3208 2415 3233 ,
2460 3166 2581 3235 quid
2620 3183 2697 3220 me
2730 3169 3038 3237 persequeris
3064 3167 3200 3240 (Act.
3234 3186 3287 3224 ιχ
3307 3212 3322 3237 ,
3354 3171 3450 3239 4)ἱ²
3478 3171 3663 3227 Nonne
3692 3173 3806 3242 ipse

2216 3264 2301 3311 est
2328 3257 2418 3325 qui
2461 3255 2619 3325 index
2648 3258 2698 3310 in
2733 3257 2837 3313 fine
2880 3259 3059 3314 seculi
3103 3260 3392 3327 residebit,
3438 3273 3492 3316 et
3525 3263 3697 3332 justos
3735 3265 3805 3325 ad

2216 3345 2487 3402 dexteram
2520 3361 2743 3416 ponens,
2768 3348 2978 3418 iniquos
3003 3357 3180 3405 autem
3211 3350 3278 3405 ad
3308 3351 3600 3419 sinistram,
3630 3353 3805 3410 dictu-

2216 3453 2310 3493 rus
2334 3449 2433 3502 est,
2472 3438 2665 3508 Venite,
2693 3440 2933 3495 benedicti
2958 3439 3130 3495 Patris
3153 3443 3268 3509 mei,
3290 3445 3531 3513 percipite
3555 3461 3808 3515 regnum:

2216 3531 2401 3585 esurivi
2431 3531 2563 3587 enim
2582 3573 2596 3596 ,
2625 3541 2670 3585 et
2697 3532 2906 3587 dedistis
2936 3534 3061 3587 mihi
3097 3534 3446 3591 manducare?
3472 3550 3699 3607 cumque
3727 3538 3803 3592 illi

2217 3620 2624 3690 responderint,
2657 3620 2890 3687 Domine,
2921 3624 3124 3694 quando
3153 3635 3200 3677 te
3226 3624 3438 3679 vidimus
3464 3627 3805 3691 esurientem?

2216 3711 2455 3769 dicturus
2481 3720 2563 3767 est
2598 3713 2677 3768 eis
2701 3753 2715 3778 ,
2759 3713 2883 3768 Cum
2920 3716 3006 3767 uni
3048 3732 3111 3770 ea:
3149 3716 3372 3771 minimis
3401 3719 3525 3772 meis
3559 3719 3801 3786 dedistis,

2217 3806 2341 3858 mihi
2381 3804 2589 3859 dedistis
2625 3803 2839 3874 (Matth.
2890 3821 2999 3860 xxv
3024 3849 3038 3869 ,
3067 3807 3281 3877 51-40).
3330 3808 3430 3876 Qui
3472 3824 3600 3880 ergo
3634 3809 3799 3877 dixit,

2215 3893 2340 3952 Cum
2373 3897 2550 3951 unica:
2593 3897 2813 3951 minimis
2852 3900 2977 3955 meis
3014 3898 3254 3965 dedistis,
3291 3901 3417 3954 mihi
3459 3902 3706 3967 dedistis;
3748 3913 3806 3960 et

2216 4000 2359 4041 nunc
2387 3986 2747 4057 interrogetur
2771 4002 2801 4041 a
2829 3988 3011 4055 nobis,
3042 3999 3100 4045 et
3125 3989 3366 4045 dicamus
3393 3992 3467 4047 illi
3491 4034 3505 4055 ,
3540 3993 3762 4049 Domine
3782 4036 3801 4062 ,

2216 4076 2427 4145 quando
2451 4078 2558 4131 eris
2586 4076 2607 4108 ³
2632 4076 2873 4146 discens,
2905 4093 3028 4133 cum
3058 4089 3112 4133 tu
3142 4080 3335 4135 doceas
3358 4081 3580 4136 omnia?
3612 4083 3801 4152 Statim

2215 4169 2357 4221 enim
2390 4168 2542 4223 nobis
2582 4167 2635 4222 in
2676 4167 2780 4224 fide
2816 4179 2998 4225 nostra
3038 4172 3356 4241 respondet,
3402 4174 3534 4230 Cum
3575 4191 3709 4231 unus
3733 4190 3802 4239 ex

2215 4258 2451 4313 minimis
2480 4260 2613 4315 meis
2640 4258 2816 4327 discit,
2848 4275 2949 4332 ego
2970 4261 3137 4318 disco.

2287 4351 2341 4407 8.
2373 4350 2515 4422 Ergo
2538 4352 2868 4423 gratulemur
2891 4363 2946 4410 et
2972 4369 3193 4426 agamus
3216 4357 3415 4427 gratias
3431 4399 3448 4429 ,
3492 4373 3599 4415 non
3625 4360 3802 4418 solum

2216 4455 2316 4496 nos
2342 4440 2661 4498 christianos
2685 4442 2854 4501 factos
2877 4458 3016 4511 esse,
3044 4445 3139 4502 sed
3166 4446 3457 4503 Christum.
3481 4448 3800 4522 lntelligitis,

2215 4532 2406 4588 fratres
2429 4574 2445 4600 ,
2469 4534 2692 4606 gratiam
2718 4535 2811 4591 Dei
2843 4552 3004 4608 super
3029 4552 3128 4594 nos
3158 4539 3380 4610 capitis?
3404 4540 3754 4600 Admiramini
3777 4584 3799 4613 ,

2214 4627 2461 4699 gaudete,
2491 4627 2736 4684 Christus
2759 4629 2878 4686 facti
2899 4646 3104 4687 sumus.
3130 4631 3186 4688 Si
3216 4631 3358 4689 enim
3384 4644 3543 4705 caput
3567 4636 3674 4703 ille,
3702 4653 3803 4694 nos

2214 4718 2490 4787 membra;
2524 4728 2665 4774 totus
2694 4721 2874 4787 homo,
2908 4722 2996 4776 ille
3018 4732 3073 4777 et
3097 4738 3214 4779 nos.
3247 4723 3359 4780 Hoc
3393 4734 3476 4780 est
3499 4726 3639 4798 quod
3667 4742 3802 4798 apo-

2214 4810 2382 4865 stolus
2420 4808 2550 4864 dicit
2577 4810 2769 4865 Paulus
2803 4829 2816 4866 :
2851 4811 2917 4866 Ut
2943 4814 3078 4867 ultra
3093 4814 3208 4884 jam
3242 4831 3342 4869 non
3378 4817 3536 4872 simus
3563 4820 3761 4888 parvuli
3780 4858 3800 4887 ,

2205 4899 2391 4972 jactati
2413 4910 2461 4955 et
2483 4901 2780 4955 circumdati
2807 4903 2944 4957 omni
2966 4914 3109 4959 vento
3129 4904 3389 4964 doctrinm.
3430 4906 3685 4979 Superius
3708 4925 3777 4966 au

2217 5001 2322 5048 tem
2374 4992 2584 5049 dixerat
2615 5011 2628 5048 :
2661 4992 2834 5049 Donec
2882 5012 3205 5053 occurramus
3247 5015 3417 5055 omnes
3462 5001 3517 5055 in
3560 5011 3802 5061 anitatem

2216 5082 2357 5153 fidei,
2397 5092 2444 5137 et
2467 5084 2524 5138 in
2551 5084 2853 5155 agnitionem
2881 5085 3008 5145 Filii
3032 5086 3149 5156 Dei,
3180 5090 3234 5143 in
3257 5089 3418 5147 virum
3448 5091 3724 5161 perfectam
3748 5093 3802 5149 in

2215 5189 2505 5229 mensuram
2527 5175 2689 5234 wtatis
2714 5176 3042 5247 plenitudinis
3082 5178 3269 5233 Christi
3302 5178 3515 5252 (Ep/res.
3557 5197 3648 5252 iv,
3691 5184 3760 5238 14
3780 5225 3798 5250 ,

2218 5267 2328 5338 15).
2360 5266 2636 5324 Plenitudo
2673 5285 2801 5342 ergo
2840 5270 3068 5335 Christi,
3098 5280 3259 5342 caput
3286 5283 3340 5328 et
3373 5273 3635 5329 membra.
3664 5274 3802 5342 Quid

2215 5369 2316 5427 est,
2346 5370 2503 5433 caput
2521 5368 2575 5417 et
2594 5363 2869 5419 membra?
2892 5362 3135 5421 Christus
3154 5374 3209 5421 et
3228 5365 3486 5423 Ecclesia.
3508 5368 3802 5439 Arrogare-

2281 5474 2298 5539 ξ
2319 5480 2370 5539 tu
2389 5472 2580 5539 duobus
2598 5482 2723 5533 Mss,
2746 5487 2903 5539 quem.

2278 5536 2398 5606 ’.βία
2419 5536 2526 5606 uad.
2552 5544 2651 5586 Am.
2675 5536 2767 5587 Er.‘
2793 5544 2844 5587 et
2877 5543 3070 5599 septem
3108 5545 3211 5588 MSS.
3239 5545 3293 5589 At
3329 5545 3461 5600 Lov.,
3495 5538 3577 5603 qui
3598 5538 3801 5592 humiles

2214 5595 2332 5661 facit
2358 5595 2586 5647 excelsos.
2938 5595 2951 5599 ”
3447 5595 3457 5600 ⁷
3508 5595 3518 5603 ⁷

2232 5726 2237 5727 γ
2282 5660 2455 5727 '_t.ov.,
2476 5658 2632 5711 esuris
2651 5672 2686 5727 λ
2738 5666 2791 5710 et
2821 5659 2950 5727 infra
2973 5696 2991 5715 .
3031 5659 3307 5727 iidelligitis,
3343 5663 3521 5725 fratres
3545 5700 3559 5722 ,
3595 5663 3801 5727 gratiast

2218 5697 2682 5785 Dei
2714 5697 2950 5785 (imi-tis“:
2973 5697 3328 5785 'atipliiHiiiii's’,
3343 5697 3797 5784 "egfﬁinzhdait";

2218 5782 2428 5847 uterque
2452 5782 2583 5838 locus
2604 5783 2661 5835 ad
2688 5782 2924 5839 editiones
2945 5785 3236 5847 antiquiores
3258 5782 3388 5837 etfad
3413 5793 3517 5837 Mss.
