4118 6480
489 343 620 400 1571

485 460 588 516 nisi
611 457 682 514 de
707 453 896 512 Patre?
921 445 1016 512 ille
1038 451 1226 526 quaerit
1251 449 1472 521 injurias
1499 455 1638 508 tuas,
1669 443 1758 498 ille
1782 438 1982 510 judicat
2007 435 2076 492 de

485 551 694 624 injuriis
709 550 832 606 tuis.
850 546 1127 616 Quomodo
1147 544 1234 600 hic
1257 543 1410 596 Pater
1429 555 1528 594 non
1538 537 1740 608 judicat
1754 539 2069 603 quemquam,

485 620 575 698 sed
611 658 757 698 omne
785 639 1038 710 judicium
1075 635 1211 690 dedit
1253 631 1446 687 Filio?
1473 630 1860 695 interrogemus
1889 629 1942 678 et
1971 620 2073 674 Pe-

488 745 650 800 trum,
675 733 950 790 audiamus
970 745 1090 786 eum
1112 729 1418 798 loquentem
1441 722 1493 776 in
1518 718 1754 790 Epistola
1773 729 1866 770 sua
1889 731 1901 768 :
1925 711 2075 768 Chri-

483 834 592 880 stus
619 841 710 895 pro
735 823 876 877 nobis
905 835 1082 893 passus
1101 825 1194 882 est,
1225 815 1410 885 inquit,
1439 811 1722 882 relinquens
1747 801 1887 862 nobis
1909 819 2076 895 excute

486 893 647 986 plum,
675 923 729 968 ut
757 927 1022 983 sequamur
1045 908 1250 978 uestigia
1279 897 1387 976 ejus
1420 919 1438 958 :
1469 903 1556 974 qui
1587 907 1840 972 peccatum
1870 912 1970 948 non
1993 893 2072 960 fe-

483 985 572 1071 eit,
595 1019 684 1060 nec
699 1003 845 1058 dolus
867 1002 1094 1056 inventus
1113 1007 1184 1052 est
1209 997 1264 1052 in
1289 1012 1373 1050 ore
1395 995 1538 1066 ejus;
1557 992 1640 1064 qui
1663 1005 1777 1044 cum
1800 985 2071 1040 maledice-

484 1106 642 1162 retur,
673 1111 772 1148 non
797 1090 1174 1147 remaledicebat
1199 1130 1212 1152 ,
1253 1105 1364 1142 cum
1392 1086 1630 1156 iujuriam
1667 1082 1930 1151 acciperet,
1971 1093 2072 1132 non

483 1186 788 1250 minabatur,
810 1183 897 1237 sed
915 1179 1293 1234 commendabat
1309 1177 1387 1231 illi
1403 1177 1486 1247 qui
1497 1171 1846 1245 justejudicat
1865 1170 1908 1242 (l
1925 1167 2068 1222 Petr.

484 1292 544 1342 ιι,
570 1273 771 1346 21-25).
795 1271 1072 1343 Quomodo
1099 1285 1284 1326 verum
1313 1279 1396 1324 est
1423 1267 1546 1337 quia
1573 1264 1729 1318 Pater
1756 1279 1856 1316 non
1872 1263 2074 1334 judicat

483 1382 799 1436 quemquam,
831 1362 920 1418 sed
941 1378 1089 1416 omne
1109 1361 1362 1431 judicium
1389 1357 1526 1412 dedit
1565 1355 1702 1410 Filio
1725 1351 1752 1408 ?
1775 1353 2073 1406 Turbamur

483 1458 593 1525 hic,
619 1457 814 1512 turbati
837 1455 1180 1518 desudcmus,
1209 1452 1530 1508 desudantes
1559 1463 1864 1518 purgemur.
1893 1446 2071 1502 Cone-

483 1565 608 1604 mur
641 1556 926 1616 utcumque
947 1587 962 1611 ,
995 1545 1228 1600 donante
1260 1543 1394 1612 ipso,
1427 1549 1711 1610 penetrare
1735 1537 1839 1591 alta
1867 1543 2072 1590 secreta

484 1641 768 1696 verborum
791 1637 1032 1693 istorum.
1053 1627 1279 1692 Temere
1305 1635 1528 1688 lortasse
1545 1631 1790 1694 facimus,
1817 1629 1937 1698 quia
1967 1628 2076 1682 dis:-

485 1739 666 1787 cuterc
692 1739 745 1784 et
770 1729 992 1784 scrutari
1027 1727 1270 1781 volumus
1310 1725 1470 1780 verba
1507 1721 1622 1778 Dei.
1649 1722 1714 1776 Et
1744 1733 1906 1790 quare
1936 1719 2074 1774 dicta

489 1831 638 1890 sunt,
667 1823 768 1876 nisi
797 1831 854 1876 ut
883 1820 1157 1877 sciantur?
1187 1833 1357 1889 quare
1395 1823 1710 1880 sonuerunt,
1753 1814 1853 1868 nisi
1886 1821 1940 1865 ut
1983 1827 2077 1866 all-'-

487 1915 732 1972 diantur?
753 1929 917 1985 quare
943 1913 1122 1968 audita
1145 1919 1288 1976 sunt,
1313 1909 1412 1963 nisi
1434 1919 1490 1962 ut
1518 1905 1916 1976 intelligantur?
1937 1901 2076 1958 Con-

491 2009 650 2065 l'ortet
673 2023 800 2078 ergo
825 2023 942 2074 nos,
971 2015 1026 2061 et
1050 2007 1212 2060 donet
1249 2005 1402 2058 nobis
1427 2002 1624 2072 aliquid
1662 2011 1915 2070 quantum
1961 2000 2075 2069 ipse

487 2100 768 2170 dignatur;
797 2105 850 2152 et
869 2099 914 2151 si
945 2097 1177 2150 nondum
1203 2105 1542 2165 penetramus
1568 2093 1634 2148 ad
1657 2093 1874 2158 fontem,
1905 2091 1972 2146 de
2000 2093 2077 2146 ri-

489 2191 616 2246 vulo
635 2189 896 2244 bibamus.
921 2189 1058 2243 Ecce
1083 2187 1196 2256 ipse
1219 2186 1454 2241 Joannes
1477 2185 1629 2240 nobis
1656 2195 1902 2252 tanquam
1933 2182 2077 2236 rivu-

489 2279 574 2334 lus
595 2278 880 2342 emanavit,
905 2277 1151 2346 perduxit
1177 2275 1243 2329 ad
1263 2289 1362 2329 nos
1391 2275 1456 2328 de
1482 2274 1588 2328 alto
1617 2271 1873 2339 Verbum,
1899 2271 2076 2325 humi-

492 2371 658 2436 liavit,
685 2379 738 2426 et
763 2369 1158 2441 quodammodo
1186 2369 1394 2432 stravit,
1423 2375 1482 2423 ut
1519 2383 1624 2422 non
1657 2366 1974 2423 horreamus
1993 2365 2076 2422 ala-

493 2469 628 2530 tutn,
659 2461 753 2517 sed
779 2460 1093 2517 accedamus
1118 2460 1184 2514 ad
1211 2447 1486 2514 humilem.

567 2556 656 2609 15.
695 2553 924 2608 Omnino
947 2561 1030 2608 est
1055 2553 1268 2623 quidam
1289 2551 1594 2606 intellecms
1619 2564 1798 2614 verus,
1831 2549 2002 2615 fortis,
2031 2550 2078 2604 si

495 2660 604 2715 quo
627 2644 786 2698 modo
804 2659 926 2700 eum
949 2653 1132 2704 tenere
1161 2655 1462 2712 possumus,
1495 2643 1618 2710 quia
1645 2639 1804 2694 Pater
1823 2658 1922 2694 nou
1934 2639 2080 2711 judia

496 2745 578 2789 cat
593 2751 910 2807 quemquam,
931 2735 1018 2788 sed
1033 2751 1180 2788 omne
1193 2733 1448 2804 judicium
1465 2733 1601 2786 dedit
1627 2731 1780 2786 Filio.
1807 2733 1918 2786 Hoc
1937 2733 2078 2786 enim

497 2825 694 2882 dictum
724 2835 827 2891 est,
849 2826 971 2896 quia
1002 2825 1306 2880 hominibus
1338 2825 1398 2878 'in
1431 2823 1634 2893 judicio
1671 2839 1776 2878 non
1805 2824 2081 2894 apparebit

497 2918 602 2974 nisi
625 2917 810 2972 Filius.
841 2917 1000 2972 Pater
1019 2916 1260 2970 occultus
1295 2915 1395 2970 erit
1418 2958 1434 2981 ,
1465 2913 1504 2970 F
1510 2914 1628 2968 ilius
1663 2915 1990 2968 manifestus.
2023 2915 2080 2970 In

499 3023 606 3079 quo
625 3009 728 3062 erit
741 3007 903 3062 Filius
919 3005 1263 3060 manifestus?
1285 3007 1340 3060 In
1357 3006 1525 3060 forma
1547 3020 1648 3075 qua
1669 3003 1926 3060 ascendit.
1949 3005 2082 3060 Nam

499 3103 554 3156 in
584 3099 753 3155 forma
782 3101 872 3154 Dei
917 3112 1038 3154 cum
1069 3099 1224 3152 Patre
1252 3098 1492 3154 occultus
1524 3107 1626 3160 est,
1655 3098 1708 3152 in
1733 3095 1904 3152 forma
1945 3098 2082 3152 servi

500 3190 806 3248 hominibus
831 3189 1160 3249 manifestus.
1193 3187 1314 3242 Non
1341 3203 1468 3257 ergo
1501 3187 1658 3241 Pater
1671 3188 1872 3256 judicat
1907 3205 2082 3258 queme

501 3299 674 3352 quam,
703 3279 790 3335 sed
819 3297 964 3334 omne
983 3279 1236 3349 judicium
1257 3277 1393 3331 dedit
1413 3277 1568 3344 Filio,
1593 3279 1686 3331 sed
1709 3279 2041 3332 manifestum
2068 3295 2081 3330 :

501 3372 556 3428 in
581 3387 684 3443 quo
713 3369 992 3426 manifesto
1013 3370 1210 3440 judicio
1235 3369 1402 3424 Filius
1417 3369 1694 3438 judicabit,
1721 3370 1842 3439 quia
1865 3371 1978 3438 ipse
1999 3369 2088 3438 ju-

503 3462 743 3518 dicandis
783 3461 1076 3532 apparebit.
1122 3460 1432 3515 Evidentius
1473 3459 1624 3514 nobis
1663 3459 1890 3514 ostendit
1940 3461 2086 3516 Scri-

503 3562 660 3626 ptura
686 3553 805 3623 quia
831 3552 947 3622 ipse
969 3552 1269 3622 apparebit.
1298 3551 1714 3620 Quadragesimo
1749 3552 1836 3606 die
1862 3562 1980 3621 post
2007 3569 2089 3608 re-

504 3645 890 3700 surrectionem
922 3658 1072 3698 suam
1099 3642 1336 3698 ascendit
1362 3644 1414 3698 in
1437 3641 1654 3706 coelum,
1683 3643 1984 3697 videntibus
2010 3643 2090 3698 di-

503 3733 720 3806 scipulis
733 3735 844 3791 suis
865 3750 877 3787 :
901 3741 955 3789 et
969 3749 1070 3788 vox
1093 3734 1198 3788 illis
1215 3732 1474 3802 angelica,
1510 3733 1632 3796 Viri,
1653 3731 1840 3802 inquit.
1866 3731 2086 3800 Galihei,

501 3827 626 3898 quid
652 3827 796 3882 statis
823 3827 1116 3904 aspicientes
1145 3826 1196 3878 in
1225 3825 1446 3878 cadum?
1472 3823 1578 3878 Isle
1603 3825 1691 3893 qui
1717 3835 2002 3894 assumptus
2019 3835 2092 3879 est

505 3935 538 3974 a
563 3918 698 3973 vobis
725 3919 778 3972 iu
805 3919 1005 3983 cmlum,
1029 3917 1102 3970 sic
1127 3917 1282 3970 ueniet
1313 3916 1734 3987 quemadmodum
1760 3917 1952 3970 vidistis
1979 3933 2092 3970 eum

507 4019 706 4064 euntem
727 4010 778 4063 in
804 4010 982 4062 calum
1006 4009 1140 4079 (Act.
1175 4025 1214 4074 ι,
1237 4009 1290 4070 '5,
1321 4008 1374 4072 9,
1407 4007 1498 4074 10,
1525 4007 1634 4078 11).
1667 4007 1944 4074 Quomodo
1969 4024 2090 4064 eum

505 4099 758 4156 videbant
784 4101 893 4152 ire?
921 4099 974 4152 In
999 4114 1180 4164 carne,
1208 4114 1366 4167 quam
1392 4101 1696 4167 tetigerunt,
1723 4115 1879 4165 quam
1912 4101 2092 4169 palpa-

511 4201 718 4256 vcrunt,
749 4191 902 4260 cujus
923 4191 1080 4245 etiam
1109 4191 1384 4244 cicatrices
1407 4191 1669 4259 tangendo
1709 4195 2088 4263 probaverunt,

509 4283 564 4338 in
597 4283 684 4336 illo
719 4297 946 4351 corpore
985 4282 1040 4334 in
1077 4297 1180 4350 quo
1207 4297 1326 4334 eum
1357 4283 1437 4335 eis
1474 4283 1688 4336 intravit.
1723 4292 1776 4337 et
1812 4284 1974 4337 exivit
2001 4299 2094 4353 per

510 4375 854 4444 quadraginta
884 4373 1019 4436 dies,
1053 4374 1398 4430 manifestans
1423 4389 1480 4429 se
1505 4376 1660 4430 eisin
1700 4377 1950 4442 veritate;
1987 4393 2090 4432 non

509 4467 567 4524 in
589 4467 761 4537 aliqua
787 4467 1022 4522 falsitate
1055 4485 1068 4520 :
1110 4483 1216 4521 non
1245 4467 1574 4536 phantasma,
1609 4487 1712 4523 non
1743 4471 1949 4534 umbra,
1987 4486 2092 4524 non

512 4559 762 4630 spiritus;
810 4557 904 4612 sed
942 4559 1386 4627 quemadmodum
1424 4561 1536 4628 ipse
1563 4561 1696 4614 dixit
1737 4577 1840 4614 non
1875 4562 2090 4629 fallens,

519 4649 752 4722 Palpate,
775 4659 822 4702 et
847 4650 1024 4716 uidete,
1049 4651 1166 4718 quia
1195 4651 1400 4720 spiritus
1425 4667 1626 4704 carnem
1659 4661 1704 4704 et
1725 4669 1838 4706 ossa
1867 4670 1968 4706 non
1999 4655 2094 4708 ha-

509 4735 608 4805 bet,
633 4741 760 4794 sicut
779 4757 856 4794 me
877 4741 1052 4794 videtis
1077 4742 1258 4796 habere
1283 4742 1428 4813 (Luc.
1459 4759 1599 4810 xxtv,
1631 4741 1740 4814 59).
1767 4744 1862 4800 Est
1883 4746 2094 4814 quidem

511 4830 642 4886 illud
667 4831 776 4900 jam
793 4845 988 4902 corpus
1011 4832 1224 4902 dignum
1243 4833 1446 4888 etelesti
1471 4835 1811 4898 habitatione,
1839 4853 1944 4890 non
1971 4837 2098 4892 sub-

507 4925 694 4995 iacens
721 4925 900 4993 morti,
925 4940 1028 4980 non
1045 4927 1298 4982 mutabile
1329 4941 1424 4996 per
1445 4936 1646 4982 (Diales.
1671 4929 1786 4984 Non
1817 4931 1958 4983 enim
1985 4934 2092 4986 sic-

513 5017 657 5072 utad
699 5018 837 5072 illam
868 5027 1076 5072 aetatem
1102 5019 1168 5072 ab
1209 5019 1422 5072 infantia
1449 5027 1710 5084 creverat,
1743 5022 1818 5074 sic
1847 5023 1914 5074 ab
1941 5033 2095 5078 aetate

513 5123 634 5178 qua:
651 5108 902 5178 juventus
925 5117 1062 5173 erat,
1086 5109 1254 5177 vergit
1283 5107 1334 5162 in
1367 5119 1696 5164 senectutem
1723 5127 1735 5162 :
1761 5121 1938 5165 manet
1961 5115 2096 5167 sicut

516 5201 776 5266 ascendit,
807 5209 1066 5254 venturus
1091 5199 1158 5254 ad
1195 5213 1290 5253 eos
1331 5201 1521 5270 quibus
1547 5211 1830 5272 antequam
1879 5205 2092 5272 veniat,

515 5299 734 5350 Verbum
758 5311 910 5362 suum
932 5294 1099 5349 voluit
1127 5295 1422 5364 prmdicari.
1448 5295 1536 5352 Sic
1555 5310 1682 5366 ergo
1711 5299 1886 5352 veniet
1909 5298 1962 5350 in
1991 5297 2097 5352 for-

517 5401 606 5442 ma
637 5388 862 5442 humana
889 5408 900 5443 :
931 5388 1068 5442 hanc
1092 5387 1344 5444 videbunt
1371 5398 1424 5442 et
1463 5388 1637 5458 impii,
1666 5390 1918 5444 videbunt
1947 5401 2002 5445 et
2029 5392 2094 5445 ad

515 5481 788 5534 dexteram
809 5481 984 5548 positi,
1000 5481 1250 5535 videbunt
1264 5490 1316 5536 et
1337 5481 1400 5534 ad
1419 5482 1684 5536 sinistram
1707 5461 1964 5550 separati;
1989 5487 2094 5538 sic-

521 5572 578 5616 ut
605 5565 854 5632 scriptum
881 5574 980 5630 cst,
1023 5566 1266 5620 Videbunt
1292 5568 1346 5620 in
1379 5583 1524 5636 quem
1557 5577 1874 5637 pupugerth
1909 5569 2092 5640 (Zach.

519 5669 614 5720 ιιι,
647 5655 746 5720 10;
777 5655 934 5710 Joau.
965 5674 1075 5725 xix,
1099 5659 1210 5728 δῖ).
1237 5661 1290 5716 Si
1313 5661 1564 5716 videbunt
1590 5661 1640 5716 in
1669 5677 1824 5732 quem
1855 5679 2094 5735 pupuge-

519 5755 660 5814 ruut,
683 5761 874 5820 corpus
913 5749 1080 5818 ipsum
1109 5751 1378 5822 videbunt,
1423 5752 1564 5824 quod
1605 5751 1782 5808 iuncea
1815 5769 2089 5826 percussa.

1434 325 1502 388 ΙΝ
1528 319 1802 388 ΙΟᾹΝΝΙΞ
1841 315 2310 390 EVANGELIUM,
2349 319 2410 378 8.
2452 319 2852 380 AUGUSTiNL

3625 307 3762 372 1572

2181 444 2306 492 runt
2333 454 2346 491 :
2379 436 2560 492 lancea
2599 451 2702 492 non
2735 433 3025 505 percutitur
3057 433 3291 490 Verbum
3322 451 3334 487 :
3363 427 3468 490 hoc
3505 448 3634 504 ergo
3662 434 3763 490 im-

2180 529 2252 598 pii
2273 528 2452 584 vidcre
2473 533 2740 598 poterunt,
2767 527 2904 598 quod
2931 537 2984 584 et
3011 527 3293 583 vulnerare
3320 535 3627 598 patuerunt.
3657 525 3762 582 La-

2179 621 2374 672 tentem
2405 619 2568 673 Deum
2592 619 2642 672 iu
2665 633 2888 686 corpore
2913 632 3020 672 non
3050 617 3334 672 videbunt:
3365 626 3482 687 post
3507 616 3761 686 judicium

2178 708 2441 763 videbitur
2469 710 2534 764 ab
2557 708 2638 764 his
2665 709 2752 778 qui
2779 707 2844 762 ad
2881 707 3158 762 dexteram
3183 719 3356 762 erunt.
3384 708 3494 762 Hoc
3523 715 3605 761 cst
3633 721 3762 776 ergo

2177 799 2316 869 quod
2344 800 2436 864 ait,
2467 795 2624 852 Pater
2648 817 2746 853 non
2763 799 2964 868 judicat
2989 813 3307 869 quemquam,
3337 798 3425 852 sed
3457 815 3602 851 omne
3618 799 3762 868 judi-

2176 892 2308 944 cium
2338 889 2472 944 dedit
2507 890 2643 946 Filio
2669 906 2686 944 :
2712 891 2834 960 quia
2874 890 3184 944 manifestus
3212 890 3278 944 ad
3301 889 3556 958 judicium
3583 889 3762 945 veniet

2179 981 2362 1044 Filius,
2393 983 2443 1036 in
2477 983 2708 1038 humano
2733 998 2955 1051 corpore
2997 997 3258 1052 apparens
3300 983 3639 1047 hominibus,
3677 981 3760 1036 di-

2176 1086 2300 1127 cens
2327 1072 2550 1136 dextris,
2587 1060 2778 1138 Venite,
2812 1073 3054 1126 benedicti
3082 1071 3254 1126 Patris
3279 1073 3393 1138 mei,
3417 1073 3657 1143 percipite
3684 1087 3760 1126 re-

2175 1179 2330 1234 gnum
2347 1176 2368 1226 ;
2397 1162 2580 1216 dicens
2603 1164 2853 1229 sinistris,
2885 1161 2963 1216 Ile
2989 1164 3041 1216 in
3075 1163 3238 1233 ignem
3268 1173 3530 1227 wternum,
3559 1164 3644 1233 qui
3671 1179 3762 1234 pub

2175 1261 2314 1304 ratus
2337 1261 2406 1304 est
2428 1251 2625 1304 diabolo
2649 1263 2693 1306 et
2722 1253 2912 1323 angelis
2943 1253 3054 1324 ejus
3077 1249 3292 1323 (Matth.
3327 1271 3449 1318 xxv,
3479 1255 3686 1324 5L“).

2183 1409 2186 1412 ,
2247 1344 2332 1398 14.
2375 1343 2514 1397 Ecce
2544 1341 2804 1397 videbitur
2832 1345 2997 1398 forma
3027 1344 3255 1398 hominis
3283 1359 3312 1397 a
3347 1345 3446 1414 piis
3477 1353 3530 1398 et
3555 1345 3759 1414 impiis,

2176 1448 2204 1486 a
2225 1433 2385 1504 justis
2413 1443 2468 1488 et
2507 1434 2576 1488 ab
2605 1435 2833 1503 injustis,
2862 1451 2890 1489 a
2921 1435 3170 1490 ﬁdelibus
3195 1445 3250 1490 et
3288 1435 3354 1487 ab
3385 1435 3702 1500 inﬁdelibus,
3731 1451 3761 1489 a

2174 1527 2527 1596 gaudentibus
2565 1536 2618 1582 et
2645 1543 2674 1581 a
2707 1528 3091 1597 plangentibus,
3134 1543 3162 1580 a
3190 1525 3406 1583 conlisis
3429 1537 3480 1582 et
3510 1543 3538 1580 a
3573 1527 3764 1581 confua

2177 1618 2250 1672 sis
2279 1635 2292 1670 :
2325 1633 2449 1672 ecce
2470 1618 2750 1672 videbitur.
2781 1619 2912 1674 Cum
2945 1619 3054 1672 visa
3081 1618 3242 1674 fuerit
3277 1619 3364 1672 illa
3397 1617 3562 1672 forma
3592 1618 3642 1672 iu
3669 1618 3762 1688 ju-

2176 1707 2336 1772 dicio,
2361 1719 2412 1765 et
2437 1709 2592 1764 fuerit
2622 1720 2890 1779 peractum
2915 1710 3190 1780 judicium,
3214 1710 3302 1764 ubi
3325 1709 3522 1763 dictum
3552 1719 3633 1763 est
3661 1709 3764 1763 Pas

2177 1811 2314 1856 trem
2359 1817 2462 1855 non
2503 1801 2744 1870 judicare
2783 1816 3134 1871 quemquam,
3179 1800 3272 1854 sed
3317 1815 3476 1854 omne
3509 1799 3764 1870 judicium

2157 1893 2390 1947 dedisse
2411 1892 2572 1958 Filio,
2601 1891 2671 1946 ob
2698 1892 2819 1958 hoc,
2848 1893 2968 1961 quia
2997 1891 3162 1945 Filius
3191 1891 3465 1961 apparebit
3494 1891 3544 1944 in
3563 1890 3765 1960 judicio

2179 1984 2230 2038 in
2261 1983 2428 2038 forma
2455 1999 2612 2053 quam
2646 1995 2709 2037 ex
2735 1982 2888 2036 nobis
2923 1981 3148 2051 accepit,
3171 1981 3296 2050 quid
3329 1991 3506 2050 postea
3533 1979 3762 2034 futurum

2179 2084 2261 2128 est
2279 2074 2302 2126 ’ἲ
2322 2075 2545 2142 Quando
2565 2074 2828 2128 videbitur
2855 2072 3018 2126 forma
3045 2073 3158 2137 Dei,
3184 2088 3340 2142 quam
3365 2072 3552 2126 sitiunt
3579 2087 3766 2126 omnes

2179 2165 2395 2220 ﬁdeles?
2423 2166 2632 2236 quando
2663 2165 2925 2218 videbitur
2955 2164 3078 2218 illud
3109 2164 3248 2232 quod
3280 2172 3394 2218 erat
3420 2164 3470 2216 in
3511 2163 3770 2234 principio

2180 2257 2434 2323 Verbum,
2459 2258 2595 2310 Deus
2626 2256 2760 2326 apud
2785 2256 2968 2320 Deum,
2994 2271 3084 2324 per
3102 2256 3238 2326 quod
3266 2255 3400 2309 facta
3417 2265 3538 2309 sunt
3555 2251 3770 2309 omnia?

2180 2347 2393 2417 quando
2417 2347 2684 2402 videbitur
2711 2347 2795 2401 illa
2829 2346 2994 2400 forma
3026 2347 3140 2412 Dei,
3170 2346 3237 2400 de
3263 2363 3364 2417 qua
3389 2347 3518 2400 dicit
3545 2347 3772 2414 Aposto.

2179 2441 2283 2506 lus,
2318 2441 2442 2493 Cum
2488 2441 2538 2494 in
2570 2444 2734 2509 [arma
2763 2437 2862 2492 Dei
2895 2447 3054 2504 esset,
3097 2455 3194 2492 non
3242 2439 3473 2510 rapinam
3501 2439 3772 2492 arbitratus

2179 2541 2252 2586 est
2278 2549 2384 2588 esse
2403 2532 2608 2602 aequalis
2641 2531 2743 2583 Deo
2777 2529 3045 2602 (Philipp.
3077 2547 3148 2592 ιι,
3181 2531 3282 2601 6)?
3309 2531 3488 2598 Magna
3516 2529 3656 2583 enim
3681 2529 3769 2582 illa

2181 2621 2352 2678 forma
2393 2623 2480 2678 ubi
2527 2621 2701 2676 adhuc
2733 2621 3004 2691 azqualitas
3043 2620 3215 2675 Patris
3245 2631 3296 2674 et
3327 2619 3442 2674 Filii
3491 2619 3771 2690 cognosci-

2183 2721 2268 2768 tur
2299 2733 2311 2769 :
2335 2712 2633 2778 inell'abilis,
2659 2712 3226 2782 iucomprebensibilis,
3255 2712 3488 2766 maxime
3515 2709 3766 2780 parvulis.

2183 2806 2404 2874 Quando
2429 2803 2728 2860 videbitur?
2753 2803 2890 2858 Ecce
2911 2804 2976 2857 ad
2997 2803 3268 2858 dexteram
3295 2811 3420 2856 sunt
3441 2803 3588 2871 justi,
3608 2801 3671 2855 ad
3699 2801 3774 2854 si-

2183 2900 2406 2954 nistram
2431 2909 2552 2952 sunt
2581 2897 2795 2966 injusti;
2825 2907 3011 2950 omnes
3040 2896 3236 2964 pariter
3271 2893 3539 2948 hominem
3567 2892 3769 2957 vident,

2184 2991 2376 3048 Filium
2420 2989 2648 3044 hominis
2687 2987 2886 3052 vident,
2930 2987 3018 3055 qui
3066 2993 3290 3055 punctus
3318 2995 3400 3040 est
3439 2985 3655 3050 vident,
3685 2984 3774 3053 qui

2185 3081 2469 3138 crucifixus
2499 3091 2578 3134 est
2607 3079 2818 3144 vident,
2872 3077 3206 3132 ltumiliatum
3237 3076 3454 3143 vident,
3487 3085 3666 3130 natum
3707 3085 3776 3130 ex

2188 3175 2404 3244 Virgine
2429 3173 2626 3234 vident,
2649 3173 2856 3241 Agnum
2883 3170 2948 3222 de
2977 3169 3112 3222 tribu
3135 3169 3268 3222 Juda
3295 3168 3473 3222 vident
3499 3186 3512 3222 :
3547 3167 3776 3221 Verbum

2189 3267 2354 3322 Deum
2383 3266 2519 3334 apud
2545 3265 2708 3318 Dcmn
2730 3262 2944 3332 quando
2967 3261 3251 3315 videlnmt?
3281 3261 3398 3330 Ipse
3425 3261 3525 3314 erit
3549 3269 3602 3314 et.
3627 3267 3774 3321 tunc,

2189 3359 2280 3411 sed
2313 3359 2475 3410 forma
2499 3357 2640 3409 servi
2663 3354 2956 3424 apparebit.
2981 3345 3172 3407 Forma
3191 3353 3329 3406 servi
3359 3353 3528 3406 servis
3549 3351 3778 3406 demon-

2189 3449 2442 3504 Sll'ﬂbillll‘
2473 3465 2484 3498 :
2519 3447 2684 3500 forma
2706 3447 2796 3499 Dei
2824 3445 2944 3498 ﬁliis
2966 3443 3280 3498 servabitur.
3312 3443 3466 3497 Fiant
3491 3459 3615 3513 ergo
3637 3441 3776 3498 servi

2191 3540 2320 3604 filii;
2353 3541 2439 3609 qui
2471 3538 2672 3592 suutad
2698 3538 2992 3603 dexteram,
3031 3545 3154 3590 eant
3184 3537 3234 3590 in
3267 3545 3520 3590 :cternam
3545 3513 3776 3588 Incredi-

2193 3640 2352 3685 tatem
2381 3632 2506 3684 olim
2539 3631 2852 3701 pron'iissam
2875 3671 2888 3692 ,
2917 3643 3074 3699 quam
3109 3645 3213 3682 non
3247 3627 3484 3681 videntes
3515 3633 3778 3695 martyres

2193 3723 2561 3790 crediderunt,
2596 3737 2692 3792 pro
2735 3723 2886 3786 cujus
2913 3721 3262 3790 promissione
3293 3721 3600 3790 sanguinem
3622 3728 3776 3772 suum

2194 3817 2308 3872 sine
2336 3817 2664 3871 dubitatione
2709 3813 2958 3868 fuderunt
2985 3833 2996 3867 :
3031 3822 3154 3866 eant
3187 3813 3308 3874 illuc
3335 3823 3388 3865 et
3433 3811 3642 3865 videant
3682 3811 3774 3864 ibi.

2193 3910 2413 3976 Quando
2445 3909 2568 3962 illuc
2593 3906 2783 3964 ibunt?
2817 3907 2963 3961 Dieat
2985 3907 3095 3976 ipse
3120 3905 3406 3959 Dominus:
3437 3905 3524 3958 Sic
3547 3905 3685 3956 ibunt
3704 3903 3781 3957 illi

2193 4003 2246 4055 in
2273 3995 2636 4054 ambusttouem
2655 4010 2916 4063 aeternam,
2933 3997 3062 4069 justi
3089 4008 3256 4050 autent
3281 3997 3334 4049 in
3363 3996 3512 4049 vitam
3539 4005 3780 4050 aeternam

2198 4093 2409 4163 (Matth.
2443 4109 2568 4156 xxv,
2600 4090 2710 4161 46).

2273 4185 2356 4238 15.
2401 4184 2535 4237 Ecce
2567 4182 2726 4236 vitam
2763 4189 3016 4233 :rtcrnam
3043 4175 3350 4231 nominavit.
3381 4172 3646 4244 Numquid
3677 4173 3782 4228 hoc

2197 4277 2349 4330 nobis
2374 4275 2534 4338 dixit,
2564 4275 2684 4344 quia
2716 4273 2784 4326 ibi
2827 4271 3121 4326 videbimus
3165 4277 3218 4324 et
3263 4283 3643 4337 cognoscemus
3670 4265 3778 4319 Pa-

2199 4375 2332 4421 trem
2373 4375 2427 4421 et
2469 4364 2696 4421 Filium?
2739 4361 2893 4429 Quid,
2944 4363 2985 4415 si
3017 4362 3257 4414 vivemus
3289 4361 3339 4412 in
3371 4367 3651 4422 internum,
3683 4355 3778 4410 sed

2199 4459 2347 4513 illum
2371 4459 2578 4511 Patrem
2598 4465 2650 4508 et
2676 4455 2863 4508 Filimn
2893 4468 2998 4506 non
3021 4451 3314 4504 videbimus
3335 4449 3358 4503 ?
3379 4448 3512 4504 Audi
3535 4448 3636 4501 alio
3659 4447 3780 4500 loco

2201 4551 2288 4604 ubi
2318 4549 2474 4602 vitam
2515 4557 2766 4601 aeternam
2799 4543 3112 4606 nominavit,
3157 4551 3209 4595 ct
3251 4539 3512 4608 expressit
3543 4537 3662 4607 quid
3709 4537 3782 4590 sit

2199 4643 2307 4696 vita
2335 4649 2550 4694 aeterna.
2576 4637 2690 4690 Noli
2721 4636 2925 4698 timere,
2949 4649 3052 4685 non
3087 4641 3136 4685 te
3163 4631 3288 4685 fallo
3311 4649 3322 4684 :
3353 4645 3458 4684 non
3482 4631 3598 4684 sine
3617 4641 3780 4681 causa

2201 4733 2418 4806 promisi
2459 4728 2799 4784 dilectoribus
2847 4727 2979 4780 meis
3006 4725 3206 4788 dicens,
3239 4725 3336 4788 Qui
3365 4723 3510 4776 habet
3540 4722 3782 4775 "laudata

2199 4844 2306 4880 mea
2333 4835 2379 4880 et
2405 4831 2565 4878 servat
2604 4839 2678 4884 ea,
2711 4819 2797 4872 ille
2823 4827 2892 4871 est
2919 4817 3003 4886 qui
3033 4815 3194 4886 diligit
3221 4831 3297 4867 me
3325 4829 3345 4867 :
3368 4823 3414 4866 et
3439 4815 3524 4883 qui
3551 4827 3628 4866 me
3664 4813 3784 4866 dili-

2199 4915 2289 4991 git,
2315 4918 2548 4987 diligetur
2575 4931 2606 4966 a
2633 4911 2786 4965 Patre
2809 4927 2936 4975 meo,
2962 4917 3006 4962 et
3031 4925 3120 4979 ego
3147 4905 3358 4976 diligam
3381 4921 3512 4970 eum,
3535 4915 3581 4958 et
3611 4913 3782 4958 osten—

2201 5015 2316 5066 dam
2350 5011 2592 5078 meipsum
2614 5005 2691 5059 illi
2723 5003 2901 5076 (Joan.
2927 4999 3042 5068 xw',
3070 5001 3184 5071 2i).
3215 4997 3652 5067 Respondeamus
3681 4995 3790 5050 Do-

2201 5107 2378 5172 mino,
2421 5113 2474 5156 et
2502 5101 2738 5156 dicamus
2771 5115 2784 5151 :
2813 5095 2972 5164 Quid,
3007 5093 3224 5149 Domine
3253 5093 3389 5147 Deus
3421 5099 3632 5150 noster.
3667 5102 3787 5142 ma-

2199 5194 2406 5268 gnum?
2459 5190 2584 5263 quid
2635 5187 2936 5260 magnum?
2990 5186 3152 5240 Nobis
3204 5183 3662 5236 demonstraturus
3725 5191 3787 5232 es

2201 5265 2464 5357 teipsum?
2491 5283 2625 5350 Quid
2649 5285 2809 5346 enim,
2845 5287 2896 5332 et
2923 5277 3120 5332 ludatis
3151 5283 3200 5328 te
3229 5289 3332 5327 non
3369 5265 3788 5326 demonstrasti?

2202 5397 2306 5435 non
2333 5391 2381 5432 te
2406 5377 2648 5431 viderunt
2675 5385 2722 5426 et
2753 5371 2838 5441 qui
2867 5365 3279 5424 crucilixerunt?
3307 5363 3410 5419 Sed
3451 5363 3790 5417 demonstras-

2203 5477 2282 5530 his
2309 5485 2358 5528 te
2402 5473 2450 5526 in
2479 5469 2712 5540 judicio,
2743 5481 2860 5520 cum
2892 5463 3146 5516 stabimus
3177 5459 3242 5513 ad
3282 5459 3553 5513 dexteram
3597 5465 3738 5507 tuam
3767 5469 3786 5505 ι

2202 5565 2454 5638 numquid
2483 5574 2537 5618 et
2567 5563 2640 5618 illi
2667 5561 2752 5630 qui
2781 5558 2846 5612 ad
2877 5557 3143 5609 sinistram
3173 5553 3388 5606 stabunt
3423 5564 3528 5602 non
3562 5555 3612 5600 te
3641 5545 3790 5599 vidc~

2203 5664 2371 5719 bunt?
2399 5658 2534 5728 Quid
2583 5663 2666 5710 cst
2701 5649 2840 5724 quod
2881 5646 3271 5704 dctnonstrabis
3315 5644 3467 5697 nobis
3515 5638 3788 5706 teipsutn?

2199 5757 2351 5813 Nunc
2373 5753 2514 5808 enim
2545 5762 2652 5802 non
2683 5755 2733 5800 te
2754 5741 2990 5798 videmus
3017 5753 3135 5792 cum
3164 5731 3428 5806 loqueris?
3457 5732 3784 5800 Respondet,
