4118 6492
354 357 377 412 l
389 352 498 412 573

349 465 743 525 Dcmonstraho
787 463 1048 535 meipsum
1079 460 1134 518 in
1181 460 1348 517 forma
1391 459 1508 525 Dei,
1543 457 1734 512 videtis
1777 451 1936 510 modo

350 564 580 617 turmam
611 558 769 615 servi.
799 557 915 614 Non
943 563 1006 610 ‘te
1031 554 1308 619 fraudabo,
1340 567 1373 606 ο
1404 551 1563 606 homo
1591 549 1797 611 ﬁdelis;
1819 561 1937 602 cre-

349 657 420 713 de
444 658 566 727 quia
595 653 819 707 videbis.
849 653 1030 713 Amas,
1058 648 1122 703 et
1142 663 1256 701 "non
1287 645 1436 700 vides
1465 662 1478 699 :
1506 658 1656 697 amor
1683 641 1800 711 ipse
1829 653 1934 693 non

345 753 406 803 te
436 747 691 818 perducet
727 741 782 796 ut
807 739 1021 796 videas?
1052 739 1211 802 Ama,
1246 745 1525 806 persevera
1565 735 1617 789 in
1661 730 1930 785 amando:

348 853 462 892 non
492 833 764 897 fraudabo,
792 830 979 902 inquit,
1005 843 1242 883 amorem
1265 837 1433 888 tuum,
1458 825 1546 896 qui
1572 821 1820 877 mandavi
1845 836 1939 875 cor

348 940 526 985 tuum.
551 908 754 997 litquld
783 927 924 980 enim
954 921 1199 976 mundavi
1229 935 1322 975 cor
1352 930 1520 983 tuum,
1545 918 1644 972 nisi
1671 925 1727 971 ut
1748 915 1887 970 Deus
1906 928 1936 967 a

351 1033 406 1078 te
445 1023 612 1092 possit
653 1015 855 1074 videri?
886 1016 1027 1070 Beati
1062 1014 1202 1069 enim
1242 1014 1429 1066 munda
1470 1011 1653 1075 corde,
1689 1008 1806 1078 quia
1840 1005 1939 1076 ipsi

347 1113 520 1168 Deum
554 1112 782 1168 videbunt
797 1102 829 1180 ί(
852 1110 1038 1164 Matth.
1070 1125 1121 1172 v,
1154 1107 1244 1178 8).
1277 1105 1382 1162 Sed
1411 1106 1530 1169 hoc,
1561 1103 1729 1172 inquit
1754 1115 1937 1155 servus

348 1215 607 1276 tanquam
639 1219 758 1258 cum
776 1198 1002 1256 Domino
1027 1195 1322 1267 disputans,
1348 1210 1450 1250 non
1477 1192 1783 1264 expressisti
1813 1203 1935 1244 cum

347 1298 570 1363 dixisti,
605 1296 757 1350 Ibunt
789 1294 917 1364 justi
955 1295 1008 1346 in
1049 1284 1200 1345 uitam
1228 1299 1475 1344 ‘wternam
1514 1301 1534 1340 :
1577 1301 1679 1340 non
1726 1282 1933 1347 dixisti,

266 1435 275 1454 ,
346 1392 509 1447 Ibunt
538 1401 594 1446 ut
621 1389 833 1444 videant
861 1402 947 1441 me
973 1385 1024 1439 in
1047 1383 1215 1438 forma
1243 1381 1354 1448 Dei,
1378 1380 1590 1434 videant
1616 1379 1827 1432 Patrem
1852 1374 1934 1430 cui

344 1481 575 1551 :equalis
605 1495 743 1533 sum.
774 1476 912 1532 Alibi
942 1474 1155 1530 attende
1176 1472 1299 1543 quid
1322 1472 1454 1525 dixit
1483 1489 1494 1524 :
1532 1469 1657 1523 11(ιέ
1677 1477 1745 1522 est
1770 1476 1937 1520 autem

345 1572 451 1624 vita
470 1581 679 1634 (eterna,
701 1578 754 1623 ut
775 1575 1073 1637 cognoscant
1091 1574 1136 1618 te
1155 1573 1309 1617 tmunt
1326 1560 1496 1633 verum
1528 1560 1710 1626 Deum,
1730 1568 1773 1612 et
1793 1571 1938 1629 quem

345 1660 532 1714 misisti
558 1657 736 1712 Iesum
780 1657 1033 1709 Christum
1065 1652 1242 1725 (Joan.
1275 1668 1404 1714 xvn,
1434 1651 1512 1722 5).
1933 1642 1938 1647 ’

422 1751 512 1805 16.
555 1749 623 1803 Et
649 1747 806 1802 modo
836 1763 962 1815 ergo
984 1745 1000 1776 ¹
1025 1753 1140 1813 post
1165 1745 1633 1797 commemoratum
1656 1737 1934 1808 judicium,

346 1841 493 1912 quod
516 1855 674 1895 omne
704 1839 848 1893 dedit
871 1838 1004 1892 Filio
1030 1836 1187 1890 Pater
1207 1849 1310 1888 non
1327 1833 1569 1902 judicans
1595 1837 1935 1899 quemquam,

345 1931 474 2002 quid
504 1931 738 1985 futurum
765 1929 885 1984 est?
910 1927 1044 1994 Quid
1086 1924 1355 1995 sequitur?
1386 1923 1452 1978 Ut
1495 1937 1665 1975 omnes
1696 1919 1940 1988 honori/i-

344 2033 459 2077 cent
490 2021 708 2088 Filiunr,
751 2022 880 2076 sicut
921 2018 1254 2086 honoriﬁcam
1283 2015 1511 2069 Patrrm.
1539 2013 1736 2068 ludatis
1766 2009 1938 2063 bono-

344 2114 589 2169 riﬁcatnr
610 2115 824 2178 Pater’,
854 2111 1210 2166 contemnitur
1233 2108 1415 2163 Filius.
1445 2105 1609 2160 Filius
1630 2103 1768 2157 enim
1791 2100 1940 2156 vide-

343 2206 506 2260 batur
530 2213 586 2260 ut
614 2219 817 2268 servus,
852 2203 1007 2257 Pater
1035 2199 1481 2255 honoriﬁcabatnr
1503 2205 1558 2250 ut
1585 2195 1744 2249 Deus.
1767 2195 1940 2262 Appa-

343 2298 488 2353 rebit
510 2306 566 2352 et
584 2297 751 2351 Filius
776 2296 992 2366 aequalis
1018 2293 1190 2358 Patri,
1216 2301 1268 2346 ut
1295 2307 1464 2345 omnes
1491 2288 1821 2357 honoriﬁcent
1845 2285 1940 2339 Fi-

344 2390 494 2453 lium,
515 2389 643 2443 sicut
659 2387 989 2455 honoriﬁcam
1007 2384 1229 2438 Patrem.
1250 2382 1406 2436 Modo
1422 2397 1546 2450 ergo
1563 2379 1665 2434 hoc
1683 2377 1940 2432 habemus

342 2481 400 2533 in
432 2479 558 2534 ﬁde.
589 2479 698 2534 Nec
739 2479 877 2532 dicat
905 2473 1118 2532 Judteus
1150 2492 1163 2530 2
1199 2475 1408 2528 Patrem
1455 2471 1780 2534 honoriﬁco;
1813 2466 1937 2537 quid

341 2571 478 2628 mihi
507 2580 590 2625 est
615 2586 734 2624 cum
761 2568 927 2623 Filio?
953 2566 1291 2636 Resiiondeat
1319 2565 1412 2628 illi,
1449 2554 1547 2630 Qui
1577 2578 1674 2615 non
1697 2558 1941 2626 honoriﬁ-

341 2671 431 2715 cat
472 2655 690 2724 Filium,
722 2671 822 2714 non
848 2659 1144 2720 houoriﬁcat
1175 2655 1398 2708 Patrem.
1428 2653 1665 2708 Mentiris
1699 2650 1938 2716 omnino,

341 2747 547 2808 Filium
589 2751 964 2820 blasphemas,
1007 2758 1060 2803 ct
1097 2747 1238 2802 Patri
1287 2746 1417 2800 facis
1462 2744 1728 2814 injuriam.
1780 2742 1941 2796 Pater

342 2845 493 2898 enim
519 2843 711 2898 Filium
743 2844 920 2907 misit,
963 2850 1016 2896 tu
1053 2840 1354 2895 contemnis
1379 2853 1536 2908 quem
1579 2836 1724 2890 misit
1757 2853 1769 2888 :
1801 2849 1938 2904 quo-

343 2935 514 2990 modo
533 2935 853 2990 honoriﬁcas
876 2934 1191 2994 mittentem,
1216 2931 1302 3001 qui
1330 2928 1665 2998 blasphemas
1687 2924 1941 2980 missum?

418 3029 510 3083 Π.
552 3028 727 3092 Ecce,
774 3027 943 3098 inquit
988 3025 1199 3094 aliquis,
1255 3023 1450 3076 missus
1495 3030 1577 3074 est
1623 3014 1827 3080 Filius;
1887 3025 1942 3071 et

341 3120 523 3189 major
552 3129 635 3174 est
666 3120 852 3186 Pater,
886 3118 1006 3188 quia
1034 3116 1196 3170 misit.
1236 3112 1445 3167 Recede
1487 3125 1516 3164 a
1555 3124 1738 3165 earne.
1777 3107 1940 3161 Vetus

342 3211 514 3266 homo
545 3210 780 3281 suggerit
807 3217 1122 3264 vetustatem
1145 3205 1186 3270 ³,
1215 3215 1270 3258 ιιι
1295 3205 1345 3258 ἱη
1375 3217 1511 3256 novo
1539 3215 1765 3270 agnosce
1792 3198 1944 3253 novi-

344 3311 537 3358 tatem.
586 3301 765 3356 Novus
811 3301 903 3354 tibi
950 3315 980 3352 a
1029 3297 1226 3351 sarculo
1271 3296 1556 3363 antiquus,
1610 3299 1938 3361 perpetuus,

345 3402 606 3460 mternus,
632 3401 849 3448 revocet
868 3391 933 3446 ad
957 3391 1058 3444 hoc
1083 3388 1430 3443 intellectmn.
1459 3385 1629 3438 Minor
1650 3393 1730 3438 est
1751 3382 1937 3450 Filius,

329 3485 469 3554 ,quia
487 3485 684 3539 missus
705 3483 877 3537 dictus
897 3491 978 3537 est
1002 3476 1195 3535 Filius?
1218 3478 1520 3532 Missionem
1543 3475 1719 3539 audio,
1745 3489 1848 3529 non
1865 3487 1944 3527 se.

344 3575 702 3646 paratiouem.
729 3573 832 3628 Sed
857 3574 975 3639 hoc,
1004 3571 1192 3641 inquit,
1216 3569 1456 3622 videmus
1483 3567 1533 3620 in
1565 3566 1727 3619 rebus
1757 3566 1942 3618 huma-

345 3669 454 3734 nis,
487 3669 611 3738 quia
639 3667 808 3736 major
834 3671 919 3720 cst
943 3663 1030 3735 qui
1058 3663 1252 3728 mittit,
1284 3675 1440 3729 quam
1468 3659 1552 3712 ille
1579 3658 1667 3727 qui
1693 3657 1937 3710 mittitur.

343 3759 452 3814 Sed
476 3774 564 3814 res
585 3759 828 3812 humana:
851 3756 1035 3810 fallunt
1057 3752 1348 3818 hominem,
1372 3765 1457 3804 res
1479 3750 1669 3803 divina:
1695 3756 1936 3818 purgant.

344 3851 470 3905 Noli
495 3850 770 3905 attendere
799 3849 864 3903 ad
888 3863 976 3904 res
1001 3847 1281 3911 humanas,
1309 3844 1394 3898 ubi
1425 3843 1594 3911 major
1620 3841 1827 3894 videtur
1849 3840 1940 3910 qui

345 3943 549 4007 mittit,
575 3951 630 3996 et
658 3940 832 3994 minor
855 3941 944 4010 qui
975 3939 1198 3992 mittitur
1227 3953 1241 3988 :
1273 3948 1571 4004 quanquam
1612 3941 1666 3986 et
1697 3933 1824 3999 ipsa:
1854 3946 1939 3984 res

346 4040 603 4087 humana:
641 4031 823 4086 dicunt
850 4037 1032 4085 contra
1068 4037 1118 4081 te
1157 4025 1538 4080 testimonium.
1574 4021 1763 4085 Velut,
1797 4019 1942 4074 verbi

346 4124 559 4195 gratia,
607 4124 649 4178 si
689 4123 808 4193 quis
835 4136 1059 4176 uxorem
1091 4119 1220 4173 velit
1264 4126 1472 4187 petere,
1523 4123 1575 4170 et
1603 4129 1697 4182 per
1738 4127 1798 4166 se
1835 4126 1942 4166 non

346 4218 562 4287 possit,
589 4216 816 4269 amicum
847 4214 1103 4283 majorem
1133 4210 1296 4264 mittit
1319 4211 1404 4279 qui
1447 4209 1493 4262 ei
1522 4215 1683 4278 petat.
1716 4206 1784 4260 Et
1821 4213 1945 4259 sunt

348 4309 520 4363 multa
546 4309 597 4361 in
631 4307 820 4377 quibus
860 4307 974 4374 ipse
1023 4303 1194 4372 major
1235 4301 1477 4370 cligitur,
1511 4299 1598 4369 qui
1646 4299 1886 4352 mittatur
1912 4312 1942 4350 a

346 4398 581 4454 minore.
606 4397 741 4465 Quid
762 4411 889 4466 ergo
906 4396 1012 4466 jam
1036 4393 1354 4447 calumniam
1378 4392 1455 4444 vis
1479 4390 1649 4444 facere
1669 4431 1682 4452 ,
1711 4388 1944 4458 quiaille

347 4490 540 4555 misit,
585 4488 676 4542 ille
726 4488 919 4541 missus
946 4486 1070 4540 est?
1119 4483 1209 4539 Sol
1247 4481 1452 4536 radium
1493 4479 1690 4545 mittit,
1737 4487 1791 4534 et
1837 4492 1943 4532 non

345 4587 606 4648 separat;
642 4578 760 4630 luna
811 4575 1151 4644 Splendorcm
1196 4573 1388 4635 mittit,
1435 4579 1491 4627 et
1533 4585 1638 4624 non
1681 4576 1940 4639 separat;

347 4671 571 4726 lucerna
599 4672 776 4724 lumen
809 4669 978 4723 fundit
1005 4710 1019 4734 ,
1046 4677 1099 4721 et
1119 4685 1222 4722 non
1249 4675 1459 4736 separat
1486 4682 1498 4718 :
1536 4664 1691 4717 video
1717 4664 1784 4716 ibi
1813 4664 1945 4715 niis-

347 4765 558 4818 sioaem
589 4767 633 4829 ‘,
680 4772 732 4816 et
777 4761 973 4816 nullam
1003 4761 1153 4814 video
1198 4760 1606 4828 separationem.
1636 4755 1766 4808 Nam
1807 4753 1946 4810 side

348 4856 518 4909 rebus
546 4853 792 4908 immanis
819 4853 1015 4922 (ιιιιυτίε
1043 4851 1285 4920 exempla
1304 4891 1318 4914 ,
1359 4864 1392 4903 ο
1422 4849 1673 4903 lneretica
1702 4849 1910 4902 Vanitas
1929 4887 1943 4911 ,

349 4963 684 5016 quanquam,
713 4947 848 5000 sient
871 4945 1027 5015 paulo
1049 4954 1172 4998 aute
1201 4942 1339 5005 dixi,
1367 4949 1420 4994 ct
1446 4941 1572 5010 ipsa:
1597 4955 1680 4994 res
1702 4939 1948 4993 humana:

350 5039 406 5092 in
433 5037 754 5108 quibusdam
789 5035 1046 5104 exemplis
1073 5041 1370 5102 coarguunt
1406 5040 1459 5084 et
1505 5029 1826 5085 convincunt
1857 5038 1946 5094 te;

349 5142 533 5186 tamen
562 5129 778 5184 attende
801 5144 958 5199 quam
986 5128 1056 5181 sit
1081 5126 1224 5180 aliud
1257 5125 1308 5178 in
1331 5124 1492 5178 rebus
1517 5121 1781 5188 humanis,
1807 5119 1949 5175 unde

415 5253 430 5278 ’
463 5254 573 5296 stss.
602 5243 788 5308 plures,
809 5249 860 5293 Et
885 5239 1120 5308 quomodo
1135 5253 1249 5304 ergo
1272 5243 1391 5304 post.
1413 5235 1499 5286 Alii
1516 5248 1654 5296 vero,
1679 5241 1734 5285 Et
1756 5245 1950 5299 quomo-

349 5308 416 5361 do
437 5307 464 5358 .’
488 5317 616 5361 Erqo
637 5314 682 5356 ct
706 5313 825 5361 post.
1583 5359 1592 5361 _
1648 5357 1657 5361 _
1794 5354 1839 5361 ,Δ
1947 5360 1950 5361 ν

415 5319 826 5432 ’Τεξενῖἕεῗυῧῗιῗξί
838 5369 978 5431 juxta
997 5372 1072 5414 Er.
1096 5363 1242 5428 Lugd.
1263 5369 1314 5412 et
1331 5369 1471 5422 \‘ea.,
1487 5359 1622 5411 Modo
1639 5354 1954 5422 honorificam

348 5436 666 5542 “£53213;
820 5488 905 5539 Alii
929 5496 1095 5540 autem
1115 5488 1316 5546 habent,
1341 5490 1567 5535 vetustate
1589 5495 1606 5543 ;
1629 5481 1708 5546 vel
1726 5493 1835 5546 cum
1853 5479 1955 5529 edi-

348 5557 433 5612 tis,
459 5553 701 5605 vetustati.
728 5553 870 5603 Paulo
891 5560 999 5615 post
1021 5553 1074 5615 in,
1095 5551 1237 5600 editis
1263 5543 1462 5611 legitur,
1488 5559 1632 5596 novus
1652 5543 1755 5615 tibi,
1777 5552 1955 5593 swcuto

346 5608 602 5690 antiquus,
626 5617 815 5688 absque
839 5608 1195 5690 priepositione,
1219 5625 1267 5670 a,
1292 5608 1402 5674 qlia:
1426 5615 1588 5690 larunt:
1611 5615 1695 5678 est.
1719 5608 1954 5690 in'ptn‘m-

348 5665 450 5729 διε
469 5665 819 5738 ᾖιεδζ”ι)θηίἀυθ
839 5665 960 5738 infra
981 5682 1091 5724 ιον.
1107 5665 1275 5733 habet,
1295 5665 1478 5724 revocet
1494 5668 1552 5718 ab
1568 5667 1656 5720 hoc
1677 5665 1917 5720 intellectu
1933 5676 1953 5717 :

351 5741 724 5802 refragantibus
739 5736 889 5802 editis
911 5736 1019 5786 aliis
1038 5744 1088 5785 et
1107 5742 1213 5786 Mss.

414 5807 435 5834 ⁸
459 5801 596 5862 uss,
618 5801 932 5852 carissimam.

1397 413 1404 420 η
1475 337 1893 430 amemus
1931 336 2096 394 xxu.
2136 340 2363 401 CAPUT
2404 345 2468 399 v.

3488 343 3621 399 lii‘d

2047 454 2124 508 vis
2151 455 2345 512 ducere
2385 457 2625 528 exempla
2653 456 2718 512 ad
2753 474 2835 513 res
2860 457 3083 513 divinas.
3114 454 3284 512 llomo
3311 469 3402 528 qui
3426 457 3610 516 mittit.

2044 555 2222 600 manet
2251 547 2382 616 ipse,
2415 557 2471 602 et
2497 549 2669 618 pergit
2693 549 2780 602 ille
2808 549 2896 619 qui
2921 549 3180 602 mittitur:
3210 548 3464 618 numquid
3493 564 3615 617 per.

2042 639 2116 708 git
2143 639 2301 694 homo
2328 656 2449 696 eum
2473 657 2538 696 eo
2563 658 2719 712 quem
2747 642 2946 696 mittit?
2973 642 3130 697 Pater
3157 651 3332 697 autem
3365 643 3455 710 qui
3479 643 3621 700 misit

2047 730 2270 799 Filium,
2300 748 2404 787 non
2449 737 2666 790 recessit
2709 751 2740 794 a
2786 734 2936 790 Filio.
2971 737 3144 805 ipsum
3193 735 3619 790 Dominumaudi

2043 823 2306 879 dicentem
2324 867 2338 890 ,
2364 825 2497 880 Ecce
2523 828 2681 881 veniet
2708 828 2852 894 hora,
2879 835 2936 880 ut
2956 830 3290 898 unusquisque
3309 824 3533 880 discedat
3553 824 3621 878 ad

2041 932 2163 983 sua,
2191 927 2236 971 et
2263 933 2343 971 me
2368 917 2530 972 solum
2554 920 2848 990 relinquatis
2869 937 2888 974 :
2933 922 3020 974 sed
3046 937 3146 974 non
3175 919 3311 974 solus
3337 934 3480 984 sum,
3503 917 3623 987 quia

2045 1007 2200 1062 Pater
2229 1025 2419 1063 mecum
2445 1021 2514 1065 est
2538 1011 2709 1079 (Joan.
2737 1027 2856 1078 xvt,
2885 1014 2996 1084 32).
3024 1010 3301 1079 Quomodo
3328 1026 3448 1065 eum
3472 1009 3614 1064 misit

2041 1112 2160 1152 cum
2191 1114 2296 1168 quo
2320 1100 2504 1155 venit?
2529 1101 2796 1170 quomodo
2818 1117 2939 1156 eum
2966 1103 3110 1156 misit
3133 1117 3159 1153 a
3185 1115 3290 1171 quo
3315 1115 3418 1154 non
3441 1113 3616 1154 reces-

2042 1191 2152 1244 sit?
2181 1188 2306 1245 Alio
2326 1192 2442 1246 loco
2467 1192 2634 1259 dixit,
2669 1191 2824 1246 Pater
2857 1203 3024 1247 autem
3049 1197 3102 1246 in
3130 1209 3209 1246 me
3247 1206 3453 1245 manens
3495 1188 3622 1258 facit

2042 1298 2194 1353 opera
2235 1301 2346 1337 sua.
2379 1283 2490 1355 (Id.
2521 1301 2635 1351 xw,
2685 1285 2794 1355 10).
2825 1285 2963 1340 Ecce
2991 1285 3042 1338 in
3070 1286 3160 1340 illo
3188 1293 3299 1347 est,
3333 1296 3458 1338 ecce
3485 1293 3619 1349 ope-

2041 1382 2205 1428 ratur.
2252 1375 2364 1429 Nou
2390 1379 2612 1432 recessit
2641 1393 2671 1432 a
2717 1379 2880 1432 misso
2909 1378 3152 1447 mittens,
3179 1378 3301 1448 quia
3328 1377 3520 1430 missus
3566 1382 3624 1428 et

2043 1465 2256 1519 tuittens
2284 1482 2445 1521 unum
2477 1477 2618 1523 sunt.

2535 1578 2942 1639 TRACTATUS
2978 1580 3140 1637 XXII.

2041 1685 2116 1744 Ab
2142 1708 2197 1744 eo
2227 1681 2362 1762 quod
2384 1704 2625 1762 scriptum
2646 1704 2735 1760 est,
2762 1693 2930 1750 Amen
2955 1737 2968 1761 ,
2997 1710 3149 1748 amen
3174 1693 3289 1747 dico
3311 1691 3460 1747 vobis
3498 1706 3617 1762 quia

2114 1781 2203 1851 qui
2232 1783 2449 1836 verbum
2477 1799 2652 1837 meum
2677 1784 2842 1850 audit,
2872 1795 2924 1838 et
2965 1784 3129 1838 credit
3151 1783 3201 1837 ei
3227 1783 3312 1853 qtti
3342 1781 3486 1836 misit
3511 1797 3617 1847 me,

2115 1873 2275 1929 habet
2331 1876 2492 1929 vitam
2544 1885 2838 1940 aeternam;
2883 1892 3039 1946 usque
3089 1875 3156 1928 ad
3194 1875 3266 1939 id,
3323 1873 3475 1942 Quod
3516 1888 3623 1928 non

2113 1981 2294 2036 qumro
2325 1967 2646 2020 voluntatem
2670 1981 2861 2031 meam,
2891 1967 2985 2022 sed
3022 1967 3345 2021 voluntatem
3383 1967 3497 2036 ejus
3535 1963 3625 2035 qui

2113 2070 2200 2113 me
2231 2059 2390 2112 misit.
2414 2057 2540 2128 Cap.
2572 2076 2627 2122 γ,
2672 2060 2705 2130 Ῡ
2732 2100 2742 2111 .
2775 2056 2844 2114 24
2878 2059 2965 2114 50.

2116 2169 2170 2224 1.
2209 2169 2618 2224 Nudiustertiaui
2669 2181 2720 2225 ct
2767 2171 2996 2225 hesterni
3039 2171 3141 2226 diei
3183 2184 3459 2225 sermones
3501 2168 3625 2223 red-

2043 2259 2182 2315 ditos
2210 2262 2361 2315 vobis
2389 2264 2626 2330 sequitur
2654 2262 2911 2318 hodierna
2937 2263 3236 2332 evangelica
3265 2262 3440 2327 lectio,
3468 2276 3626 2331 quam

2045 2369 2108 2409 ex
2137 2355 2323 2410 ordine
2352 2365 2736 2425 pertractemus
2760 2397 2774 2420 ,
2804 2372 2910 2410 non
2940 2372 3035 2426 pro
3063 2356 3177 2426 ejus
3201 2356 3457 2425 dignitate
3481 2396 3494 2420 ,
3528 2353 3626 2409 sed

2045 2462 2142 2517 pro
2169 2447 2367 2502 viribus
2409 2449 2642 2502 nostris:
2690 2448 2810 2517 quia
2847 2456 2900 2502 ct
2926 2463 3019 2502 vos
3063 2463 3168 2501 non
3196 2463 3292 2517 pro
3319 2443 3623 2500 inundantia

2044 2539 2207 2594 fontis
2234 2541 2493 2610 largitate,
2519 2540 2612 2595 sed
2643 2557 2739 2610 pro
2764 2549 2940 2596 vestro
2961 2540 3174 2595 modulo
3194 2541 3401 2610 capitis.
3433 2539 3497 2593 Et
3523 2553 3622 2594 nos

2044 2648 2152 2687 non
2181 2642 2381 2687 tantum
2421 2633 2645 2687 dicimus
2669 2632 2724 2687 in
2751 2647 2908 2688 aures
2937 2642 3140 2687 vestras
3164 2671 3179 2698 ,
3216 2640 3469 2702 quantum
3511 2631 3626 2701 ipse

2045 2725 2163 2780 fons
2206 2735 2414 2790 manat;
2447 2725 2540 2779 sed
2565 2731 2820 2794 quantum
2846 2739 3039 2794 capere
3064 2738 3373 2793 possumus,
3406 2723 3545 2793 quod
3577 2722 3642 2788 in,

2044 2824 2254 2869 vestros
2273 2829 2462 2868 sensus
2489 2815 2830 2882 trajiciamus,
2857 2813 3211 2887 abundantius
3232 2822 3485 2881 operante
3512 2812 3628 2880 ipso

2045 2907 2098 2962 in
2125 2907 2373 2961 cordibus
2418 2907 2626 2971 vestris,
2666 2921 2823 2974 quam
2869 2905 3023 2959 nobis
3058 2904 3110 2957 in
3159 2904 3374 2956 auribus
3413 2903 3628 2958 vestris.

2046 2999 2153 3054 Res
2198 3000 2341 3054 enim
2385 3015 2573 3069 magna
2605 3008 2858 3054 tractatur
2881 3040 2895 3064 ,
2940 3007 2994 3053 et
3040 3013 3144 3052 non
3173 3013 3202 3051 a
3247 2996 3489 3067 magnis,
3519 2996 3629 3050 imo

2046 3091 2270 3146 multum
2305 3092 2480 3160 parvis
2507 3108 2518 3143 :
2568 3105 2718 3160 spem
2751 3098 2928 3144 tamen
2955 3097 3006 3143 et
3052 3088 3292 3142 ﬁduciam
3319 3087 3409 3140 dat
3435 3085 3588 3140 nobis
3610 3123 3628 3153 ,

2045 3183 2136 3252 qui
2164 3197 2386 3252 magnus
2412 3192 2628 3251 propter
2653 3196 2750 3237 nos
2773 3182 2939 3235 factus
2967 3188 3049 3235 est
3071 3193 3280 3248 parvus.
3311 3175 3368 3233 Si
3398 3177 3536 3232 enim
3563 3175 3632 3230 ab

2047 3274 2136 3328 illo
2164 3291 2266 3327 non
2293 3273 2718 3336 exltortaretnur,
2743 3288 2842 3326 nec
2869 3272 3215 3326 iuvitaremur
3238 3269 3304 3322 ad
3325 3283 3446 3324 eum
3476 3267 3633 3322 intel-

2047 3364 2338 3434 ligendum,
2367 3363 2460 3417 sed
2483 3363 2757 3418 desereret
2781 3377 2880 3417 nos
2902 3375 3147 3431 tanquam
3172 3358 3632 3429 contemptibiles;

2046 3455 2169 3526 quia
2194 3470 2386 3525 capere
2412 3470 2516 3508 non
2546 3469 2828 3524 possumus
2851 3454 3179 3508 divinitatem
3218 3451 3381 3520 ipsius
3405 3491 3420 3517 ,
3449 3449 3494 3502 si
3527 3462 3634 3502 non

2046 3555 2259 3616 caperet
2286 3547 2398 3616 ipse
2424 3546 2799 3600 mortalitatem
2837 3553 3070 3599 nostram
3091 3583 3108 3609 ,
3141 3554 3194 3596 et
3233 3540 3532 3610 perveniret
3563 3537 3630 3592 ad

2047 3655 2146 3694 nos
2172 3646 2230 3692 ut
2249 3638 2553 3706 loqueretur
2580 3636 2732 3691 nobis
2757 3634 3132 3704 Evangelium;
3163 3632 3204 3685 si
3231 3630 3370 3701 quod
3404 3631 3454 3683 in
3477 3627 3634 3684 nobis

2046 3730 2309 3798 abjectum
2357 3739 2411 3782 et
2451 3729 2726 3781 minimum
2776 3736 2890 3791 est,
2940 3723 3196 3778 noluisset
3237 3720 3631 3774 cotmunnicare

2048 3820 2323 3874 nobiscum
2350 3835 2364 3885 ;
2397 3831 2703 3887 putaremus
2733 3833 2852 3870 cum
2893 3815 3127 3869 noluisse
3159 3811 3311 3865 nobis
3352 3809 3478 3864 dare
3518 3823 3634 3862 ma-

2045 3932 2208 3988 gnum
2235 3932 2410 3980 suum,
2440 3913 2528 3984 qui
2555 3911 2789 3982 suscepit
2818 3925 3034 3980 parvum
3058 3915 3319 3962 nostrum.
3349 3903 3473 3958 llarc
3497 3900 3628 3969 dixi,

2049 4026 2116 4064 ne
2150 4009 2269 4079 quis
2311 4009 2394 4063 vel
2437 4022 2534 4062 nos
2579 4003 2935 4075 reprehendat
2975 4004 3071 4056 ista
3111 4008 3433 4062 tractantes,
3479 3989 3634 4064 quasi

2049 4103 2274 4156 multum
2303 4101 2570 4166 audaces;
2607 4099 2687 4154 vel
2714 4099 2780 4154 de
2807 4113 2866 4152 se
2896 4096 3145 4165 desperet
3171 4091 3312 4163 quod
3348 4089 3515 4160 possit
3539 4101 3633 4142 ca-

2051 4209 2179 4264 pere
2204 4194 2344 4248 dono
2376 4192 2500 4258 Dei,
2525 4191 2662 4262 quod
2686 4191 2760 4244 illi
2784 4189 2816 4243 d
2839 4200 3029 4259 gnatus
3056 4195 3137 4241 est
3161 4184 3302 4254 loqui
3330 4181 3494 4236 Filius
3517 4178 3631 4233 Dei.-

2051 4289 2190 4357 Ergo
2217 4285 2356 4356 quod
2389 4285 2530 4354 loqui
2575 4283 2727 4336 nobis
2766 4281 3010 4351 dignatus
3055 4286 3170 4341 est,
3218 4275 3474 4330 debemus
3514 4286 3635 4326 cred

2048 4380 2211 4447 dere,
2261 4380 2382 4450 quia
2415 4378 2576 4432 voluit
2604 4384 2661 4431 ut
2689 4376 3060 4441 intelligamus.
3091 4370 3194 4426 Sed
3225 4368 3268 4423 si
3299 4383 3404 4422 non
3445 4379 3636 4435 possu-

2051 4471 2756 4543 mus,pratstatintellectmn
2780 4473 3012 4536 rogatus,
3027 4464 3116 4535 qui
3143 4461 3363 4518 verbum
3388 4457 3639 4529 pr.cstitit

2051 4583 2156 4620 non
2187 4573 2419 4634 rogatus.

2121 4657 2176 4711 2.
2221 4657 2357 4710 Ecce
2382 4670 2500 4723 qua:
2527 4650 2808 4706 verborum
2839 4649 2934 4704 ista
2963 4655 3165 4702 secreta
3192 4645 3327 4712 sint,
3358 4641 3635 4697 attendite.

2051 4749 2211 4803 Amen
2233 4789 2246 4809 ,
2280 4764 2426 4802 auten
2455 4746 2567 4798 dico
2593 4745 2756 4811 vobis,
2783 4743 2899 4813 quia
2925 4742 3010 4812 qui
3040 4739 3240 4795 uerbum
3269 4754 3435 4791 meum
3453 4735 3640 4810 auditi,

2051 4856 2098 4900 et
2139 4843 2295 4898 credit
2337 4843 2381 4894 ei
2429 4843 2508 4909 qui
2541 4839 2673 4894 misit
2716 4855 2824 4902 me,
2868 4836 3013 4890 habet
3056 4837 3208 4890 vitam
3251 4843 3510 4887 a'tcruam.
3559 4828 3639 4898 Ad

2053 4939 2214 4989 vitam
2258 4943 2401 4988 certe
2443 4942 2696 4986 aeternam
2739 4944 2925 4984 omnes
2965 4925 3263 4989 tendimus;
3295 4933 3351 4978 et
3386 4922 3488 4987 ait,
3539 4918 3640 4983 Qui

2053 5030 2254 5083 verbum
2296 5042 2462 5080 meum
2506 5025 2679 5088 audit,
2710 5032 2758 5076 et
2798 5021 2952 5074 credit
2989 5018 3033 5072 ei
3077 5019 3163 5090 qui
3189 5016 3322 5070 misit
3354 5029 3460 5080 me,
3490 5011 3640 5066 habet

2054 5122 2206 5174 vitam
2232 5129 2493 5174 retentam.
2537 5113 2800 5186 Numquid
2828 5128 2955 5182 ergo
2979 5110 3164 5165 audire
3195 5122 3292 5162 nos
3324 5106 3490 5160 voluit
3520 5119 3641 5156 vcr-

2056 5214 2180 5268 hum
2209 5227 2394 5276 suum,
2425 5220 2479 5264 ct
2505 5209 2798 5278 intelligere
2825 5203 3025 5259 noluit?
3048 5195 3486 5270 Quandoquidem
3513 5195 3558 5250 si
3587 5196 3638 5248 iit

2055 5304 2321 5361 audiendo
2363 5314 2418 5360 et
2445 5301 2712 5359 credendo
2740 5301 2844 5355 vita
2888 5308 3086 5353 mterna
3115 5301 3234 5359 est,
3266 5290 3434 5346 multo
3473 5288 3643 5359 magis

2057 5402 2110 5454 iu
2143 5397 2506 5468 intelligendo.
2552 5395 2656 5451 Sed
2705 5392 2898 5465 gradus
2935 5388 3146 5460 pietatis
3181 5394 3265 5442 est
3305 5384 3469 5451 ﬁdes,
3518 5379 3644 5438 ﬁdei

2059 5493 2261 5548 fruetus
2283 5491 2603 5553 intellectus,
2623 5498 2677 5542 ut
2699 5485 3068 5557 perveniamth
3093 5479 3157 5534 ad
3182 5481 3342 5534 vitam
3363 5488 3641 5541 aeternam,

2057 5586 2148 5640 ubi
2176 5599 2281 5638 non
2312 5583 2464 5636 nobis
2491 5582 2693 5650 legatur
2725 5575 3098 5645 Evangelium;
3131 5571 3225 5626 sed
3259 5571 3347 5625 ille
3373 5569 3461 5640 qui
3493 5567 3648 5622 nobis

2062 5681 2221 5736 modo
2253 5676 2594 5742 Evangelium
2625 5668 2980 5741 dispensavit,
3013 5666 3233 5721 remotis
3273 5663 3520 5718 omnibus
3563 5659 3644 5712 le-

2069 5778 2263 5834 ctionis
2305 5773 2524 5844 paginis,
2557 5778 2610 5825 et
2638 5783 2766 5824 voce
2793 5765 3011 5821 lectoris
3039 5771 3092 5819 et
3123 5760 3420 5820 tractatoris
3441 5800 3454 5826 ,
3486 5769 3644 5827 appav
