4118 6480
465 333 606 403 15⁸13

463 468 578 517 real.
601 451 848 514 omnibus
876 447 986 505 suis
1022 450 1248 520 purgato
1274 437 1435 496 corde
1473 429 1874 492 assistentibus,
1907 432 1960 481 et
1988 421 2044 476 in

463 564 687 622 corpore
714 541 998 602 immortali
1020 516 1131 610 jam
1171 543 1439 602 nunquam
1461 521 1755 586 morituris,
1783 516 2045 573 mundatis

463 605 581 709 eos:
607 650 664 697 et
688 637 990 695 illuminans
1015 605 1274 690 viventes,
1304 630 1359 678 et
1385 617 1625 674 videntes
1649 611 1792 684 quod
1820 611 1873 664 in
1898 605 2044 678 ρήησ

461 700 596 806 cipio
621 741 727 787 erat
757 727 973 783 Verbum
997 765 1013 792 ,
1043 731 1092 778 et
1131 718 1352 774 Verbum
1377 719 1482 768 erat
1509 706 1650 778 apud
1676 705 1834 758 Deum
1867 700 2043 773 (Joan'.

464 800 522 895 ις
548 825 626 895 l).
658 821 808 877 Nunc
851 831 980 887 ergo
1016 811 1104 884 qui
1149 822 1332 866 sumus
1373 800 1742 864 attendamus,
1789 802 1844 850 et
1887 804 2047 862 quem

466 883 743 976 audiamus
771 883 1083 982 cogitemus.
1126 902 1266 958 Deus
1289 905 1372 954 est
1397 894 1642 952 Christus
1665 932 1682 957 ,
1710 897 1905 944 etcum
1949 883 2048 937 bo-

466 1010 700 1068 minibus
724 971 990 1074 loquitur:
1021 995 1139 1065 capi
1159 1008 1218 1048 se
1244 989 1390 1055 vult,
1413 986 1570 1042 faciat
1593 994 1849 1053 capaces;
1880 971 2048 1028 videri

465 1117 525 1158 se
550 1101 694 1163 vult,
736 1065 940 1166 aperiat
965 1087 1166 1143 oculos.
1197 1083 1314 1138 Non
1344 1089 1520 1134 tamen
1547 1075 1664 1130 sine
1688 1084 1848 1127 causa
1868 1065 2050 1134 loqui-

465 1157 553 1248 tur
579 1157 751 1253 nobis,
772 1157 881 1240 ἰιιεὶ
929 1179 1052 1252 quia
1084 1189 1267 1232 verum
1293 1179 1378 1228 est
1413 1167 1555 1240 quod
1585 1161 1842 1236 promittit
1867 1157 2044 1212 nobis.

534 1283 589 1339 5.
633 1250 794 1334 Verba
821 1250 964 1339 mea,
998 1269 1202 1340 inquit,
1234 1265 1316 1337 qui
1339 1263 1510 1325 audit,
1541 1268 1588 1314 et
1615 1255 1771 1310 credit
1797 1253 1840 1306 ei
1863 1250 1946 1319 qui
1972 1264 2051 1302 me

463 1375 630 1438 misit,
665 1371 809 1424 habet
839 1369 991 1422 vitam
1016 1372 1256 1420 ceternam
1280 1399 1295 1424 ,
1321 1366 1368 1411 et
1391 1357 1444 1409 in
1464 1351 1717 1423 judicium
1743 1363 1841 1402 non
1869 1345 2046 1410 veniet,

463 1463 553 1519 sed
578 1436 777 1516 transiit
805 1476 837 1512 a
874 1465 1032 1510 morte
1068 1454 1136 1507 ad
1178 1452 1350 1504 vitam.
1393 1445 1530 1510 Ubi,
1559 1440 1770 1513 quando
1807 1436 2050 1492 venimus

465 1559 533 1616 de
559 1563 732 1612 morte
759 1553 828 1608 ad
857 1552 1016 1606 vitam
1037 1590 1052 1614 ,
1083 1555 1138 1602 ut
1163 1561 1266 1600 non
1297 1544 1347 1596 in
1374 1538 1630 1612 judicimn
1655 1528 1966 1588 veniamus?
1992 1526 2049 1581 In

466 1650 568 1705 hac
596 1648 703 1702 vita
735 1644 985 1700 transitur
1010 1656 1040 1695 a
1071 1645 1242 1694 morte
1269 1634 1334 1688 ad
1369 1633 1564 1693 vitam;
1595 1627 1645 1680 in
1673 1625 1770 1678 hac
1798 1622 1901 1676 vita
1933 1633 2052 1688 qure

466 1741 708 1797 nondum
748 1737 995 1798 estvita,
1031 1732 1155 1785 hinc
1196 1723 1449 1782 transitur
1485 1737 1515 1775 a
1543 1718 1715 1773 morte
1757 1715 1824 1769 ad
1862 1713 2048 1766 vitam.

468 1833 598 1902 Quis
621 1840 704 1890 est
730 1829 816 1884 ille
844 1808 1132 1882 transitus?
1166 1815 1263 1885 Qui
1288 1814 1431 1902 audit
1463 1813 1608 1867 verba
1635 1825 1744 1862 mea
1765 1848 1780 1873 ,
1808 1801 1972 1887 dixit,
2005 1808 2053 1854 et

469 1923 628 1979 credit
652 1922 696 1976 ei
721 1921 806 1991 qui
831 1918 963 1972 misit
991 1931 1086 1969 me.
1117 1911 1349 1967 Servans
1378 1893 1477 1960 ista
1506 1895 1681 1958 credis
1704 1940 1720 1965 ,
1752 1907 1806 1952 et
1838 1885 2050 1950 transis.

470 2017 540 2072 Et
565 2024 647 2069 est
671 1979 760 2082 qui
795 2007 985 2065 stando
1013 1999 1242 2060 transit?
1281 1994 1446 2054 Plane
1475 2003 1592 2050 est:
1624 1999 1728 2046 stat
1752 1986 1894 2044 enim
1929 1979 2052 2040 cor-

467 2123 598 2180 pore
615 2148 630 2173 ,
664 2104 852 2159 transit
879 2107 1075 2155 mente.
1101 2093 1201 2151 Ubi
1227 2091 1342 2148 erat
1361 2133 1376 2156 ,
1401 2087 1542 2143 unde
1569 2083 1846 2145 transiret,
1871 2088 1924 2135 et
1949 2091 2054 2148 quo

469 2168 699 2256 iransit?
727 2192 939 2249 Transit
966 2207 995 2246 a
1023 2196 1195 2244 morte
1219 2185 1287 2240 ad
1315 2184 1499 2238 vitam.
1528 2175 1663 2234 Vide
1688 2189 1850 2231 unum
1881 2168 2054 2225 homi-

467 2301 592 2347 nem
621 2290 846 2344 stantem
866 2326 880 2351 ,
911 2284 962 2337 in
988 2285 1094 2353 quo
1127 2284 1313 2348 agatur
1341 2282 1511 2328 totum
1535 2269 1640 2323 hoc
1665 2264 1806 2336 quod
1831 2263 2047 2317 dicitur.

467 2381 616 2449 Stat,
658 2379 838 2444 audit:
886 2373 1023 2430 forte
1066 2381 1172 2427 no‘n
1216 2366 1505 2428 credebat,
1537 2358 1800 2416 audiendo
1844 2353 2052 2410 credit:

467 2447 628 2546 paulo
657 2479 776 2529 snte
815 2483 921 2523 non
951 2464 1236 2528 credebat,
1266 2457 1425 2515 modo
1454 2453 1664 2519 credit;
1696 2449 1846 2522 quasi
1871 2447 1937 2502 de
1963 2455 2054 2500 re-

469 2536 626 2638 gione
651 2559 980 2617 inﬁdelitatis
1018 2555 1084 2610 ad
1129 2552 1401 2623 regionem
1432 2545 1552 2602 tidei
1579 2542 1858 2598 transitum
1889 2536 2016 2592 fecit
2039 2575 2056 2603 ,

470 2664 618 2713 moto
645 2653 833 2720 corde,
865 2666 968 2705 non
1009 2653 1158 2703 moto'
1204 2654 1429 2713 corpore
1448 2680 1463 2706 ,
1493 2643 1639 2693 moto
1681 2635 1734 2688 in
1781 2631 1971 2686 melius
1995 2629 2010 2659 ¹
2041 2643 2053 2681 :

469 2747 590 2818 quia
631 2745 820 2800 iterum
850 2740 938 2812 qui
987 2739 1240 2794 deserunt
1267 2733 1425 2788 ﬁdem
1450 2772 1464 2795 ,
1499 2733 1780 2783 moventur
1822 2722 1875 2776 in
1905 2720 2058 2775 dete-

469 2837 603 2893 rius.
632 2836 769 2890 Ecce
795 2835 847 2888 in
880 2834 980 2887 hac
1003 2830 1110 2884 vita
1132 2870 1146 2894 ,
1193 2841 1331 2896 quae,
1365 2823 1505 2878 sicut
1529 2819 1638 2874 dixi
1659 2860 1674 2885 ,
1705 2814 1943 2871 nondum
1976 2817 2060 2866 est

471 2928 579 2984 vita
605 2970 620 2996 ,
650 2926 905 2981 transitur
930 2937 959 2976 a
990 2929 1162 2975 morte
1185 2916 1252 2972 ad
1277 2914 1440 2970 vitam
1466 2939 1481 2978 ,-
1514 2919 1568 2965 ιιι
1592 2911 1642 2964 in
1670 2906 1925 2979 judicium
1953 2918 2057 2956 non

471 3023 733 3078 veniatur.
759 3017 935 3086 Quare
962 3023 1138 3068 autem
1169 3010 1278 3064 dixi
1307 3004 1429 3078 quia
1456 3003 1688 3059 nondum
1721 3008 1802 3056 est
1829 2997 1972 3052 vita?
2002 2995 2060 3051 Si

472 3116 579 3170 vita
606 3119 750 3170 esset
779 3111 875 3164 ista
897 3149 911 3173 ,
943 3115 1048 3161 non
1079 3105 1281 3160 diceret
1317 3099 1570 3155 Dominus
1605 3093 1814 3150 cuidam
1837 3133 1851 3158 ,
1883 3091 1943 3145 Si
1987 3089 2061 3144 vis

473 3205 640 3264 venire
663 3204 731 3259 ad
759 3204 910 3258 vitam
930 3241 946 3266 ,
972 3215 1113 3254 serva
1139 3193 1380 3249 mandata
1407 3188 1616 3264 (Matth.
1645 3202 1762 3251 xix,
1799 3184 1910 3254 l7).
1944 3181 2058 3236 Non

474 3300 619 3356 enim
649 3297 722 3351 ait
747 3295 857 3359 illi,
889 3291 947 3348 Si
977 3291 1055 3345 vis
1096 3287 1278 3343 venire
1303 3284 1567 3339 ad'vitam
1613 3288 1865 3334 aeternam
1896 3291 1910 3340 ;
1953 3288 2061 3328 non

479 3390 681 3447 addidit
708 3395 962 3443 mternam
986 3426 999 3449 ,
1030 3380 1124 3438 sed
1155 3386 1357 3434 tantum
1386 3374 1555 3440 dixit,
1587 3372 1760 3425 vitam.
1793 3367 1933 3438 Ergo
1960 3365 2062 3420 ista

477 3497 577 3538 nec
604 3482 706 3536 vita
733 3474 1055 3535 nominanda
1079 3480 1182 3540 est,
1213 3469 1334 3540 quia
1375 3482 1480 3521 non
1507 3474 1588 3520 εει
1610 3476 1735 3517 vera
1773 3461 1902 3516 vita.
1931 3459 2062 3525 Quae

477 3584 563 3630 εει
589 3588 712 3628 vera
742 3572 845 3625 vita
862 3611 876 3635 ,
899 3567 998 3623 nisi
1025 3580 1143 3635 qua:
1172 3569 1254 3619 est.
1279 3571 1478 3616 :etcrna
1503 3556 1650 3611 vita?
1675 3553 1814 3609 Audi
1835 3554 2060 3623 Aposto-

480 3667 590 3722 lum
614 3655 876 3719 dicentem
902 3659 968 3714 ad
993 3654 1332 3712 Timotheum
1358 3670 1369 3706 :
1407 3649 1636 3720 Prtecipe
1659 3647 1889 3701 divitibus
1908 3647 2062 3716 hujus

477 3755 685 3821 steculi,
714 3769 817 3806 non
858 3747 1070 3820 superbe
1107 3755 1313 3814 sapere,
1348 3751 1504 3810 neque
1544 3751 1748 3809 sperare
1789 3735 1841 3790 in
1875 3736 2063 3788 incerto

479 3837 806 3908 divitiarum;
843 3841 932 3896 sed
957 3841 1010 3894 in
1053 3836 1158 3892 Deo
1184 3836 1314 3898 vivo,
1357 3833 1441 3904 qui
1480 3839 1685 3902 praestat
1713 3827 1854 3881 nobis
1896 3824 2065 3878 omnia

480 3937 797 4008 abundanter
819 3932 886 3986 ad
924 3929 1234 4000 fruendum:
1280 3925 1402 3978 bene
1429 3922 1618 3993 fodiant
1641 3959 1656 3984 ,
1691 3918 1866 3971 divites
1884 3917 1983 3969 sint
2013 3915 2065 3968 in

482 4005 712 4100 aperibus
755 4023 925 4088 bonis,
973 4019 1121 4091 facile
1150 4018 1402 4076 tribuant.
1452 4009 1834 4066 communicent.
1868 4005 2065 4076 thuid

482 4099 631 4175 hoc?
674 4115 811 4172 Audi
848 4114 990 4185 quod
1027 4111 1306 4182 sequitur:
1355 4103 1713 4160 Thesaurizent
1751 4099 1844 4155 sibi
1874 4101 2066 4170 funda-

484 4218 708 4266 mentum
750 4209 932 4261 bonum
972 4205 1024 4258 in
1073 4203 1332 4272 futurum,
1378 4208 1432 4250 ut
1478 4193 1860 4264 apprehendant
1902 4203 2068 4245 veram

484 4303 640 4358 vitam
669 4290 728 4372 (1
753 4287 885 4352 Tim.
915 4313 999 4363 vi,
1023 4294 1191 4350 17-19
1213 4293 1255 4362 ).
1281 4291 1335 4346 Si
1361 4289 1558 4345 debent
1578 4286 1678 4342 sibi
1709 4285 2069 4341 thesaurizare

486 4391 887 4449 fundamentum
933 4388 1130 4442 bonum
1161 4384 1213 4438 in
1259 4383 1527 4445 futurum,
1559 4385 1620 4433 ut
1668 4375 2070 4447 apprehendant

487 4501 668 4543 veram
694 4483 883 4547 vitam;
928 4479 1166 4550 profecto
1195 4476 1295 4530 ista
1331 4474 1383 4527 in
1423 4486 1526 4543 qua
1566 4478 1750 4537 erant,
1802 4468 1933 4522 falsa
1963 4468 2070 4520 vita

489 4586 591 4634 est.
631 4575 764 4630 Nam
808 4569 988 4641 utquid
1018 4569 1150 4623 velis
1189 4561 1811 4636 apprchendereovcram
1834 4599 1848 4623 ,
1875 4558 1918 4612 si
1957 4557 2070 4626 jam

489 4679 640 4726 tenes
665 4663 878 4722 veram?
921 4655 1377 4732 Apprchendenda
1416 4663 1497 4710 est
1541 4653 1701 4708 vera?
1737 4647 2069 4722 migrandum

491 4767 574 4813 est
602 4769 631 4810 a
661 4754 809 4810 falsa.
842 4749 908 4804 Et
944 4763 1046 4819 qua
1077 4744 1452 4817 migrandum?
1492 4741 1632 4810 quo?
1661 4739 1829 4800 Audi,
1865 4734 2065 4800 crede;

491 4857 548 4904 et
576 4845 850 4901 transitum
877 4839 1062 4896 lacisa
1105 4844 1275 4894 morte
1301 4834 1370 4889 ad
1393 4832 1578 4898 vitam,
1620 4841 1673 4886 et
1718 4829 1771 4883 in
1812 4825 2070 4896 judicium

498 4954 605 4996 non
635 4939 804 4993 venis.

570 5031 626 5086 4.
651 5028 786 5096 Quid
813 5035 896 5083 est
925 5027 1047 5091 hoc,
1081 5023 1150 5078 Et
1177 5023 1230 5076 in
1255 5017 1517 5092 judicium
1545 5029 1649 5070 non
1673 5011 1854 5066 venis?
1880 5010 1942 5064 Et
1962 5007 2078 5076 quis

506 5125 695 5179 melior
714 5123 817 5177 erit
845 5119 1009 5175 Paulo
1037 5114 1299 5185 apostolo,
1327 5111 1416 5181 qui
1444 5111 1517 5162 ait
1543 5123 1560 5163 :
1591 5106 1796 5176 Oportet
1825 5118 1916 5156 nos
1937 5101 2080 5154 exhi-

506 5215 608 5270 beri
637 5228 808 5269 onmes
829 5219 946 5265 ante
973 5206 1190 5262 tribunal
1213 5203 1436 5266 Christi,
1463 5210 1518 5253 ut
1552 5197 1659 5252 illic
1688 5196 1899 5261 recipiat
1926 5208 2087 5246 unus-

507 5314 715 5382 quisque
735 5325 850 5380 qua:
877 5322 964 5375 per
993 5319 1180 5372 corpus
1213 5301 1393 5373 gessit,
1423 5298 1524 5350 sive
1551 5293 1738 5347 bonum
1767 5291 1870 5345 sive
1891 5285 2085 5340 malum

514 5379 600 5476 (11
629 5379 826 5467 Cor.v,
853 5399 982 5467 lli)?
1023 5397 1217 5454 Paulus
1256 5392 1427 5447 dicit:
1469 5387 1679 5455 Oportet
1730 5399 1819 5438 nos
1864 5379 2087 5435 exhiberi

515 5471 687 5550 omnes
724 5502 840 5547 ante
867 5488 1088 5545 tribunal
1114 5483 1336 5549 Christi;
1364 5488 1419 5538 et
1446 5488 1500 5534 tu
1543 5477 1636 5532 tibi
1665 5475 1831 5530 audes
1859 5471 2081 5542 promit-

590 5659 605 5691 ¹
631 5645 755 5705 ιισιιῐὶ
781 5669 792 5705 :
820 5656 1090 5702 Ira’nsdum
1107 5652 1238 5710 Iecrt,
1257 5649 1383 5694 motu
1398 5645 1580 5710 cordte,
1601 5646 1694 5710 non
1704 5626 2087 5710 ιιιρξιιςρςρρςξξὲ

521 5697 1118 5774 ηιοιῖίῖἶιιιὲιῖιὶεῖὶὶιᾶιεέ
1131 5746 1145 5772 ,
1163 5697 1287 5759 ηιὸεο
1305 5701 1469 5765 corde,
1489 5714 1581 5754 nrn
1599 5703 1720 5749 moto
1735 5699 1951 5758 conﬁne,
1969 5697 2092 5742 moto

523 5785 573 5839 in
592 5781 775 5834 melius.

1407 310 1472 378 IN
1500 311 1774 376 JOANNIS
1807 303 2272 374 EV’ANGELIUM,
2313 305 2372 361 s.
2416 302 2783 364 AUGUSTlNl
3593 285 3730 357 ,ὅτε

2149 429 2261 477 tere
2286 424 2406 492 quia
2449 421 2499 474 in
2538 419 2794 490 judicium
2824 432 2927 472 non
2958 414 3138 472 venies
3157 457 3171 482 ,
3210 415 3388 486 Absit,
3419 413 3593 486 inquis
3614 455 3632 484 ,
3673 423 3732 470 ut

2148 529 2247 584 ego
2272 513 2401 568 mihi
2427 511 2528 568 hoc
2557 511 2865 582 promittere
2890 509 3114 564 audeam
3147 525 3160 561 :
3192 508 3287 563 sed
3315 506 3481 562 credo
3502 507 3729 577 promit-

2149 583 2300 662 lenti.
2330 605 2572 661 Salvator
2596 603 2828 673 loquitur
2847 641 2864 668 ,
2901 600 3102 656 Veritas
3129 600 3428 669 pollicetur,
3460 599 3574 668 ipse
3597 583 3734 654 dixit

2150 700 2281 755 mihi
2304 739 2318 763 ,
2353 698 2452 764 Qui
2475 697 2616 752 audit
2638 695 2785 750 verba
2812 709 2956 761 mea,
2997 701 3044 746 et
3071 691 3228 746 credit
3251 691 3298 744 ei
3339 690 3426 761 qui
3452 705 3530 744 me
3555 689 3729 757 misit,

2151 788 2295 842 habet
2324 789 2476 841 vitam
2499 797 2738 841 ceternam
2757 826 2772 851 ,
2797 792 2843 838 et
2867 782 3133 836 transitum
3161 781 3280 852 facit
3304 780 3366 835 de
3391 788 3550 834 morte
3572 779 3626 833 in
3649 780 3732 834 vi-

2152 891 2285 946 tam,
2314 889 2358 935 et
2386 881 2438 934 in
2456 879 2708 950 judicium
2734 893 2834 931 nou
2863 875 3040 930 veniet.
3060 855 3184 944 ‘E‘go
3213 887 3340 943 ergo
3364 871 3544 926 audivi
3569 859 3729 927 verba

2152 972 2360 1027 Domini
2390 971 2515 1036 mei,
2537 968 2742 1025 credidi
2767 984 2781 1034 ;
2805 968 2913 1037 jam
2943 965 3172 1020 inﬁdelis
3192 979 3313 1018 cum
3340 977 3535 1027 essem,
3562 961 3734 1018 lactus

2152 1077 2272 1118 sum
2300 1061 2468 1117 tidelis
2492 1078 2506 1114 :
2535 1059 2674 1114 sicut
2699 1073 2786 1113 me
2815 1057 3051 1131 monuit,
3081 1053 3265 1109 transii
3303 1068 3332 1106 a
3363 1062 3534 1108 morte
3555 1050 3624 1106 ad
3650 1050 3734 1106 vi.

2154 1162 2281 1219 tam,
2309 1152 2374 1206 ad
2393 1151 2650 1222 judicium
2677 1164 2781 1204 non
2805 1148 2999 1214 venio;
3029 1161 3135 1201 non
3157 1142 3573 1216 praesumptione
3593 1157 3732 1209 mea,

2153 1247 2246 1303 sed
2272 1246 2435 1316 ipsius
2456 1244 2825 1316 promissione.
2851 1241 3042 1296 Paulus
3066 1247 3241 1293 autem
3258 1233 3444 1314 contra
3464 1234 3734 1291 Christum

2153 1337 2390 1407 loquitur
2407 1377 2422 1401 ,
2453 1349 2640 1390 servus
2665 1342 2850 1388 contra
2875 1316 3156 1384 Dominum
3178 1369 3194 1395 ,
3225 1307 3514 1396 discipulus
3551 1333 3737 1380 contra

2154 1429 2494 1498 magistrum,
2525 1425 2685 1480 homo
2710 1431 2892 1479 contra
2928 1423 3113 1486 Deum,
3146 1427 3202 1498 ut
3226 1433 3345 1473 cum
3373 1407 3625 1470 Dominus
3651 1415 3736 1470 di-

2154 1529 2240 1575 cat
2266 1519 2387 1589 quia
2412 1518 2497 1588 qui
2524 1516 2666 1570 audit
2713 1523 2759 1570 et
2787 1505 2974 1578 credit,
3002 1492 3180 1564 transit
3208 1526 3240 1562 a
3264 1513 3422 1562 morte
3449 1507 3516 1560 ad
3541 1505 3692 1560 vitam
3714 1543 3730 1572 ,

2155 1619 2200 1666 et
2223 1611 2275 1664 in
2296 1609 2550 1682 judicium
2581 1623 2679 1661 non
2710 1606 2884 1680 veniet,
2913 1603 3052 1677 dicat
3073 1599 3374 1670 Apostolus,
3407 1591 3616 1668 Oportet
3645 1600 3737 1650 nos

2155 1718 2324 1758 omnes
2351 1699 2570 1755 exhiberi
2592 1707 2709 1751 ante
2731 1694 2948 1748 tribunal
2971 1690 3182 1748 Christi?
3206 1691 3311 1744 Aut
3333 1689 3376 1743 si
3400 1687 3464 1742 ad
3481 1687 3736 1757 judicium

2155 1808 2262 1847 non
2292 1792 2433 1846 venit
2458 1789 2548 1860 qui
2575 1787 2642 1842 ad
2672 1784 2898 1841 tribunal
2927 1782 3240 1848 exhibetur,
3263 1779 3443 1835 nescio
3469 1776 3736 1849 quomodo

2155 1883 2468 1952 intelligam.

2227 1975 2282 2030 5.
2322 1972 2545 2028 Revelat
2588 1981 2716 2039 ergo
2771 1961 3028 2022 Dominus
3075 1959 3218 2017 Deus
3270 1953 3487 2026 noster,
3539 1966 3594 2012 et
3645 1964 3742 2028 per

2159 2065 2460 2133 Scripturas
2503 2075 2628 2116 suas
2655 2058 2906 2113 admonet
2935 2070 3040 2110 .nos
3076 2052 3343 2124 quomodo
3377 2049 3699 2120 intelligatur
3722 2089 3739 2117 ,

2157 2154 2370 2227 quando
2402 2152 2597 2208 dicitur
2621 2149 2904 2220 judicium.
2951 2145 3147 2200 Hortor
3185 2157 3313 2212 ergo
3341 2150 3396 2196 ut
3431 2137 3739 2196 attendatis.

2158 2244 2455 2316 Aliquando
2473 2242 2728 2312 judicium
2752 2253 2907 2314 poena
2931 2236 3128 2291 dicitur
3153 2253 3166 2288 :
3194 2231 3742 2303 aliquandojudicium

2159 2335 2544 2393 discriminatio
2585 2332 2798 2387 dicitur.
2846 2327 3151 2384 Secundum
3195 2324 3340 2378 illum
3376 2321 3590 2377 modum
3637 2334 3743 2390 quo

2159 2428 2352 2484 dicitur
2371 2425 2628 2496 judicium
2648 2418 3052 2485 discriminatio,
3081 2424 3276 2487 oportet
3301 2429 3391 2467 nos
3412 2428 3580 2466 omnes
3601 2411 3745 2464 exhi-

2159 2521 2262 2577 beri
2289 2528 2407 2574 ante
2444 2515 2664 2572 tribunal
2703 2512 2926 2578 Christi,
2967 2518 3022 2563 ut
3056 2509 3162 2562 illic
3208 2503 3418 2576 recipiat
3445 2503 3603 2556 homo
3633 2513 3745 2572 qua

2159 2629 2250 2685 per
2294 2625 2476 2680 corpus
2513 2603 2694 2680 gessit,
2723 2605 2825 2658 sive
2875 2603 3059 2656 bonum
3105 2596 3206 2652 sive
3249 2595 3438 2649 malum
3462 2609 3482 2647 :
3509 2591 3620 2662 ipsa
3663 2587 3748 2645 est

2160 2705 2302 2762 enim
2327 2699 2730 2762 discriminatio,
2756 2703 2813 2749 ut
2839 2693 2996 2749 bonis
3024 2690 3162 2746 bona
3183 2729 3197 2755 ,
3229 2676 3383 2742 malis
3408 2684 3543 2740 mala
3569 2682 3746 2737 distri-

2160 2798 2408 2854 buantur.
2439 2792 2571 2847 Nam
2610 2791 2653 2846 si
2693 2786 2952 2859 judicium
2980 2795 3192 2852 semper
3228 2767 3281 2834 in
3314 2779 3454 2833 malo
3480 2775 3750 2844 accipere-

2162 2875 2288 2954 tur,
2319 2902 2423 2941 non
2465 2885 2669 2940 diceret
2695 2857 2970 2943 l’salmus,
2997 2875 3186 2929 Judica
3229 2888 3344 2938 me,
3387 2868 3545 2923 Deus.
3587 2857 3749 2921 Audit

2162 2982 2300 3037 forte
2324 2979 2516 3050 aliquis
2543 2976 2838 3038 dicentem,
2869 2969 3058 3024 Judica
3084 2983 3193 3033 me,
3225 2958 3390 3028 Deus,
3425 2969 3480 3015 et
3504 2960 3743 3014 miratur.

2162 3074 2312 3131 Solet
2346 3072 2487 3126 enim
2518 3069 2678 3123 homo
2703 3064 2910 3128 dicere,
2941 3061 3182 3131 Ignoscat
3215 3045 3343 3123 mihi
3375 3053 3547 3115 Deus;
3581 3051 3748 3105 Parce

2162 3168 2325 3234 mihi,
2356 3167 2530 3220 Deus:
2577 3160 2696 3232 quis
2717 3166 2800 3214 est
2821 3155 2910 3226 qui
2935 3154 3106 3218 dicat,
3129 3148 3318 3234 Judica
3341 3162 3449 3212 me,
3475 3134 3609 3197 Deus
3632 3143 3657 3195 ?
3687 3137 3751 3196 Et

2163 3228 2446 3330 aliquando
2476 3254 2527 3309 in
2550 3228 2763 3308 Psalmo
2795 3259 2982 3302 versus
3010 3244 3122 3314 ipse
3151 3241 3202 3296 in
3226 3228 3570 3308 diapsalmate
3592 3233 3749 3305 poni-

2166 3327 2287 3416 turv,
2318 3349 2408 3419 qui
2436 3345 2731 3418 praebeatur
2759 3355 2787 3392 a
2817 3338 3018 3392 lectore
3038 3375 3052 3400 ,
3083 3342 3138 3388 et
3174 3327 3559 3400 respondeatur
3591 3341 3624 3380 a
3651 3339 3749 3394 po-

2165 3443 2310 3514 pulo.
2342 3441 2456 3496 Non
2480 3437 2618 3493 forte
2637 3432 2795 3488 alicui
2819 3445 2913 3486 cor
2935 3427 3246 3499 percutitur,
3275 3432 3329 3479 et
3357 3424 3506 3478 timet
3531 3419 3748 3475 cantare

2167 3538 2279 3592 Deo
2320 3543 2374 3590 et
2397 3533 2606 3596 dicere,
2650 3527 2839 3582 Judica
2877 3539 2988 3590 me,
3040 3519 3213 3574 Deus?
3255 3518 3320 3572 Et
3355 3525 3530 3571 tamen
3573 3517 3767 3568 cantat‘

2167 3629 2392 3701 populus
2413 3623 2639 3682 credens
2659 3664 2674 3689 ,
2702 3635 2801 3676 nec
2827 3624 2976 3688 putat
3001 3629 3060 3670 se
3081 3613 3219 3668 male
3243 3619 3426 3681 optare
3449 3606 3590 3678 quod
3614 3603 3751 3660 didi-

2167 3695 2254 3776 cit—
2281 3736 2311 3775 a
2349 3719 2526 3774 divina
2557 3713 2786 3772 lectione
2830 3728 2844 3764 :
2875 3718 2929 3764 et
2971 3707 3014 3762 si
3045 3719 3232 3776 parum
3279 3700 3555 3770 intelligit,
3582 3695 3754 3753 credit

2168 3812 2366 3882 aliquid
2391 3811 2516 3868 boni
2542 3825 2664 3866 esse
2689 3809 2830 3880 quod
2857 3813 3054 3863 cantat.
3084 3804 3152 3858 Et
3180 3811 3356 3856 tamen
3382 3807 3436 3854 et
3463 3797 3576 3867 ipse
3603 3792 3755 3849 Psal-

2170 3921 2290 3960 mus
2323 3919 2430 3959 non
2467 3902 2666 3958 dimisit
2708 3899 2977 3954 hominem
3021 3896 3137 3950 sine
3181 3891 3472 3947 intellectu.
3526 3889 3755 3943 Secutus

2169 3998 2310 4054 enim
2333 4039 2348 4064 ,
2390 3995 2567 4052 verbis
2607 3990 2988 4064 posterioribus
3016 3973 3248 4044 ostendit
3294 3983 3451 4054 quale
3494 3965 3753 4060 judicium

2170 4089 2410 4153 diceret;
2438 4085 2560 4156 quia
2588 4098 2693 4140 non
2732 4091 2815 4139 est
2847 4078 3238 4142 damnationis,
3270 4073 3364 4130 sed
3393 4056 3751 4128 discretionis.

2171 4182 2262 4237 Ait
2301 4179 2478 4243 enim,
2516 4176 2704 4231 Judica
2745 4189 2858 4237 me,
2902 4171 3057 4225 Deus.
3099 4167 3235 4234 Quid
3265 4176 3380 4232 est,
3426 4162 3614 4217 Judica
3638 4173 3750 4230 nte,

2175 4271 2357 4327 Deus?
2384 4270 2450 4324 Et
2492 4269 2717 4322 discerne
2741 4282 2946 4320 causam
2989 4277 3148 4317 meam
3174 4277 3204 4313 α
3244 4267 3388 4331 gente
3423 4271 3524 4310 non
3559 4261 3755 4307 sancta.

2174 4366 2316 4436 Ergo
2341 4362 2630 4419 secundum
2656 4360 2758 4415 hoc
2777 4359 3033 4430 judicium
3058 4352 3416 4415 discretionis,
3449 4356 3640 4420 Oportet
3663 4362 3757 4401 nos

2175 4473 2348 4511 omnes
2377 4454 2596 4509 exhiberi
2636 4461 2751 4506 ante
2790 4448 3008 4504 tribunal
3035 4445 3240 4502 Christi.
3288 4441 3589 4499 Secundum
3615 4437 3758 4508 judi-

2174 4549 2314 4604 cium
2339 4557 2516 4602 autcm
2545 4542 2918 4604 damnationis,
2947 4541 3044 4605 Qui
3068 4537 3209 4592 audit
3233 4535 3380 4590 verba
3406 4550 3537 4598 mea,
3567 4529 3755 4600 inquit,

2175 4649 2222 4695 et
2265 4638 2420 4694 credit
2448 4637 2492 4691 ei
2526 4636 2611 4707 qui
2646 4635 2778 4688 misit
2821 4649 2930 4697 me,
2961 4629 3103 4684 habet
3147 4629 3298 4682 vitam
3325 4637 3561 4680 aeternam
3582 4662 3598 4687 ,
3629 4629 3676 4674 et
3703 4619 3759 4676 in

2168 4731 2420 4802 judicium
2450 4744 2551 4781 non
2576 4725 2733 4780 veniet
2757 4765 2770 4788 ,
2799 4723 2886 4776 sed
2911 4720 3177 4774 transitum
3205 4717 3325 4789 facit
3351 4733 3383 4768 a
3407 4723 3564 4768 morte
3585 4710 3654 4765 ad
3682 4709 3760 4764 vi-

2179 4831 2300 4874 tam.
2344 4817 2481 4887 Quid
2523 4825 2640 4882 est,
2685 4815 2738 4868 in
2764 4811 3016 4883 judicium
3062 4825 3163 4864 non
3205 4805 3403 4861 veniet?
3437 4804 3495 4859 ιιι
3541 4802 3762 4858 damna-

2180 4912 2380 4966 tionem
2430 4923 2534 4962 non
2587 4905 2784 4960 veniet.
2837 4901 3134 4958 Probemus
3182 4898 3249 4953 de
3299 4894 3588 4965 Scripturis
3640 4891 3760 4962 quia

2178 5003 2378 5057 dictum
2405 5007 2487 5054 est
2510 4995 2767 5067 judicium
2793 4993 2880 5049 ubi
2909 5007 3060 5062 prima
3090 4988 3396 5060 intelligitur
3420 5005 3431 5040 :
3461 4997 3764 5056 quanquam

2180 5100 2236 5148 ει
2261 5093 2312 5146 in
2343 5092 2443 5146 hac
2469 5091 2580 5158 ipsa
2610 5087 2834 5143 lectione
2861 5086 3015 5154 paulo
3043 5089 3164 5154 post
3190 5080 3415 5136 audietis
3447 5079 3621 5148 ipsum
3644 5088 3766 5128 ver-

2180 5184 2306 5238 bum
2321 5180 2506 5253 judicii
2533 5194 2638 5234 non
2664 5179 2896 5250 positum
2923 5176 3022 5231 nisi
3046 5190 3141 5245 pro
3166 5171 3506 5227 damnatione
3529 5180 3583 5226 et
3609 5180 3765 5239 pinna

2184 5272 2392 5347 (Infra,
2421 5289 2473 5326 η.
2508 5269 2617 5341 l5).
2651 5269 2848 5324 Tamen
2883 5267 3165 5336 Apostolus
3192 5263 3321 5318 dicit
3348 5261 3577 5332 quodam
3606 5261 3728 5313 loco
3749 5295 3768 5324 ,

2184 5365 2425 5420 scribens
2448 5362 2513 5417 ad
2542 5374 2637 5416 eos
2663 5361 2752 5430 qui
2781 5359 2985 5428 Corpus
3017 5357 3156 5425 quod
3190 5355 3375 5410 ﬁdeles
3401 5353 3566 5408 nostis
3585 5393 3600 5418 ,
3631 5350 3770 5404 male

2185 5457 2516 5517 tractabant;
2564 5464 2618 5508 et
2648 5460 2862 5522 pmpter
2890 5449 3028 5520 quod
3061 5449 3197 5503 male
3229 5447 3562 5511 tractabant,
3599 5443 3766 5498 corri-

2187 5547 2468 5619 piebantur
2503 5544 2712 5614 ﬂagello
2739 5543 2948 5597 Domini
2977 5558 2990 5595 :
3031 5541 3105 5596 ait
3141 5541 3282 5596 enim
3324 5539 3426 5594 illis
3448 5578 3460 5602 ,
3495 5536 3773 5604 Propterea

2198 5646 2347 5702 multi
2373 5644 2426 5696 in
2451 5641 2584 5695 vobis
2609 5638 2802 5706 inﬁrmi
2832 5646 2878 5691 et
2907 5637 3085 5707 (egroti
3107 5635 3367 5690 dormiunt
3397 5629 3697 5701 sufﬁcienter
3722 5623 3764 5685 ¹.

2266 5758 2283 5789 ⁸
2309 5756 2390 5808 Sic
2407 5767 2576 5806 omnes
2586 5753 2798 5812 codices,
2813 5749 2924 5800 licet
2937 5749 3058 5812 apud
3071 5746 3349 5810 Apostolum
3372 5747 3454 5808 sit,
3470 5757 3560 5795 non
3586 5741 3770 5795 litanda.
