4118 6480
443 399 582 460 1579

441 515 756 581 Habebunt;
779 527 898 570 nam
920 519 974 568 et
993 524 1090 583 ego
1113 508 1272 583 paulo
1301 516 1422 564 ante
1443 507 1572 575 dixi,
1601 507 1699 572 Qui
1719 507 1860 562 audit
1881 507 2030 564 verba

442 627 578 679 mea,
617 619 663 666 et
688 607 842 664 credit
879 607 925 662 ei
961 606 1048 676 qui
1087 621 1166 658 me
1207 603 1359 684 misit,
1403 601 1550 656 habet
1577 602 1730 656 vitam
1767 610 2026 658 cateruam.

443 705 588 778 Ergo
631 703 708 760 illi
735 702 826 774 qui
868 701 922 756 in
965 708 1018 756 te
1061 697 1304 764 credunt,
1349 695 1544 750 habent
1589 697 1790 752 vitam:
1823 706 1878 752 et
1923 711 2030 753 non

445 800 650 868 dixisti,
678 797 733 854 in
773 794 1091 866 semetipsis.
1121 791 1250 848 Cum
1287 799 1464 844 autem
1501 789 1568 846 de
1595 790 1752 846 Patre
1779 790 2028 862 loquere-

443 896 540 964 ris,
573 893 718 950 Sicut
737 888 895 944 Pater
920 886 1064 940 habet
1089 885 1240 939 vitam
1267 883 1320 938 in
1355 883 1622 953 semetipso
1642 899 1662 938 :
1683 897 1883 949 rursus,
1907 897 2031 939 cum

443 991 514 1048 de
535 997 588 1046 te
614 983 930 1058 loquereris,
959 979 1158 1044 dixisti,
1185 977 1256 1032 sic
1283 986 1328 1034 et
1349 976 1486 1032 Filio
1511 977 1648 1031 dedit
1675 977 1860 1032 habere
1877 979 2033 1031 vitam

444 1085 502 1140 in
520 1081 804 1152 semetipso,
822 1077 970 1134 Sicut
993 1073 1172 1139 habet,
1195 1071 1274 1128 sic
1301 1069 1446 1126 dedit
1467 1070 1686 1126 habere.
1707 1069 1806 1126 Ubi
1839 1069 2034 1140 habet?

447 1178 520 1234 In
545 1175 828 1243 semetipso.
869 1169 970 1225 Ubi
989 1167 1136 1222 dedit
1160 1165 1396 1222 habere?
1427 1163 1492 1220 In
1524 1165 1806 1236 seruatipso.
1839 1163 2036 1218 Paulus

447 1269 538 1326 ubi
567 1263 760 1326 habet?
787 1261 904 1318 Non
927 1261 978 1314 in
1000 1257 1306 1326 sentetipso,
1333 1255 1426 1310 sed
1457 1256 1506 1310 in
1527 1255 1758 1310 Christo.
1788 1255 1870 1310 Tu
1899 1253 2034 1310 iide-

447 1363 515 1418 lis
540 1360 630 1416 ubi
671 1355 872 1416 habes?
901 1353 1016 1408 Non
1047 1353 1100 1414 in
1129 1351 1430 1421 temetipso,
1463 1347 1558 1405 sed
1599 1349 1650 1403 in
1679 1348 1910 1404 Christo,
1947 1345 2036 1403 vi.

449 1456 674 1512 desimus
717 1451 762 1508 si
795 1449 897 1508 hoc
923 1445 1052 1504 dicit
1087 1443 1418 1514 Apostolus:
1453 1440 1578 1496 Vivo
1601 1451 1768 1495 autem
1785 1441 1900 1512 jam
1933 1455 2038 1494 non

451 1563 566 1620 ego,
595 1545 712 1600 uiuit
737 1557 852 1598 uero
875 1541 930 1595 in
955 1557 1034 1594 me
1073 1537 1299 1592 Christus
1327 1533 1518 1608 (αριστ.
1543 1549 1600 1601 ιι,
1623 1534 1736 1607 20).
1777 1535 1896 1590 Vita
1939 1547 2038 1590 no-

449 1649 560 1698 stra
581 1647 832 1708 tanquam
858 1641 1062 1699 nostra,
1091 1631 1140 1686 id
1166 1640 1266 1696 est,
1298 1630 1366 1685 de
1391 1630 1664 1686 voluntate
1693 1628 1906 1699 prOpria
1937 1643 2037 1682 no-

451 1743 584 1804 stra,
621 1748 730 1788 non
755 1729 856 1788 erit
885 1729 984 1784 nisi
1015 1727 1174 1792 mala,
1201 1725 1490 1796 peccatrix,
1533 1723 1710 1794 iniqua
1736 1741 1750 1777 :
1774 1723 1882 1778 vita
1911 1737 2039 1778 vero

451 1828 590 1884 bona
619 1825 688 1880 de
711 1824 822 1878 Deo
861 1821 914 1876 in
943 1819 1096 1874 nobis
1121 1824 1222 1884 est,
1255 1831 1362 1870 non
1403 1831 1434 1870 a
1469 1815 1652 1881 nobis;
1681 1829 1712 1869 a
1749 1815 1862 1870 Deo
1885 1813 2039 1870 nobis

452 1920 629 1984 datur,
657 1929 764 1974 non
789 1928 818 1968 ιι
845 1912 1016 1966 nobis.
1049 1908 1293 1964 Christus
1323 1915 1500 1962 autem
1543 1907 1596 1960 in
1624 1907 1912 1977 semetipso
1943 1907 2039 1960 ba-

450 2012 542 2068 bet
565 2011 732 2068 vitam
773 2007 908 2064 sicut
937 2004 1116 2068 Pater,
1157 2002 1282 2071 quia
1312 1999 1544 2054 Verbum
1589 1999 1703 2053 Dei.
1737 1998 1852 2054 Non
1881 1997 2040 2053 modo

450 2104 594 2161 mide
624 2101 776 2166 vivit,
803 2109 858 2156 et
887 2095 1048 2152 modo
1091 2095 1230 2149 bene
1265 2093 1398 2146 vivit
1424 2110 1438 2147 :
1465 2091 1624 2146 homo
1649 2099 1850 2158 autem,
1880 2089 2040 2146 modo

449 2195 613 2263 male,
643 2191 804 2248 modo
829 2190 985 2246 bene.
1017 2185 1119 2255 Qui
1139 2185 1279 2240 inale
1299 2183 1530 2250 vivebat,
1561 2182 1614 2236 in
1637 2183 1743 2236 vita
1761 2196 1855 2238 sua
1883 2189 2000 2236 erat
2023 2199 2036 2236 :

449 2289 542 2360 qui
561 2289 702 2342 bene
721 2283 872 2348 vivit,
901 2279 970 2336 ad
997 2279 1158 2334 vitam
1183 2275 1384 2331 Christi
1415 2273 1641 2329 transiit.
1672 2273 1944 2342 Particeps
1962 2271 2043 2326 fa-

455 2391 576 2442 ctus
599 2380 744 2448 vitae,
779 2391 888 2432 non
925 2388 1046 2430 ens
1069 2369 1210 2441 quod
1236 2367 1506 2439 accepisti,
1551 2374 1605 2422 et
1633 2381 1750 2420 eras
1780 2365 1870 2436 qui
1897 2363 2040 2419 acci-

451 2489 650 2547 peres:
683 2469 850 2528 Filius
889 2475 1068 2524 autem
1109 2463 1202 2518 Dei
1251 2477 1358 2518 non
1389 2459 1540 2530 quasi
1585 2459 1756 2528 primo
1795 2458 1892 2511 fuit
1925 2458 2042 2512 sine

450 2569 584 2634 vita,
613 2575 667 2622 et
709 2561 916 2632 accepit
939 2559 1124 2614 vitam.
1159 2555 1220 2612 Si
1255 2554 1398 2610 enim
1443 2553 1522 2609 sic
1569 2553 1714 2607 illam
1753 2553 2038 2622 acciperet,

451 2677 564 2718 non
579 2673 696 2715 eam
717 2655 942 2711 haberet
959 2653 1012 2706 in
1033 2648 1342 2718 semetipso.
1361 2645 1498 2712 Quid
1515 2652 1598 2700 est
1616 2645 1776 2710 enim,
1801 2646 1852 2699 in
1870 2651 2040 2699 semet-

450 2753 606 2826 ipso?
634 2749 704 2807 Ut
729 2751 842 2818 ipsa
869 2746 976 2800 vita
997 2744 1110 2812 ipse
1137 2747 1298 2796 esset.

523 2844 614 2900 ιθ.
653 2841 842 2896 Adhuc
868 2835 1012 2892 aliud
1037 2833 1246 2903 planius
1269 2830 1496 2884 fortasse
1523 2829 1715 2884 dicam.
1747 2829 2040 2884 Lucernam

451 2937 674 3011 quisque
693 2929 938 2988 accendit
956 2946 970 2984 :
989 2923 1216 2994 exempli
1229 2922 1417 2994 gratia,
1436 2921 1652 2976 lucerna
1679 2921 1756 2993 (a)
1775 2921 1858 2975 illa
1873 2937 2041 2992 quan-

451 3039 566 3085 tum
601 3025 834 3098 pertinet
875 3020 942 3076 ad
971 3016 1300 3074 ﬂammulam
1327 3029 1448 3086 quas
1489 3014 1560 3068 ibi
1597 3013 1756 3080 lucet,
1791 3013 1926 3084 ignis
1952 3015 2044 3070 ille

453 3121 616 3176 habet
654 3118 826 3174 lucem
871 3114 928 3168 in
971 3110 1294 3179 semetipso;
1343 3105 1484 3162 oculi
1519 3115 1698 3161 autem
1729 3107 1804 3160 tui
1843 3106 1932 3176 qui
1958 3105 2043 3160 Iu-

390 3215 396 3222 ’
455 3227 619 3270 corna
647 3211 872 3266 absente
908 3203 1156 3275 iacebant
1193 3209 1246 3256 et
1281 3199 1412 3252 nihil
1433 3199 1700 3261 videbant,
1723 3197 1832 3266 jam
1861 3207 1914 3252 et
1943 3198 2044 3268 ipsi

453 3305 658 3361 habent
678 3302 872 3364 lucem,
901 3295 1000 3352 sed
1027 3309 1134 3348 non
1161 3293 1216 3346 in
1246 3290 1568 3360 semetipsis.
1591 3289 1824 3344 Proinde
1851 3289 1896 3343 si
1931 3305 1990 3345 se
2013 3305 2044 3345 a

455 3399 674 3454 lucerna
701 3389 1012 3452 avertet-int,
1051 3385 1432 3447 tenebrantur;
1473 3383 1520 3436 si
1563 3395 1622 3437 se
1661 3382 2041 3449 converterint,

457 3487 848 3545 illa-minantur.
885 3481 957 3536 At
981 3493 1109 3534 vero
1137 3477 1226 3530 ille
1260 3475 1397 3544 ignis
1435 3473 1688 3543 quamdiu
1717 3481 1818 3542 est,
1863 3475 2042 3529 lucet:

455 3582 502 3636 si
525 3577 762 3634 volueris
801 3572 875 3626 illi
908 3570 1082 3624 lucem
1105 3567 1322 3631 tollere,
1369 3564 1527 3618 simul
1555 3573 1610 3618 et
1637 3565 1806 3634 ipsum
1835 3567 2043 3620 exstin-

453 3674 606 3746 guis;
639 3683 764 3726 nam
809 3665 930 3722 sine
961 3665 1082 3718 luce
1120 3675 1226 3716 non
1251 3667 1428 3730 potest
1470 3673 1772 3714 remanere.
1819 3657 1925 3715 Sed
1957 3659 2047 3716 lux

451 3765 702 3823 Christus
739 3754 1184 3826 inexstinguibilis
1226 3761 1280 3807 et
1307 3759 1606 3806 coaeternus
1634 3751 1798 3816 Patri,
1834 3765 2048 3824 semper

453 3859 710 3924 candens,
737 3867 952 3924 semper
969 3851 1177 3916 lucens,
1201 3861 1416 3919 semper
1441 3845 1654 3902 fervens
1678 3865 1692 3902 :
1719 3863 1840 3903 nam
1868 3848 1912 3904 si
1939 3863 2046 3904 non

457 3954 710 4013 ferveret,
739 3945 995 4016 numquid
1021 3944 1286 3999 diceretur
1311 3943 1364 3994 in
1393 3939 1630 4007 Psalmo,
1662 3939 1774 3994 Nec
1797 3949 1868 3996 est
1892 3943 1978 4013 qui
1996 3957 2050 3998 se

459 4043 736 4100 abscondat
765 4057 796 4092 a
821 4039 988 4092 calore
1015 4036 1130 4107 ejus
1155 4031 1328 4103 (Psat.
1364 4047 1520 4098 xvm,
1537 4029 1632 4103 7)?
1657 4031 1736 4086 Tu
1777 4041 1953 4087 autem
1993 4032 2046 4088 in

458 4145 680 4209 peccato
707 4141 802 4186 tuo
821 4127 1042 4198 frigidus
1062 4139 1200 4189 eras,
1230 4124 1558 4178 converteris
1583 4130 1644 4178 ut
1670 4122 1939 4180 fervescas
1965 4143 1978 4180 :
2002 4127 2050 4183 si

463 4223 774 4290 recesseris,
807 4218 1066 4291 frigescis.
1100 4217 1160 4271 ln
1189 4223 1409 4286 peccato
1441 4223 1536 4268 tuo
1565 4217 1879 4270 tenebrosus
1905 4231 2046 4288 eras,

459 4315 790 4376 converteris
799 4321 856 4367 ut
869 4308 1186 4380 illuminat-is
1205 4325 1218 4360 :
1236 4307 1280 4362 si
1297 4307 1551 4362 averteris
1567 4315 1636 4372 te,
1657 4307 2046 4366 obscuraberis.

461 4409 695 4470 Proinde
714 4406 834 4477 quia
853 4407 904 4460 in
921 4415 970 4460 te
987 4403 1221 4459 tenebrae
1233 4417 1371 4466 cras,
1393 4417 1511 4456 cum
1527 4402 1929 4468 illuminabcris,
1944 4421 2050 4461 non

462 4503 572 4562 eris
585 4503 787 4568 lumen,
803 4497 1046 4568 quamvis
1061 4496 1136 4550 sis
1151 4496 1206 4547 in
1229 4494 1451 4546 lumine.
1471 4495 1560 4546 Ait
1574 4497 1714 4547 enim
1731 4499 2048 4564 Apostolus:

459 4596 658 4654 Fuistis
694 4571 964 4664 aliquando
992 4587 1232 4652 tenebrat;
1259 4601 1394 4640 nunc
1420 4595 1586 4639 autem
1615 4585 1705 4640 tua:
1735 4587 1789 4641 in
1833 4585 2052 4644 Domino

461 4691 684 4766 (Epiros.
703 4686 850 4757 v,8).
869 4683 1001 4739 Cum
1018 4683 1256 4746 dixisset,
1281 4695 1414 4734 nunc
1439 4689 1605 4734 autem
1626 4679 1982 4752 tux:addidit,
2000 4683 2056 4737 in

465 4785 704 4843 Domino.
727 4782 782 4835 In
801 4789 852 4835 te
867 4793 994 4849 ergo
1017 4776 1271 4842 tenebrat,
1296 4775 1385 4828 tux
1397 4774 1448 4827 in
1465 4773 1702 4828 Domino.
1723 4773 1834 4830 Lux
1856 4777 2055 4847 quare?

467 4878 600 4947 Quia
613 4871 1013 4946 participatione
1025 4867 1158 4923 lucis
1173 4866 1312 4922 illius
1325 4865 1414 4920 lux
1427 4881 1502 4921 es.
1521 4867 1579 4922 Si
1591 4875 1765 4922 autem
1779 4885 1808 4922 a
1821 4867 1940 4924 luce
1951 4885 2054 4940 qua

467 4969 806 5037 illuminaris,
835 4962 1143 5028 recesseris,
1168 4959 1234 5014 ad
1257 4958 1504 5015 tenebras
1523 4969 1636 5014 luas
1658 4959 1816 5015 redis.
1843 4959 1958 5016 Non
1980 4961 2058 5018 sic

465 5063 730 5128 Christus,
743 5077 847 5112 non
863 5058 939 5112 sic
949 5055 1182 5110 Verbum
1195 5053 1310 5108 Dei.
1325 5052 1428 5108 Sed
1443 5051 1742 5123 quomodo?
1755 5053 1898 5108 Sicut
1909 5053 2058 5108 habet

468 5157 629 5213 Pater
647 5155 798 5209 vitam
813 5152 866 5205 in
883 5149 1165 5220 semetipso,
1187 5147 1258 5200 sic
1273 5144 1408 5200 dedit
1421 5153 1468 5198 et
1489 5143 1626 5198 Filio
1644 5145 1823 5200 habere
1841 5147 1990 5200 vitam
2006 5147 2060 5201 in

471 5248 741 5318 semetipso
760 5260 779 5298 :
794 5251 853 5298 ut
879 5257 982 5296 non
1003 5237 1404 5310 participatione
1421 5235 1582 5302 vivat,
1599 5235 1690 5290 sed
1711 5235 2061 5292 incommuta-

473 5337 654 5396 biliter
668 5337 840 5400 vivat;
859 5343 914 5390 et
952 5331 1170 5387 omnino
1193 5329 1305 5398 ipse
1336 5328 1440 5382 vita
1469 5328 1556 5382 sit.
1584 5327 1673 5384 Sic
1692 5328 1828 5381 dedit
1853 5338 1896 5384 et
1921 5329 2060 5384 Filio

473 5430 654 5487 habere
671 5428 845 5483 vitam.
867 5427 1014 5480 Sicut
1029 5423 1206 5485 habet,
1221 5407 1300 5476 sic
1319 5419 1484 5474 dedit.
1507 5419 1640 5487 Quid
1656 5421 1910 5474 interest?
1926 5421 2060 5488 Quia

471 5523 562 5581 ille
577 5520 744 5589 dedit,
771 5520 872 5574 iste
889 5517 1112 5586 accepit.
1135 5511 1400 5583 Numquid
1418 5511 1526 5582 jam
1549 5521 1659 5565 erat
1678 5512 1887 5581 quando
1909 5528 2062 5568 acce-

472 5615 588 5688 pit?
623 5611 891 5684 Numquid
921 5608 1260 5677 intelligimus
1287 5603 1554 5660 Christum
1581 5603 1862 5674 aliquando
1901 5606 2064 5662 fuisse

537 5773 613 5835 (a)
635 5771 938 5821 subobscure
957 5767 1193 5830 signiﬁcat
1212 5765 1344 5835 hunc
1363 5777 1640 5835 sermonem
1656 5779 1714 5817 se
1736 5767 1795 5817 ad
1815 5767 2066 5823 lucernam

476 5829 681 5894 dixisse,
693 5845 932 5882 cumcum
951 5837 1116 5894 tamen
1132 5837 1302 5894 testate
1319 5829 1562 5888 habuerit,
1573 5832 1642 5880 uti
1657 5845 1722 5880 ex
1733 5846 1868 5884 xxvn
1883 5843 2068 5886 Tracta-

478 5906 533 5962 ιιι
555 5899 606 5948 in
629 5892 871 5948 Laurentii
889 5893 1110 5958 martyris
1131 5892 1418 5944 celebritate
1451 5897 1754 5956 pronuntiato
1778 5897 2039 5962 colligitur.

1359 389 1426 446 IN
1461 385 1742 447 JOANNiS
1779 383 2250 458 EYANGELIUM,
2293 387 2354 445 S.
2393 385 2767 448 AUGUSTINI

2067 590 2084 608 ‘
2137 527 2252 586 sine
2273 529 2414 599 luce,
2442 547 2564 588 cum
2585 531 2698 603 ipse
2718 527 2786 586 sit
2809 527 3075 602 Sapientia
3102 531 3294 597 Patris,
3317 531 3384 589 de
3402 545 3506 605 qua
3526 531 3726 592 dictum

2137 631 2239 690 est,
2263 621 2467 680 Candor
2497 634 2568 679 est
2595 624 2724 679 lucis
2746 633 2945 679 aeterna:
2961 623 3112 697 (Sep.
3137 641 3233 692 vn,
3261 623 3398 694 26)?
3423 627 3562 698 Ergo
3586 628 3728 698 quod

2138 715 2348 784 dicitur,
2379 716 2518 772 dedit
2543 715 2702 784 Filio,
2733 715 2836 772 tale
2859 723 2942 772 est
2967 731 3030 771 ac
3066 719 3111 772 si
3136 717 3424 785 diceretur,
3453 720 3635 790 genuit
3661 717 3726 773 ﬁ-

2139 807 2270 864 lium
2295 827 2308 864 :
2333 809 2637 881 generando
2660 809 2804 866 enim
2829 809 3001 866 dedit.
3021 811 3297 878 Quomodo
3318 809 3463 866 dedit
3487 819 3546 866 ut
3566 821 3728 878 esset,

2141 901 2220 959 sic
2236 903 2383 959 dedit
2407 911 2464 959 ut
2493 905 2599 960 vita
2621 913 2781 971 esset,
2811 913 2864 960 et
2889 905 2964 960 sic
2991 905 3139 960 dedit
3157 915 3215 960 ut
3243 905 3296 960 in
3313 907 3603 978 semetipso
3627 911 3731 962 vita

2129 989 2446 1065 ‘esset.Quid
2459 1005 2561 1064 est,
2582 995 2634 1052 in
2650 998 2938 1067 semetipso
2957 998 3064 1052 vita
3079 999 3254 1054 esset?
3265 999 3378 1054 Non
3396 1000 3610 1054 aliunde
3627 999 3736 1058 vita

2142 1087 2421 1158 indigeret,
2448 1087 2541 1144 sed
2571 1091 2684 1160 ipse
2713 1099 2852 1145 esset
2875 1089 3150 1160 plenitudo
3171 1091 3313 1158 vitae,
3337 1091 3480 1146 unde
3507 1091 3734 1150 creden-

2143 1187 2225 1238 tes
2251 1181 2337 1236 alii
2356 1181 2592 1237 viverent
2613 1182 2739 1237 dum
2761 1183 3020 1240 viverent.
3050 1181 3200 1238 Dedit
3223 1199 3350 1254 ergo
3369 1183 3444 1238 illi
3466 1185 3646 1238 habere
3664 1184 3736 1238 vi-

2145 1282 2250 1328 tam
2268 1271 2322 1328 in
2350 1277 2612 1346 semetipso
2635 1291 2654 1330 :
2678 1275 2824 1332 dedit
2840 1285 3088 1348 tanquam
3119 1275 3238 1331 cui?
3264 1275 3537 1348 Tanquam
3560 1275 3734 1334 Verbo

2143 1381 2263 1434 suo,
2292 1375 2542 1438 tanquam
2571 1368 2621 1423 ei
2641 1370 2730 1438 qui
2759 1369 2813 1422 in
2834 1368 3084 1440 principio
3115 1377 3220 1422 erat
3259 1365 3497 1436 Verbum,
3529 1375 3574 1423 et
3611 1367 3735 1422 Ver-

2145 1458 2261 1513 bum
2292 1469 2398 1514 erat
2417 1461 2553 1532 apud
2582 1457 2767 1514 Deum.

2219 1551 2307 1607 il.
2352 1549 2551 1608 Deinde
2590 1551 2711 1622 quia
2759 1549 2919 1606 homo
2945 1547 3150 1617 factus,
3199 1549 3323 1622 quid
3351 1549 3736 1620 'jllidedit?Et

2147 1651 2440 1715 potestatem
2479 1643 2616 1698 dedit
2655 1643 2700 1698 ei
2735 1642 2990 1715 judicium
3054 1645 3248 1714 facere,
3312 1643 3549 1712 quoniam
3591 1642 3734 1712 ﬁlius

2147 1736 2366 1791 hominis
2393 1745 2481 1792 est.
2509 1735 2812 1792 Secundum
2845 1735 2986 1808 quod
3027 1733 3192 1791 Filius
3223 1735 3314 1790 Dei
3341 1745 3456 1800 est,
3492 1737 3620 1789 sicut
3642 1737 3736 1789 ha-

2147 1828 2226 1884 bet
2259 1827 2416 1884 Pater
2453 1829 2605 1884 vitam
2639 1831 2691 1883 in
2725 1829 2990 1900 semetipsa
3012 1871 3027 1897 ,
3053 1829 3124 1883 sic
3164 1839 3210 1882 et
3248 1827 3386 1882 dedit
3421 1827 3558 1883 Filio
3585 1830 3734 1882 vitam

2149 1921 2332 1977 habere
2357 1923 2410 1976 in
2437 1923 2700 1993 semetipso
2735 1940 2747 1975 :
2783 1922 3074 1976 secundum
3098 1931 3274 1976 autem
3307 1921 3450 1992 quod
3477 1922 3613 1977 ﬁlius
3635 1921 3738 1976 h0-

2149 2015 2307 2070 minis
2333 2023 2433 2081 est,
2479 2025 2772 2088 potestatem
2797 2015 2932 2069 dedit
2961 2015 3008 2068 ci
3037 2015 3292 2086 judicium
3333 2015 3572 2088 faciendi.
3625 2013 3739 2070 Hoc

2150 2117 2233 2166 est
2261 2109 2403 2180 quod
2430 2107 2685 2164 hesterno
2712 2109 2799 2164 dic
2829 2109 3048 2178 exposui
3087 2108 3344 2164 Charitati
3365 2115 3555 2164 vestrae
3574 2149 3589 2176 ,
3617 2107 3740 2178 quia

2151 2205 2203 2258 in
2225 2203 2426 2274 judicio
2443 2203 2604 2259 homo
2628 2203 2912 2266 videbitur,
2933 2203 3073 2258 Deus
3096 2210 3274 2257 autem
3297 2216 3402 2258 non
3425 2201 3690 2256 videbitur
3721 2217 3735 2254 :

2151 2295 2246 2352 sed
2284 2305 2406 2366 post
2433 2297 2690 2367 judicium
2717 2295 2982 2350 videbitur
3011 2293 3152 2349 Deus
3179 2293 3246 2348 ab
3287 2293 3372 2348 his
3399 2293 3488 2364 qui
3516 2291 3742 2348 vicerint

2151 2390 2202 2444 in
2229 2389 2460 2460 judicio;
2506 2389 2572 2444 ab
2613 2390 2789 2460 impiis
2829 2399 3006 2444 autem
3051 2404 3156 2444 non
3183 2387 3451 2444 videbitur
3487 2389 3626 2444 Deus
3653 2387 3746 2460 (In

2151 2482 2398 2551 superiori
2427 2477 2714 2553 Tractatu).
2743 2479 2875 2550 Quia
2914 2495 3044 2550 ergo
3089 2479 3253 2535 homo
3281 2479 3544 2534 videbitur
3581 2481 3745 2550 inju-

2151 2571 2292 2628 dicio
2343 2573 2508 2628 forma
2533 2573 2620 2628 illa
2643 2614 2656 2636 ,
2691 2587 2791 2643 qua
2820 2573 2895 2628 sic
2929 2571 3108 2626 veniet
3134 2571 3272 2627 sicut
3313 2571 3584 2640 ascendit,
3618 2571 3737 2628 ideo

2150 2679 2310 2734 supra
2336 2661 2542 2720 dixerat
2573 2683 2586 2718 τ
2621 2663 2775 2718 Pater
2796 2663 3114 2736 nonjudicat
3136 2679 3466 2736 quemquam,
3489 2663 3582 2718 sed
3601 2679 3750 2719 omne

2141 2755 2398 2830 judicium
2428 2755 2564 2810 dedit
2611 2753 2747 2810 Filio
2779 2755 2958 2830 (Joan.
2984 2769 3040 2820 ν,
3067 2755 3183 2828 22.)
3219 2753 3333 2811 Hoc
3375 2757 3534 2810 etiam
3563 2756 3614 2810 in
3645 2755 3749 2810 isto

2151 2848 2270 2902 loco
2299 2847 2518 2918 repetit,
2561 2861 2682 2902 cum
2732 2845 2899 2912 dicit,
2931 2845 2998 2900 Et
3025 2855 3324 2918 potestatem
3364 2847 3498 2900 dedit
3535 2847 3580 2900 ei
3597 2846 3748 2916 judi-

2152 2941 2283 2994 cium
2324 2939 2576 3012 faciendi,
2616 2941 2852 3012 quoniam
2889 2939 3024 3010 ﬁlius
3069 2939 3286 2994 hominis
3328 2949 3424 2994 est.
3475 2937 3752 3009 Tanquam

2152 3036 2363 3090 diceres
2421 3041 2508 3101 tu,
2566 3031 2876 3089 Potestat‘cm
2927 3033 3062 3088 dedit
3107 3035 3152 3088 ci
3193 3033 3449 3105 judicium
3493 3033 3750 3102 faciendi,

2153 3127 2350 3198 quare?
2400 3125 2624 3194 Quando
2669 3141 2774 3180 non
2821 3125 3005 3180 habuit
3051 3129 3206 3180 istam
3263 3121 3580 3195 potestatem
3602 3125 3749 3196 judi-

2153 3219 2292 3273 cium
2327 3217 2592 3273 faciendi?
2620 3215 2843 3286 Quando
2887 3219 2936 3271 in
2978 3217 3227 3288 principio
3273 3229 3378 3270 erat
3415 3215 3665 3284 Verbum,
3696 3225 3748 3271 et

2167 3307 2386 3362 Verbum
2447 3317 2553 3362 erat
2614 3307 2752 3377 apud
2806 3307 3000 3374 Deum,
3059 3317 3105 3360 et
3153 3307 3288 3362 Dcus
3321 3319 3428 3362 erat
3511 3307 3749 3372 Verbum,

2159 3400 2375 3472 quando
2401 3402 2568 3454 omnia
2584 3417 2670 3472 per
2689 3401 2852 3470 ipsum
2867 3401 3000 3470 facta
3013 3411 3128 3454 sunt
3154 3400 3260 3474 (Id.
3281 3419 3316 3468 l,
3349 3403 3397 3467 1,
3419 3399 3474 3472 5)
3499 3399 3753 3472 numquid

2164 3507 2273 3548 non
2323 3491 2550 3546 habebat
2595 3500 2910 3564 potestatem
2947 3490 3206 3558 judicium
3251 3489 3638 3547 faciendi?Sed
3663 3507 3754 3548 se-

2157 3583 2390 3640 cundum
2408 3584 2509 3639 hoc
2525 3583 2664 3650 dico,
2687 3581 2994 3638 Pctcstatem
3021 3583 3157 3636 dedit
3175 3585 3220 3637 ei
3230 3584 3482 3655 judicium
3511 3583 3751 3658 faciendi,

2163 3677 2284 3748 quia
2313 3679 2450 3747 ﬁtius
2482 3675 2698 3731 hominis
2719 3675 3138 3731 est:secundum
3169 3677 3269 3732 hoc
3297 3675 3753 3746 accepitpotesta-

2157 3777 2264 3825 tem
2291 3769 2583 3842 indicandi,
2612 3769 2728 3842 quia
2756 3767 2893 3838 ﬁlius
2924 3769 3139 3824 hominis
3165 3773 3256 3824 est.
3308 3767 3439 3824 Nam
3463 3767 3754 3824 secundum

2155 3863 2296 3935 quod
2320 3863 2414 3918 Dei
2443 3863 2610 3917 Filius
2639 3871 2738 3926 est,
2771 3877 2984 3932 semper
3011 3861 3196 3916 habuit
3231 3859 3369 3918 hanc
3409 3868 3750 3932 potestatem.

2165 3955 2388 4023 Accepit
2404 3955 2492 4025 qui
2515 3954 2797 4009 cruciﬁxus
2816 3961 2915 4008 est.
2939 3953 3040 4020 Qui
3062 3953 3156 4008 fuit
3171 3953 3222 4007 in
3237 3963 3428 4018 morte,
3446 3949 3591 4006 estin
3615 3950 3752 4008 vita:

2185 4045 2418 4102 Verbum
2450 4045 2544 4101 Dei
2574 4059 2840 4116 nunquam
2869 4046 2920 4099 in
2951 4053 3141 4112 morte,
3171 4059 3382 4119 semper
3407 4044 3460 4099 in
3485 4045 3612 4100 vita.

2235 4139 2326 4194 12.
2383 4137 2500 4194 Jam
2529 4153 2660 4210 ergo
2703 4139 2770 4193 de
2817 4137 3214 4193 resurrectione
3249 4137 3390 4193 forte
3429 4137 3620 4207 aliquis
3657 4151 3755 4192 no-

2165 4240 2338 4288 strum
2381 4233 2592 4288 dicebat
2624 4251 2636 4286 :
2667 4232 2808 4286 Ecce
2841 4231 3266 4298 resurreximus;
3311 4229 3403 4303 qui
3431 4229 3580 4286 audit
3613 4229 3757 4286 Chri-

2159 4334 2302 4379 stum
2319 4365 2334 4392 ,
2359 4324 2448 4394 qui
2471 4323 2660 4390 credit,
2685 4333 2738 4377 et
2761 4323 2947 4377 transit
2967 4322 3034 4378 de
3064 4331 3236 4378 morte
3261 4321 3331 4378 ad
3349 4324 3510 4377 vitam
3526 4331 3580 4378 et
3601 4321 3652 4378 in
3669 4322 3756 4389 ju-

2159 4415 2355 4472 dicium
2401 4433 2506 4471 non
2544 4417 2754 4481 veniet;
2787 4417 2931 4469 venit
2959 4418 3086 4471 hora
3107 4458 3120 4476 ,
3153 4423 3207 4465 ct
3249 4427 3395 4466 nunc
3434 4423 3536 4478 est,
3565 4419 3626 4468 ut
3662 4411 3755 4482 qui

2160 4509 2311 4559 audit
2355 4519 2539 4559 vocem
2571 4505 2690 4558 Filii
2719 4503 2836 4570 Dei,
2863 4503 3039 4568 vivat;
3074 4513 3315 4559 mortuus
3340 4513 3492 4574 erat,
3517 4503 3754 4574 audivit,

2168 4607 2296 4650 ecce
2323 4593 2550 4664 resurgit
2580 4611 2592 4646 :
2626 4593 2750 4664 quid
2781 4601 2863 4649 est
2882 4593 3024 4663 quod
3053 4593 3245 4650 dicitur
3297 4605 3483 4667 postea
3512 4611 3755 4654 resurre-

2163 4685 2269 4741 ctio
2299 4683 2512 4740 futura?
2541 4685 2706 4740 Parce
2739 4685 2867 4753 tibi,
2901 4685 3011 4740 noli
3033 4687 3374 4758 praecipitare
3402 4689 3754 4758 sententiam,

2163 4793 2234 4834 ne
2287 4793 2476 4849 pergas
2523 4785 2642 4848 post
2686 4777 2848 4834 illam.
2893 4777 2992 4834 Est
3019 4777 3239 4851 quidem
3282 4781 3386 4836 ista
3435 4781 3758 4838 resurrectio

2164 4887 2283 4942 quae
2309 4869 2366 4924 ﬁt
2393 4883 2536 4925 nunc
2564 4887 2579 4928 :
2611 4869 2806 4925 mortui
2835 4879 2994 4926 erant
3042 4869 3321 4940 inﬁdeles,
3358 4874 3556 4928 mortui
3605 4881 3760 4927 erant

2165 4963 2364 5034 iniqui;
2398 4963 2580 5018 vivunt
2605 4961 2770 5034 justi,
2805 4971 3086 5020 transeunt
3135 4980 3165 5020 a
3211 4973 3386 5020 morte
3429 4963 3758 5021 inﬁdelitatis

2165 5055 2232 5111 ad
2287 5056 2448 5110 vitam
2494 5055 2614 5110 ﬁdei
2642 5073 2658 5112 :
2685 5055 2778 5110 sed
2831 5057 2940 5108 noli
2985 5057 3108 5110 Inde
3149 5056 3374 5114 credere
3417 5057 3620 5114 nullam
3677 5039 3788 5114 [ιι-ἶ

2167 5155 2338 5203 turam
2383 5157 2566 5219 postea
2612 5147 3062 5208 resurrectionem
3109 5151 3374 5220 corporis,
3413 5153 3573 5210 crede
3619 5152 3762 5209 futu-

2165 5253 2279 5294 ram
2307 5246 2360 5295 et
2395 5239 2837 5296 resurrectionem
2863 5241 3123 5312 corporis.
3157 5243 3296 5298 Audi
3337 5243 3478 5298 enim
3509 5245 3637 5316 quid
3677 5259 3764 5301 se-

2167 5341 2360 5404 quatur
2382 5341 2502 5403 post
2521 5333 2944 5390 commendatam
2977 5337 3430 5392 resurrectionem
3455 5337 3612 5392 istam
3637 5353 3758 5409 qua:

2167 5427 2226 5482 ﬁt
2254 5443 2346 5497 per
2373 5427 2554 5492 ﬁdem,
2585 5443 2654 5482 ne
2677 5427 2796 5499 quis
2823 5437 3031 5497 putaret
3060 5429 3215 5484 istam
3245 5431 3416 5485 solam
3443 5446 3584 5496 esse,
3610 5432 3761 5488 etin-

2168 5519 2369 5576 cideret
2389 5520 2440 5574 in
2470 5519 2616 5574 illam
2645 5519 3072 5590 desperationem
3109 5531 3164 5577 et
3188 5538 3427 5578 errorem
3459 5523 3758 5592 hominum,

2169 5612 2258 5684 qui
2306 5611 2678 5682 pervertebant
2718 5612 2942 5668 aliorum
2983 5627 3204 5682 sensus,
3273 5614 3494 5670 dicentes
3532 5632 3760 5672 resurrev

2170 5705 2384 5760 ctionem
2402 5707 2516 5777 jam
2542 5709 2732 5780 [actam
2759 5723 2900 5775 esse,
2949 5705 3020 5761 de
3061 5708 3253 5778 quibus
3281 5708 3409 5762 dicit
3439 5709 3724 5778 ApoStolus

2171 5797 2242 5852 Et
2314 5799 2466 5868 ﬁdem
2520 5799 2856 5870 quorumdam
2907 5803 3195 5870 perum-tun:
3241 5803 3258 5870 (
3277 5801 3318 5855 ll
3373 5801 3502 5856 Tim.
3543 5813 3604 5864 ιι,
3647 5797 3758 5869 18).

2176 5890 2352 5948 Credo
2378 5893 2518 5949 enim
2555 5893 2677 5966 quia
2701 5893 2823 5950 talia
2853 5893 3018 5952 verba
3039 5893 3144 5952 illis
3171 5893 3420 5952 dicebant
3441 5909 3458 5949 ς
3483 5892 3626 5952 Ecce
3650 5891 3746 5951 Do-
