4118 6486
314 550 497 608 minus
524 541 613 601 ubi
642 541 748 608 ait,
780 537 846 593 Et
872 534 958 608 qui
980 531 1138 588 credit
1163 529 1218 585 in
1239 542 1318 583 me
1336 568 1351 594 ,
1381 523 1581 581 transiit
1603 537 1635 576 a
1657 525 1820 575 morte
1838 514 1906 570 ad

318 641 479 699 vitam
499 655 519 704 ;
541 637 649 709 jam
683 633 817 689 facta
844 635 926 685 est
960 623 1280 683 resvrrectio
1311 621 1361 674 in
1386 615 1700 709 hominibus
1733 609 1910 665 ﬁdeli-

315 732 423 792 bus
451 707 775 805 quivl’ucrant
803 721 1047 780 infideles
1073 738 1089 778 :
1119 715 1384 789 quomodo
1410 713 1574 805 altera
1594 707 1796 805 dicitur
1818 717 1907 759 re-

318 801 625 890 surrectio?
647 821 855 880 Gratias
874 816 1101 872 Domino
1124 810 1236 867 Deo
1270 814 1483 870 nostro;
1517 801 1683 877 ‘l'ulcit
1716 805 1910 890 nutan:

316 887 439 987 ξεε,
467 920 650 991 dirigit
687 913 1029 973 hmsitantes,
1074 903 1352 961 confirmat
1400 897 1724 991 dubitantes.
1775 887 1912 991 sunt

224 1024 241 1037 ⁶
320 981 449 1090 quid
470 981 735 1084 sequitur,
760 1006 883 1078 quia
908 1017 1016 1057 non
1041 998 1206 1054 habes
1232 993 1373 1051 unde
1406 991 1501 1090 tibi
1541 981 1913 1090 facia-s‘caligi-

316 1078 448 1167 nem
490 1078 698 1161 mortis.
729 1101 788 1155 Si
817 1093 1113 1158 credidisti,
1145 1098 1312 1144 totum
1341 1083 1521 1140 crede.
1550 1078 1686 1150 Quid
1717 1083 1907 1141 totum,

316 1201 539 1274 inquis,
583 1191 787 1253 credo?
836 1187 973 1247 Audi
1012 1183 1138 1257 quid
1167 1182 1332 1274 dicit;
1362 1175 1537 1274 Nolite
1574 1170 1756 1274 mir-arti
1781 1168 1910 1274 hinc,

318 1258 448 1367 quia
502 1258 651 1346 dedit
697 1290 1013 1357 potestatem
1069 1277 1207 1367 Filio
1230 1269 1454 1367 iaciendi
1482 1261 1780 1367 iudiciiin
1806 1258 1913 1367 line

317 1355 474 1448 dico,
520 1381 615 1436 ait.
645 1355 924 1446 Quomodo
952 1370 1004 1425 in
1055 1364 1192 1421 line?
1223 1363 1402 1417 Nolite
1427 1358 1602 1413 mirari
1646 1355 1774 1419 hoc;
1798 1355 1916 1419 quia

314 1476 457 1531 venit
476 1473 627 1527 hora.
659 1467 755 1523 Hic
786 1480 890 1519 non
919 1460 1073 1525 dixit,
1098 1466 1145 1513 et
1168 1468 1305 1510 nunc
1331 1456 1421 1508 est.
1452 1449 1508 1505 In
1537 1448 1628 1503 illa
1671 1456 1918 1500 resurre-

318 1570 503 1625 ctione
531 1562 650 1620 ﬁdei
674 1557 802 1633 quid
824 1556 992 1613 dixit?
1016 1550 1162 1609 Venit
1190 1550 1336 1615 hora,
1367 1555 1413 1600 et
1440 1560 1575 1598 nunc
1604 1547 1693 1595 est.
1725 1537 1783 1591 ln
1812 1535 1914 1590 ista

314 1657 725 1717 resurrectione
766 1665 922 1723 quam
969 1642 1312 1704 commendat
1363 1638 1591 1693 futuram
1630 1643 1914 1702 corporum

316 1761 694 1813 mortuorum,
734 1742 883 1800 Venit
907 1743 1068 1808 hora,
1101 1738 1272 1795 dixit:
1303 1748 1408 1789 non
1448 1730 1619 1795 dixit,
1651 1740 1786 1782 nunc
1810 1732 1919 1790 est;

321 1846 449 1917 quia
476 1844 538 1899 in
567 1840 674 1897 line
696 1838 878 1895 saaculi
900 1843 1122 1890 ventura
1148 1835 1250 1887 est.

398 1938 489 1993 15.
524 1935 593 1991 Et
618 1932 788 1996 unde,
812 1928 987 2000 inquis
1007 1968 1022 1994 ,
1052 1922 1181 1979 mihi
1222 1919 1416 1993 probas
1444 1916 1566 1989 quia
1596 1913 1664 1970 de
1698 1912 1810 1985 ipsa
1831 1924 1921 1965 re-

322 2027 667 2087 surrectione
713 2023 882 2080 dixit?
936 2018 994 2076 Si
1036 2016 1304 2088 patienter
1352 2011 1571 2074 audias,
1606 2016 1661 2061 tu
1689 2005 1803 2076 ipse
1829 2002 1922 2057 tibi

326 2122 497 2178 modo
513 2118 785 2191 probabis.
806 2116 1105 2184 Sequamur
1116 2123 1272 2179 ergo:
1294 2102 1469 2159 Nolite
1487 2100 1663 2155 mirari
1681 2099 1796 2163 hoc;
1804 2097 1927 2191 quia

322 2215 464 2269 venit
485 2187 616 2266 liora
639 2251 653 2277 ,
682 2208 735 2263 in
764 2223 865 2277 qua
886 2219 1056 2261 omnes
1072 2201 1161 2273 qui
1187 2201 1241 2253 in
1270 2194 1604 2252 monumentis
1623 2200 1759 2246 sunt.
1789 2187 1927 2257 Quid

325 2303 637 2362 evidentius
652 2299 754 2356 ista
771 2291 1199 2354 resurrectione?
1213 2291 1331 2347 iam
1347 2289 1545 2345 dudum
1561 2302 1668 2343 non
1698 2283 1926 2349 dixerat,

327 2398 421 2468 qui
437 2398 492 2451 in
518 2388 858 2450 monumentis
879 2398 1019 2453 sunt;
1036 2385 1154 2453 scd,
1180 2383 1368 2439 mortui
1388 2381 1593 2436 audient
1620 2394 1788 2434 vocem
1806 2376 1932 2431 Filii

333 2486 473 2557 Dei;
528 2492 573 2542 et
625 2484 715 2557 qui
750 2481 1028 2547 audierint,
1059 2478 1238 2533 vivent.
1271 2475 1390 2531 Non
1428 2472 1581 2541 dixit,
1613 2472 1701 2527 alii
1731 2471 1930 2537 vivent,

328 2582 429 2638 alii
454 2576 892 2641 damnabuntur;
946 2571 1069 2644 quia
1117 2583 1307 2625 omnes
1346 2566 1437 2637 qui
1483 2565 1708 2622 credunt
1731 2565 1932 2619 vivent.

318 2669 805 2730 Domonumentis
833 2673 1013 2721 autem
1050 2661 1177 2734 quid
1198 2661 1324 2717 dicit
1342 2658 1369 2713 ‘l
1392 2658 1577 2714 Omnes
1607 2658 1691 2728 qui
1722 2666 1841 2712 sunt
1882 2656 1937 2712 in

326 2762 699 2829 monumentis,
749 2758 961 2815 audient
1002 2772 1173 2811 vocem
1204 2754 1335 2827 ejus,
1382 2758 1426 2808 et
1475 2750 1763 2823 precedent.
1819 2746 1936 2805 Non

322 2855 516 2924 dixit,
550 2854 759 2910 audient
781 2862 825 2908 et
849 2852 1033 2906 vivent.
1064 2850 1123 2905 Si
1148 2848 1290 2904 enim
1317 2846 1459 2901 male
1490 2844 1741 2899 vixerunt
1782 2853 1837 2900 et
1855 2843 1937 2914 ja-

322 2949 542 3005 tebant
571 2946 628 3002 in
666 2942 1051 3010 monumentis,
1105 2938 1172 2995 ad
1201 2946 1429 2993 mortem
1454 2943 1694 3007 surgent,
1724 2950 1830 2990 non
1872 2935 1939 2991 ad

336 3040 534 3095 vitam.
579 3036 720 3110 Ergo
756 3036 1034 3092 videamus
1079 3029 1185 3103 qui.
1225 3028 1539 3100 procedent.
1586 3026 1735 3081 Licet
1782 3026 1941 3097 paulo

338 3140 472 3191 ante
520 3132 719 3189 mortui
747 3126 1016 3186 audiendo
1042 3135 1095 3182 et
1124 3122 1394 3181 credendo
1422 3121 1692 3187 vivebant,
1728 3136 1834 3175 non
1866 3119 1942 3175 ibi

324 3226 484 3284 facta
515 3235 600 3282 est
624 3223 876 3280 discretio
907 3235 1053 3279 :non
1088 3218 1284 3274 dictum
1322 3223 1436 3281 est,
1467 3213 1700 3269 Audient
1739 3211 1937 3266 mortui

326 3335 538 3376 Vocem
565 3314 688 3372 Filii
736 3314 867 3383 Dei,
896 3321 951 3369 et
973 3326 1095 3367 cum
1120 3308 1385 3365 audierint
1411 3350 1426 3374 ,
1469 3306 1557 3360 alii
1586 3306 1795 3371 vivent,
1856 3304 1945 3358 alii

341 3408 767 3474 damnabuntur;
809 3404 926 3472 sed,
955 3404 1141 3458 Omnes
1180 3401 1265 3471 qui
1295 3398 1566 3463 audierint,
1598 3396 1799 3451 vivent:
1823 3395 1946 3465 quia

341 3502 437 3574 qui
458 3501 690 3558 credunt
735 3499 936 3563 vivent,
965 3496 1055 3566 qui
1078 3494 1279 3549 habent
1311 3489 1624 3547 charitatem
1663 3490 1864 3554 vivent,
1895 3496 1949 3543 et

340 3598 514 3651 temo
534 3588 909 3648 morietur.De
930 3584 1291 3642 monumentis
1312 3592 1510 3647 autem,
1534 3580 1738 3634 audient
1758 3595 1945 3646 vocem,

344 3694 401 3741 et
414 3681 689 3755 precedent
705 3681 791 3756 qui
806 3680 926 3735 bene
937 3679 1181 3748 fecerunt,
1195 3674 1263 3729 ad
1277 3674 1687 3729 resurrectionem
1700 3670 1816 3724 vita:
1831 3686 1849 3736 ;
1867 3670 1952 3739 qui

348 3777 493 3832 mle
512 3772 765 3847 fecerunt,
796 3768 863 3826 ad
909 3768 1324 3825 resurrectionem
1340 3763 1545 3835 judicii.
1572 3762 1686 3819 Hoc
1709 3773 1790 3818 est
1813 3761 1954 3832 judi-

350 3866 524 3933 cium,
554 3878 716 3939 pmna
745 3864 835 3920 illa
858 3860 927 3920 de
941 3878 1046 3934 qua
1073 3861 1230 3932 paulo
1246 3866 1369 3914 ante
1410 3856 1636 3924 dixerat,
1667 3854 1767 3921 Qui
1795 3854 1955 3909 credit

344 3962 412 4017 in
428 3970 530 4028 me,
550 3960 752 4014 transiit
772 3974 803 4010 a
819 3965 978 4011 morte
994 3953 1061 4007 ad
1074 3953 1247 4015 vitam,
1264 3957 1308 4004 et
1324 3950 1376 4003 in
1383 3948 1639 4020 judicium
1655 3963 1756 4000 non
1772 3946 1952 4000 veniet.

428 4054 524 4109 14.
567 4049 691 4105 Non
744 4064 946 4122 possum
985 4061 1075 4117 ego
1119 4060 1150 4097 a
1190 4042 1380 4112 meipso
1435 4043 1604 4112 facere
1642 4037 1958 4109 quidquam:

356 4146 493 4201 sicut
516 4143 671 4199 audio
689 4141 890 4215 judico,
920 4148 966 4194 et
977 4136 1236 4209 judicium
1261 4148 1428 4187 meum
1433 4133 1632 4203 justum
1655 4138 1745 4185 est.
1769 4128 1825 4185 Si
1850 4128 1955 4184 sic-

357 4251 421 4294 ut
448 4237 605 4293 audis
639 4236 868 4307 judicas,
900 4247 930 4287 a
955 4245 1061 4302 quo
1102 4224 1293 4285 audis?
1321 4227 1377 4283 Si
1420 4242 1448 4279 a
1472 4224 1652 4291 Patre,
1679 4231 1827 4280 certe
1853 4219 1961 4276 Pa-

364 4339 441 4384 ter
469 4347 572 4385 non
608 4329 811 4399 judicat
860 4338 1181 4397 quamquam,
1230 4319 1318 4374 sed
1362 4335 1509 4373 omne
1532 4318 1787 4388 judicium
1823 4315 1962 4370 dedit

366 4419 533 4478 Filio.
565 4419 790 4489 Quando
828 4428 884 4472 tu
931 4413 1327 4488 quodammodo
1356 4426 1531 4483 praeco
1577 4410 1771 4476 Patris,
1820 4408 1963 4479 quod

364 4512 549 4579 audis,
581 4514 685 4567 hoc
712 4510 844 4566 dicis
864 4510 885 4541 ¹
911 4509 935 4562 ?
964 4505 1116 4576 Quod
1149 4502 1308 4560 audio
1358 4502 1462 4557 hoc
1489 4501 1629 4567 dico,
1674 4499 1797 4570 quia
1821 4498 1965 4570 quod

366 4616 456 4666 est
502 4607 682 4675 Pater,
736 4605 838 4660 hoc
879 4616 997 4658 sum
1031 4599 1251 4656 :dicere
1292 4595 1436 4652 enim
1474 4608 1656 4650 meum
1684 4606 1803 4647 esse
1846 4598 1961 4657 est;

368 4698 501 4773 quia
544 4698 781 4755 Verbum
830 4694 1003 4751 Patris
1045 4708 1183 4750 sum.
1214 4690 1327 4746 Hoc
1369 4688 1511 4749 enim
1543 4686 1635 4742 tibi
1660 4685 1791 4741 dicit
1816 4682 1968 4739 Chri-

360 4790 652 4850 stuande
676 4790 743 4848 de
761 4798 870 4845 tuo.
894 4787 1034 4857 Quid
1050 4795 1150 4851 est,
1171 4783 1314 4842 Sicut
1333 4782 1507 4848 audio,
1530 4782 1603 4835 ita
1617 4780 1819 4852 judico,
1842 4776 1965 4843 nisi,

368 4885 531 4945 Sicut
571 4883 725 4942 sum?
753 4881 1033 4952 Quomodo
1076 4880 1218 4936 enim
1246 4878 1391 4933 audit
1415 4872 1692 4932 Christus?
1731 4872 1987 4956 Fratres,‘

375 4992 707 5052 qumramus,
725 4993 854 5047 rogo
866 4992 984 5031 vos.
1005 4973 1417 5029 AuditChristus
1428 4986 1457 5024 a
1474 4966 1662 5024 Patre?
1690 4964 1972 5036 Quomodo

374 5072 454 5129 illi
511 5070 643 5129 dicit
690 5068 889 5128 Pater?
921 5065 1118 5136 Utique
1159 5066 1205 5120 si
1243 5064 1371 5119 dicit
1393 5063 1488 5128 illi,
1525 5060 1686 5116 verba
1732 5058 1798 5113 ad
1825 5058 1973 5112 illum

376 5166 508 5223 facit
536 5183 550 5218 :
586 5163 761 5223 omnis
788 5161 929 5217 enim
952 5158 1043 5231 qui
1067 5156 1265 5228 aliquid
1282 5155 1598 5219 alicuidicit,
1630 5153 1795 5208 verbo
1824 5151 1970 5206 dicit.

378 5255 847 5327 QuomodoPater
896 5252 1033 5308 Filio
1081 5250 1229 5317 dicit,
1278 5247 1490 5320 quando
1528 5246 1693 5302 Filius
1742 5245 1976 5300 Verbum

370 5352 560 5413 Patris
605 5347 725 5405 est?
773 5343 1040 5419 Quidquid
1086 5343 1241 5399 nobis
1288 5342 1444 5396 Pater
1486 5340 1634 5403 dicit,
1681 5336 1851 5392 Verbo
1880 5350 1978 5391 suo

382 5445 515 5500 dicit
543 5461 556 5497 :
591 5440 823 5497 Verbum
852 5439 1027 5495 Patris
1048 5436 1215 5494 Filius
1255 5444 1366 5500 est,
1392 5433 1491 5504 ipsi
1524 5431 1701 5486 Verbo
1729 5444 1835 5498 quo
1873 5428 1978 5484 alio

383 5534 553 5591 verbo
591 5531 757 5588 dicit?
787 5531 938 5588 Unus
978 5538 1061 5585 est
1080 5529 1239 5592 Deus,
1269 5541 1432 5580 unum
1462 5522 1691 5578 Verbum
1721 5520 1900 5583 habet,
1926 5519 1978 5573 in

384 5645 498 5685 uno
523 5627 703 5683 Verbo
740 5626 919 5685 omnia
947 5624 1204 5678 continet.
1228 5619 1368 5686 Quid
1398 5626 1472 5673 cst
1506 5632 1633 5686 ergo
1653 5657 1667 5675 ,
1716 5613 1860 5669 Sicut
1887 5628 1981 5664 au-

390 5723 477 5775 dio
498 5763 513 5784 ,
536 5721 609 5774 ita
637 5717 817 5790 judico
836 5718 862 5772 ζ)
880 5718 1029 5772 Sicut
1058 5714 1126 5769 de
1152 5714 1310 5767 Patre
1356 5726 1497 5775 sum,
1524 5711 1590 5763 ita
1614 5706 1811 5775 judico.
1843 5705 1981 5772 Ergo

459 5811 474 5841 ²
502 5808 748 5871 F1'_.tngd.
772 5816 827 5860 et
856 5817 974 5871 Ven.
995 5804 1241 5871 plusculas
1262 5804 1338 5851 hic
1374 5802 1537 5871 ferunt
1560 5798 1887 5871 diderentias;
1914 5795 1985 5871 sic

392 5872 527 5918 enim
550 5862 1009 5931 legtmtz-Quonimtt'
1032 5875 1083 5918 tu
1116 5867 1465 5930 quodammodo
1500 5875 1661 5927 praeco
1701 5862 1890 5921 Patris,
1929 5862 1984 5907 ut

390 5931 522 5990 quod
545 5932 688 5983 audis
709 5930 861 5984 dicas.
925 5939 980 5981 Μ.

746 404 813 414 “’
1242 473 1247 479 ,
1304 396 1309 403 ⁷
1458 394 1677 465 cum
1720 393 1782 454 v.
1821 385 2232 449 TBAUI'A’I‘US
2268 384 2464 448 xm.

2013 504 2271 576 judicium
2294 520 2464 563 meum
2493 504 2691 577 justam
2719 508 2811 560 est.
2834 502 2963 559 Nam
2978 502 3035 558 si
3063 501 3192 559 nihil
3212 502 3343 561 facis
3370 517 3438 561 ex
3468 510 3541 572 te,
3566 518 3602 561 ο

2020 595 2245 652 Domine
2267 598 2416 666 Iesu,
2446 597 2715 668 quomodo
2733 596 2968 651 sentiunt
2995 598 3269 659 carnales;
3299 597 3344 651 si
3371 596 3502 650 nihil
3526 594 3603 650 (ap

2018 690 2098 746 cis
2144 706 2208 746 ex
2238 699 2312 759 te,
2357 690 2623 762 quomodo
2650 692 2807 762 paulo
2842 699 2965 746 ante
2992 690 3197 755 dixisti,
3240 690 3331 746 Sic
3358 699 3405 745 et
3433 690 3602 747 Filius

2019 782 2274 856 quosvult
2320 785 2581 853 viviﬁcat?
2617 784 2772 839 Modo
2822 782 2974 847 dicis,
3023 782 3099 838 Ex
3150 796 3241 838 me
3268 782 3406 838 facio
3446 782 3603 838 nihil.

2018 877 2129 933 Sed
2155 878 2280 949 quid
2315 879 2655 933 commendat
2682 875 2866 944 Filius,
2896 876 2999 931 nisi
3040 877 3163 948 quia
3206 875 3274 930 de
3300 877 3457 931 Patre
3483 875 3604 934 est?

2018 970 2125 1039 Qui
2153 979 2237 1026 est
2263 970 2331 1026 de
2352 972 2530 1039 Patre,
2553 984 2660 1027 non
2687 972 2854 1027 estde
2879 985 2958 1026 se.
2980 968 3035 1027 Si
3056 970 3125 1025 de
3149 982 3208 1025 se
3238 969 3406 1025 Filius
3433 978 3600 1037 esset,

2012 1079 2131 1120 non
2160 1074 2304 1121 esset
2328 1065 2493 1124 Filius
2518 1082 2531 1118 :
2559 1064 2627 1120 de
2655 1065 2810 1119 Patre
2829 1072 2931 1119 est.
2958 1065 3117 1119 Pater-
3140 1071 3194 1118 ut
3220 1063 3292 1118 sit
3317 1077 3421 1118 non
3438 1071 3522 1119 est
3538 1062 3607 1119 de

2023 1155 2181 1221 Filio,
2214 1157 2382 1213 Filius
2410 1165 2466 1211 ut
2490 1157 2562 1213 sit
2602 1156 2668 1211 de
2694 1157 2851 1211 Patre
2889 1162 2991 1211 est.
3021 1152 3267 1226 Equalis
3294 1155 3475 1222 Patri;
3511 1154 3606 1211 sed

2018 1258 2204 1305 tamen
2236 1251 2336 1305 iste
2359 1250 2426 1305 de
2457 1252 2566 1313 illo,
2597 1264 2703 1303 non
2732 1249 2821 1304 ille
2843 1248 2908 1303 de
2930 1249 3052 1303 isto.

2097 1343 2182 1398 45.
2216 1343 2349 1410 Quia
2381 1361 2481 1397 non
2510 1358 2683 1415 quaero
2710 1340 3017 1395 voluntatem
3044 1355 3227 1409 meam,
3256 1340 3346 1396 sed
3367 1341 3608 1397 volunta-

2022 1443 2124 1489 tem
2153 1437 2260 1506 ejus
2280 1437 2366 1507 qui
2390 1436 2527 1490 misit
2546 1452 2643 1489 me.
2686 1434 2853 1490 Filius
2883 1435 3073 1489 unicus
3108 1434 3255 1499 dicit,
3290 1433 3411 1489 Non
3437 1448 3610 1505 quacro

2018 1527 2330 1580 voluntatem
2354 1532 2628 1591 meam;et
2654 1527 2899 1581 homines
2928 1527 3115 1581 volunt
3148 1526 3323 1582 facere
3359 1526 3609 1581 voluntas

2026 1623 2138 1671 tem
2168 1617 2349 1673 suaml
2407 1617 2499 1673 lite
2529 1626 2732 1672 tantum
2777 1632 2838 1673 se
2866 1614 3110 1671 lmmiliat
3153 1615 3242 1686 qui
3279 1615 3500 1687 aequalis
3528 1622 3615 1671 est

2030 1708 2192 1776 Patri;
2215 1716 2272 1765 et
2297 1717 2503 1766 tantum
2528 1724 2589 1765 se
2616 1709 2823 1764 extollit
2845 1708 2933 1779 qui
2965 1707 3020 1763 in
3049 1707 3156 1763 imo
3171 1707 3334 1778 jacet,
3356 1716 3413 1763 et
3437 1707 3540 1762 nisi
3561 1708 3612 1762 ei

2029 1814 2220 1857 manus
2257 1803 2579 1873 porrigatur,
2604 1817 2713 1857 non
2738 1803 2939 1872 surgit!
2966 1801 3244 1857 Faciamus
3270 1817 3399 1874 ergo
3427 1803 3618 1858 volun-

2030 1900 2196 1948 tatem
2219 1895 2409 1957 Patris,
2456 1894 2788 1949 voluntatem
2834 1893 3008 1959 Filii‘,
3036 1894 3361 1950 voluntatem
3392 1894 3620 1965 Spiritus

2030 1986 2222 2050 sancti;
2248 1986 2373 2056 quia
2400 1986 2674 2041 Trinitatis
2720 1981 2878 2055 hujus
2906 1998 3010 2040 una
3043 1985 3310 2060 voluntas,
3341 2000 3443 2040 una
3469 1995 3620 2057 pote-

2032 2084 2164 2146 stas,
2193 2092 2295 2133 una
2342 2079 2593 2147 majestas
2612 2086 2713 2133 est.
2746 2077 2872 2133 ideo
2894 2086 3073 2133 tamen
3102 2077 3234 2133 dicit
3279 2077 3463 2144 Filius,
3497 2078 3621 2134 Non

2024 2170 2147 2223 veni
2170 2168 2334 2239 facere
2367 2169 2671 2224 voluntatem
2718 2182 2901 2236 meam,
2948 2169 3036 2225 sed
3066 2166 3373 2225 voluntatem
3402 2170 3512 2241 ejus
3536 2171 3622 2241 qui

2037 2260 2175 2315 misit
2211 2276 2294 2314 me
2310 2277 2330 2325 ;
2358 2262 2481 2331 quia
2508 2260 2753 2316 Christus
2783 2276 2888 2315 non
2916 2269 2999 2316 est
3017 2260 3086 2316 de
3109 2274 3189 2327 se,
3218 2260 3314 2316 sed
3356 2261 3424 2317 de
3466 2262 3625 2319 Patre

2026 2365 2138 2408 suo
2166 2361 2266 2408 est.
2313 2352 2466 2421 Quod
2496 2362 2677 2408 autem
2710 2351 2896 2407 habuit
2942 2360 3002 2408 ut
3044 2352 3206 2408 homo
3226 2362 3526 2424 appareret,
3549 2353 3618 2410 de

2040 2453 2282 2500 creatura
2307 2445 2596 2514 assumpsit
2623 2459 2781 2515 quam
2808 2444 2923 2513 ipse
2944 2442 3212 2502 formavit.

2525 2536 2937 2593 TRACTATUS
2963 2536 3154 2593 XXIII.

2043 2631 2113 2688 In
2138 2632 2283 2687 illam
2312 2632 2568 2687 lectionem
2587 2630 2874 2704 Evangelii,
2909 2631 2967 2688 Si
2993 2646 3095 2702 ego
3120 2630 3481 2688 testimonium
3506 2647 3632 2702 pcr-

2116 2723 2275 2777 hibeo
2297 2723 2365 2779 de
2389 2739 2493 2790 me,
2527 2732 2644 2790 etc.,
2671 2711 2827 2794 usque
2839 2722 2907 2776 ad
2934 2722 3008 2788 id,
3032 2724 3099 2778 Et
3134 2738 3239 2777 non
3272 2724 3433 2780 vultis
3453 2726 3633 2782 venire

2117 2815 2183 2870 ad
2202 2830 2309 2883 me,
2333 2824 2390 2870 ut
2417 2814 2579 2870 vitam
2607 2814 2865 2869 habeatis.
2892 2813 3024 2879 Tum
3041 2815 3192 2868 etiant
3220 2823 3517 2887 repetuntur
3540 2832 3634 2871 su-

2118 2908 2339 2978 periores
2375 2907 2608 2961 lectiones
2637 2906 2753 2977 jam
2788 2915 2905 2959 ante
2953 2914 3202 2972 tractant,
3250 2906 3439 2961 scilicet
3466 2906 3527 2960 ab
3555 2906 3635 2963 Itis

2118 2999 2299 3065 verbis,
2320 3000 2511 3063 Amen,
2542 3014 2697 3054 amen
2726 2998 2846 3054 dico
2873 2999 3043 3066 vobis,
3074 3013 3181 3053 non
3218 3007 3394 3069 potest
3416 2998 3583 3055 Filius
3603 3016 3637 3058 a

2120 3105 2179 3146 se
2208 3089 2385 3146 facere
2414 3090 2724 3161 quidquam,
2757 3099 2851 3146 etc.
2882 3088 3010 3161 Cap.
3035 3105 3091 3154 v,
3130 3089 3166 3160 Ῡ
3190 3130 3205 3143 .
3236 3089 3421 3146 1940.

2125 3207 2176 3260 l.
2217 3204 2453 3274 Quodam
2480 3206 2599 3261 loco
2621 3206 2672 3259 in
2695 3205 2986 3275 Evangelio
3012 3203 3269 3259 Dominus
3284 3204 3377 3271 ait,
3401 3205 3639 3275 pruden-

2052 3308 2158 3356 tem
2185 3300 2479 3355 auditorem
2504 3299 2649 3354 verbi
2672 3301 2752 3354 sui
2793 3300 3022 3354 similem
3063 3313 3185 3354 esse
3219 3298 3414 3355 debere
3440 3299 3642 3357 homini

2053 3392 2141 3464 qui
2172 3396 2359 3448 volens
2386 3393 2671 3456 aediﬁcare,
2696 3392 2831 3447 fodit
2855 3393 3011 3448 altius
3031 3434 3046 3459 ,
3070 3391 3242 3448 donec
3268 3393 3544 3463 perveniat
3573 3393 3644 3450 ad

2057 3484 2456 3540 {mulainenlum
2476 3484 2777 3539 stabilitatis
2804 3494 2989 3553 petrae,
3020 3494 3073 3539 et
3102 3483 3173 3538 ibi
3199 3499 3419 3539 securus
3440 3486 3646 3541 consti-

2057 3587 2169 3637 tuat
2203 3578 2344 3651 quod
2389 3577 2612 3631 fabricat
2652 3576 2909 3631 adversus
2957 3577 3216 3645 impetum
3284 3575 3555 3633 ﬂuminis:
3587 3586 3648 3634 tit

2058 3688 2178 3729 cum
2206 3671 2430 3739 venerit,
2480 3670 2865 3741 repercutiatur
2901 3669 3077 3741 potius
3118 3668 3371 3727 ﬁrmitate
3413 3670 3647 3740 aedilicii,

2060 3780 2216 3836 quam
2258 3763 2489 3834 impulsu
2541 3777 2641 3817 suo
2668 3762 2873 3815 ruinam
2904 3760 3062 3817 faciat
3104 3760 3181 3815 illi
3207 3761 3388 3817 domui
3433 3761 3648 3831 (Matth.

2060 3872 2155 3922 vn,
2210 3855 2301 3923 24,
2354 3854 2468 3925 25).
2534 3853 2787 3909 Putemus
2838 3852 3163 3921 Scripturam
3226 3852 3322 3908 Dei
3397 3861 3650 3925 tanquam

2062 3964 2248 4021 agrum
2274 3961 2413 4011 esse,
2441 3946 2531 4003 ubi
2557 3945 2801 4001 volumus
2821 3943 3016 4015 aliquid
3034 3944 3317 4002 aediﬁcare.
3338 3942 3455 4001 Non
3482 3945 3652 4003 simus

2061 4042 2221 4119 pigri,
2253 4056 2351 4095 nec
2376 4040 2657 4110 superﬁcie
2677 4038 2944 4101 contenti;
2974 4036 3239 4095 fodiamus
3265 4038 3448 4105 altius,
3477 4038 3652 4095 donec

2064 4135 2438 4213 perveniamus
2458 4132 2524 4191 ad
2568 4140 2772 4204 petram
2808 4149 2821 4184 :
2854 4128 3010 4187 Petra
3052 4138 3220 4187 autem
3270 4138 3377 4185 erat
3423 4128 3655 4186 Christus

2069 4228 2110 4302 (ι
2137 4227 2255 4284 Cor.
2285 4243 2344 4293 x,
2367 4224 2445 4297 4).

2138 4316 2192 4371 2.
2223 4315 2490 4371 Hodierna
2545 4313 2702 4370 lectio
2757 4311 2824 4369 de
2881 4311 3185 4367 testimonio
3241 4309 3452 4366 Domini
3499 4310 3656 4367 nobis

2070 4410 2244 4465 locuta
2269 4417 2372 4475 est,
2396 4408 2517 4478 quia
2540 4421 2646 4460 non
2673 4405 2865 4460 habeat
2888 4403 3243 4458 necessarium
3266 4403 3332 4457 ab
3354 4402 3658 4460 hominibus

2070 4500 2454 4563 testimonium,
2484 4497 2577 4552 sed
2613 4496 2804 4550 habeat
2833 4495 3000 4564 majus
3025 4510 3181 4564 quam
3214 4504 3338 4549 sunt
3375 4494 3655 4560 homines;

2071 4604 2230 4667 atque
2269 4593 2321 4651 id
2357 4590 2717 4647 testimonium
2759 4588 2891 4642 dixit
2918 4586 3044 4658 quid
3082 4587 3194 4641 sit:
3236 4585 3432 4658 Opera,
3466 4587 3655 4658 inquit,

2071 4705 2184 4762 qute
2223 4703 2312 4759 ego
2350 4686 2518 4758 facio,
2550 4681 2883 4737 testimonium
2926 4678 3181 4751 perhibent
3219 4678 3282 4732 de
3314 4695 3414 4732 me.
3459 4676 3661 4733 Deinde

2074 4778 2316 4850 adjunxit
2343 4794 2356 4830 :
2392 4774 2458 4830 Et
2486 4772 2823 4828 testimonium
2853 4770 3073 4841 perhibet
3103 4769 3166 4822 de
3186 4785 3285 4836 me,
3312 4769 3399 4839 qui
3427 4768 3558 4821 misit
3582 4781 3661 4822 me

2077 4870 2255 4926 Pater.
2285 4869 2402 4939 Ipsa
2432 4881 2642 4937 quoque
2670 4878 2832 4934 Opera
2861 4878 2979 4933 qutc
3008 4860 3149 4926 facit,
3181 4875 3211 4914 a
3239 4861 3394 4914 Putre
3424 4873 3482 4913 se
3509 4871 3663 4912 acce-

2076 4964 2221 5036 pisse
2247 4961 2392 5016 dicit.
2424 4956 2809 5015 Testimonium
2836 4969 2961 5024 ergo
2990 4951 3273 5025 perhibent
3300 4964 3480 5021 opera,
3513 4946 3666 5003 testi-
3726 4940 3731 4943 ’

2078 5057 2316 5113 monium
2335 5053 2579 5125 perhibet
2596 5050 2772 5105 Pater.
2802 5047 3083 5101 Nullumne
3107 5042 3463 5099 testimonium
3486 5038 3665 5111 perhi-

2080 5151 2195 5208 buit
2218 5145 2488 5205 Joannes?
2515 5140 2789 5199 Perhibuit
2817 5140 2995 5210 plane,
3022 5137 3116 5193 sed
3148 5145 3393 5204 tanquam
3422 5133 3660 5200 lucerna,

2083 5257 2189 5299 non
2220 5240 2287 5296 ad
2312 5235 2583 5294 satiandos
2609 5233 2831 5297 amicos,
2855 5229 2948 5285 sed
2971 5228 3037 5282 ad
3062 5224 3464 5283 confundeudos
3490 5224 3668 5279 inimi-

2084 5349 2176 5391 cos
2217 5335 2280 5385 ἐ
2318 5332 2428 5402 jam
2469 5327 2613 5383 enim
2653 5331 2807 5380 antea
2854 5320 3165 5393 praedictum
3209 5324 3322 5370 erat
3365 5330 3395 5369 a
3441 5329 3668 5387 persona

2085 5427 2287 5490 Patris,
2334 5422 2525 5477 Paravi
2568 5417 2824 5474 lucernam
2865 5412 3062 5470 Christo
3101 5426 3209 5463 meo
3244 5449 3257 5464 .
3294 5410 3523 5465 inimicos
3560 5411 3671 5481 ejus

2084 5519 2295 5574 induam
2322 5513 2649 5582 confusione;
2668 5525 2819 5577 super
2844 5506 3007 5576 ipsum
3039 5511 3201 5556 autem
3227 5501 3461 5573 eﬂlorebit
3481 5500 3671 5555 sancti-

2088 5614 2254 5686 ﬁcatio
2269 5627 2377 5665 mea
2398 5607 2562 5680 (Psal.
2575 5619 2759 5667 cxxxr,
2780 5602 2839 5656 l7
2856 5607 2897 5652 et
2920 5597 3027 5667 l8).
3044 5598 3168 5651 Esto
3186 5606 3431 5670 tanquam
3448 5597 3500 5651 in
3518 5602 3670 5678 nocte

2152 5729 2168 5759 ι
2194 5734 2245 5775 ιη
2262 5723 2485 5775 omnibus
2506 5727 2631 5772 διεδ..
2657 5707 3166 5776 mutantem/dirigi.
3306 5769 3324 5776 _
3403 5768 3415 5776 .
3500 5767 3510 5776 _
3591 5765 3604 5776 ί
3639 5763 3653 5776 ⁹

2150 5791 2169 5820 ς
2194 5765 2245 5835 iii
2265 5765 2482 5843 ῑιῗῗὶἱοῖ
2505 5765 2833 5828 unanimos
2856 5772 3051 5831 amicos,
3080 5768 3179 5843 sat
3205 5765 3675 5843 conﬁtndendo'stnt:

2088 5828 2255 5902 mutis.
2272 5828 2584 5895 isictvt—tiiltttuc
2602 5842 2902 5888 t‘i‘sliluutttts
2915 5850 2978 5886 ex
3099 5842 3150 5885 et
3166 5828 3302 5893 lima,
3311 5843 3513 5895 quorum
3528 5828 3676 5878 lectio

2093 5916 2281 5965 videtur
2304 5908 2593 5960 tumcinuior.
2661 5909 2715 5951 Μ.
