4118 6508
395 420 539 482 1585

395 536 628 611 positus,
645 530 912 590 attendisti
931 530 980 584 in
999 527 1290 589 lucernam,
1305 530 1358 578 et
1371 520 1594 576 miratus
1613 533 1670 611 es
1685 517 1977 611 lucernam,

399 606 456 686 et
481 625 756 685 exsultasti
783 623 850 678 ad
871 624 1052 678 lumen
1075 619 1306 672 lucerna:
1336 629 1348 666 :
1379 611 1472 666 sed
1499 611 1586 664 illa
1616 610 1830 664 lucerna
1859 606 1986 661 dicit

401 736 524 778 esse
571 719 774 782 solem,
821 717 873 770 in
917 727 1022 784 quo
1067 708 1334 766 exsultare
1383 703 1608 768 debeas;
1652 711 1707 757 et
1745 699 1986 771 quamvis

403 813 592 870 ardeat
619 813 674 867 in
707 816 884 874 nocte,
909 806 1049 861 diem
1093 810 1146 856 te
1172 799 1324 870 jubet
1349 805 1682 866 exspectare.
1713 793 1828 848 Non
1859 804 1986 861 ergo

406 904 531 976 quia
575 901 716 958 illius
752 895 981 953 hominis
1021 890 1328 948 testimonio
1365 901 1473 942 non
1507 894 1622 942 erat
1659 899 1811 976 opus.
1852 882 1986 937 Nam

403 975 592 1066 utquid
615 993 934 1054 mitteretur,
959 985 1004 1040 si
1026 998 1132 1038 non
1153 990 1270 1036 erat
1288 979 1451 1049 opus?
1472 976 1579 1034 Sed
1599 991 1667 1031 ne
1692 976 1745 1030 in
1772 975 1986 1028 lucerna

403 1093 680 1148 remaneat
707 1084 886 1146 homo,
914 1086 970 1134 et
991 1078 1170 1132 lumen
1193 1075 1424 1129 lucernae
1444 1071 1692 1126 sufficere
1722 1068 1820 1124 sibi
1846 1066 1989 1122 arbi-

400 1189 610 1246 tretur;
637 1178 754 1232 ideo
786 1173 1041 1228 Dominus
1070 1183 1170 1224 nec
1196 1169 1464 1222 lucernam
1495 1157 1987 1232 illam-superfluam

401 1272 532 1328 dicit
553 1269 732 1330 fuisse,
757 1278 854 1318 nec
876 1270 1056 1316 tamen
1075 1267 1127 1314 te
1149 1257 1278 1312 dicit
1297 1257 1348 1310 in
1371 1255 1584 1309 lucerna
1601 1253 1797 1308 debere
1817 1265 1989 1307 rema-

401 1376 552 1417 nere.
575 1357 712 1413 Dicit
731 1353 872 1410 aliud
887 1349 1249 1408 testimonium
1267 1346 1538 1415 Scriptura
1565 1344 1659 1398 Dei
1679 1361 1693 1396 :
1717 1343 1785 1398 ibi
1808 1342 1989 1412 utique

400 1453 544 1508 Deus
578 1446 846 1519 perhibuit
875 1441 1233 1499 testimonium
1261 1437 1398 1493 Filio
1419 1451 1533 1502 suo,
1565 1443 1622 1492 et
1647 1435 1699 1490 in
1731 1434 1817 1488 illa
1843 1433 1988 1490 Scri-

400 1552 558 1616 ptura
597 1539 767 1596 Judaei
815 1551 962 1606 spem
1002 1539 1310 1604 posuerant,
1353 1531 1407 1585 in
1445 1529 1588 1600 Lege
1631 1527 1833 1582 scilicet
1869 1525 1987 1594 Dei,

403 1634 707 1690 ministrata
737 1629 836 1684 sibi
859 1643 955 1697 per
975 1625 1194 1696 Moysen
1224 1621 1478 1676 famulum
1504 1619 1619 1675 Dei.
1653 1617 1985 1684 Scrutantini,

401 1726 607 1796 inquit,
639 1722 958 1791 Scripturam
978 1760 993 1782 ,
1021 1717 1072 1770 in
1101 1731 1200 1786 qua
1227 1730 1314 1768 vos
1341 1712 1527 1785 putatis
1555 1711 1709 1765 vitam
1739 1719 1978 1766 aeternam

405 1817 619 1880 habere;
645 1815 754 1884 ipsa
782 1809 1122 1865 testimonium
1147 1805 1370 1879 perhibet
1391 1804 1453 1858 de
1480 1819 1561 1857 me
1591 1818 1610 1857 :
1637 1810 1683 1857 et
1713 1819 1815 1857 non
1839 1801 1989 1857 vultis

402 1910 571 1966 venire
589 1907 658 1960 ad
679 1923 773 1970 me,
797 1913 852 1957 ut
873 1905 1025 1957 vitam
1045 1901 1288 1954 habeatis.
1311 1897 1448 1964 Quid
1465 1911 1559 1952 vos
1579 1896 1776 1966 putatis
1795 1894 1994 1950 habere

401 2005 458 2060 in
472 2003 744 2072 Scriptura
756 2000 918 2054 vitam
930 1992 1222 2051 aeternam?
1233 1997 1404 2062 Ipsam
1419 1989 1762 2060 interrogate,
1779 1988 1864 2044 cui
1881 2003 1994 2058 per-

405 2096 557 2150 hibet
575 2089 966 2153 testimonium;
984 2085 1324 2156 etintelligite
1341 2097 1460 2152 quae
1477 2081 1546 2136 sit
1561 2081 1666 2136 vita
1686 2089 1904 2136 aeterna.
1924 2079 1993 2134 Et

403 2187 526 2258 quia
565 2192 784 2256 propter
828 2181 1046 2250 Moysen
1078 2177 1328 2232 volebant
1365 2172 1647 2244 repudiare
1681 2172 1988 2238 Christum,

403 2289 657 2348 tanquam
689 2272 1051 2330 adversarium
1086 2267 1340 2324 institutis
1373 2265 1760 2336 praeceptisque
1788 2264 1990 2334 Moysi;

402 2383 591 2426 rursus
617 2366 830 2422 eosdem
854 2363 968 2434 ipse
989 2360 1256 2417 convincit
1275 2367 1523 2428 tanquam
1547 2356 1616 2412 de
1635 2356 1734 2410 alia
1757 2356 1991 2412 lucerna.

479 2461 536 2516 ὅ.
576 2459 773 2514 Omnes
799 2455 940 2510 enim
980 2453 1222 2507 homines
1249 2451 1502 2516 lucernae,
1531 2448 1654 2519 quia
1687 2456 1744 2503 et
1775 2447 1994 2502 accendi

407 2557 636 2624 possunt
658 2557 710 2604 et
729 2545 1013 2616 exstingui.
1037 2543 1106 2597 Et
1125 2543 1359 2597 lucerna
1378 2539 1592 2610 quidem
1613 2553 1736 2594 cum
1761 2540 1992 2608 sapiunt,

406 2644 618 2708 lucent,
654 2649 708 2694 et
736 2637 924 2708 spiritu
945 2636 1188 2690 fervent:
1217 2647 1338 2688 nam
1372 2631 1490 2686 etsi
1527 2629 1786 2686 ardebant
1811 2639 1865 2685 et
1897 2645 1996 2686 ex-

408 2735 620 2788 stincta:
649 2739 790 2794 sunt,
822 2727 982 2782 etiam
1013 2733 1216 2796 putent.
1247 2721 1824 2778 Permanseruntenim
1853 2721 1994 2774 servi

408 2823 502 2878 Dei
537 2822 769 2875 lucernae
791 2818 944 2870 bonae
966 2830 1030 2870 ex
1052 2815 1174 2868 oleo
1196 2811 1575 2866 misericordia:
1605 2811 1765 2876 illius,
1800 2825 1904 2864 non
1930 2825 1996 2865 ex

406 2912 614 2968 viribus
656 2911 785 2964 suis.
818 2907 999 2964 Gratia
1041 2905 1235 2976 quippe
1266 2904 1360 2958 Dei
1396 2903 1645 2973 gratuita,
1693 2903 1780 2957 illa
1819 2903 1994 2956 oleum

405 3008 743 3064 lucernarum
787 3009 886 3055 est.
919 2997 1049 3052 Plus
1076 2999 1207 3051 enim
1231 2997 1336 3050 illis
1381 2997 1609 3050 omnibus
1647 2995 1888 3058 laboravi,
1925 2996 2000 3049 ait

409 3097 652 3172 qutedam
683 3095 933 3155 lucerna;
962 3099 1016 3144 et
1035 3105 1103 3145 ne
1127 3089 1327 3144 viribus
1355 3089 1464 3142 suis
1489 3087 1678 3144 ardere
1707 3087 1994 3154 videretur,

409 3191 670 3264 adjunxit,
691 3187 814 3242 Non
844 3201 933 3258 ego
963 3191 1152 3245 autem,
1179 3181 1265 3234 sed
1283 3182 1446 3251 gratia
1477 3179 1571 3234 Dei
1599 3196 1792 3234 mecum
1811 3179 1852 3251 (Ι
1873 3177 1994 3234 Cor.

409 3298 502 3350 xv,
524 3279 636 3351 10).
659 3277 845 3334 Omnis
865 3290 992 3346 ergo
1021 3272 1294 3342 prophetia
1321 3279 1444 3326 ante
1463 3270 1671 3324 Domini
1688 3269 1994 3338 adventum,

405 3376 628 3431 lucerna
658 3379 741 3426 est
771 3387 783 3423 :
815 3369 883 3424 de
907 3383 1007 3438 qua
1038 3364 1167 3419 dicit
1195 3363 1386 3418 Petrus
1411 3361 1706 3431 apostolus,
1736 3361 1997 3416 Habemus

408 3469 675 3524 certiorem
701 3461 1046 3535 propheticum
1073 3472 1372 3520 sermonem,
1396 3455 1477 3508 cui
1501 3453 1624 3508 bene
1644 3454 1809 3524 facitis
1835 3456 1998 3510 inten-

409 3563 600 3628 dentes,
628 3553 1056 3628 quemadmodum
1083 3551 1302 3604 lucerna:
1330 3550 1516 3603 lucenti
1539 3549 1592 3603 in
1624 3549 1836 3604 obscuro
1863 3551 1994 3614 loco,

409 3655 567 3710 donec
593 3651 697 3705 dies
727 3651 962 3710 lucescat,
994 3655 1040 3698 et
1062 3644 1244 3714 lucifer
1271 3643 1466 3696 oriatur
1489 3643 1540 3696 in
1565 3643 1800 3698 cordibus
1823 3645 2000 3699 vestris

407 3744 479 3816 (ll
508 3741 650 3796 Petr.
690 3757 730 3807 ι,
762 3738 873 3808 i9).
899 3735 1154 3792 Lucerna:
1189 3736 1362 3802 itaque
1395 3733 1696 3802 Prophetas,
1737 3743 1792 3790 et
1825 3736 1999 3790 omnis

405 3835 686 3908 prophetia
732 3845 834 3886 una
878 3843 1066 3898 magna
1113 3827 1350 3880 lucerna.
1393 3824 1530 3892 Quid
1569 3826 1847 3895 Apostoli?
1891 3842 1996 3881 non

407 3929 641 3984 lucernm
687 3924 846 3979 etiam
892 3919 1032 3991 ipsi?
1059 3919 1222 3974 Plane
1249 3917 1504 3972 lucernar.
1536 3916 1692 3972 Solus
1723 3919 1863 3972 enim
1906 3919 1999 3975 ille

409 4033 516 4073 non
554 4017 790 4071 lucerna.
829 4012 943 4067 Non
983 4011 1125 4064 enim
1163 4009 1469 4064 accenditur
1507 4017 1560 4062 et
1598 4009 1951 4078 exstinguitur
1983 4029 1996 4066 :

410 4108 534 4177 quia
575 4107 702 4159 sicut
745 4103 898 4156 Pater
939 4099 1084 4153 habet
1133 4101 1285 4152 vitam
1327 4099 1380 4150 in
1421 4098 1706 4166 semetipso,
1753 4099 1825 4152 sic
1864 4099 1999 4153 dedit

413 4199 550 4253 Filio
581 4198 758 4250 habere
782 4196 934 4247 vitam
953 4194 1004 4246 in
1030 4191 1312 4262 semetipso.
1337 4189 1594 4244 Lucerna:
1623 4205 1750 4258 ergo
1775 4201 1829 4244 et
1857 4193 2000 4261 Apo-

408 4291 566 4355 stoli;
605 4299 659 4344 et
694 4287 888 4358 gratias
923 4291 1103 4354 agunt,
1147 4283 1268 4352 quia
1305 4290 1360 4336 et
1393 4282 1601 4336 accensi
1642 4291 1764 4337 sunt
1797 4283 1998 4340 lumine

411 4381 686 4446 Veritatis,
709 4389 762 4432 et
790 4378 992 4432 fervent
1015 4373 1216 4444 Spiritu
1239 4372 1533 4437 charitatis,
1562 4381 1618 4428 et
1638 4374 1871 4443 suppetit
1895 4373 1998 4430 illis

409 4475 584 4528 oleum
612 4473 792 4542 grati-.0
815 4470 926 4524 Dei.
958 4469 1012 4523 Si
1045 4483 1147 4521 non
1176 4475 1356 4521 essent
1376 4467 1628 4529 lucerme,
1652 4482 1757 4522 non
1786 4467 1996 4522 diceret

407 4567 517 4621 illis
555 4566 828 4628 Dominus,
873 4562 971 4616 Vos
1016 4561 1132 4615 estis
1171 4561 1339 4614 lumen
1375 4559 1573 4613 mundi.
1615 4559 1745 4613 Nam
1785 4569 1998 4630 postea-

408 4673 566 4728 quam
602 4657 755 4721 dixit,
794 4655 890 4708 l’os
929 4653 1046 4708 estis
1083 4653 1252 4706 lumen
1291 4651 1486 4716 mundi,
1527 4650 1760 4706 ostendit
1788 4665 1856 4705 ne
1893 4651 1998 4706 tale

409 4749 590 4803 lumen
636 4761 696 4801 se
742 4753 1023 4815 putarent,
1069 4745 1224 4814 quale
1267 4743 1465 4798 dictum
1509 4751 1619 4809 est,
1661 4741 1790 4797 Erat
1830 4745 1997 4800 lumen

405 4857 602 4906 verum,
631 4839 768 4911 quod
804 4837 1060 4891 illuminat
1101 4853 1299 4890 omnem
1343 4836 1596 4890 hominem
1633 4837 1906 4890 venientem
1942 4839 1996 4892 in

373 4934 542 4988 .hunc
585 4929 850 4985 mundum.
889 4928 1038 4984 Tunc
1075 4935 1252 4981 autem
1285 4927 1388 4982 hoc
1426 4927 1492 4981 de
1533 4927 1756 4980 Domino
1795 4927 1994 4983 dictum

405 5033 511 5088 εει,
539 5037 661 5079 cum
693 5037 722 5076 a
752 5021 955 5076 Joanne
992 5019 1424 5090 distingueretur.
1453 5019 1530 5072 De
1568 5019 1771 5074 Joanne
1799 5019 1996 5090 quippe

409 5115 648 5186 Baptista
668 5113 868 5168 dictum
889 5119 1026 5176 erat,
1051 5110 1174 5164 Non
1199 5119 1307 5164 erat
1333 5109 1422 5163 ille
1447 5109 1637 5176 lumen,
1663 5110 1752 5164 sed
1780 5121 1835 5164 ut
1860 5113 1994 5165 testi-

407 5208 633 5261 monium
677 5204 954 5274 perhiberet
1001 5203 1063 5256 de
1104 5202 1290 5256 lumine
1328 5200 1504 5271 (Joan.
1543 5215 1583 5267 ι,
1613 5201 1665 5264 9,
1709 5201 1784 5272 8).
1821 5201 1890 5256 Et
1929 5217 1996 5258 ne

407 5298 637 5362 diceres,
667 5296 949 5364 Quomodo
983 5295 1164 5350 lumen
1193 5308 1300 5348 non
1339 5300 1475 5358 erat,
1515 5292 1584 5348 de
1625 5308 1729 5363 quo
1753 5293 1994 5350 Christus

409 5389 559 5455 dicit,
591 5389 713 5460 quia
753 5389 957 5444 lucerna
994 5383 1134 5441 erht?
1163 5385 1218 5439 In
1244 5385 1640 5454 comparatione
1666 5384 1886 5438 alterius
1915 5385 1996 5438 lu-

409 5483 572 5539 minis
597 5497 702 5538 non
744 5493 860 5540 erat
891 5485 1090 5538 lumen.
1119 5481 1246 5535 Erat
1272 5480 1412 5534 enim
1434 5495 1604 5534 verum
1645 5477 1830 5544 lumen,
1859 5480 1994 5549 quod

409 5574 666 5630 illuminat
685 5591 880 5630 omnem
907 5577 1156 5630 hominem
1180 5574 1454 5628 venientem
1479 5572 1532 5625 in
1562 5572 1694 5624 hunc
1723 5573 1990 5627 mundum.

411 5663 557 5735 Ergo
579 5681 699 5720 cum
716 5674 771 5721 et
786 5665 1062 5736 discipulis
1079 5666 1302 5730 diceret,
1335 5659 1438 5716 Vos
1460 5663 1579 5717 estis
1596 5662 1764 5716 lumen
1785 5663 1987 5731 mundi,

413 5769 485 5810 ne
502 5755 602 5810 sibi
622 5757 820 5827 aliquid
840 5759 1091 5812 tributum
1108 5762 1379 5827 putarent,
1401 5753 1542 5824 quod
1558 5753 1626 5809 de
1647 5755 1761 5809 solo
1779 5754 1994 5811 Christo

409 5841 810 5920 intelligendum
850 5859 1019 5914 esset,
1053 5857 1107 5904 et
1151 5849 1220 5904 ita
1257 5847 1490 5902 lucerna:
1533 5854 1692 5902 vento
1731 5847 1992 5918 superbia:

1319 407 1384 463 IN
1405 401 1682 462 JOANNIS
1723 396 2188 463 EVANGELIUM,
2227 395 2287 454 S.
2325 393 2691 453 AUGUSTINI

3537 397 3678 458 1588

2091 513 2559 583 exstinguerentur
2578 527 2593 576 ;
2615 524 2736 565 cum
2753 509 3001 578 dixisset,
3033 509 3133 566 Vos
3155 512 3271 567 estis
3291 513 3460 568 lumen
3477 519 3672 588 mundi,

2092 605 2344 661 continuo
2381 604 2680 674 subiunxit,
2707 601 2828 657 Non
2847 613 3008 674 potest
3039 605 3213 658 civitas
3247 605 3489 661 abscondi
3521 627 3677 682 supra

2093 706 2310 752 montem
2335 691 2623 762 constituta,
2654 712 2812 766 neque
2831 696 3110 752 accendunt
3136 699 3390 754 lucernam
3409 709 3458 754 et
3486 711 3679 772 ponunt

2093 805 2204 844 eam
2227 789 2318 844 sub
2339 789 2530 854 modio,
2559 789 2648 843 sed
2671 805 2823 858 super
2839 787 3216 854 candelabrum,
3243 799 3298 844 ut
3323 790 3486 846 luceat
3510 795 3678 848 omni-

2093 883 2184 936 bus
2212 884 2298 952 qui
2320 883 2374 936 in
2404 883 2551 937 domo
2575 889 2710 938 sunt.
2735 881 2838 938 Sed
2865 883 3011 953 quid,
3036 885 3078 939 si
3105 884 3387 956 Apostolos
3417 901 3520 942 non
3547 889 3678 946 dixit

2092 974 2400 1041 lucernam,
2445 973 2538 1030 sed
2586 989 2900 1030 accensores
2943 974 3173 1030 lucerna:
3220 991 3376 1048 quam
3421 989 3680 1048 ponerent

2095 1081 2256 1136 super
2282 1066 2703 1122 candelabrum?
2731 1067 2867 1120 Audi
2896 1067 3016 1137 quia
3049 1067 3193 1136 ipsos
3224 1069 3356 1123 dixit
3384 1069 3676 1126 lucernam.

2095 1159 2188 1214 Sic
2209 1159 2371 1214 luceat
2389 1203 2404 1226 ,
2436 1159 2636 1230 inquit,
2667 1160 2833 1214 lumen
2854 1167 3068 1214 vestrum
3090 1176 3261 1214 coram
3287 1161 3570 1217 hominibus
3589 1203 3602 1228 ,
3626 1171 3684 1218 ut

2095 1251 2316 1306 videntes
2361 1252 2490 1306 bona
2529 1268 2684 1322 opera
2724 1263 2884 1307 vestra
2925 1253 3234 1324 gloriﬁcent,
3285 1270 3391 1310 non
3412 1269 3539 1322 vos,
3585 1258 3682 1314 sed

2097 1341 2310 1398 Patrem
2335 1353 2550 1398 uestrum
2574 1345 2660 1414 qui
2687 1344 2740 1398 in
2763 1344 2903 1399 cretis
2928 1354 3000 1399 est
3031 1343 3246 1416 (Matth.
3270 1362 3328 1415 ν,
3358 1348 3573 1422 14-16).

2165 1437 2220 1490 4.
2251 1435 2392 1506 Ergo
2421 1445 2475 1491 et
2503 1437 2711 1508 Moyses
2749 1436 3021 1508 perhibuit
3051 1440 3408 1496 testimonium
3445 1441 3680 1512 Christo,

2095 1535 2150 1584 et
2185 1527 2418 1583 Joannes
2459 1529 2726 1600 perhibuit
2769 1529 3127 1584 testimonium
3159 1531 3394 1600 Christo,
3413 1540 3466 1588 et
3503 1537 3682 1590 caeteri

2095 1619 2376 1691 Propheta:
2399 1631 2456 1676 et
2475 1621 2711 1690 Apostoli
2733 1621 3118 1692 perhibuerunt
3140 1623 3498 1678 testimonium
3523 1625 3682 1682 Chri-

2095 1722 2203 1771 sto.
2215 1713 2306 1768 llis
2320 1713 2564 1770 omnibus
2577 1714 2894 1770 testimOniis
2909 1716 3169 1786 praeponit
3189 1716 3546 1772 testimonium
3565 1734 3686 1788 ope-

2096 1823 2213 1862 rum
2239 1821 2476 1861 suorum.
2502 1807 2634 1874 Quia
2664 1817 2718 1862 et
2747 1822 2841 1877 per
2866 1807 2986 1880 illos
3009 1808 3218 1864 nonnisi
3245 1810 3391 1862 Deus
3417 1809 3686 1880 perhibuit

2095 1897 2456 1952 testimonium
2497 1897 2632 1952 Filio
2659 1913 2776 1952 suo.
2808 1898 2914 1954 Sed
2949 1899 3192 1969 perhibet
3225 1899 3328 1954 alio
3357 1900 3516 1955 modo
3545 1903 3684 1957 Deus

2097 1989 2460 2044 testimonium
2477 1989 2612 2044 Filio
2633 2004 2730 2044 suo
2750 2008 2764 2044 ε
2785 2005 2880 2060 per
2901 1991 3072 2060 ipsum
3097 1990 3287 2045 Filium
3309 2007 3466 2046 suum
3485 1992 3684 2048 indicat

2097 2079 2239 2136 Deus
2269 2079 2490 2145 Filium,
2523 2081 2722 2136 indicat
2759 2097 2818 2137 se
2857 2097 2950 2150 per
2979 2081 3190 2136 Filium.
3221 2082 3302 2136 Ad
3336 2082 3476 2138 hunc
3508 2084 3551 2138 si
3581 2099 3680 2154 po—

2099 2174 2260 2228 tuerit
2282 2174 2442 2228 homo
2467 2175 2762 2244 pervenire,
2795 2190 2894 2229 nec
2923 2175 3154 2230 lucernis
3175 2175 3451 2245 indigebit,
3483 2183 3540 2231 et
3559 2192 3687 2232 vero

2099 2265 2350 2323 fodiendo
2377 2267 2556 2332 altius,
2599 2267 2879 2322 :edilicium
2913 2269 3170 2337 perducet
3194 2267 3262 2323 ad
3293 2276 3516 2338 petram.

2171 2357 2225 2414 5.
2255 2357 2450 2414 Facilis
2490 2367 2573 2413 est
2605 2374 2754 2431 ergo,
2799 2361 3014 2424 fratres,
3059 2359 3316 2414 hodierna
3357 2361 3553 2416 lectio:
3591 2361 3688 2418 sed

2099 2459 2318 2523 propter
2356 2451 2664 2507 hesternum
2703 2452 2938 2508 debitum
2985 2452 3118 2526 (scio
3165 2453 3308 2507 enim
3348 2452 3474 2524 quid
3513 2452 3687 2510 distu—

2099 2543 2275 2609 lerim,
2299 2557 2402 2597 non
2425 2543 2756 2611 abstulerim,
2779 2553 2833 2598 et
2853 2543 3106 2599 Dominus
3127 2537 3370 2615 dignatus
3389 2555 3473 2600 est
3489 2544 3689 2602 donare

2102 2635 2261 2690 etiam
2285 2634 2446 2691 hodie
2473 2637 2616 2707 loqui
2639 2637 2702 2691 ad
2725 2636 2864 2709 vos),
2889 2637 3240 2692 recordamini
3259 2639 3384 2708 quid
3411 2653 3690 2712 reposcere

2101 2725 2360 2791 debeatis,
2394 2729 2436 2781 si
2465 2727 2602 2782 forte
2629 2729 2806 2799 aliquo
2835 2729 2998 2783 modo
3023 2739 3232 2786 servata
3255 2731 3452 2802 pietate
3477 2740 3532 2786 et
3549 2733 3692 2788 salu-

2101 2817 2182 2872 bri
2215 2817 2536 2884 humilitate,
2567 2819 2920 2876 extendamus
2946 2836 3044 2876 nos
3069 2835 3174 2876 non
3213 2821 3468 2878 adversus
3492 2823 3689 2891 Deum,

2103 2909 2196 2962 sed
2227 2909 2290 2964 ad
2319 2909 2484 2964 Deum
2507 2929 2520 2976 ;
2547 2921 2601 2964 et
2635 2912 2873 2967 levemus
2900 2911 2967 2966 ad
3005 2927 3128 2968 eum
3165 2914 3394 2970 animam
3429 2921 3690 2981 nostram,

2103 3001 2441 3057 effundentes
2471 3018 2588 3056 eam
2628 3018 2789 3072 super
2813 3019 2931 3070 nos,
2971 3005 3110 3060 sicut
3147 3005 3236 3060 ille
3261 3007 3312 3060 in
3343 3005 3576 3072 Psalmo,
3605 3005 3692 3061 cui

2103 3093 2398 3160 dicebatur,
2429 3094 2528 3150 Ubi
2563 3105 2634 3150 est
2661 3095 2798 3150 Deus
2827 3099 2984 3153 tuus?
3013 3097 3160 3164 Iltec,
3189 3099 3394 3170 inquit,
3425 3100 3692 3154 meditatus

2101 3201 2235 3250 sum,
2257 3195 2302 3239 et
2313 3185 2470 3253 effudi
2485 3205 2636 3258 super
2655 3206 2732 3242 me
2746 3192 2965 3244 animam
2983 3207 3146 3245 meam
3167 3189 3336 3264 (Psal.
3361 3207 3468 3259 xu,
3493 3192 3527 3246 4
3543 3201 3588 3246 et
3611 3189 3690 3264 5).

2103 3275 2364 3332 Levemus
2391 3294 2519 3350 ergo
2547 3281 2776 3335 animam
2807 3281 2872 3336 ad
2915 3283 3111 3350 Deum,
3143 3299 3248 3338 non
3275 3292 3460 3338 contra
3486 3283 3688 3352 Deum;

2103 3372 2226 3438 quia
2250 3377 2307 3424 et
2343 3369 2446 3424 hoc
2471 3371 2668 3425 dictum
2697 3381 2796 3436 est,
2825 3373 2906 3427 Ad
2931 3382 2998 3437 te,
3019 3373 3257 3440 Domine,
3291 3373 3448 3429 levavi
3467 3375 3691 3428 animam

2104 3477 2267 3515 meam
2291 3460 2461 3532 (Psal.
2481 3479 2628 3530 xxxv,
2651 3463 2725 3536 l).
2751 3463 2814 3518 Et
2836 3465 3072 3520 levemus
3091 3465 3376 3536 adjuvante
3393 3467 3540 3537 ipso;
3569 3482 3690 3522 nam

2104 3553 2280 3623 gravis
2307 3561 2411 3608 est.
2441 3553 2592 3608 Unde
2621 3563 2798 3609 autem
2824 3553 3003 3625 gravis
3026 3556 3146 3612 est?
3172 3557 3304 3624 Quia
3333 3572 3524 3627 corpus
3552 3556 3694 3628 quod

2103 3645 2484 3714 corrumpitur,
2530 3654 2781 3716 aggravat
2817 3647 3071 3714 animam,
3102 3656 3157 3704 et
3189 3649 3440 3718 deprimit
3479 3655 3694 3706 terrena

2105 3737 2420 3793 inhabitatio
2464 3753 2678 3794 sensum
2718 3739 2884 3793 multa
2915 3741 3234 3810 cogitantem
3275 3741 3429 3812 (Sap.
3471 3757 3546 3808 ιι,
3578 3741 3690 3813 15).

2102 3830 2181 3886 Ne
2225 3831 2361 3886 forte
2401 3846 2529 3901 ergo
2573 3833 2838 3904 possimus
2885 3848 3102 3888 sensum
3145 3842 3390 3890 nostrum
3437 3850 3468 3888 a
3511 3835 3692 3890 multis

2104 3925 2355 3995 colligere
2397 3925 2462 3979 ad
2502 3941 2685 3992 unum,
2727 3933 2781 3980 et
2813 3926 3054 3981 evulsum
3079 3941 3109 3981 a
3139 3927 3320 3982 multis
3348 3928 3594 3983 relevare
3621 3928 3690 3984 ad

2107 4032 2269 4070 unum
2301 4015 2465 4086 (quod
2494 4015 2708 4086 quidem
2737 4030 2843 4071 non
2881 4017 3196 4087 poterimus,
3229 4027 3287 4073 ut
3310 4017 3439 4084 dixi,
3467 4019 3566 4072 nisi
3596 4017 3692 4073 ad-

2098 4107 2246 4177 juvet
2293 4107 2380 4161 ille
2419 4107 2512 4176 qui
2549 4107 2618 4160 ad
2665 4121 2724 4162 se
2749 4107 2863 4162 vult
2901 4107 3064 4162 levari
3101 4109 3306 4163 animas
3344 4111 3598 4180 nostras),
3635 4116 3692 4164 et

2103 4198 2472 4268 contingamns
2505 4213 2572 4252 ex
2611 4197 2788 4268 aliqua
2828 4210 2999 4269 parte,
3028 4199 3296 4268 quomodo
3325 4200 3550 4256 Verbum
3593 4200 3688 4256 Dei

2103 4289 2291 4343 unicus
2319 4289 2483 4354 Patri,
2513 4296 2814 4344 coaeternus
2851 4297 2906 4344 et
2947 4290 3166 4361 mqualis
3201 4291 3364 4356 Patri,
3397 4307 3501 4346 non
3534 4291 3691 4346 faciat

2102 4382 2205 4434 nisi
2232 4380 2374 4451 quod
2398 4381 2588 4438 viderit
2614 4382 2824 4437 Patrem
2852 4381 3154 4448 facientem,
3187 4397 3308 4438 cum
3335 4392 3511 4438 tamen
3533 4383 3690 4436 Pater

2104 4473 2218 4540 ipse
2265 4488 2369 4526 non
2425 4472 2580 4526 faciat
2631 4473 2830 4542 aliquid
2875 4474 2976 4526 nisi
3024 4487 3120 4542 per
3162 4471 3350 4526 Filium
3397 4473 3685 4528 videntem.

2104 4562 2325 4618 Videtur
2368 4563 2498 4618 mihi
2543 4564 2792 4634 quoniam
2839 4564 3094 4619 Dominus
3131 4563 3286 4620 Jesus
3327 4567 3379 4618 in
3426 4564 3528 4620 hoc.
3571 4565 3690 4621 loco

2101 4670 2351 4724 magnum
2379 4654 2630 4724 quiddam
2661 4655 2932 4710 insinuare
2949 4655 3135 4710 volens
3155 4655 3397 4725 intentis,
3423 4665 3480 4712 et
3507 4656 3688 4713 infun-

2100 4746 2228 4802 dere
2251 4747 2552 4817 capacibus,
2576 4746 2856 4816 incapaces
2880 4755 3058 4802 autem
3084 4747 3320 4804 excitare
3345 4747 3410 4802 ad
3431 4749 3686 4814 studium,

2100 4847 2162 4893 ut
2191 4839 2426 4893 nondum
2469 4838 2826 4908 intelligentes
2853 4837 2992 4893 bene
3017 4838 3244 4893 vivendo
3284 4853 3506 4910 capaces
3535 4839 3684 4905 ﬁant,

2067 4957 2082 4968 ο
2101 4931 2388 4986 insinuavit
2417 4931 2570 4986 nobis
2605 4931 2836 4986 animam
2862 4931 3147 4986 humanam
3183 4939 3237 4986 et
3265 4939 3497 4987 mentem
3525 4931 3690 4986 ratio-

2100 5021 2299 5088 nalem,
2328 5037 2446 5092 qua:
2470 5022 2609 5076 inest
2629 5021 2852 5087 homini,
2885 5037 2990 5076 non
3017 5022 3154 5076 inest
3182 5019 3383 5090 pecori,
3406 5035 3515 5075 non
3539 5037 3689 5092 vege-

2101 5113 2232 5178 tari,
2270 5127 2376 5168 non
2421 5111 2746 5178 beatificari,
2791 5125 2898 5165 non
2941 5110 3261 5176 illuminari,
3313 5111 3415 5166 nisi
3463 5111 3532 5166 ab
3573 5112 3688 5182 ipsa

2099 5202 2392 5257 substantia
2435 5203 2528 5258 Dei
2573 5220 2585 5257 :
2627 5215 2854 5272 eamque
2890 5202 3122 5256 animam
3153 5201 3329 5257 facere
3367 5201 3565 5272 aliquid
3591 5217 3688 5274 per

2098 5307 2295 5363 corpus
2320 5300 2375 5350 et
2397 5293 2464 5349 de
2483 5308 2731 5363 corpore,
2749 5301 2906 5362 atque
2925 5292 3123 5348 habere
3149 5292 3444 5364 subjectum
3466 5305 3683 5364 corpus,

2098 5393 2154 5441 et
2192 5399 2290 5455 per
2322 5385 2614 5454 corporalia
2651 5384 2872 5441 mulceri
2909 5399 3068 5455 posse
3107 5399 3298 5440 sensus
3325 5385 3567 5456 corporis
3597 5383 3686 5442 vel

2098 5477 2314 5545 oll'endi,
2361 5488 2417 5533 et
2461 5487 2679 5548 propter
2721 5477 2843 5544 hoc,
2887 5476 2941 5532 id
2980 5485 3064 5533 est
3101 5486 3320 5548 prepter
3355 5477 3684 5532 consortium

2098 5569 2365 5639 quoddam
2407 5571 2596 5623 animae
2627 5577 2682 5623 et
2715 5567 2954 5639 corporis
2989 5568 3044 5623 in
3074 5567 3177 5622 hac
3207 5569 3313 5622 vita
3345 5578 3503 5639 atque
3535 5583 3684 5624 com-

2097 5663 2277 5733 plexu,
2298 5663 2546 5717 delectari
2567 5662 2796 5716 animam
2818 5661 3023 5728 lenitis,
3040 5660 3124 5715 vel
3145 5661 3448 5716 contristari
3464 5659 3680 5715 offensis

2097 5753 2337 5823 corporis
2374 5753 2652 5817 sensibus;
2695 5752 3074 5808 beatitudinem
3115 5761 3293 5807 tamen
3329 5751 3444 5821 ejus
3487 5765 3588 5818 qua
3619 5750 3680 5805 ﬁt

2099 5845 2256 5902 beata
2301 5845 2413 5917 ipsa
2456 5845 2652 5908 anima.
2685 5859 2792 5900 non
2827 5844 2940 5900 fieri
2961 5843 3062 5901 nisi
3099 5843 3500 5914 participatione
3535 5837 3675 5896 illius
