4118 6540
346 402 487 461 1585

344 520 469 574 vitm
500 532 712 587 semper
736 516 870 573 viva:
890 556 907 583 ,
943 512 1423 579 incommutabilis,
1455 522 1774 582 aeternaeque
1802 511 1929 567 sub-

343 614 581 677 stantiae,
612 627 729 683 quae
756 611 896 665 Deus
923 618 1041 665 est:
1066 616 1125 662 ut
1149 606 1418 677 quomodo
1446 607 1621 661 anima
1649 621 1766 676 qua:
1794 603 1931 659 infe-

343 707 457 759 rior
488 704 598 760 Deo
624 713 725 771 εει,
748 702 802 757 id
818 702 958 773 quod
985 701 1096 772 ipsa
1123 700 1342 756 inferius
1361 709 1460 765 est,
1482 698 1585 753 hoc
1610 709 1691 753 est
1715 712 1929 766 corpus,

344 794 475 850 facit
502 797 708 860 vivere;
755 794 833 849 sic
870 792 1111 848 eamdem
1153 791 1384 845 animam
1425 806 1531 845 non
1580 789 1735 843 faciat
1777 788 1933 843 beate

343 887 550 955 vivere,
591 868 692 941 nisi
729 886 872 957 quod
912 885 1024 955 ipsa
1058 885 1234 939 anima
1273 892 1355 940 est
1388 883 1649 953 superius.
1679 881 1934 953 Superior

341 979 488 1034 enim
530 979 704 1033 anima
746 994 905 1049 quam
942 992 1156 1048 corpus,
1200 985 1252 1033 et
1288 976 1528 1047 superior
1556 991 1715 1046 quam
1756 976 1933 1031 anima

343 1072 510 1127 Deus.
541 1072 765 1128 Przestat
790 1072 990 1143 aliquid
1019 1071 1277 1139 inferiori,
1306 1081 1588 1141 prmstatur
1614 1070 1692 1125 illi
1714 1084 1745 1124 a
1770 1084 1932 1140 supe-

338 1164 510 1219 riore.
558 1163 771 1219 Serviat
805 1164 1031 1219 Domino
1059 1178 1179 1229 suo,
1224 1178 1291 1218 ne
1331 1162 1673 1217 conculcetur
1713 1176 1745 1215 a
1777 1175 1933 1215 servo

340 1271 463 1311 suo.
489 1257 617 1312 Ilaec
637 1266 739 1322 est,
764 1257 955 1311 fratres
974 1256 1101 1323 mei,
1120 1255 1306 1326 religio
1325 1254 1631 1319 christiana,
1654 1268 1773 1323 qua:
1797 1268 1935 1322 prte-

338 1347 555 1404 dicatur
579 1365 673 1419 per
700 1358 868 1404 totum
903 1347 1181 1413 mundum,
1218 1346 1557 1401 horrentibus
1591 1344 1847 1409 inimicis;
1879 1354 1935 1399 et

336 1441 433 1497 ubi
450 1442 756 1508 vincuntur,
775 1440 1229 1497 murmurantibus
1249 1455 1264 1503 ;
1286 1438 1376 1494 ubi
1392 1438 1700 1509 praevalent,
1720 1436 1934 1490 szevieu-

337 1536 505 1590 tibus.
555 1535 681 1590 llaec
720 1544 802 1590 est
844 1535 1029 1605 religio
1078 1533 1400 1599 christiana,
1446 1539 1507 1585 ut
1546 1531 1750 1585 colatur
1797 1543 1933 1583 unus

336 1627 506 1692 Deus,
539 1643 643 1681 non
683 1626 835 1681 multi
865 1626 967 1691 dii;
1009 1625 1130 1696 quia
1165 1640 1272 1679 non
1311 1623 1438 1678 facit
1465 1622 1697 1676 animam
1726 1621 1933 1675 beatam

334 1718 445 1773 nisi
473 1734 611 1773 unus
636 1719 797 1774 Deus.
830 1717 1246 1787 Participatione
1268 1715 1361 1770 Dei
1390 1714 1447 1767 ﬁt
1472 1714 1645 1767 beata.
1672 1710 1783 1765 Non
1815 1727 1937 1780 par-

334 1809 655 1878 ticipatione
681 1818 880 1864 sancta:
906 1808 1098 1863 animae
1121 1809 1178 1861 ﬁt
1200 1808 1354 1862 beata
1383 1804 1589 1859 inﬁrma
1614 1803 1810 1867 anima,
1835 1818 1937 1859 nec

334 1900 751 1971 participatione
792 1901 969 1971 angeli
1012 1901 1068 1955 lit
1101 1899 1255 1954 beata
1295 1906 1477 1953 sancta
1515 1897 1728 1951 anima:
1760 1894 1854 1950 sed
1889 1895 1935 1950 si

335 1992 539 2062 quierit
563 1993 718 2048 beata
756 2008 874 2049 esse
904 1993 1112 2047 inﬁrma
1139 1992 1344 2059 anima,
1374 2000 1576 2062 quaerat
1612 1990 1753 2045 unde
1781 1990 1935 2044 beata

336 2085 410 2139 sit
436 2094 625 2140 sancta
653 2086 851 2142 anima.
883 2086 999 2141 Non
1027 2086 1171 2142 enim
1196 2086 1380 2141 beatus
1406 2084 1635 2141 efﬁceris
1660 2100 1725 2140 cx
1749 2084 1936 2155 angelo

336 2186 398 2231 tu
424 2195 438 2243 ;
470 2178 570 2233 sed
598 2178 739 2234 unde
763 2180 1006 2250 angelus,
1035 2178 1158 2233 inde
1188 2188 1242 2233 et
1270 2187 1342 2233 tu.

413 2270 466 2323 6.
501 2269 596 2323 llis
624 2270 913 2339 praemissis
942 2279 1099 2339 atque
1140 2268 1442 2324 ﬁrmissime
1475 2267 1793 2333 constitutis,
1824 2266 1937 2320 ani-

334 2375 485 2414 mam
528 2360 841 2416 rationalem
883 2376 990 2415 non
1018 2360 1306 2415 beatiﬁcari
1347 2359 1449 2414 nisi
1486 2375 1517 2413 a
1563 2360 1701 2425 Deo,
1743 2373 1937 2427 corpus

335 2468 451 2506 non
476 2453 715 2523 vegetari
756 2452 857 2506 nisi
904 2467 1001 2520 per
1023 2451 1278 2518 animam,
1318 2459 1480 2521 atque
1505 2464 1623 2505 esse
1652 2447 1938 2517 quamdam

334 2544 689 2599 medietatem
717 2545 855 2598 inter
877 2544 1045 2598 Deum
1070 2550 1125 2598 et
1148 2557 1362 2611 corpus,
1387 2541 1652 2605 animam;
1682 2539 1938 2595 intendite

335 2646 395 2691 et
414 2636 642 2691 recolite
661 2651 892 2700 mecum,
921 2651 1026 2690 non
1048 2635 1383 2701 hodiernam,
1407 2633 1473 2689 de
1488 2649 1591 2705 qua
1613 2632 1938 2688 sufﬁcienter

334 2725 507 2780 locuti
540 2742 726 2780 sumus
747 2771 761 2792 ,
798 2727 893 2782 sed
931 2728 1234 2782 hesternam
1276 2726 1559 2781 lectionem
1579 2767 1595 2792 ,
1624 2740 1781 2795 quam
1812 2738 1938 2779 ecce

330 2816 449 2885 jam
480 2816 662 2872 triduo
690 2833 966 2873 versamus
992 2828 1151 2887 atque
1178 2826 1466 2871 tractamus
1486 2858 1501 2881 ,
1534 2825 1588 2871 et
1616 2831 1713 2887 pro
1738 2816 1939 2870 viribus

334 2906 613 2971 fodimus,
669 2908 841 2963 donec
893 2908 959 2962 ad
1011 2918 1219 2978 petram
1271 2907 1660 2977 perveniamus.
1704 2906 1937 2960 Verbum

331 2996 613 3062 Christus,
650 2997 879 3053 Verbum
908 2998 1004 3052 Dei
1041 2998 1285 3053 Christus
1311 2996 1449 3066 apud
1480 2997 1669 3061 Deum,
1703 2996 1935 3051 Verbum

333 3086 589 3144 Christus
607 3098 663 3144 et
686 3090 825 3144 Deus
856 3088 1105 3153 Verbum,
1131 3088 1375 3143 Christus
1396 3097 1449 3142 et
1474 3089 1614 3142 Deus
1636 3096 1690 3141 ει
1704 3087 1937 3142 Verbum

332 3199 478 3238 intus
508 3185 673 3239 Deus.
715 3183 847 3239 Illuc
878 3198 1073 3253 perge,
1104 3183 1280 3241 anima
1301 3223 1314 3248 ,
1348 3182 1667 3251 contemptis
1697 3182 1935 3249 caeteris,

330 3278 426 3332 vel
472 3280 637 3332 etiam
685 3277 1043 3341 transcensis;
1090 3276 1215 3330 illuc
1254 3292 1434 3347 perge.
1466 3274 1610 3329 Nihil
1659 3274 1937 3345 potentius

331 3371 442 3424 ista
472 3380 721 3425 creatura
740 3412 754 3437 ,
777 3385 896 3439 qum
926 3383 1078 3423 mens
1106 3368 1302 3423 dicitur
1340 3366 1614 3421 rationalis
1633 3407 1646 3431 ,
1681 3366 1813 3421 nihil
1842 3366 1940 3421 hac

331 3473 595 3519 creatura
633 3464 912 3519 sublimius
951 3481 964 3517 :
1005 3462 1261 3533 quidquid
1294 3477 1450 3533 supra
1492 3464 1646 3517 istam
1687 3471 1801 3528 est,
1828 3462 1937 3532 jam

332 3554 571 3611 Creator
615 3566 717 3611 est.
750 3555 1000 3611 Dicebam
1042 3564 1219 3609 autem
1262 3555 1385 3624 quia
1416 3554 1646 3609 Verbum
1676 3556 1937 3620 Christus,

332 3656 392 3702 et
419 3646 661 3701 Verbum
694 3646 785 3700 Dei
815 3646 1088 3711 Christus,
1129 3656 1183 3700 et
1227 3645 1366 3699 Deus
1397 3644 1629 3700 Verbum
1661 3645 1937 3711 Christus;

332 3736 440 3792 sed
487 3753 595 3792 non
629 3746 832 3791 tantum
852 3736 1087 3792 Verbum
1112 3734 1356 3790 Christus
1376 3778 1392 3804 ,
1422 3736 1543 3806 quia
1580 3734 1795 3790 Verbum
1824 3753 1941 3789 caro

336 3826 542 3896 factum
567 3837 661 3894 est,
690 3836 737 3880 et
774 3827 1013 3880 habitavit
1039 3827 1090 3880 in
1126 3825 1268 3880 nobis
1296 3823 1477 3896 (Joan.
1506 3841 1546 3891 ι,
1578 3826 1671 3895 M)
1696 3844 1707 3877 :
1739 3842 1864 3895 ergo
1889 3835 1944 3881 et

338 3920 587 3976 Verbum
625 3930 682 3976 et
717 3936 841 3975 caro
878 3919 1142 3976 Christus.
1184 3920 1319 3975 Cum
1362 3920 1506 3976 enim
1550 3920 1603 3974 in
1644 3926 1810 3991 forma
1844 3919 1945 3975 Dei

336 4024 495 4081 esset,
526 4031 631 4068 non
664 4016 897 4084 rapinam
926 4014 1196 4068 arbitratus
1234 4023 1305 4068 est
1336 4030 1439 4069 esse
1471 4013 1681 4083 aequalis
1713 4014 1842 4068 Deo.
1877 4014 1945 4069 Et

337 4107 472 4177 quid
501 4123 599 4161 nos
632 4108 683 4161 in
708 4108 841 4173 imo,
874 4109 963 4177 qui
994 4124 1100 4162 non
1136 4116 1445 4177 poteramus
1485 4107 1683 4162 inﬁrmi
1717 4116 1771 4163 ει
1796 4107 1943 4163 humi

338 4210 601 4271 repentes
634 4203 894 4272 attingere
937 4204 1122 4269 Deum,
1164 4203 1419 4273 numquid
1460 4202 1790 4273 relinquendi
1829 4217 1946 4257 era-

340 4296 508 4347 mus?
535 4296 709 4349 Absit.
747 4295 1088 4365 Semetipsum
1113 4297 1385 4349 exinanivit
1415 4300 1630 4366 formam
1657 4296 1785 4349 servi
1811 4295 1947 4349 acci-

342 4385 494 4454 piens
519 4383 776 4456 (Philipp.
800 4403 855 4451 ιι,
877 4385 1013 4457 6,7).
1032 4386 1147 4442 Non
1170 4403 1296 4456 ergo
1318 4387 1541 4441 formam
1568 4388 1659 4441 Dei
1674 4388 1942 4442 amittens.

344 4473 549 4529 Factus
573 4483 659 4530 est
682 4491 807 4545 ergo
830 4478 990 4531 homo
1018 4478 1106 4547 qui
1137 4487 1249 4532 erat
1279 4479 1439 4543 Deus,
1471 4478 1779 4546 accipiendo
1804 4478 1947 4548 quod

342 4580 459 4620 non
480 4574 620 4632 erat,
644 4567 1053 4622 nonamittendo
1074 4567 1214 4637 quod
1235 4578 1346 4623 erat
1372 4585 1384 4620 :
1409 4568 1481 4622 ita
1504 4568 1671 4623 factus
1693 4578 1774 4623 est
1789 4568 1947 4622 homo

346 4657 514 4712 Deus.
548 4657 621 4712 lbi
650 4658 813 4714 habes
831 4660 1028 4730 aliquid
1054 4670 1270 4731 propter
1299 4662 1660 4717 inﬁrmitatem
1689 4671 1851 4727 tuam,
1874 4662 1947 4718 ibi

346 4750 521 4808 habes
544 4753 685 4807 aliud
707 4764 923 4825 propter
944 4754 1323 4824 perfectionem
1348 4766 1509 4810 tuam.
1530 4756 1710 4826 Erigat
1735 4765 1785 4811 te
1804 4753 1951 4809 Chri-

347 4853 468 4897 stus
499 4860 597 4913 per
622 4844 673 4898 id
694 4846 835 4914 quod
862 4845 1024 4900 homo
1046 4857 1146 4912 est,
1177 4846 1332 4902 ducat
1363 4857 1413 4903 te
1438 4863 1533 4917 per
1562 4847 1615 4901 id
1640 4846 1781 4917 quod
1810 4848 1949 4901 Deus

348 4932 517 4988 homo
542 4944 645 4998 est,
668 4936 922 5005 perducat
939 4948 989 4992 te
1004 4937 1071 4992 ad
1091 4937 1141 4992 id
1159 4940 1299 5008 quod
1324 4940 1461 4994 Deus
1485 4949 1583 4994 est.
1605 4939 1673 4994 Et
1692 4948 1799 4994 tota
1817 4955 1951 5008 prae-

348 5025 556 5080 dicatio
583 5026 1017 5099 dispensatioque
1042 5046 1139 5099 per
1167 5029 1435 5087 Christum
1465 5032 1579 5087 haec
1606 5041 1706 5098 est,
1736 5032 1947 5100 fratres,

348 5126 407 5172 et
435 5119 541 5173 alia
565 5134 671 5174 non
699 5129 801 5187 εει,
826 5132 883 5177 ιιι
905 5132 1186 5194 resurgant
1209 5126 1420 5192 animae,
1452 5136 1729 5197 resurgant
1753 5136 1807 5183 et
1831 5142 1951 5182 cor—

352 5226 511 5280 pora.
565 5212 861 5283 Utrumque
908 5216 1105 5286 quippe
1142 5227 1407 5272 mortuum
1453 5226 1600 5282 erat;
1650 5233 1842 5289 corpus
1884 5234 1952 5275 ex

351 5306 689 5376 inﬁrmitate,
719 5310 893 5364 anima
922 5328 986 5366 ex
1010 5311 1304 5382 iniquitate.
1330 5312 1461 5379 Quia
1493 5322 1776 5384 utrumque
1804 5328 1950 5368 mor-

354 5406 509 5454 tuum
527 5410 923 5474 erat,resurgat
944 5414 1244 5475 utrumque.
1262 5404 1399 5472 Quid
1424 5406 1737 5476 utrumque?
1763 5405 1952 5461 Anima

351 5502 413 5546 et
437 5509 657 5565 corpus.
692 5497 793 5552 Per
823 5499 949 5569 quid
978 5515 1106 5571 ergo
1130 5501 1327 5567 anima,
1352 5501 1453 5556 nisi
1483 5517 1577 5571 per
1604 5502 1773 5557 Deum
1798 5500 1953 5557 Chri—

353 5586 538 5639 stum?
567 5587 674 5643 Per
700 5590 825 5659 quid
852 5606 1067 5663 corpus,
1099 5592 1199 5647 nisi
1226 5608 1321 5663 per
1348 5593 1617 5648 hominem
1648 5592 1952 5649 Christum?

359 5675 492 5732 Erat
522 5679 667 5733 enim
697 5681 828 5735 etin
854 5682 1070 5739 Christo
1099 5685 1274 5740 anima
1306 5685 1558 5750 humana,
1589 5694 1693 5739 tota
1727 5685 1900 5738 anima
1936 5702 1948 5738 :

360 5779 475 5821 non
512 5771 821 5829 irrationale
857 5784 1063 5831 tantum
1105 5778 1327 5845 animae,
1368 5776 1462 5833 sed
1500 5777 1657 5831 etiam
1699 5774 1955 5832 rationale

363 5859 514 5931 quod
538 5876 694 5921 mens
713 5866 925 5924 dicitur.
953 5869 1193 5927 Fuerunt
1210 5870 1356 5927 enim
1379 5868 1595 5943 quidam
1616 5869 1872 5943 lueretici,
1901 5877 1957 5929 et

1481 394 1888 456 TRACTATUS
1926 398 2112 454 XXIII.
2156 400 2380 459 CAPUT
2423 403 2489 459 V.

3474 402 3616 462 1588

2040 514 2174 581 pulsi
2203 524 2327 569 sunt
2350 516 2417 570 ab
2446 516 2705 584 Ecclesia,
2733 516 2825 587 qui
2847 524 3095 587 putarent
3120 531 3230 572 non
3250 515 3447 571 habere
3470 531 3621 572 men-

2042 612 2147 659 tem
2196 606 2506 664 rationalem
2549 624 2741 679 corpus
2787 608 3021 677 Christi,
3061 608 3155 667 sed
3199 608 3350 681 quasi
3388 608 3620 663 animam

2040 698 2323 756 belluinam
2359 700 2435 771 (a)
2466 721 2479 756 :
2511 713 2731 773 excepta
2765 705 2961 774 quippe
2986 702 3228 758 rationali
3267 709 3445 757 mente
3466 742 3483 769 ,
3514 701 3624 755 vita

2040 791 2268 846 belluina
2299 802 2399 847 est.
2431 794 2535 849 Sed
2556 796 2679 865 quia
2700 796 2904 865 expulsi
2926 804 3067 862 sunt,
3092 803 3145 850 et
3162 794 3387 848 veritate
3412 790 3622 862 expulsi

2039 891 2199 949 sunt;
2225 884 2406 953 accipe
2428 893 2593 939 totum
2610 885 2901 955 Christum,
2926 886 3177 952 Verbum,
3207 894 3440 940 mentem
3460 884 3623 939 ratio-

2039 974 2236 1041 nalem,
2267 984 2321 1029 et
2344 990 2577 1030 carnem.
2606 976 2719 1033 Hoc
2757 986 2922 1033 totum
2947 976 3191 1033 Christus
3228 986 3327 1032 est.
3360 976 3623 1047 Resurgat

2040 1066 2220 1125 anima
2242 1077 2328 1123 tua
2354 1068 2422 1123 ab
2443 1068 2718 1139 iniquitate
2739 1086 2832 1140 per
2851 1070 2905 1126 id
2924 1071 3066 1141 quod
3087 1071 3228 1126 Deus
3247 1078 3347 1136 est,
3377 1074 3623 1139 resurgat

2041 1174 2233 1229 corpus
2277 1170 2426 1215 tuum
2469 1178 2500 1216 a
2538 1164 2877 1233 corruptione
2913 1180 3008 1233 per
3048 1163 3102 1219 id
3136 1164 3277 1234 quod
3318 1163 3480 1218 homo
3515 1168 3621 1217 est.

2040 1252 2267 1308 Proinde
2287 1296 2301 1320 ,
2330 1255 2626 1311 charissimi
2646 1297 2662 1323 ,
2693 1255 2873 1311 audite
2896 1272 3139 1326 magnam
3161 1255 3405 1311 lectionis
3430 1252 3621 1323 hujus,

2039 1356 2290 1416 quantum
2308 1348 2437 1402 mihi
2453 1348 2680 1415 videtur,
2701 1348 3131 1418 profunditatem;
3149 1355 3203 1403 et
3226 1348 3401 1401 videte
3424 1360 3620 1415 quem-

2041 1440 2325 1495 admodum
2367 1441 2613 1511 loquatur
2676 1442 2760 1496 hic
2800 1440 3062 1507 Christus,
3114 1441 3241 1494 nihil
3281 1440 3424 1494 aliud
3460 1451 3621 1508 quam

2040 1550 2203 1603 quare
2226 1536 2429 1589 venerit
2452 1534 2717 1601 Christus,
2748 1544 2803 1588 ut
2826 1543 3104 1604 resurgant
3128 1534 3317 1587 anima:
3341 1532 3409 1586 ab
3428 1529 3624 1600 iniqui-

2040 1634 2167 1691 tate,
2197 1638 2475 1697 resurgant
2490 1641 2714 1697 corpora
2732 1642 2760 1679 a
2778 1626 3139 1696 corruptione.
3167 1624 3281 1678 Jan)
3304 1624 3413 1677 dixi
3430 1622 3623 1677 anima:

2041 1735 2135 1789 per
2160 1720 2284 1790 quid
2311 1730 2607 1790 resurgant,
2640 1736 2736 1790 per
2756 1720 2925 1790 ipsam
2954 1717 3307 1774 substantiam
3338 1716 3469 1780 Dei;
3496 1730 3622 1769 cor-

2041 1828 2166 1882 pora
2200 1829 2294 1883 per
2329 1813 2453 1883 quid
2491 1823 2798 1884 resurgant,
2826 1829 2921 1883 per
2948 1810 3399 1884 dispensationem
3430 1809 3623 1863 huma-

2040 1919 2162 1957 nam
2190 1904 2399 1959 Domini
2428 1907 2596 1960 nostri
2621 1906 2747 1961 Jesu
2775 1903 2994 1960 Christi.

2112 1999 2163 2051 7.
2204 1998 2383 2064 Amen,
2411 2015 2556 2053 amen
2584 2000 2694 2052 dico
2714 1998 2871 2065 vobis,
2898 2015 2999 2053 non
3029 2006 3187 2067 potest
3214 2014 3245 2050 α
3267 2013 3320 2051 se
3344 1994 3513 2049 Filius
3539 1996 3625 2065 fa-

2040 2105 2150 2142 cere
2193 2088 2485 2159 quidquam,
2530 2090 2627 2144 nisi
2671 2090 2804 2159 quod
2845 2090 3023 2144 viderit
3066 2088 3275 2143 Patrem
3312 2087 3578 2157 facientem
3604 2097 3626 2139 :

2026 2170 2359 2253 ‘quwcumque
2380 2185 2510 2239 enim
2531 2184 2618 2237 ille
2639 2185 2827 2255 fecerit,
2853 2184 2959 2238 [nec
2979 2191 3024 2237 et
3044 2182 3210 2237 Filius
3231 2182 3460 2236 similiter
3481 2179 3623 2251 facit.

2041 2274 2268 2342 Caelum,
2316 2287 2531 2339 terram,
2575 2292 2741 2342 mare,
2770 2292 2889 2345 qua:
2917 2276 2971 2331 in
3010 2276 3168 2343 coelo,
3214 2290 3333 2345 qua:
3362 2275 3416 2329 in
3444 2281 3584 2328 terra
3605 2309 3625 2340 ,

2041 2382 2159 2435 quae
2184 2368 2237 2421 in
2268 2369 2420 2433 mari,
2463 2368 2711 2434 visibilia,
2739 2368 3042 2433 invisibilia,
3073 2367 3322 2422 animalia
3351 2366 3405 2421 in
3432 2364 3628 2431 terris,

2042 2458 2234 2516 fruteta
2265 2461 2317 2515 in
2344 2462 2503 2531 agris,
2536 2462 2769 2516 natantia
2794 2462 2848 2516 in
2868 2462 3039 2532 aquis,
3068 2462 3121 2516 in
3151 2476 3277 2516 aere
3296 2459 3549 2527 volantia,
3572 2459 3629 2515 in

2042 2556 2179 2611 cmlo
2206 2556 2473 2621 lucentia;
2503 2565 2701 2626 praeter
2725 2555 2839 2611 haec
2860 2556 3058 2621 omnia,
3090 2555 3339 2624 Angelos,
3370 2553 3628 2619 Virtutes,

2042 2648 2229 2712 Sedes,
2264 2650 2684 2716 Dominationes,
2716 2650 3069 2720 Principatus,
3100 2651 3397 2704 Poteslates
3421 2663 3434 2700 :
3459 2646 3631 2703 oninia

2044 2758 2130 2810 per
2178 2742 2342 2810 ipsum
2388 2745 2525 2812 facta
2572 2751 2689 2795 sunt
2735 2740 2927 2811 (Joan.
2975 2757 3013 2805 ι,
3057 2738 3148 2810 '5).
3194 2737 3460 2808 Numquid
3490 2737 3632 2793 Deus

2042 2833 2219 2887 omnia
2248 2832 2361 2886 haec
2389 2832 2533 2898 fecit,
2565 2841 2618 2887 et
2646 2832 3030 2897 demonstravit
3057 2846 3119 2885 ea
3145 2830 3280 2884 facta
3307 2829 3464 2895 Filio,
3494 2836 3552 2882 ut
3577 2833 3633 2882 et

2042 2926 2157 2994 ipse
2201 2925 2397 2979 faceret
2435 2926 2663 2979 alterum
2692 2924 2946 2979 mundum
2977 2924 3061 2978 his
3089 2922 3335 2978 omnibus
3375 2919 3630 2990 plenum?

2042 3016 2156 3071 Non
2188 3017 2389 3085 utique.
2432 3015 2537 3070 Sed
2566 3015 2729 3085 quid?
2758 3016 3095 3085 Qumcumque
3136 3014 3268 3067 enim
3296 3012 3383 3066 ille
3421 3010 3629 3081 fecerit,

2043 3107 2168 3171 haec,
2200 3122 2303 3161 non
2330 3107 2456 3173 alia,
2485 3105 2580 3160 sed
2608 3107 2715 3159 huic
2740 3115 2786 3159 et
2814 3104 3001 3171 Filius,
3024 3119 3124 3159 nec
3152 3101 3501 3167 dissimiliter,
3533 3097 3629 3156 sed

2042 3198 2271 3254 similiter
2297 3198 2439 3267 facit.
2476 3197 2633 3251 Pater
2661 3198 2791 3251 enim
2819 3196 2984 3267 diligit
3014 3194 3229 3262 Filium,
3269 3202 3317 3249 et
3345 3192 3516 3247 omnia
3544 3191 3631 3246 de-

2044 3298 2291 3345 monstrat
2327 3290 2372 3344 ei
2400 3306 2511 3359 qua:
2536 3290 2643 3360 ipse
2672 3289 2812 3359 facit.
2846 3289 3185 3343 Demonstrat
3219 3286 3377 3339 Pater
3410 3283 3547 3340 Filio
3573 3289 3631 3337 ut

2044 3385 2237 3439 anima:
2267 3383 2607 3446 suscitentur,
2635 3381 2761 3451 quia
2786 3396 2882 3450 per
2907 3380 3120 3436 Patrem
3144 3387 3198 3434 et
3218 3378 3411 3433 Filium
3438 3376 3631 3430 anima:

2045 3477 2371 3545 suscitantur
2404 3493 2417 3528 :
2449 3489 2549 3528 nec
2577 3481 2800 3542 possunt
2842 3472 3022 3527 vivere
3064 3471 3277 3537 animae,
3320 3468 3422 3524 nisi
3451 3481 3634 3523 earum

2045 3568 2152 3622 vita
2182 3568 2251 3622 sit
2276 3566 2436 3621 Deus.
2464 3564 2520 3620 Si
2549 3578 2677 3633 ergo
2700 3578 2807 3617 non
2836 3570 3060 3633 possunt
3082 3561 3263 3616 vivere
3286 3558 3500 3623 animae,
3533 3556 3635 3613 nisi

2046 3674 2227 3714 earum
2258 3658 2366 3711 vita
2395 3657 2463 3711 sit
2502 3656 2662 3720 Deus,
2690 3656 2828 3710 sicut
2857 3655 2987 3724 ipsa:
3015 3662 3139 3709 sunt
3168 3653 3277 3707 vita
3305 3665 3590 3720 corporum
3614 3665 3633 3717 ;

2047 3751 2186 3821 quod
2230 3750 2561 3804 demonstrat
2599 3748 2757 3802 Pater
2782 3746 2937 3812 Filio,
2986 3744 3040 3800 id
3069 3753 3150 3800 est
3174 3742 3317 3814 quod
3360 3742 3504 3806 facit,
3537 3755 3634 3810 per

2048 3843 2241 3897 Filium
2268 3841 2407 3895 facit.
2439 3840 2553 3894 Non
2582 3840 2723 3895 enim
2742 3837 2986 3894 faciendo
3008 3838 3338 3893 demonstrat
3361 3834 3515 3898 Filio,
3540 3831 3636 3887 sed

2049 3932 2464 3990 demonstrando
2506 3931 2631 3987 facit
2668 3947 2763 4002 per
2804 3931 3020 3986 Filium.
3076 3928 3231 3984 Videt
3282 3927 3424 3984 enim
3470 3923 3638 3980 Filius

2049 4031 2260 4086 Patrem
2291 4029 2743 4084 demonstrantem
2782 4033 3066 4094 antequam
3111 4019 3308 4091 aliquid
3349 4019 3459 4083 ﬁat,
3491 4026 3640 4099 otsex

2050 4120 2503 4177 demonstratione
2547 4117 2718 4173 Patris
2756 4124 2811 4171 et
2846 4115 3051 4170 visione
3096 4112 3217 4167 Filii
3246 4112 3307 4165 ﬁt
3344 4108 3485 4179 quod
3528 4107 3643 4163 ﬁta

2051 4215 2208 4269 Patre
2235 4228 2329 4282 per
2358 4212 2567 4265 Filium.
2601 4209 2689 4264 Sic
2714 4208 2903 4277 animae
2927 4206 3269 4269 suscitantur,
3298 4202 3343 4256 si
3370 4198 3642 4271 potuerint

2051 4305 2234 4360 videre
2261 4305 2413 4358 istam
2447 4302 2660 4356 unitatis
2702 4297 3147 4369 conjunctionem,
3176 4294 3388 4348 Patrem
3416 4291 3643 4346 demon-

2053 4404 2329 4455 strantem,
2358 4393 2548 4447 Filium
2578 4391 2866 4457 videntem,
2894 4396 2946 4444 et
2982 4403 3076 4457 per
3104 4385 3275 4441 Patris
3303 4383 3639 4439 demonstra.

2055 4487 2253 4541 tionem
2280 4494 2332 4539 et
2354 4484 2469 4537 Filii
2500 4483 2755 4536 visionem
2782 4479 2896 4534 ﬁeri
2915 4489 3252 4555 creaturam:
3275 4484 3432 4545 atque
3451 4472 3505 4528 id
3529 4471 3646 4527 ﬁeri

2054 4592 2152 4647 per
2191 4575 2363 4630 Patris
2407 4571 2913 4628 demonstrationem
2958 4577 3013 4624 et
3040 4567 3159 4623 Filii
3189 4558 3469 4631 visionem,
3497 4560 3643 4634 quod

2055 4683 2155 4724 nec
2180 4668 2337 4722 Pater
2362 4666 2429 4719 sit
2453 4680 2550 4718 nec
2580 4662 2764 4729 Filius,
2793 4660 2889 4716 sed
2919 4660 3052 4715 infra
3086 4659 3299 4713 Patrem
3323 4665 3377 4712 et
3406 4655 3598 4710 Filium
3620 4693 3640 4722 ,

2055 4759 2308 4831 quidquid
2338 4758 2397 4812 fit
2420 4772 2451 4811 a
2477 4757 2629 4811 Patre
2654 4771 2748 4825 per
2763 4753 2972 4808 Filium.
3005 4752 3133 4831 Quis
3152 4751 3262 4815 hoc
3282 4750 3469 4807 videt?

2128 4853 2181 4908 8.
2224 4852 2361 4906 Ecce
2402 4851 2593 4905 iterum
2638 4849 2703 4903 ad
2752 4847 2993 4902 carnales
3037 4830 3247 4912 sensus,
3295 4859 3420 4900 ecce
3462 4854 3649 4896 rursus

2059 4947 2398 5003 humiliamus
2442 4958 2556 5009 nos,
2604 4954 2658 4997 et
2701 4941 3078 4997 descendimus
3124 4939 3190 4994 ad
3236 4952 3349 5002 vos,
3395 4936 3437 4989 si
3470 4942 3645 4988 tamen

2059 5036 2257 5108 aliquid
2286 5035 2569 5106 aliquando
2598 5034 3009 5089 ascenderamus
3033 5047 3064 5086 a
3090 5031 3259 5087 vobis.
3291 5028 3384 5082 Vis
3419 5025 3647 5079 demon-

2059 5144 2228 5188 strare
2252 5129 2449 5200 aliquid
2482 5128 2592 5183 lilio
2630 5138 2736 5192 tuo,
2785 5135 2841 5180 ut
2866 5125 3022 5180 faciat
3044 5123 3186 5195 quod
3212 5122 3339 5176 facis
3368 5136 3379 5170 :
3414 5116 3649 5169 facturus

2061 5241 2120 5281 es
2146 5235 2220 5292 tu,
2250 5232 2303 5278 et
2331 5223 2409 5277 sic
2437 5221 2918 5277 demonstraturus.
2946 5217 3098 5285 Quod
3124 5217 3280 5285 igitur
3324 5211 3555 5265 facturus
3580 5222 3644 5263 es

2060 5329 2118 5376 ut
2144 5319 2480 5377 demonstres
2506 5316 2635 5382 ﬁlio,
2656 5330 2759 5369 non
2779 5314 2959 5382 utique
2984 5311 3114 5365 facis
3144 5323 3238 5377 per
3258 5305 3454 5360 filium:
3474 5301 3569 5358 sed
3591 5309 3652 5357 tu

2063 5414 2208 5470 solus
2236 5412 2367 5467 facis
2404 5410 2543 5481 quod
2576 5409 2690 5479 ipse
2719 5407 2913 5462 factum
2953 5403 3145 5467 videat,
3176 5408 3231 5453 et
3267 5396 3411 5452 aliud
3443 5396 3545 5450 tale
3572 5394 3650 5449 si-

2062 5505 2260 5561 militer
2285 5503 2459 5558 faciat.
2501 5500 2618 5555 Non
2647 5508 2728 5554 est
2751 5499 2851 5553 hoc
2876 5495 2945 5550 ibi
2981 5512 2992 5547 :
3022 5490 3147 5561 quid
3174 5490 3350 5559 pergis
3375 5487 3441 5541 ad
3463 5484 3654 5541 simili-

2065 5596 2299 5650 tudinem
2326 5602 2489 5658 tuam,
2524 5602 2577 5647 ct
2605 5590 2752 5646 deles
2795 5589 2846 5643 in
2892 5595 2942 5641 te
2979 5581 3375 5637 similitudinem
3408 5578 3542 5633 Dei?
3568 5573 3650 5631 Ibi

2062 5688 2281 5743 omnino
2301 5702 2407 5741 non
2432 5697 2513 5739 est
2536 5683 2657 5739 hoc.
2686 5680 2867 5736 Inveni
2892 5675 3109 5746 aliquid,
3139 5673 3405 5745 quomodo
3426 5671 3649 5725 demone

2063 5788 2201 5835 stres
2228 5777 2338 5833 filio
2354 5785 2454 5831 tuo
2479 5774 2621 5845 quod
2647 5773 2795 5841 facis,
2817 5778 3100 5842 antequam
3124 5767 3286 5834 facis;
3321 5773 3377 5820 ut
3403 5777 3525 5817 cum
3547 5756 3649 5816 de-

2120 5900 2199 5957 ία)
