4082 6482
468 316 610 376 1587

465 428 870 496 monstraveris,
918 443 1014 500 per
1055 429 1219 484 ﬁlium
1248 428 1405 484 facias
1452 429 1554 482 hoc
1579 425 1718 497 quod
1758 423 1904 480 facis.
1933 423 2050 479 Jam

459 523 602 578 forte
627 519 778 594 quasi
815 525 1051 579 oecmrit
1075 523 1172 578 tibi
1201 540 1214 575 :
1245 521 1406 586 Ecce,
1449 521 1646 590 inquis,
1678 520 1850 590 cogito
1877 517 2052 574 facere

459 614 700 682 “mum,
723 627 782 673 et
803 613 926 671 volo
949 625 1007 671 ut
1033 631 1128 686 per
1151 615 1312 668 illium
1343 627 1519 668 meum
1533 611 1824 667 fabricetur
1849 628 1861 666 :
1893 617 2049 664 ante-

459 721 620 777 quam
647 721 767 763 eam
813 709 926 778 ipse
955 707 1226 771 fabricem,
1259 703 1484 760 ostendo
1513 703 1622 757 ﬁlio
1647 717 1768 758 meo
1808 699 1946 772 quod
1975 699 2052 754 fa-

457 811 586 856 cere
611 801 766 867 volo;
813 809 870 856 et
917 799 1042 854 facit
1081 799 1216 869 ipse,
1255 805 1418 867 atque
1455 811 1555 866 ego
1599 811 1694 865 per
1741 797 1933 864 ipsum,
1966 791 2051 848 cui

457 895 668 950 ostendi
709 895 1034 948 voluntatem
1078 907 1272 946 meam.
1308 889 1596 945 Recessisti
1637 885 1854 958 quidem
1881 901 1910 939 a
1943 884 2052 954 pri-

451 987 599 1043 etim
627 986 994 1054 similitudine,
1025 985 1118 1040 sed
1147 981 1320 1038 adhuc
1340 984 1484 1052 jaces
1515 982 1566 1036 in
1595 995 1784 1051 magna
1813 977 2048 1034 dissimi-

455 1077 702 1133 litudine.
735 1079 874 1134 Ecce
897 1078 1040 1132 enim
1064 1085 1346 1145 antequam
1379 1073 1540 1129 facias
1567 1073 1806 1139 domum,
1845 1069 2049 1124 indicas

453 1168 570 1224 tilio
599 1179 707 1236 tuo,
745 1179 800 1225 et
835 1170 1172 1224 demonstras
1203 1168 1326 1238 quid
1369 1166 1543 1221 facere
1583 1165 1756 1229 velis;
1791 1173 1846 1217 ut
1873 1171 1923 1216 te
1953 1161 2047 1216 de-

454 1271 786 1317 monstrante
811 1271 1092 1330 antequam
1127 1259 1308 1326 facias,
1339 1259 1496 1314 faciat
1520 1259 1632 1327 ipse
1659 1255 1800 1328 quod
1827 1255 2048 1309 demon-

449 1354 728 1418 straveris,
757 1362 810 1408 et
837 1363 890 1408 tu
917 1367 1012 1423 per
1033 1353 1202 1422 ipsum
1235 1368 1247 1404 :
1279 1351 1374 1406 sed
1401 1350 1560 1404 verba
1588 1349 1826 1403 dicturus
1851 1361 1908 1400 es
1941 1343 2050 1398 filio

451 1452 590 1512 tuo,-
617 1446 756 1500 inter
787 1456 836 1501 te
865 1455 921 1501 et
950 1447 1120 1516 ipsum
1161 1446 1322 1500 verba
1366 1457 1586 1498 cursura
1625 1450 1788 1506 sunt;
1830 1451 1883 1495 et
1913 1439 2051 1493 inter

453 1535 914 1592 demonsuantem
939 1549 992 1593 et
1014 1537 1300 1603 videntem,
1323 1536 1405 1592 vel
1433 1537 1736 1606 loquentem
1761 1537 1814 1588 et
1833 1531 2052 1586 audien-

451 1635 564 1685 tem
593 1645 757 1685 sonus
785 1629 1097 1686 articulatus
1125 1631 1286 1696 volat,
1317 1630 1407 1700 qui
1437 1645 1543 1684 non
1569 1637 1648 1684 est
1672 1625 1813 1698 quod
1837 1635 1912 1692 tu,
1943 1641 2050 1679 non

451 1731 538 1779 est
565 1723 708 1792 quod
739 1725 870 1794 ipse.
917 1724 1091 1779 Sonus
1119 1725 1311 1794 quippe
1339 1724 1426 1777 ille
1455 1723 1546 1792 qui
1575 1719 1684 1776 erit
1718 1719 1784 1774 de
1811 1735 1904 1773 ore
1936 1727 2045 1785 tuo,

449 1821 510 1871 et
543 1815 826 1870 verberato
869 1831 994 1872 acre
1023 1817 1190 1886 tangit
1235 1831 1418 1870 aurem
1465 1813 1556 1868 lilii
1587 1813 1682 1882 tui,
1729 1823 1783 1868 et
1829 1813 2048 1882 impleto

452 1921 616 1962 sensu
657 1907 906 1962 audiendi
937 1909 1176 1977 perducit
1215 1907 1282 1962 ad
1325 1921 1420 1964 cor
1461 1907 1832 1977 cogitationem
1863 1913 2045 1970 tuam;

451 2011 615 2053 sonus
641 2013 768 2068 ergo
802 1999 910 2067 ille,
949 2013 1056 2054 non
1093 2009 1176 2054 est
1221 2000 1333 2070 ipse
1375 2009 1449 2066 tu,
1490 2015 1596 2054 non
1635 2009 1718 2054 est
1745 1999 1858 2068 ipse
1905 1999 2048 2054 filius

449 2095 597 2145 tuus.
641 2089 858 2160 Signum
887 2091 1070 2146 datum
1099 2101 1182 2146 est
1207 2092 1274 2146 ab
1303 2091 1480 2144 animo
1509 2099 1598 2144 tuo
1622 2091 1799 2144 animo
1823 2087 1916 2143 filii
1949 2089 2044 2156 tui,

452 2180 596 2250 quod
639 2181 847 2252 signum
887 2195 994 2236 non
1041 2185 1112 2236 sit
1141 2195 1240 2236 nec
1277 2182 1487 2236 animus
1527 2189 1667 2246 tuus,
1697 2195 1798 2235 nec
1839 2181 2046 2235 animus

449 2269 550 2328 ﬁlii
581 2274 674 2337 tui,
705 2275 802 2328 sed
839 2274 982 2328 aliud
1015 2275 1232 2344 aliquid.
1267 2274 1411 2328 Itane
1440 2285 1686 2345 putamus
1717 2270 1927 2328 Patrem
1967 2275 2047 2328 lo-

450 2373 632 2420 cutum
661 2381 782 2422 esse
807 2383 930 2422 cum
971 2367 1144 2422 Filio?
1175 2361 1412 2421 Fuerunt
1439 2366 1599 2422 verba
1622 2367 1762 2422 inter
1785 2367 1952 2423 Deum
1993 2357 2047 2423 et

450 2454 724 2512 Verbum?
753 2457 1021 2527 quomodo
1051 2457 1190 2512 istud
1219 2459 1340 2512 est?
1367 2460 1450 2511 An
1477 2458 1728 2529 quidquid
1759 2459 1916 2513 vellet
1939 2459 2044 2513 Pa-

451 2554 535 2602 ter
558 2547 738 2604 dicere
765 2549 918 2610 Filio.
944 2550 990 2606 si
1021 2550 1186 2604 verbo
1213 2549 1375 2604 vellet
1397 2550 1595 2616 dicere,
1629 2550 1744 2618 ipse
1772 2548 1937 2604 Filius
1960 2559 2044 2604 est

452 2636 690 2696 Verbum
719 2641 892 2696 Patris
919 2642 961 2708 ³,
996 2641 1250 2710 numquid
1281 2655 1376 2710 per
1399 2641 1616 2696 verbum
1641 2641 1950 2710 10queretur
1977 2639 2044 2696 ad

451 2728 731 2789 Verbum?
757 2737 842 2789 An
869 2736 989 2806 quia
1033 2735 1198 2790 Filius
1244 2749 1492 2804 magnum
1537 2734 1789 2800 Verbum,
1835 2733 2042 2789 minora

449 2825 609 2882 Verba
649 2839 870 2881 cursura
915 2836 1068 2881 erant
1111 2827 1254 2882 inter
1279 2827 1492 2881 Patrem
1530 2835 1583 2881 et
1607 2825 1840 2881 Filium?
1869 2825 2044 2881 Sonus

415 2916 640 2986 ~aliquis
673 2927 728 2972 et
767 2918 922 2988 quasi
957 2927 1202 2974 creatura
1245 2919 1486 2988 quaedam
1527 2917 1836 2988 temporalis
1881 2927 2044 2986 atque

447 3007 694 3076 volatica,
721 3009 924 3064 exitura
949 3019 1066 3065 erat
1085 3025 1154 3064 ex
1179 3023 1272 3064 ore
1297 3009 1492 3078 Patris,
1525 3017 1578 3064 et
1603 3023 1916 3078 percussum
1945 3024 2043 3062 au-

447 3111 564 3156 rem
609 3099 767 3154 Filii?
799 3101 1062 3170 Numquid
1106 3101 1264 3156 habet
1293 3102 1436 3156 Deus
1463 3115 1678 3170 corpus,
1707 3109 1765 3155 ut
1793 3101 1940 3170 quasi
1970 3113 2040 3154 ex

449 3191 567 3261 ejus
593 3191 746 3248 labiis
772 3193 874 3248 hoc
901 3195 1187 3262 procedat;
1214 3203 1268 3248 et
1293 3195 1454 3249 habet
1475 3209 1631 3249 aures
1650 3193 1891 3263 corporis
1915 3193 2044 3247 Ver—

447 3282 598 3351 bum,
627 3284 682 3339 in
721 3299 852 3354 quas
877 3300 1042 3340 sonus
1075 3287 1298 3340 veniat?
1326 3285 1560 3341 Remove
1589 3286 1762 3339 omnia
1793 3299 2044 3354 corpora-

451 3372 546 3440 lia,
569 3375 960 3445 simplicitatem
983 3376 1124 3444 vide,
1153 3377 1198 3432 si
1219 3378 1444 3446 simplex
1459 3392 1539 3432 es.
1565 3375 1844 3443 Quomodo
1864 3385 2041 3432 autem

449 3467 558 3524 eris
581 3467 846 3537 simplex?
875 3468 930 3523 Si
959 3476 1014 3524 te
1051 3483 1156 3523 nou
1197 3467 1398 3524 mundo
1437 3467 1812 3538 implicaveris,
1857 3467 1950 3523 sed
1977 3483 2043 3523 ex

451 3559 654 3614 mundo
691 3561 1038 3630 explicaveris
1093 3573 1107 3613 :
1153 3560 1474 3630 explicando
1517 3561 1662 3614 enim
1713 3567 1765 3614 te
1815 3559 2041 3629 simplex

450 3651 578 3708 eris.
611 3650 680 3707 Et
707 3652 832 3709 vide
871 3653 916 3708 si
945 3663 1098 3723 potes
1141 3653 1287 3724 quod
1311 3654 1454 3721 dico,
1486 3661 1578 3708 aut
1617 3651 1664 3709 si
1705 3667 1810 3707 non
1855 3661 2039 3724 potes,

451 3745 616 3802 crede
639 3745 782 3816 quod
829 3759 936 3802 non
981 3747 1147 3801 vides.
1179 3747 1323 3802 Dicis
1359 3743 1473 3800 ﬂlio
1517 3754 1630 3811 tuo,
1677 3744 1839 3800 verbo
1867 3745 2039 3814 dicis;

448 3837 672 3894 verbum
701 3839 844 3909 quod
869 3847 1044 3906 sonat,
1077 3851 1177 3895 nec
1199 3846 1255 3893 tu
1283 3851 1362 3906 es,
1389 3851 1488 3894 nec
1514 3837 1657 3892 ﬁlius
1683 3845 1826 3893 tuus.

519 3931 576 3987 9.
613 3929 819 4000 Habeo,
865 3929 1062 4002 inquis,
1111 3929 1254 3986 aliud
1291 3945 1398 4002 quo
1435 3929 1756 3986 ostendam:
1787 3929 1856 3983 ita
1900 3929 2043 3984 enim

449 4033 538 4082 est
558 4024 798 4078 eruditus
825 4023 967 4078 ﬁlius
993 4035 1163 4090 meus,
1197 4031 1255 4076 ut
1297 4035 1398 4077 nec
1425 4023 1674 4092 loquente
1711 4035 1800 4076 me
1823 4021 2040 4088 audiat,

449 4116 551 4175 sed
589 4125 718 4172 nutu
757 4115 984 4171 ostendo
1007 4117 1056 4170 ei
1081 4115 1223 4185 quod
1267 4115 1441 4168 faciat.
1475 4111 1613 4170 Ecce
1651 4121 1783 4168 nutu
1821 4111 2043 4168 ostende

453 4207 594 4278 quod
621 4207 723 4274 vis,
749 4215 896 4261 certe
923 4205 1130 4259 animus
1159 4212 1282 4259 tuus
1301 4204 1413 4258 vult
1435 4202 1716 4258 ostendere
1741 4201 1882 4272 quod
1909 4203 1961 4256 in
1983 4217 2042 4259 se

452 4297 637 4354 habet.
659 4297 815 4354 Unde
839 4295 970 4351 facis
991 4297 1214 4350 nutum?
1243 4295 1320 4350 De
1345 4309 1589 4364 corpore,
1617 4294 1839 4362 scilicet,
1863 4293 2039 4361 labiis,

451 4393 624 4459 vultu,
667 4390 986 4463 superciliis,
1031 4391 1219 4456 oculis,
1252 4387 1516 4443 manibus.
1566 4387 1690 4442 Haec
1717 4387 1894 4442 omnia
1933 4401 2042 4441 non

454 4493 584 4541 sunt
619 4484 762 4555 quod
795 4483 1005 4538 animus
1031 4489 1184 4546 tuus;
1221 4481 1380 4536 etiam
1405 4479 1506 4534 ista
1542 4478 1716 4533 media
1759 4487 1884 4534 sunt
1914 4495 1928 4532 :
1956 4477 2042 4532 in-

455 4575 726 4634 tellectum
753 4585 840 4632 est
878 4573 1076 4644 aliquid
1115 4587 1212 4645 per
1240 4573 1355 4628 haec
1401 4571 1570 4644 signa,
1617 4585 1734 4642 qum
1773 4585 1879 4626 non
1919 4577 2045 4625 sunt

454 4669 598 4742 quod
624 4669 831 4724 animus
859 4677 1002 4734 tuus,
1027 4683 1128 4723 nec
1152 4665 1293 4738 quod
1319 4663 1528 4720 animus
1554 4663 1650 4719 ﬁlii
1677 4663 1752 4719 tui
1782 4681 1796 4717 :
1827 4663 1922 4720 sed
1943 4663 2046 4720 hoc

454 4768 625 4817 totum
651 4760 792 4832 quod
833 4773 1058 4830 corpore
1085 4761 1216 4829 agis,
1252 4757 1390 4813 infra
1419 4759 1654 4813 animum
1685 4765 1830 4812 tuum
1861 4765 1960 4824 est,
1991 4761 2046 4813 et

454 4853 592 4909 intra
611 4853 845 4908 animum
875 4853 964 4906 lilii
985 4851 1058 4905 tui
1083 4865 1099 4916 ;
1131 4865 1228 4904 nec
1259 4859 1432 4920 potest
1457 4864 1782 4921 cognoscere
1807 4849 2044 4904 animum

452 4953 605 5003 tuum
649 4943 786 5000 ﬁlius
827 4953 970 5012 tuus,
1001 4943 1104 4998 nisi
1146 4941 1360 4999 dederis
1403 4941 1456 4998 ei
1501 4943 1647 5012 signa
1687 4941 1754 4997 de
1795 4955 2040 5011 corpore.

454 5038 592 5107 Quid
639 5037 798 5108 Igitur
837 5035 1014 5094 facio?
1061 5035 1178 5091 Non
1227 5041 1311 5091 est
1359 5034 1461 5090 hoc
1489 5033 1583 5104 ibi,
1615 5033 1926 5104 simplicitas
1969 5031 2047 5090 ibi

455 5139 560 5187 est.
602 5131 761 5188 Pater
787 5129 1020 5187 ostendit
1065 5129 1205 5185 Filio
1245 5127 1387 5199 quod
1441 5125 1584 5196 facit,
1615 5135 1670 5182 et
1715 5125 2046 5182 ostendendo

351 5275 360 5282 .
455 5221 651 5278 Filium
699 5225 885 5296 gignit.
941 5223 1112 5278 Video
1155 5221 1280 5292 quid
1309 5220 1530 5276 dixerim
1560 5236 1574 5275 :
1605 5217 1700 5274 sed
1738 5219 1859 5290 quia
1887 5217 2044 5275 video

455 5320 512 5370 et
573 5314 762 5384 quibus
823 5314 1086 5382 dixerim,
1133 5311 1225 5368 flat
1278 5313 1334 5368 in
1385 5311 1536 5366 vobis
1589 5309 1888 5366 intellectus
1945 5307 2047 5366 iste

509 5425 676 5488 “add.
713 5425 896 5478 habent
929 5427 1012 5478 hic
1039 5425 1296 5476 nonnullas
1333 5423 1598 5474 lectionum
1617 5426 1900 5482 varietates,
1936 5437 2047 5488 quae

457 5487 754 5550 potisimum
777 5503 806 5538 e
821 5491 1140 5553 punetationis
1155 5489 1438 5538 diversitate
1461 5497 1738 5553 nascuntur.
1763 5493 1949 5548 Legunt
1971 5493 2046 5553 Er.

455 5549 644 5620 ξιιιετει
659 5557 796 5620 γεω,
819 5549 1013 5620 fuerunt
1035 5553 1317 5620 verbqinter
1345 5561 1496 5620 Deum
1510 5557 1554 5602 et
1578 5549 2050 5620 Vertimmquouwdo

453 5609 584 5682 nam
606 5609 716 5661 est?
750 5609 1085 5682 -t_n_qttidquam
1105 5615 1240 5682 cette!
1261 5620 1398 5664 Pater
1423 5613 1583 5682 dicere
1607 5609 1766 5682 tilio}?
1788 5609 2051 5682 sinuare:

455 5671 562 5744 tris.
577 5671 990 5744 ιχιιιηφιιὶάίιργζε
1007 5679 1356 5744 anquidqunm
1375 5675 1514 5727 uellet
1537 5681 1677 5744 Pater
1697 5673 1859 5744 dicere
1883 5671 2008 5727 Filio
2027 5672 2052 5724 Ρ

455 5734 842 5862 ἓξῶξξιξιωιιὲνῗ
856 5738 1038 5808 dicere.
1066 5734 1170 5810 ipse
1371 5747 1446 5800 est
1467 5739 1674 5796 Verbum
1703 5735 1884 5796 Patris.
1907 5747 2052 5796 auuo-

579 5833 597 5866 ι
623 5833 720 5857 νη.

1397 311 1464 370 1N
1501 307 1779 370 JOANNIS
1817 303 2290 372 EVANGELIUM,
2331 307 2389 366 S.
2429 308 2794 367 AUGUSTINI

2160 420 2495 494 quandoque.
2556 423 2754 502 Nuncsi
2821 438 2926 482 non
2996 424 3220 498 potestis
3286 427 3746 502 comprehendam

2158 515 2283 586 quid
2335 517 2406 571 sit
2459 517 2632 584 Deus,
2664 517 2748 572 vel
2797 515 2897 573 hoc
2949 519 3382 590 comprehendite
3443 523 3568 594 quid
3637 541 3744 581 non

2156 607 2225 661 sit
2275 607 2414 664 Deus
2459 626 2471 661 :
2518 609 2738 664 multum
2788 607 3138 680 proieceritis,
3177 612 3222 666 si
3249 628 3354 668 non
3393 613 3538 668 aliud
3581 631 3742 686 quam

2157 707 2258 766 est,
2292 699 2358 753 de
2404 701 2513 754 Deo
2541 701 2837 756 senseritis.
2889 701 3130 756 Nondum
3177 713 3325 773 potes
3367 710 3646 776 pervenire
3672 708 3740 764 ad

2155 789 2279 859 quid
2310 791 2398 858 sit,
2431 793 2646 862 perveni
2687 793 2749 846 ad
2781 793 2906 864 quid
2932 809 3036 848 non
3067 795 3152 848 sit.
3185 795 3298 850 Non
3326 808 3406 852 est
3437 799 3578 864 Deus
3613 815 3736 860 cor-

2153 895 2275 952 pus,
2321 900 2424 939 non
2451 893 2612 952 terra,
2645 903 2750 940 non
2785 888 2998 952 ccelum,
3027 904 3133 942 non
3177 891 3319 956 luna,
3369 905 3476 946 non
3501 893 3602 961 sol,
3633 907 3743 958 non

2155 975 2339 1043 stellce,
2366 993 2470 1032 non
2517 980 2808 1050 corporalia
2857 982 2975 1034 ista.
3025 981 3080 1036 Si
3125 988 3266 1036 enim
3315 997 3422 1038 non
3461 984 3740 1051 omlestia,

2154 1075 2350 1135 quanto
2399 1069 2574 1126 minus
2617 1071 2866 1126 terrena?
2895 1071 3042 1126 Tolle
3088 1087 3245 1127 omne
3291 1089 3504 1142 corpus.
3555 1075 3743 1132 Adhuc

2154 1157 2276 1214 audi
2301 1161 2446 1218 aliud
2479 1183 2491 1218 :
2527 1180 2632 1216 non
2665 1172 2745 1218 est
2765 1163 2906 1220 Deus
2944 1165 3212 1220 mutabilis
3237 1165 3474 1238 spiritus.
3505 1165 3638 1222 Nam
3663 1167 3744 1224 fa-

2155 1259 2291 1320 teor,
2317 1262 2364 1308 et
2395 1255 2664 1310 fatendum
2689 1269 2786 1322 est,
2813 1257 2933 1326 quia
2959 1256 3300 1328 Evangelium
3327 1259 3578 1328 loquitur,
3601 1258 3743 1314 Deus

2154 1343 2360 1414 spiritus
2389 1356 2478 1398 est.
2511 1345 2616 1401 Sed
2661 1347 2826 1400 transi
2871 1361 3085 1402 onmem
3111 1347 3414 1402 mutabilem
3459 1349 3740 1418 spiritum,

2157 1437 2318 1490 transi
2341 1439 2580 1507 spiritum
2603 1439 2690 1508 qui
2719 1438 2875 1494 modo
2898 1441 3016 1504 scit,
3049 1439 3208 1496 modo
3237 1441 3428 1508 nescit,
3447 1441 3606 1496 modo
3631 1457 3744 1498 me-

2155 1531 2326 1594 minit,
2370 1541 2422 1584 ct
2469 1531 2832 1598 oblivisciutr;
2861 1533 2974 1586 vult
3014 1532 3156 1602 quod
3203 1533 3438 1597 nolebat,
3481 1548 3588 1588 non
3629 1534 3744 1588 vult

2155 1623 2294 1692 quod
2325 1623 2573 1690 volebat;
2616 1625 2728 1679 sive
2757 1624 2987 1696 patiatur
3007 1623 3116 1694 jam
3161 1625 3290 1680 istas
3319 1626 3702 1680 mutabilitates
3721 1667 3740 1692 ,

2156 1717 2266 1773 sive
2307 1721 2412 1788 pati
2455 1720 2622 1790 possit
2657 1738 2669 1774 :
2701 1720 2862 1774 transi
2911 1719 3024 1774 lucc
3053 1719 3255 1774 omnia.
3286 1718 3405 1774 Non
3455 1719 3656 1780 invenis
3685 1719 3742 1774 in

2156 1807 2265 1864 Deo
2293 1809 2489 1879 aliquid
2515 1811 2897 1877 mutabilitatis,
2923 1827 3028 1864 non
3053 1809 3248 1880 aliquid
3267 1811 3408 1880 quod
3423 1811 3576 1866 aliter
3601 1825 3743 1866 nunc

2107 1965 2112 1970 _
2153 1902 2242 1965 sit,
2281 1901 2434 1956 aliter
2461 1903 2618 1973 paulo
2643 1913 2764 1957 ante
2795 1903 2969 1958 fuerit.
2999 1903 3132 1958 Nam
3163 1903 3249 1958 ubi
3279 1903 3482 1958 invenis
3509 1904 3664 1958 aliter
3685 1911 3744 1960 et

2154 1995 2330 2058 aliter,
2383 1995 2519 2050 facta
2549 2005 2628 2050 cst
2659 1995 2728 2049 ibi
2761 1996 3002 2066 quaedam
3043 2011 3186 2050 mors
3215 2014 3228 2049 :
3261 2011 3408 2050 mors
3451 1995 3592 2050 enim
3618 2005 3740 2064 est,

2154 2105 2258 2142 non
2283 2105 2402 2143 esse
2423 2087 2562 2158 quod
2583 2089 2695 2143 fuit.
2724 2087 3042 2144 lmniortalis
3067 2089 3260 2144 dicitur
3283 2087 3458 2142 anima
3485 2105 3498 2140 :
3521 2096 3602 2142 est
3625 2087 3744 2158 qui-

2155 2180 2294 2246 dem,
2329 2182 2450 2249 quia
2489 2181 2612 2234 vivit
2649 2196 2858 2250 semper
2883 2181 3079 2246 anima,
3111 2189 3166 2236 et
3193 2189 3276 2234 est
3299 2179 3356 2234 in
3381 2179 3467 2234 illa
3498 2177 3740 2250 quaedam

2152 2271 2255 2324 vita
2285 2287 2621 2342 peru'tanens,
2651 2271 2744 2326 sed
2779 2271 3050 2326 mutabilis
3073 2270 3198 2325 vita.
3231 2269 3538 2326 Secundum
3563 2277 3742 2326 muta-

2149 2363 2408 2418 bilitatem
2459 2363 2578 2418 vita:
2625 2363 2778 2434 hujus
2804 2371 2858 2418 et
2893 2364 3131 2418 mortalis
3156 2362 3262 2417 dici
3305 2371 3478 2434 potest
3505 2381 3518 2416 :
3545 2367 3668 2432 quia
3695 2363 3744 2418 si

2150 2456 2358 2510 vivebat
2385 2457 2672 2525 sapienter,
2703 2466 2758 2510 et
2796 2455 3008 2526 desipit,
3037 2463 3242 2510 mortua
3271 2463 3352 2510 est
3380 2457 3434 2510 in
3465 2453 3740 2522 deterius;

2151 2545 2196 2601 si
2227 2547 2436 2612 vivebat
2466 2547 2798 2616 insipienter,
2830 2555 2882 2602 et
2911 2547 3068 2616 sapit,
3102 2555 3310 2600 mortua
3338 2546 3502 2600 estin
3531 2545 3742 2600 melius.

2149 2639 2280 2695 Nam
2309 2655 2428 2695 esse
2457 2651 2680 2695 mortem
2703 2639 2756 2694 in
2783 2640 3038 2708 deterius,
3069 2654 3189 2694 esse
3217 2649 3442 2694 mortem
3467 2638 3518 2692 in
3546 2636 3742 2698 melius

2149 2733 2416 2804 Scriptura
2443 2750 2541 2788 nos
2565 2733 2740 2789 docet.
2775 2733 2965 2804 Utique
2995 2733 3049 2788 in
3080 2733 3314 2788 deterius
3341 2733 3534 2788 mortui
3565 2740 3740 2804 erant,

2149 2827 2217 2883 de
2243 2829 2433 2898 quibus
2459 2829 2670 2894 dicitur,
2699 2827 2824 2882 Sine
2851 2837 3093 2890 mortuos,
3115 2827 3360 2897 sepeliant
3384 2835 3604 2880 mortuos
3621 2839 3744 2882 suos

2149 2919 2362 2992 (Matth.
2395 2939 2504 2986 \‘lll,
2533 2921 2660 2992 22);
2705 2931 2778 2986 et,
2811 2920 2997 2990 Surge,
3037 2919 3126 2992 qui
3161 2919 3371 2984 dormis,
3401 2927 3448 2972 et
3483 2929 3744 2985 exsurget!

2149 3015 2380 3080 mortuis,
2403 3023 2448 3067 et
2475 3013 2780 3066 illuminabit
2805 3023 2852 3064 te
2871 3009 3098 3066 Christus
3123 3009 3340 3084 (Ephes.
3368 3025 3420 3076 ν,
3451 3008 3570 3080 li);
3593 3017 3648 3064 et
3673 3005 3744 3062 de

2148 3106 2249 3161 hac
2267 3106 2512 3174 lectione,
2532 3106 2745 3170 Quando
2769 3105 2953 3160 mortui
2967 3105 3190 3168 audient,
3217 3114 3264 3160 et
3289 3105 3377 3176 qui
3399 3102 3648 3156 audierint
3661 3101 3742 3156 ei-

2146 3207 2280 3252 vent.
2312 3197 2368 3251 In
2391 3197 2623 3253 deterius
2646 3198 2840 3252 mortui
2867 3205 3037 3262 erant,
3061 3195 3182 3250 ideo
3205 3195 3546 3250 reviviscunt.
3579 3191 3746 3248 Revi-

2147 3289 2401 3344 viscendo
2447 3289 2746 3344 moriuntur
2775 3287 2828 3342 in
2873 3287 3086 3352 melius,
3111 3286 3246 3356 {quia
3290 3294 3343 3338 et
3373 3279 3742 3346 reviviscendp

2147 3399 2254 3438 non
2295 3391 2450 3437 erunt
2479 3381 2620 3451 quod
2648 3391 2801 3436 erant
2830 3399 2842 3435 :
2874 3395 2980 3434 non
3017 3393 3138 3433 esse
3181 3384 3360 3439 autem
3399 3373 3542 3446 quod
3583 3381 3736 3438 erat,

2148 3491 2294 3529 mors
2325 3483 2424 3528 est.
2458 3473 2562 3528 Sed
2609 3473 2761 3538 forte,
2791 3471 2836 3526 si
2880 3471 2934 3526 in
2959 3469 3148 3524 melius
3174 3477 3274 3532 est,
3305 3481 3413 3522 non
3441 3464 3744 3536 appellatur

2148 3566 2336 3621 mors?
2363 3565 2660 3635 Appellat-it
2687 3564 2833 3618 illam
2863 3571 3090 3616 mortem
3121 3559 3408 3630 Apostolus
3443 3575 3458 3612 :
3485 3557 3546 3612 Si
3571 3565 3744 3610 autem

2149 3661 2334 3714 mortui
2353 3661 2469 3715 estis
2491 3677 2608 3714 cum
2628 3659 2824 3714 Christo
2849 3657 2910 3711 ab
2939 3655 3192 3710 sternentis
3218 3654 3370 3725 hujus
3401 3651 3592 3716 mundi,
3615 3648 3741 3720 quid

2149 3753 2316 3806 adhuc
2337 3753 2468 3808 velut
2495 3752 2706 3806 viventes
2731 3750 2793 3806 de
2818 3751 2911 3804 hoc
2939 3747 3127 3802 nutndo
3151 3746 3413 3802 decernitis
3435 3743 3650 3814 (Coloss.
3673 3757 3734 3806 li.

2148 3844 2274 3918 20)?
2298 3857 2350 3900 et
2371 3846 2582 3908 iterum,
2611 3843 2801 3898 Μοτιαὶ
2825 3843 2956 3896 enim
2982 3843 3119 3906 estis,
3141 3849 3188 3894 et
3213 3841 3316 3894 vita
3333 3848 3497 3893 vestra
3528 3836 3746 3892 abscon-

2150 3938 2256 3990 dita
2295 3947 2366 3991 est
2395 3953 2508 3990 cum
2561 3935 2760 3990 Christo
2809 3935 2864 3988 in
2917 3933 3024 3987 Deo
3067 3931 3198 4005 (Id.
3243 3947 3322 3998 ιιι,
3361 3931 3452 4000 5).
3485 3927 3746 3984 Morinos

2149 4027 2262 4082 vult
2296 4037 2354 4082 ut
2381 4028 2642 4092 vivamus,
2673 4025 2797 4096 quia
2827 4025 3054 4080 viximus
3095 4033 3150 4076 ut
3177 4035 3528 4076 morerentur.
3575 4015 3744 4086 Quid-

2149 4119 2278 4192 quid
2309 4135 2434 4192 ergo
2459 4129 2512 4174 et
2555 4135 2587 4174 a
2613 4119 2832 4172 meliore
2861 4117 2914 4172 in
2957 4115 3212 4182 deterius,
3254 4123 3308 4168 et
3333 4128 3366 4166 a
3393 4110 3656 4166 deteriore
3683 4108 3740 4162 in

2149 4203 2346 4270 melius
2367 4213 2610 4278 moritur,
2639 4225 2744 4264 non
2771 4222 2852 4266 est
2879 4209 2978 4263 hoc
3001 4209 3138 4264 Deus
3161 4225 3174 4258 :
3197 4207 3320 4278 quia
3347 4219 3522 4274 neque
3543 4203 3596 4258 in
3623 4215 3744 4258 me—

2149 4306 2254 4362 lius
2283 4305 2359 4360 ire
2385 4313 2560 4376 potest
2583 4317 2790 4358 summa
2817 4301 3046 4368 bonitas,
3081 4314 3252 4372 neque
3278 4298 3328 4350 in
3357 4295 3590 4352 deterius
3616 4306 3744 4358 vera

2151 4399 2442 4455 aeternitas.
2471 4398 2610 4454 Vera
2632 4398 2774 4452 enim
2797 4395 3063 4452 mternitas
3091 4401 3192 4458 est,
3223 4391 3310 4445 ubi
3333 4388 3586 4458 temporis
3611 4384 3745 4440 nihil

2151 4500 2253 4547 est.
2281 4489 2413 4545 Erat
2437 4499 2611 4544 autem
2658 4488 2817 4542 modo
2844 4486 2964 4554 hoc,
2995 4493 3049 4540 et
3077 4484 3237 4540 modo
3264 4481 3431 4538 illud?
3469 4481 3579 4550 jam
3611 4488 3746 4538 tem-

2151 4597 2252 4654 pus
2279 4583 2570 4636 admissum
2599 4589 2700 4645 est,
2734 4591 2988 4633 aiternum
3015 4592 3124 4632 non
3151 4585 3249 4631 est.
3283 4574 3413 4630 Nam
3443 4583 3498 4628 ut
3527 4570 3744 4630 noveri—

2153 4675 2222 4731 tis
2247 4675 2369 4746 quia
2397 4691 2504 4730 non
2547 4675 2624 4729 sic
2653 4675 2793 4728 Deus
2817 4671 3084 4743 quomodo
3107 4671 3282 4724 anima
3313 4685 3334 4724 :
3356 4677 3504 4724 certe
3525 4669 3746 4720 innuer-

2152 4769 2276 4825 talis
2305 4776 2389 4824 est
2417 4767 2589 4822 anima
2615 4782 2629 4832 ;
2663 4765 2788 4836 quid
2817 4779 2944 4834 ergo
2981 4773 3064 4819 est
3091 4761 3228 4832 quod
3257 4761 3332 4816 ait
3361 4758 3646 4830 Apostoius
3673 4754 3742 4812 de

2153 4861 2283 4925 Deo,
2317 4859 2416 4926 Qui
2444 4859 2580 4915 solus
2619 4857 2763 4912 habet
2791 4857 3214 4910 immortalitatem
3245 4855 3262 4924 (
3287 4854 3304 4907 l
3333 4853 3462 4906 Tim.
3493 4867 3564 4914 vt,
3597 4845 3698 4918 i6)
3725 4863 3742 4912 ;

2153 4952 2257 5008 nisi
2280 4953 2400 5022 quia
2429 4951 2529 5006 hoc
2551 4959 2734 5020 aperte
2761 4949 2912 5012 dixit,
2941 4947 3096 5004 Solus
3119 4948 3276 5001 habet
3301 4939 3746 5000 incommutabili-

2154 5051 2338 5110 tatcm,
2369 5043 2492 5114 quia
2517 5041 2662 5096 solus
2689 5041 2849 5096 habet
2871 5055 3052 5096 veram
3083 5035 3474 5094 :eternitatem?
3503 5033 3644 5102 Ergo
3673 5029 3744 5084 ibi

2153 5135 2298 5192 nulla
2325 5135 2664 5190 mutabilitas.

2229 5229 2316 5285 10.
2345 5229 2589 5298 Agnosce
2612 5228 2666 5282 in
2689 5234 2740 5282 te
2767 5225 2986 5296 aliquid,
3016 5223 3155 5294 quod
3179 5222 3295 5276 volo
3327 5221 3503 5276 dicere
3523 5261 3537 5289 ,
3568 5219 3708 5272 intus
3728 5255 3744 5284 ,

2157 5321 2299 5375 intus
2321 5319 2370 5374 in
2403 5327 2485 5384 te;
2519 5334 2626 5373 non
2650 5317 2702 5373 in
2731 5325 2782 5372 te
2807 5317 2958 5388 quasi
2987 5317 3038 5370 in
3066 5329 3289 5386 corpore
3311 5322 3421 5377 tuo,
3447 5326 3570 5364 nam
3599 5319 3650 5362 ει
3675 5307 3745 5360 ibi
3777 5323 3786 5332 ‘

2157 5423 2334 5484 potest
2363 5413 2464 5470 dici
2504 5413 2556 5468 in
2585 5421 2656 5467 ιε.
2700 5411 2757 5467 In
2785 5421 2835 5466 te
2864 5419 2946 5466 est
2973 5411 3112 5465 enim
3145 5409 3342 5462 sanitas
3361 5447 3378 5472 ,
3407 5405 3457 5458 in
3489 5413 3538 5456 te
3565 5400 3748 5472 qun-b-

2159 5509 2248 5564 bel
2290 5517 2450 5574 tetas,
2483 5507 2575 5568 sed
2605 5503 2895 5562 secundum
2941 5518 3166 5572 corpus;
3213 5501 3262 5556 in
3302 5509 3352 5552 te
3393 5505 3473 5552 εει
3515 5509 3703 5548 manus
3727 5531 3744 5558 ,

2161 5617 2256 5672 pcs
2287 5611 2408 5655 tuus
2437 5619 2448 5654 :
2480 5599 2570 5655 sed
2599 5597 2738 5652 aliud
2769 5605 2848 5651 est
2889 5597 2942 5650 in
2973 5605 3021 5649 tc
3066 5595 3206 5647 intus
3227 5634 3240 5656 ,
3275 5588 3418 5644 aliud
3443 5589 3494 5642 in
3539 5595 3588 5640 te
3629 5593 3750 5638 tan—

2162 5711 2320 5766 quam
2349 5695 2400 5749 in
2429 5701 2575 5749 veste
2601 5701 2710 5746 tua.
2741 5689 2846 5746 Sed
2873 5689 3110 5758 relinque
3139 5685 3267 5740 foris
3291 5691 3346 5738 et
3375 5689 3572 5735 vestem
3601 5687 3748 5731 tuam

2163 5799 2219 5849 et
2240 5803 2457 5850 carnem
2472 5795 2637 5860 tuam,
2655 5781 2920 5846 descende
2941 5783 2994 5840 in
3016 5791 3089 5852 te,
3107 5780 3190 5838 adi
3213 5773 3558 5846 secretarium
3571 5777 3744 5840 tuum.
