4082 6472
438 377 460 432 1
470 375 570 433 591

437 507 534 564 per
555 505 714 562 quem
741 489 922 546 omnia
949 489 1084 544 facta
1109 495 1234 544 sunt
1253 493 1510 553 tempora;
1543 480 1636 536 sed
1666 478 1828 538 homo
1849 473 2019 530 factus

435 580 678 638 Christus
719 583 772 638 in
815 590 1074 652 tempore.
1102 582 1338 649 Apparet
1363 590 1468 645 quo
1486 570 1720 628 Consule
1741 612 1753 636 ,
1787 583 1892 640 quo
1933 567 2021 622 die

435 685 751 748 conceptum
777 675 844 730 de
869 674 1070 744 Spiritu
1089 679 1272 726 sancto
1289 670 1435 740 virgo
1459 667 1621 722 Maria
1647 664 1850 735 peperit
1867 661 2020 716 Chri—

434 775 575 822 stum
609 786 624 823 :
653 783 782 838 ergo
821 766 984 823 homo
1013 767 1182 820 factus
1211 771 1292 818 est
1323 765 1376 816 in
1425 769 1663 830 tempore
1683 801 1697 824 ,
1739 772 1833 827 per
1861 769 2018 825 quem

437 858 602 914 Deum
633 859 770 914 facta
808 867 932 912 sunt
961 867 1217 927 tempora.
1251 853 1374 908 ideo
1403 863 1652 922 tanquam
1689 853 1743 904 in
1783 857 2022 916 tempore

434 947 820 1004 demonstrabit
844 949 891 1004 ei
918 963 1080 1017 opera
1107 947 1328 1015 majora,
1357 945 1408 1000 id
1435 954 1546 1010 est,
1573 940 2020 997 resurrectionem

433 1054 717 1110 corporum
735 1083 750 1108 ,
781 1049 840 1096 ut
865 1055 958 1096 vos
991 1038 1258 1094 miremini
1283 1037 1474 1094 factam
1497 1051 1592 1106 per
1618 1035 1809 1089 Filium
1839 1045 2022 1088 resur-

437 1131 728 1187 rectionem
755 1145 1060 1200 corporum.

507 1223 594 1280 15.
627 1221 828 1277 Deinde
863 1221 1000 1276 redit
1027 1220 1096 1276 ad
1139 1221 1282 1274 illam
1326 1218 1772 1274 resurrectionem
1813 1213 2020 1270 anima-

433 1327 552 1367 rum
577 1330 590 1366 :
617 1313 762 1366 Sicut
781 1313 915 1366 enim
943 1311 1100 1366 Pater
1120 1312 1326 1366 suscitat
1351 1319 1576 1365 mortuos
1606 1318 1650 1362 et
1675 1307 1891 1376 viviﬁcat
1909 1348 1923 1372 ,
1952 1305 2023 1360 sic

432 1409 480 1454 et
509 1401 676 1455 Filius
699 1419 823 1470 quos
849 1403 952 1458 uult
989 1403 1208 1471 viviﬁcat
1231 1443 1248 1469 ,
1291 1401 1386 1456 sed
1429 1400 1720 1456 secundum
1752 1397 2019 1469 spiritum.

435 1491 675 1548 Vivilicat
702 1493 878 1559 Pater,
909 1494 1138 1549 viviticat
1163 1493 1358 1560 Filius;
1390 1509 1522 1563 quos
1546 1492 1660 1546 vult
1689 1491 1865 1552 Pater,
1888 1502 2023 1558 quos

430 1585 542 1638 vult
571 1584 734 1640 Filius
768 1605 780 1640 :
813 1587 908 1642 sed
945 1589 1088 1657 ipsos
1113 1589 1270 1642 Pater
1289 1603 1423 1656 quos
1460 1586 1624 1640 Filius
1649 1601 1662 1650 ;
1691 1584 1814 1654 quia
1843 1583 2020 1638 omnia

431 1691 528 1744 per
557 1677 730 1748 ipsum
767 1679 902 1734 facta
935 1691 1080 1734 sunt.
1117 1680 1262 1736 Sicut
1297 1681 1426 1734 enim
1467 1679 1623 1732 Pater
1647 1679 1854 1731 suscitat
1887 1692 2022 1730 mor-

431 1779 542 1824 tuos
590 1783 636 1824 et
683 1773 932 1842 vivi/icat,
983 1775 1054 1826 sic
1105 1783 1150 1827 et
1177 1773 1343 1828 Filius
1381 1790 1506 1842 quos
1529 1773 1634 1826 vult
1668 1772 1902 1840 vivi/icat.
1945 1769 2023 1824 De

433 1865 824 1920 resurrectione
869 1865 1166 1920 animarum
1207 1867 1404 1922 dictum
1450 1875 1531 1921 est
1583 1865 1684 1919 hoc
1729 1883 1742 1918 :
1789 1863 1912 1934 quid
1953 1863 2022 1919 de

433 1958 824 2014 resurrectione
887 1959 1214 2028 corporum?
1275 1959 1464 2024 Redit,
1521 1969 1574 2013 et
1623 1959 1788 2024 dicit,
1844 1957 2022 2026 Neque

433 2047 563 2100 enim
617 2048 774 2104 Pater
822 2051 1019 2120 judicat
1067 2067 1398 2124 quemquam,
1447 2051 1534 2104 sed
1585 2067 1726 2103 omne
1769 2049 2022 2119 judicium

429 2137 566 2192 dedit
633 2139 790 2196 Filio.
859 2142 1196 2198 llesurrectio
1259 2143 1553 2197 animarum
1621 2143 1676 2195 lit
1741 2157 1837 2211 per
1891 2141 2020 2196 sub-

429 2233 679 2287 stantiam
727 2235 897 2290 l’alris
942 2245 996 2290 et
1045 2235 1164 2290 Filii
1217 2246 1469 2291 aeternam
1523 2245 1576 2290 et
1611 2233 2020 2289 incommutabi-

430 2323 538 2378 lem
563 2343 576 2377 :
601 2327 922 2383 resurrectio
963 2343 1095 2384 vero
1117 2343 1403 2399 corporum
1433 2328 1491 2382 lit
1526 2343 1621 2397 per
1664 2326 2020 2395 dispensatio-

429 2427 556 2468 nem
575 2415 918 2472 humanitatis
949 2418 1068 2472 Filii
1091 2418 1458 2489 temporalem,
1491 2433 1594 2472 non
1623 2417 1766 2472 Patri
1795 2426 2020 2472 coaeter-

429 2521 575 2562 nam.
605 2507 728 2564 Ideo
770 2525 892 2565 cum
933 2507 1380 2568 coinn‘iemoraret
1403 2511 1660 2581 judicium
1683 2552 1698 2576 ,
1737 2511 1826 2565 ubi
1871 2511 2024 2566 ﬁeret

431 2601 754 2655 resurrectio
797 2616 1110 2672 corporum,
1137 2601 1258 2656 Non
1279 2603 1412 2656 enim
1451 2601 1629 2669 Pater,
1663 2602 1862 2671 inquit,
1877 2602 2026 2674 judi—

432 2699 513 2744 cat
550 2707 880 2763 quemquam,
903 2694 992 2747 sed
1023 2711 1166 2748 autne
1199 2695 1454 2764 judicium
1483 2694 1618 2747 dedit
1649 2693 1786 2747 Filio
1811 2693 1915 2748 :de
1939 2709 2023 2750 re-

429 2781 760 2838 surrectione
775 2792 950 2839 autem
971 2785 1292 2852 animarum,
1317 2784 1460 2840 Sicut
1482 2785 1640 2838 Pater
1656 2787 1861 2840 suscitat
1888 2802 2023 2839 mor-

430 2879 542 2926 tuos
566 2882 611 2927 et
637 2875 852 2943 viviﬁcat
876 2915 890 2940 ,
917 2877 990 2929 sic
1025 2885 1070 2930 et
1104 2875 1272 2931 Filius
1304 2893 1427 2946 quos
1468 2879 1570 2930 vult
1609 2879 1844 2946 viviﬁcat.
1889 2877 2022 2932 Illud

430 2978 560 3034 ergo
602 2965 759 3020 simul
801 2967 957 3022 Pater
997 2976 1051 3022 et
1093 2967 1294 3023 Filius:
1325 2969 1426 3024 hoc
1455 2981 1630 3024 autem
1680 2969 1746 3024 de
1777 2986 2020 3025 resurre-

431 3057 610 3112 ctione
635 3073 917 3128 corporum
939 3101 953 3128 ,
989 3060 1110 3116 Non
1142 3063 1346 3131 judicat
1377 3063 1534 3117 Pater
1562 3080 1898 3133 quemquam,
1935 3065 2024 3118 sed

375 3183 378 3188 -
431 3166 577 3203 omne
605 3151 853 3220 judicium
885 3153 1022 3208 dedit
1051 3153 1210 3209 Filio.
1259 3154 1326 3210 Ut
1363 3173 1534 3210 omnes
1571 3157 1901 3225 honori/ieent
1931 3157 2026 3211 Fi-

433 3240 558 3296 lium
577 3284 592 3308 ,
619 3245 748 3298 sicut
775 3245 1112 3314 honoriﬁcam
1131 3245 1361 3300 Patrem.
1393 3247 1506 3302 Hoc
1535 3247 1800 3302 redditum
1829 3258 1909 3302 est
1941 3265 2026 3304 re-

432 3335 753 3390 surrectioni
794 3337 1111 3392 animarum.
1146 3336 1216 3392 Ut
1255 3336 1425 3392 omnes
1447 3337 1778 3405 honoriﬁcent
1809 3337 2022 3392 Filium.

433 3427 744 3495 Quomodo?
765 3427 912 3484 Sicut
928 3431 1266 3500 honoriﬁcam
1287 3429 1518 3485 Patrem.
1546 3431 1857 3485 Animarum
1879 3433 2023 3488 enim

433 3523 880 3579 resurrectionem
909 3524 986 3579 sic
1015 3535 1266 3594 operatur
1303 3525 1466 3579 Filius
1486 3567 1502 3592 ,
1529 3525 1796 3595 quomodo
1827 3527 2021 3581 Pater:

433 3611 514 3667 sic
537 3611 768 3670 viviﬁcat
793 3615 958 3671 Filius
985 3658 1000 3682 ,
1043 3616 1311 3686 quomodo
1337 3617 1514 3671 Pater.
1547 3617 1690 3687 Ergo
1727 3618 1780 3671 in
1816 3619 2024 3674 anima-

435 3719 552 3758 rum
581 3707 970 3763 resurrectione
995 3725 1164 3763 omnes
1185 3709 1518 3779 honorificam
1537 3709 1751 3777 Filium,
1777 3712 1906 3765 sicut
1935 3713 2030 3766 ho-

435 3799 704 3868 nariﬁcant
753 3799 978 3855 Patrem.
1009 3802 1146 3868 Quid
1191 3801 1260 3858 de
1312 3801 1754 3858 honoriﬁcatione
1809 3815 2028 3874 propter

437 3891 880 3946 resurrectionem
917 3893 1193 3963 corporis?
1229 3893 1331 3958 Qui
1355 3911 1456 3948 non
1483 3895 1784 3964 honori/icui
1811 3895 2022 3964 Filium,

436 3995 539 4033 non
565 3981 866 4049 honoriﬁcat
883 3982 1091 4038 Patrem
1111 3985 1197 4052 qui
1222 3985 1356 4038 misit
1374 3986 1540 4039 illum.
1563 3987 1677 4041 Non
1695 3987 1847 4054 dixit,
1867 3988 2024 4055 sicut;

437 4071 554 4132 sed,
584 4071 904 4140 honori/teat,
937 4081 991 4127 et
1013 4075 1332 4142 honori/icat.
1364 4075 1665 4131 Honoratur
1693 4081 1835 4132 enim
1865 4079 2026 4135 homo

437 4160 702 4228 Christus,
725 4163 820 4218 sed
849 4180 953 4219 non
979 4165 1116 4220 sicut
1143 4166 1304 4222 Pater
1333 4167 1494 4222 Deus.
1538 4169 1714 4234 Quare
1731 4170 1756 4222 ?
1778 4172 1910 4238 Quia
1935 4188 2026 4228 sc-

439 4253 671 4309 cundum
691 4253 794 4310 hoc
821 4255 988 4324 dixit,
1013 4256 1172 4312 Pater
1185 4260 1351 4330 major
1371 4275 1450 4312 me
1469 4271 1540 4314 est
1571 4258 1746 4332 (Joau.
1773 4279 1882 4328 xxv,
1909 4265 2023 4335 28).

439 4347 663 4413 Quando
684 4359 861 4404 autem
883 4349 1264 4406 honoriﬁcatur
1285 4351 1468 4418 Filius,
1490 4354 1626 4408 sicut
1649 4355 2026 4412 honoriticatur

439 4441 634 4496 Pater?
655 4442 784 4498 Cum
816 4443 868 4496 in
903 4444 1150 4514 principio
1175 4455 1282 4497 erat
1316 4444 1565 4512 Verbum,
1599 4455 1645 4499 et
1685 4446 1896 4502 Verbum
1919 4459 2026 4502 erat

437 4535 577 4605 apud
601 4535 768 4590 Deum
789 4579 804 4602 ,
829 4547 882 4592 et
907 4538 1076 4591 omnia
1102 4555 1192 4608 per
1219 4539 1384 4610 ipsum
1407 4538 1543 4608 facta
1569 4548 1682 4594 sunt
1729 4539 1836 4612 (Id.
1867 4557 1918 4607 ι,
1957 4543 1982 4595 1
2008 4584 2022 4606 ,

438 4626 520 4698 5).
545 4627 614 4682 Ει
643 4627 764 4686 ideo
789 4628 840 4683 in
873 4629 972 4684 hac
1009 4628 1446 4684 houoriﬁcatione
1475 4630 1706 4684 secunda
1747 4631 1872 4700 quid
1915 4631 2026 4687 ait?

440 4721 540 4788 Qui
560 4738 660 4776 non
689 4722 990 4790 houoriﬁcat
1015 4720 1240 4788 Filium,
1263 4738 1352 4775 nec
1380 4721 1680 4790 honoriﬁcat
1708 4719 1918 4776 Patrem
1940 4724 2028 4793 qui

435 4813 570 4868 misit
591 4812 756 4868 illum.
785 4813 904 4869 Non
927 4821 1012 4872 est
1037 4814 1232 4870 missus
1259 4813 1423 4870 Filius
1442 4856 1456 4880 ,
1483 4813 1584 4868 nisi
1605 4815 1727 4884 quia
1749 4813 1920 4870 factus
1944 4826 2026 4872 est

434 4902 618 4962 homo.

505 4999 596 5054 M.
623 4999 806 5066 Amen,
835 5016 984 5054 auten
1009 5001 1120 5054 dico
1157 5000 1314 5055 vobis.
1346 5001 1541 5054 lterum
1580 4999 1720 5056 redit
1745 5001 1810 5056 ad
1840 5017 2022 5058 resur-

433 5092 726 5148 rectionem
746 5091 1066 5158 animarum,
1093 5101 1150 5146 ut
1169 5091 1382 5147 assidue
1411 5091 1676 5147 dicentem
1703 5093 1974 5163 capiamus
2005 5112 2018 5148 :

435 5184 557 5253 quia
583 5185 726 5240 velut
752 5185 1020 5240 volantem
1049 5199 1356 5242 sermonem
1379 5184 1530 5254 sequi
1555 5199 1664 5240 non
1692 5193 2019 5254 poteramus;

435 5290 560 5330 ecce
591 5277 906 5334 immoratur
941 5277 1220 5332 nobiscum
1245 5293 1424 5332 sermo
1447 5277 1564 5342 Dei,
1597 5292 1722 5332 ecce
1749 5277 1899 5347 quasi
1927 5277 2024 5332 ha-

435 5367 566 5424 bitat
583 5385 705 5424 cum
721 5370 1118 5426 inﬁrmitatibus
1137 5370 1367 5426 nostris:
1387 5370 1526 5425 redit
1549 5385 1762 5425 rursum
1783 5370 1851 5424 ad
1872 5385 2022 5426 com-

435 5463 828 5520 mendationem
871 5465 1280 5521 resurrectionis
1315 5465 1634 5518 animarum.
1669 5463 1847 5529 Amen,
1877 5481 2022 5518 (tmen

435 5556 546 5608 dico
573 5555 725 5620 vobis,
755 5557 871 5624 quia
893 5557 978 5626 qui
1005 5557 1208 5610 verbum
1229 5573 1392 5609 meum
1419 5555 1577 5620 audit,
1609 5565 1652 5606 et
1681 5555 1840 5607 credit
1866 5556 1911 5609 ei
1935 5557 2023 5624 qui

435 5667 514 5702 me
556 5648 708 5714 misit,
736 5647 880 5700 habet
920 5651 1070 5702 vitam
1111 5661 1350 5704 cateruam
1377 5648 1510 5703 :sed
1541 5658 1786 5714 tanquam
1815 5665 1876 5699 ex
1919 5647 2018 5700 Pu-

435 5753 536 5796 trc.
569 5741 700 5806 Quia
731 5741 814 5810 qui
839 5739 1036 5792 verbum
1067 5759 1230 5794 meum
1257 5741 1419 5802 audit,
1443 5749 1487 5792 et
1513 5737 1666 5791 credit
1689 5739 1733 5792 ei
1760 5740 1844 5808 qui
1889 5739 2024 5793 misit

422 5849 534 5912 inc.
563 5849 629 5896 cx
653 5833 812 5900 Patre
849 5829 995 5892 habet
1035 5833 1188 5892 vitam
1217 5842 1477 5906 cateruam,
1501 5830 1773 5892 credendo
1807 5832 1860 5892 iu
1896 5847 2014 5892 cum

1373 365 1437 420 IN
1475 359 1747 422 JOANNIS
1783 353 2250 423 EVANGELIUM,
2291 353 2352 410 S.
2393 351 2765 411 AUGUSTINI

3564 355 3708 413 i592

2117 470 2208 542 qui
2225 471 2370 526 misit
2399 470 2564 524 illum.
2593 469 2661 524 Et
2691 470 2744 524 in
2757 467 3012 539 judicium
3035 486 3137 522 non
3161 470 3344 536 veniet,
3377 471 3466 528 sed
3494 474 3696 530 transiit

2123 579 2156 617 a
2173 573 2330 618 morte
2353 562 2422 617 ad
2446 563 2634 617 vitam:
2657 561 2752 618 sed
2779 577 2846 618 ex
2871 561 3028 618 Patre
3054 563 3368 631 vivilicatur,
3399 566 3485 620 cui
3512 566 3703 622 credit.

2123 653 2281 722 Quid,
2310 663 2362 708 tu
2383 669 2491 709 non
2517 653 2788 709 viviﬁcas?
2815 652 2948 708 Vide
2984 654 3104 724 quia
3147 664 3194 708 et
3233 653 3403 711 Filius
3443 673 3568 727 quos
3599 659 3706 713 vult

2124 747 2358 815 viviﬁeat.
2377 746 2555 812 Amen,
2570 762 2717 800 amen
2729 745 2842 800 dico
2863 745 3021 814 vobis,
3045 747 3162 816 quia
3186 746 3316 802 venit
3333 748 3480 814 hora,
3501 751 3707 820 quando

2123 842 2307 894 mortui
2327 841 2534 895 audient
2559 856 2723 894 vocem
2753 839 2879 894 Filii
2905 840 3021 907 Dei,
3051 849 3098 894 et
3125 842 3210 914 qui
3246 842 3496 896 audierint
3525 844 3708 898 vivent.

2125 931 2224 986 Hic
2244 948 2347 987 non
2371 933 2522 998 dixit,
2552 932 2783 988 Credent
2807 934 2857 988 ei
2881 934 2969 1003 qui
2993 933 3138 988 misit
3155 949 3259 1000 me,
3282 943 3336 989 et
3359 934 3480 990 ideo
3507 935 3706 1004 vivent;

2126 1025 2222 1080 sed
2247 1026 2512 1084 audiendo
2535 1041 2718 1082 vocem
2761 1027 2882 1082 Filii
2929 1027 3046 1096 Dei,
3077 1029 3163 1099 qui
3201 1028 3472 1096 audierint,
3501 1029 3603 1086 hoc
3625 1039 3711 1086 est

2126 1113 2458 1170 obaudierint
2481 1115 2616 1171 Filio
2645 1117 2762 1184 Dei,
2791 1119 2970 1172 vivent.
2995 1119 3134 1190 Ergo
3162 1127 3216 1174 et
3239 1135 3304 1175 cx
3327 1121 3486 1176 Patre
3503 1122 3709 1189 vivent,

2125 1219 2245 1260 cum
2281 1205 2500 1260 credent
2528 1207 2704 1272 Patri;
2743 1218 2798 1262 et
2834 1223 2902 1264 ex
2941 1208 3076 1264 Filio
3113 1209 3311 1276 vivent,
3339 1225 3460 1266 cum
3494 1211 3713 1266 audient

2126 1311 2312 1351 vocem
2329 1296 2454 1354 Filii
2483 1298 2600 1353 Dei.
2627 1298 2803 1366 Quare
2831 1309 2886 1354 et
2913 1315 2978 1356 ex
3013 1300 3169 1356 Patre
3198 1301 3380 1358 vivent
3401 1309 3454 1356 et
3481 1317 3548 1358 ex
3575 1301 3714 1358 Filio

2125 1389 2336 1445 vivent?
2370 1389 2517 1467 Sicut
2544 1391 2676 1445 enim
2719 1393 2866 1447 habet
2895 1391 3054 1448 Pater
3077 1396 3230 1449 vitam
3252 1395 3306 1448 in
3332 1397 3615 1467 semetipsa,
3639 1397 3715 1452 sic

2126 1481 2264 1536 dedit
2285 1481 2421 1538 Filio
2445 1465 2626 1538 habere
2650 1485 2802 1538 vitam
2823 1485 2878 1538 in
2903 1487 3192 1556 semetipso.

2199 1576 2283 1631 15.
2337 1577 2576 1645 implevit
2615 1575 2684 1632 de
2725 1578 3114 1634 resurrectione
3158 1579 3482 1645 animarum;
3535 1586 3706 1634 restat

2126 1667 2420 1722 evidentius
2447 1668 2630 1724 dicere
2655 1667 2722 1724 de
2751 1671 3146 1726 resurrectione
3169 1685 3474 1741 corporum.
3509 1669 3577 1724 Et
3615 1687 3712 1740 po-

2127 1767 2349 1812 testatem
2371 1759 2507 1813 dedit
2531 1760 2577 1813 ei
2601 1769 2648 1814 et
2668 1761 2922 1832 judicium
2943 1765 3145 1834 facere:
3169 1777 3276 1817 non
3307 1763 3478 1817 solum
3505 1761 3714 1816 animas

2125 1868 2222 1921 per
2249 1853 2409 1907 tidem
2435 1862 2488 1908 et
2509 1853 2821 1924 sapientiam
2847 1857 3126 1922 suscitare,
3159 1857 3254 1912 sed
3279 1867 3332 1910 et
3351 1856 3606 1925 judicium
3635 1855 3715 1909 fa-

2126 1961 2268 2000 cere.
2297 1946 2472 2012 Quare
2507 1956 2684 2001 autem
2706 1946 2857 2001 huic?
2887 1946 3023 2012 Quia
3046 1947 3183 2016 ﬁlius
3205 1947 3424 2001 hominis
3449 1957 3538 2002 est.
3563 1946 3714 2002 Facit

2125 2055 2252 2109 ergo
2268 2039 2464 2110 aliquid
2481 2040 2638 2094 Pater
2655 2055 2749 2110 per
2760 2039 2951 2095 Filium
2969 2038 3374 2109 hominis,quod
3384 2053 3489 2093 non
3508 2037 3630 2093 facit
3645 2053 3712 2094 ex

2125 2132 2421 2188 substantia
2440 2147 2534 2186 sua
2555 2131 2645 2186 cui
2660 2133 2878 2202 aequalis
2899 2141 2981 2186 est
2997 2131 3182 2196 Filius;
3202 2131 3340 2186 sicut
3355 2130 3526 2200 ipsum
3543 2129 3713 2199 nasci,

2125 2225 2266 2280 sicut
2303 2225 2472 2294 ipsum
2495 2225 2781 2294 cruciﬁgi,
2813 2224 2951 2278 sicut
2985 2223 3157 2294 ipsum
3194 2223 3352 2289 mori,
3381 2222 3520 2278 sicut
3539 2223 3714 2292 ipsum

2125 2329 2404 2388 resurgere
2439 2335 2453 2372 :
2487 2332 2593 2372 non
2625 2316 2768 2370 enim
2807 2314 3008 2386 aliquid
3049 2315 3238 2369 horum
3284 2313 3426 2368 Patri
3471 2311 3712 2382 contigit.

2127 2407 2216 2463 Sic
2231 2417 2285 2464 et
2305 2409 2767 2464 resuscitationem
2787 2421 3092 2476 corporum.
3104 2404 3238 2460 Nam
3254 2404 3714 2460 resuscitationem

2123 2502 2422 2556 animarum
2453 2518 2518 2556 ex
2545 2502 2838 2556 substantia
2875 2515 2970 2556 sua
3001 2499 3162 2555 Pater
3193 2497 3321 2554 facit
3347 2513 3442 2568 per
3468 2496 3715 2552 substan-

2129 2595 2253 2650 tiam
2285 2595 2403 2650 Filii
2425 2597 2442 2628 ⁸
2461 2637 2476 2661 ,
2504 2611 2607 2666 qua
2642 2595 2718 2650 illi
2741 2595 2960 2664 aequalis
2985 2601 3102 2657 est;
3133 2592 3324 2647 animat
3350 2591 3546 2661 quippe
3583 2589 3714 2644 ﬁunt

2126 2690 2412 2759 participes
2449 2689 2590 2744 illius
2635 2687 3084 2752 incommutabilis
3129 2686 3283 2750 lucis,
3313 2700 3419 2740 non
3445 2697 3710 2754 corpora:

2127 2781 2587 2838 resuscitationem
2639 2788 2818 2834 autem
2869 2793 3154 2848 corporum
3227 2776 3385 2832 Pater
3435 2774 3562 2830 facit
3619 2787 3716 2842 per

2129 2873 2294 2926 lilium
2324 2872 2576 2926 hominis.
2611 2870 2679 2925 Et
2717 2879 3010 2941 potestatem
3041 2869 3184 2924 enim
3229 2867 3365 2922 dedit
3411 2867 3457 2921 ei
3499 2873 3546 2920 et
3576 2864 3716 2936 judi-

2127 2965 2261 3018 cium
2283 2966 2468 3036 facere,
2493 2963 2614 3033 quia
2657 2963 2794 3030 ﬁlius
2839 2961 3054 3015 hominis
3088 2969 3162 3014 est
3202 2974 3221 3012 :
3253 2956 3545 3013 secundum
3585 2953 3716 3010 illud

2127 3056 2271 3126 quod
2288 3070 2446 3126 supra
2467 3054 2621 3120 dixit,
2648 3053 2826 3124 Neque
2851 3054 2984 3107 enim
3004 3051 3162 3104 Pater
3178 3051 3380 3122 judicat
3393 3063 3712 3120 quamquam.

2129 3147 2197 3202 Et
2241 3155 2298 3202 ut
2343 3146 2588 3202 ostendat
2627 3146 2748 3216 quia
2789 3145 2855 3199 de
2885 3143 3278 3199 resurrectione
3301 3155 3586 3210 corporum
3612 3137 3716 3194 hoc

2128 3239 2296 3293 dixit:
2324 3236 2500 3292 Nolite
2527 3237 2702 3290 mirari
2727 3236 2842 3302 hoc,
2868 3235 2988 3304 quia
3007 3234 3138 3290 venit
3159 3233 3304 3286 hora.
3327 3229 3444 3286 Non
3466 3245 3600 3283 nunc
3619 3236 3714 3284 est.

2129 3331 2226 3386 sed
2253 3331 2388 3384 venit
2425 3330 2582 3397 hora,
2615 3329 2668 3382 in
2700 3346 2800 3398 qua
2826 3344 2998 3382 omnes
3028 3327 3116 3396 qui
3151 3326 3205 3379 in
3241 3323 3576 3378 monumentis
3599 3325 3718 3375 sunt

2129 3421 2260 3494 (jam
2290 3421 2394 3476 hoc
2422 3429 2476 3475 et
2505 3420 2758 3475 hesterno
2784 3419 2870 3474 die
2899 3417 3240 3473 satiatissime
3267 3414 3490 3472 audistis
3517 3411 3605 3486 [In
3630 3428 3718 3466 su-

2131 3515 2316 3585 periori
2345 3513 2608 3578 Tractatu,
2637 3529 2688 3566 η.
2721 3509 2868 3584 15]),
2897 3511 3104 3565 audient
3127 3526 3294 3564 vocem
3309 3509 3420 3580 ejus
3455 3517 3500 3562 et
3537 3522 3718 3578 proce-

2130 3607 2264 3662 deut.
2299 3607 2368 3661 Et
2390 3606 2513 3660 ubi?
2545 3604 2601 3660 in
2627 3605 2880 3675 judicium
2911 3622 2922 3658 :
2951 3603 3049 3669 Qui
3067 3604 3188 3657 bene
3202 3606 3450 3673 fecerunt,
3475 3602 3526 3654 in
3549 3617 3720 3654 resur-

2129 3701 2396 3754 rectionem
2425 3699 2568 3762 vitaz;
2597 3697 2682 3767 qui
2709 3697 2840 3750 male
2865 3705 3090 3766 egerunt,
3121 3695 3176 3749 in
3201 3693 3605 3748 resurrectionem
3625 3692 3719 3762 ju-

2131 3793 2270 3846 dicii.
2304 3792 2371 3845 Et
2401 3799 2454 3844 tu
2481 3789 2584 3845 hoc
2607 3789 2738 3844 facis
2765 3789 2929 3853 solus,
2961 3788 3082 3858 quia
3111 3803 3270 3842 omne
3295 3785 3553 3856 judicium
3585 3783 3719 3841 Filio

2131 3883 2288 3938 Pater
2312 3881 2478 3948 dedit,
2510 3889 2566 3935 et
2603 3897 2708 3936 non
2747 3879 2947 3949 judicat
2972 3879 3333 3948 quemquam?
3359 3877 3492 3946 Ego,
3523 3875 3716 3946 inquit,

2131 3974 2287 4030 iacio.
2316 3973 2421 4030 Sed
2447 3972 2714 4043 quomodo
2753 3971 2924 4028 iacis?
2953 3970 3074 4026 Non
3113 3987 3318 4042 possum
3364 3986 3396 4022 a
3435 3985 3512 4022 me
3552 3971 3720 4041 facere

2130 4067 2406 4137 quidquam
2431 4081 2447 4120 :
2467 4066 2592 4120 sicut
2613 4066 2766 4118 audio
2780 4064 2979 4134 judico,
3000 4072 3047 4119 et
3063 4065 3316 4135 judicium
3333 4079 3500 4118 meum
3519 4064 3722 4134 justum

2129 4169 2223 4213 est.
2255 4156 2386 4212 Cum
2428 4167 2675 4228 ageretur
2717 4156 2785 4210 de
2827 4156 3219 4212 resurrectione
3259 4155 3578 4222 animarum,
3609 4169 3722 4210 non

2131 4249 2360 4316 dicebat,
2391 4251 2590 4314 Audio;
2617 4249 2732 4316 sed,
2756 4249 2920 4304 uideo.
2943 4249 3110 4304 Audio
3133 4247 3296 4315 enim,
3319 4259 3564 4318 tanquam
3583 4263 3722 4318 pra-

2131 4343 2376 4413 ciplentis
2402 4342 2573 4397 Patris
2601 4341 2900 4411 imperium.
2931 4341 3048 4397 Jam
3075 4356 3204 4410 ergo
3231 4341 3370 4396 sicut
3397 4341 3580 4406 homo,
3609 4341 3724 4396 sic-

2131 4442 2191 4486 ut
2233 4449 2338 4504 quo
2379 4433 2548 4503 major
2575 4441 2657 4487 est
2681 4433 2872 4499 Pater;
2897 4433 3006 4504 jam
3035 4448 3102 4488 ex
3131 4431 3300 4486 forma
3327 4432 3490 4498 servi,
3518 4447 3624 4487 non
3651 4447 3720 4488 ex

2129 4522 2300 4578 forma
2329 4524 2442 4590 Dei,
2462 4524 2590 4577 sicut
2605 4523 2778 4590 audio,
2790 4521 3051 4593 judico;et
3071 4509 3324 4592 judicium
3339 4537 3503 4576 meum
3519 4523 3722 4592 justum

2131 4626 2222 4671 est.
2254 4616 2402 4672 Unde
2427 4625 2510 4671 est
2531 4615 2788 4684 judicium
2809 4615 3010 4686 justum
3041 4615 3306 4670 hominis?
3331 4614 3544 4670 Fratres
3587 4615 3718 4683 mei,

2131 4707 2387 4763 attendite
2414 4724 2426 4759 :
2457 4707 2590 4774 Quia
2627 4725 2729 4762 non
2755 4724 2926 4778 qurere
2967 4707 3276 4764 voluntatem
3317 4721 3498 4774 vneam,
3523 4705 3614 4760 sed
3633 4719 3722 4760 uo-

2131 4801 2378 4854 luntatem
2404 4800 2514 4870 ejus
2532 4801 2618 4870 qui
2637 4800 2770 4853 misit
2801 4815 2896 4854 me.

2605 4955 3014 5014 TRACTATUS
3043 4955 3236 5012 XXIV.

2129 5095 2204 5149 Ab
2225 5111 2282 5149 eo
2303 5095 2439 5165 quod
2453 5096 2694 5168 scriptum
2705 5105 2799 5165 est,
2821 5097 2946 5152 Post
2963 5095 3075 5153 haec
3087 5097 3218 5151 abiit
3229 5097 3388 5153 Iesus
3403 5104 3550 5184 trans
3571 5111 3726 5153 mare

2203 5185 2455 5253 Galilzeae,
2487 5189 2629 5260 quod
2658 5199 2742 5245 est
2770 5189 3100 5255 Tiberiadis;
3129 5205 3286 5260 usque
3312 5190 3381 5244 ad
3407 5189 3480 5255 id,
3513 5189 3612 5244 ilic
3641 5195 3728 5244 est

2201 5294 2326 5336 vere
2351 5279 2612 5351 propheta
2637 5282 2744 5352 .qui
2773 5281 2920 5337 venit
2955 5281 3012 5338 in
3051 5281 3330 5338 mundum.
3361 5279 3490 5352 Cap.
3520 5295 3594 5348 vr,
3643 5279 3682 5350 ᾔ
3705 5317 3724 5336 .

2203 5371 2356 5427 1-14.

2203 5529 2254 5581 1.
2278 5529 2532 5585 Miracula
2575 5547 2691 5600 «jus:
2731 5530 2856 5584 fecit
2881 5530 3138 5586 Dominus
3173 5537 3356 5585 noster
3379 5528 3536 5584 Jesus
3561 5525 3720 5584 Chri-

2131 5631 2265 5688 stus,
2302 5633 2426 5678 sunt
2467 5623 2679 5694 quidem
2710 5623 2888 5678 divina
2913 5639 3098 5694 Opera,
3129 5631 3186 5677 et
3211 5624 3276 5678 ad
3309 5620 3720 5692 intelligendum

2195 5779 2210 5806 ί
2235 5777 2529 5846 iu_ttnd0cim
2551 5787 2674 5846 uss,
2700 5792 2764 5830 ea:
2785 5779 3048 5846 substantia
3069 5793 3158 5846 sua
3183 5785 3346 5846 Pater,
3369 5789 3434 5832 es:
3455 5773 3722 5836 ευθειωιειι

2133 5850 2218 5892 fit“
2242 5839 2410 5906 tritius,
2432 5855 2527 5906 qua
2545 5840 2634 5906 illi,
2664 5839 2756 5896 etc.
2765 5877 2781 5908 ,
2803 5845 2979 5898 omisso
3004 5843 3170 5906 verbo,
3192 5840 3330 5906 facit.
