4118 6474
326 390 468 453 1593

325 508 494 564 Deum
509 505 579 562 de
590 499 886 559 visibilibus
899 497 1186 555 admonent
1200 497 1486 554 humanam
1501 510 1754 556 mentem.
1773 499 1907 566 Quia

323 597 466 654 enim
487 597 578 652 ille
594 610 702 650 non
721 604 802 649 est
824 591 941 646 talis
959 591 1256 646 substantia
1277 609 1394 662 qua:
1414 592 1579 647 videri
1597 591 1765 646 oculis
1787 606 1909 662 pos-

319 694 409 760 sit,
437 707 492 746 et
519 689 769 745 miracula
798 687 912 757 ejus
931 687 1123 756 quibus
1149 695 1320 741 totum
1347 686 1598 741 mundum
1626 686 1758 756 regit
1783 685 1904 741 uni-

319 799 636 854 versamque
672 789 973 837 creaturam
998 779 1355 847 administrat,
1389 778 1696 834 assiduitate
1735 780 1902 836 vilue-

317 892 470 948 runt,
501 881 572 934 ita
602 887 660 933 ut
687 892 822 948 pene
860 891 1017 930 nemo
1046 875 1293 945 dignetur
1318 872 1592 928 attendere
1616 889 1776 944 opera
1811 872 1904 929 Dei

315 975 453 1030 mira
485 983 540 1028 et
578 970 836 1040 stupenda
873 969 926 1022 in
953 968 1190 1038 quolibet
1230 965 1448 1022 seminis
1487 980 1679 1036 grano;
1709 980 1902 1020 secun-

308 1069 441 1121 dum
488 1065 657 1134 ipsam
699 1078 848 1118 suam
896 1059 1316 1115 misericordiam
1362 1058 1598 1113 servavit
1622 1057 1722 1112 sibi
1752 1072 1902 1128 qure-

310 1156 457 1220 dam,
479 1173 600 1226 quas
620 1155 816 1210 faceret
841 1163 1140 1223 opportuno
1163 1161 1401 1222 tempore
1428 1160 1623 1221 prmter
1653 1149 1901 1204 usitatum

308 1263 532 1304 cursum
562 1247 915 1317 ordinemque
945 1255 1168 1310 naturae,
1203 1253 1260 1298 ut
1289 1259 1393 1298 non
1436 1243 1659 1313 majora,
1692 1242 1785 1298 sed
1817 1243 1900 1298 in-

307 1344 466 1397 solita
498 1341 729 1396 videndo
755 1347 1050 1410 stuperent,
1073 1339 1266 1409 quibus
1291 1337 1596 1408 quotidiana
1619 1337 1897 1392 viluerant.

304 1436 478 1506 Hajus
504 1435 646 1490 enim
683 1433 998 1490 miraculum
1037 1440 1119 1487 est
1161 1430 1476 1501 gubernatio
1507 1431 1666 1486 totius
1691 1430 1894 1495 mundi,

303 1544 468 1599 quam
499 1528 759 1582 saturatio
780 1527 1012 1596 quinque
1035 1524 1258 1578 millium
1281 1523 1554 1579 hominum
1577 1522 1644 1578 de
1670 1522 1900 1594 quinque

305 1621 570 1691 panibus:
598 1630 650 1674 et
669 1629 843 1674 tamen
870 1619 986 1674 haec
1016 1634 1174 1673 nemo
1199 1617 1424 1672 miratur
1447 1634 1459 1668 :
1486 1616 1615 1672 illud
1642 1618 1901 1671 mirantur

303 1713 558 1769 homines
583 1727 690 1767 non
715 1713 836 1783 quia
863 1711 1033 1781 majus
1057 1719 1158 1776 est,
1180 1709 1274 1765 sed
1296 1709 1417 1779 quia
1443 1725 1620 1764 rarum
1643 1717 1742 1764 est.
1771 1709 1898 1777 Quis

299 1807 448 1861 enim
477 1815 534 1862 et
563 1821 704 1861 nunc
732 1805 898 1876 pascit
929 1803 1233 1858 universum
1264 1801 1540 1867 mundum,
1575 1801 1674 1855 nisi
1702 1801 1788 1855 ille
1808 1801 1898 1871 qui

299 1901 369 1955 de
407 1900 593 1970 paucis
634 1899 812 1969 granis
854 1908 1062 1968 segetes
1097 1896 1274 1951 creat?
1304 1895 1452 1950 Fecit
1478 1910 1606 1966 ergo
1631 1893 1897 1965 quomodo

297 1993 468 2050 Deus.
498 1993 651 2049 Unde
677 1994 819 2048 enim
842 1991 1156 2060 multiplicat
1181 1989 1246 2045 de
1266 1990 1447 2060 paucis
1466 1991 1644 2060 granis
1666 1997 1894 2058 segetes,

301 2086 425 2141 inde
454 2087 510 2140 in
537 2086 782 2140 manibus
801 2086 911 2140 suis
934 2083 1303 2154 multiplicavit
1323 2085 1555 2153 quinque
1582 2098 1762 2152 panes.
1790 2083 1896 2136 Po-

300 2187 470 2237 testas
496 2180 640 2234 enim
669 2187 786 2234 erat
814 2179 866 2232 in
892 2178 1136 2232 manibus
1164 2176 1360 2232 Christi
1394 2195 1406 2230 :
1431 2191 1594 2246 panes
1621 2185 1794 2230 autem
1823 2175 1896 2230 illi

296 2270 561 2341 quinque,
595 2271 746 2342 quasi
769 2271 972 2326 semina
995 2279 1164 2335 erant,
1187 2285 1291 2323 non
1323 2269 1535 2339 quidem
1566 2278 1721 2325 terrae
1745 2285 1898 2325 man-

296 2363 447 2429 data,
481 2362 580 2417 sed
627 2363 694 2416 ab
741 2377 806 2418 eo
851 2365 938 2432 qui
985 2370 1182 2417 terram
1229 2361 1352 2417 fecit
1393 2359 1756 2430 multiplicata.
1785 2359 1898 2416 Hoc

296 2468 429 2522 ergo
468 2453 747 2508 admotum
775 2463 857 2509 est
886 2454 1148 2519 sensibus,
1183 2469 1288 2524 quo
1315 2457 1612 2522 erigeretur
1637 2469 1808 2520 mens,
1841 2462 1897 2508 et

297 2543 604 2600 exhibitum
631 2545 801 2601 oculis
829 2545 918 2600 ubi
947 2554 1286 2601 exerceretur
1313 2545 1634 2610 intellectus,
1669 2555 1727 2600 ut
1757 2547 1895 2600 invi-

294 2636 515 2690 sibilem
539 2637 707 2692 Deum
730 2654 824 2707 per
847 2637 1074 2692 visibilia
1097 2653 1257 2707 Opera
1287 2638 1622 2704 miraremur,
1652 2646 1706 2694 et
1730 2638 1895 2694 erecti

293 2726 366 2781 ad
396 2727 559 2783 fidem
583 2737 638 2784 et
661 2729 867 2799 purgati
895 2745 989 2800 per
1017 2728 1198 2794 ﬁdem,
1231 2729 1391 2785 etiam
1410 2729 1582 2799 ipsum
1615 2729 1894 2784 invisibili-

294 2827 383 2873 ter
404 2818 594 2876 videre
621 2835 959 2890 cuperemus,
988 2836 1147 2892 quem
1173 2820 1240 2876 de
1258 2820 1418 2876 rebus
1442 2820 1736 2876 visibilibus
1763 2821 1897 2875 invi-

292 2911 514 2967 sibilem
544 2929 911 2968 nosceremus.

369 3004 426 3058 2.
451 3005 565 3060 Nec
587 3015 764 3060 tamen
782 3005 976 3062 sufﬁcit
998 3005 1113 3061 haec
1133 3005 1326 3062 intueri
1351 3006 1401 3060 in
1450 3005 1720 3060 miraculis
1740 3001 1895 3058 Chri-

293 3099 389 3152 sti.
420 3098 825 3169 lnterrogemus
869 3099 981 3169 ipsa
1027 3099 1304 3164 miracula,
1334 3098 1460 3170 quid
1491 3099 1643 3155 nobis
1673 3099 1896 3169 loquan-

292 3201 388 3246 tur
429 3192 500 3247 de
519 3191 770 3248 Christo:
798 3193 993 3248 habent
1013 3195 1154 3248 enim
1181 3194 1226 3249 si
1253 3193 1630 3264 intelligantur,
1663 3193 1892 3264 linguam

291 3301 480 3338 suam.
512 3285 643 3339 Nam
671 3285 790 3356 quia
821 3287 934 3355 ipse
954 3285 1198 3340 Christus
1223 3286 1453 3341 Verbum
1483 3286 1576 3340 Dei
1603 3293 1703 3352 est,
1733 3285 1894 3340 etiam

290 3375 503 3431 factum
524 3375 707 3443 Verbi,
735 3377 956 3432 verbum
982 3377 1137 3432 nobis
1157 3384 1257 3432 est.
1281 3377 1394 3432 Hoc
1410 3392 1537 3448 ergo
1558 3377 1890 3444 miraculum,

290 3468 437 3522 sicut
461 3468 764 3523 audivimus
792 3485 950 3539 quam
988 3484 1237 3540 magnum
1275 3469 1373 3535 sit,
1401 3485 1704 3538 qureramus
1732 3470 1893 3524 etiam

291 3574 460 3628 quam
505 3559 828 3630 profundum
853 3561 957 3615 sit:
987 3559 1093 3615 non
1119 3569 1324 3615 tantum
1349 3560 1466 3630 ejus
1491 3559 1773 3630 superﬁcie
1801 3561 1892 3618 de‘

291 3643 587 3711 lectemur,
629 3643 722 3699 sed
763 3645 923 3698 etiam
963 3633 1757 3713 altitudinem.perscrutemur.
1789 3645 1894 3700 Ha-

290 3736 390 3790 bet
414 3737 563 3791 enim
594 3736 791 3806 aliquid
818 3738 978 3804 intus,
1003 3737 1106 3791 hoc
1131 3737 1269 3806 quod
1293 3737 1549 3791 miramur
1569 3737 1716 3793 foris.
1753 3737 1895 3792 Vidi—

291 3844 440 3890 mus,
513 3829 873 3898 spectavimus
933 3845 1181 3899 magnum
1249 3829 1522 3899 quiddam,
1577 3830 1893 3898 praeclarum

290 3921 579 3990 quiddam,
608 3931 661 3976 et
693 3922 911 3976 omnino
939 3921 1195 3985 divinum,
1220 3921 1362 3992 quod
1409 3921 1524 3976 ﬁeri
1567 3923 1667 3977 nisi
1712 3937 1740 3975 a
1783 3922 1892 3976 Deo

292 4031 406 4069 non
435 4014 606 4083 possit
630 4033 643 4068 :
667 4015 997 4070 laudavimus
1018 4015 1086 4070 de
1111 4015 1247 4068 facto
1270 4015 1548 4070 factorem.
1575 4014 1678 4068 Sed
1701 4029 1890 4084 quem-

291 4105 592 4160 admodum
635 4105 680 4162 si
723 4105 927 4161 litteras
966 4105 1212 4175 pulehras
1249 4105 1442 4160 alicubi
1483 4105 1889 4174 inspiceremus,

292 4215 405 4253 non
457 4199 617 4254 nobis
665 4199 933 4254 sufﬁceret
983 4199 1202 4254 laudare
1256 4201 1533 4268 scriptoris
1585 4199 1886 4265 articulum,

291 4291 556 4360 quoniam
599 4306 692 4346 eas
733 4291 952 4361 pariles,
983 4292 1215 4360 aequales
1261 4291 1591 4361 decorasque
1620 4291 1759 4354 fecit,
1790 4289 1892 4344 nisi

293 4384 463 4439 etiam
497 4383 794 4454 legeremus
822 4383 950 4454 quid
979 4383 1135 4438 nobis
1177 4398 1271 4451 per
1300 4383 1417 4437 illas
1447 4383 1757 4437 indicaverit
1783 4399 1794 4434 :
1820 4383 1891 4437 ita

293 4475 502 4530 factum
532 4475 638 4530 hoc
655 4476 746 4546 qui
779 4483 984 4529 tantum
1015 4474 1244 4541 inspicit,
1271 4473 1568 4529 delectatur
1594 4474 1892 4542 pulchritu-

294 4569 426 4624 dine
472 4568 597 4622 facti
632 4577 690 4622 ut
733 4567 1027 4622 admiretur
1053 4567 1343 4630 artiﬁcem;
1371 4567 1463 4637 qui
1489 4575 1664 4622 autem
1693 4568 1892 4622 intelli-

295 4661 394 4730 git,
427 4660 582 4728 quasi
631 4659 780 4729 legit.
810 4660 980 4713 Aliter
1023 4659 1163 4713 enim
1212 4657 1422 4713 videtur
1465 4658 1692 4727 pictura,
1740 4660 1894 4715 aliter

296 4753 552 4806 videntur
603 4751 810 4806 litterze.
845 4751 1109 4805 Picturam
1146 4766 1266 4806 cum
1310 4749 1528 4816 videris,
1554 4751 1654 4806 hoc
1694 4761 1774 4806 est
1814 4761 1894 4806 to-

296 4854 412 4898 tum
441 4844 660 4909 vidisse,
692 4844 936 4898 laudasse
973 4861 985 4897 :
1022 4843 1224 4898 litteras
1251 4857 1374 4898 cum
1400 4843 1617 4909 videris,
1650 4860 1755 4898 non
1791 4844 1894 4899 hoc

296 4947 381 4991 est
419 4944 623 5000 totum;
663 4935 910 5004 quoniam
948 4935 1308 4990 commoneris
1354 4943 1408 4990 et
1451 4935 1646 5005 legere.
1683 4935 1892 4989 Etenim

296 5029 456 5094 dicis,
483 5043 604 5082 cum
637 5026 832 5081 videris
860 5026 1088 5092 litteras,
1115 5027 1183 5083 si.
1199 5026 1336 5081 forte
1378 5043 1483 5080 non
1523 5041 1614 5081 eas
1645 5025 1785 5080 nosti
1811 5025 1891 5080 le-

297 5121 593 5193 gere,Quid
611 5130 986 5191 putamusesse
1002 5121 1140 5192 quod
1160 5120 1246 5174 hic
1265 5119 1520 5188 scriptum
1537 5119 1644 5175 est?
1664 5120 1892 5174 Interro-

299 5230 392 5284 gas
421 5213 552 5284 quid
583 5215 671 5280 sit,
705 5229 828 5270 cum
871 5215 981 5284 jam
1011 5213 1192 5268 videas
1229 5211 1450 5280 aliquid.
1483 5211 1641 5266 Aliud
1675 5211 1766 5266 tibi
1795 5209 1891 5265 de-

301 5316 698 5362 monstraturus
724 5316 826 5371 est,
858 5322 888 5360 a
916 5322 1021 5375 quo
1050 5305 1243 5374 quaeris
1273 5317 1561 5372 agnoscere
1591 5302 1731 5372 quod
1758 5301 1893 5356 vidi-

302 5401 390 5454 sti.
417 5400 571 5454 Alios
597 5399 685 5454 ille
712 5399 897 5453 oculos
934 5400 1115 5464 habet,
1142 5397 1276 5451 alios
1321 5405 1395 5449 tu.
1433 5395 1619 5450 Nonne
1649 5394 1893 5448 similiter

303 5494 483 5562 apices
537 5492 763 5546 videtis?
802 5491 906 5546 Sed
948 5508 1051 5545 non
1086 5491 1332 5545 similiter
1361 5491 1509 5559 signa
1551 5487 1888 5558 cognoscitis.

306 5586 383 5640 Tu
415 5603 546 5657 ergo
566 5586 712 5642 vides
730 5596 783 5640 et
804 5585 1020 5639 laudas:
1048 5585 1132 5638 ille
1160 5583 1318 5650 videt,
1345 5583 1539 5644 laudat,
1575 5581 1700 5649 legit
1725 5590 1778 5636 et
1807 5582 1891 5635 in-

309 5680 516 5748 telligit.
543 5680 676 5745 Quia
702 5694 828 5748 ergo
851 5679 1099 5744 vidimus,
1125 5678 1243 5744 quia
1273 5675 1623 5740 laudavimus,
1657 5675 1893 5744 legamus

311 5781 362 5826 et
383 5771 761 5841 intelligamus.

381 5863 435 5923 5.
464 5863 724 5930 Dominus
768 5857 823 5922 in
863 5871 1082 5923 monte;
1113 5862 1283 5921 multo
1320 5859 1491 5936 magis
1535 5857 1893 5934 intelligamus

1481 380 1890 440 TRACTATUS
1926 378 2116 439 XXIV.
2157 385 2385 445 CAPUT
2425 385 2517 446 Vl.

3454 401 3595 464 15M

2016 503 2137 572 quia
2170 505 2426 564 Dominus
2454 511 2504 564 in
2536 518 2716 565 monte
2742 508 2976 567 Verbum
3011 519 3093 568 est
3122 513 3178 568 in
3207 513 3336 570 alto.
3364 514 3599 576 Proinde

2017 612 2121 650 non
2145 601 2292 668 quasi
2323 601 2751 673 humiliterjacet
2786 605 2926 675 quod
2966 605 3021 661 in
3049 617 3232 664 monte
3256 606 3452 664 factum
3480 619 3597 678 est;

2016 705 2113 744 nec
2139 699 2471 749 transeunter
2494 695 2918 764 praetereundum
2936 707 3038 763 est,
3062 699 3155 754 sed
3180 701 3597 770 suspiciendum.

2015 785 2222 842 Turbas
2237 789 2388 854 vidit,
2415 791 2711 846 esurientes
2734 793 2966 864 agnovit,
2987 793 3402 850 misericorditer
3424 795 3595 866 pavit:

2015 897 2123 935 non
2149 882 2319 937 solum
2347 901 2444 954 pro
2469 885 2724 952 bonitate,
2747 902 2933 941 verum
2976 887 3134 942 etiam
3179 904 3276 957 pro
3313 897 3594 959 potestate.

2013 971 2149 1039 Quid
2176 974 2315 1029 enim
2333 976 2444 1029 sola
2476 976 2748 1046 prodesset
2776 977 3005 1043 bonitas,
3032 979 3120 1033 ubi
3145 994 3250 1035 non
3275 989 3392 1035 erat
3418 981 3591 1052 panis,

2015 1067 2152 1122 unde
2185 1069 2337 1123 turba
2365 1070 2607 1126 esuriens
2633 1072 2972 1141 pasceretur?
3000 1071 3112 1127 Nisi
3136 1072 3359 1128 bonitati
3386 1074 3598 1130 adesset

2011 1168 2266 1228 potestas,
2294 1161 2475 1232 jejuna
2501 1163 2590 1217 illa
2621 1164 2771 1218 turba
2797 1172 2850 1219 et
2879 1166 3118 1220 esuriens
3144 1175 3462 1221 remaneret.
3491 1167 3597 1222 De-

2011 1250 2169 1321 nique
2194 1261 2247 1307 et
2274 1253 2512 1325 discipuli
2544 1256 2634 1325 qui
2662 1265 2814 1310 erant
2851 1272 2971 1310 cum
3009 1258 3234 1312 Domino
3270 1257 3322 1313 in
3350 1260 3508 1324 fame,
3539 1266 3595 1314 et

2010 1342 2108 1412 ipsi
2129 1345 2312 1400 turbas
2329 1346 2573 1401 volebant
2591 1359 2893 1418 pascere,ut
2909 1364 3012 1403 non
3029 1359 3368 1405 remanerent
3385 1350 3591 1418 inanes,

2008 1436 2100 1489 sed
2133 1437 2269 1491 unde
2313 1447 2593 1507 poscerent
2636 1455 2742 1494 non
2788 1439 3076 1495 habebant.
3108 1440 3458 1512 Interrogavit
3483 1442 3592 1496 Do-

2007 1527 2184 1583 minus
2215 1528 2355 1584 unde
2397 1540 2702 1586 emerentur
2743 1546 2910 1601 panes
2955 1531 3022 1588 ad
3069 1533 3250 1587 turbas
3276 1532 3588 1602 pascendas.

2009 1621 2073 1675 Et
2099 1623 2173 1677 ait
2209 1623 2504 1695 Scriptura,
2537 1624 2650 1679 Hoc
2679 1637 2848 1680 autem
2875 1626 3069 1680 dicebat
3106 1635 3300 1681 tentans
3336 1643 3449 1681 eum
3471 1625 3590 1680 :di-

2005 1713 2266 1784 scipulum
2314 1717 2515 1772 scilicet
2573 1717 2894 1788 Philippum,
2937 1734 3092 1789 quem
3142 1719 3588 1788 interrogaverat.

2005 1805 2127 1876 Ipse
2168 1810 2301 1862 enim
2333 1811 2516 1864 sciebat
2559 1811 2680 1878 quid
2723 1821 2847 1865 esset
2891 1816 3137 1880 facturus.
3161 1810 3259 1864 Cui
3296 1825 3423 1880 ergo
3451 1809 3593 1865 bono

2005 1899 2263 1965 tcntabat,
2299 1901 2400 1956 nisi
2444 1903 2564 1972 quia
2608 1903 2958 1972 ignorantiam
2988 1903 3232 1972 discipuli
3259 1901 3594 1958 demonstra-

2003 1992 2126 2046 bat?
2148 1993 2215 2048 Et
2247 1993 2380 2049 forte
2422 1995 2472 2049 in
2514 1995 2968 2051 demonstratione
2997 1996 3307 2066 ignorantia:
3346 1992 3592 2065 discipuli

2003 2084 2200 2154 aliquid
2245 2086 2584 2155 signiﬁcavit.
2616 2088 2906 2159 Apparebit
2945 2103 3090 2159 ergo,
3123 2104 3244 2143 cum
3284 2089 3456 2158 ipsum
3499 2101 3594 2142 sa-

2003 2185 2332 2229 cramentum
2361 2176 2427 2232 de
2457 2179 2688 2247 quinque
2719 2179 2943 2248 panibus
2968 2179 3192 2248 coeperit
3231 2178 3383 2234 nobis
3418 2177 3586 2248 loqui,

2003 2277 2058 2322 et
2084 2268 2207 2338 quid
2237 2269 2500 2338 signiﬁcet
2539 2271 2772 2326 indicare
2797 2287 2808 2323 :
2835 2271 2906 2326 ibi
2932 2271 3075 2326 enim
3103 2270 3397 2325 videbimus
3425 2283 3592 2339 quare

2005 2361 2261 2416 Dominus
2288 2361 2342 2415 in
2367 2361 2469 2416 hoc
2497 2361 2635 2418 facto
2665 2361 3016 2432 ignorantiam
3041 2362 3286 2430 discipuli
3311 2360 3479 2415 voluit
3504 2360 3590 2415 in-

2004 2454 2321 2524 terrogando
2369 2455 2510 2524 quod
2542 2455 2762 2521 sciebat,
2799 2454 3101 2510 ostendere.
3132 2453 3267 2508 Nam
3295 2453 3594 2522 interroga-

2005 2561 2122 2599 mus
2147 2545 2431 2615 aliquando
2455 2545 2596 2615 quod
2622 2545 2910 2610 nescimus,
2945 2544 3130 2599 audire
3158 2543 3400 2598 volentes
3423 2552 3482 2597 ut
3510 2540 3592 2596 di-

2001 2652 2246 2702 scamus;
2277 2637 2562 2708 aliquando
2605 2638 2994 2708 interrogamus
3031 2635 3171 2708 quod
3198 2636 3415 2702 scimus,
3451 2634 3592 2690 scire

2006 2730 2248 2785 volentes
2298 2739 2474 2784 utrum
2527 2740 2580 2784 et
2632 2731 2723 2785 ille
2769 2731 2903 2784 sciat
2959 2745 3116 2800 quem
3166 2729 3588 2798 interrogamus:

2001 2830 2289 2892 utrumque
2326 2822 2429 2878 hoc
2459 2831 2680 2877 noverat
2710 2822 3006 2887 Dominus;
3043 2829 3098 2875 et
3125 2819 3266 2890 quod
3296 2819 3592 2888 interroga-

2001 2914 2092 2969 bat
2121 2916 2339 2980 sciebat,
2364 2916 2489 2986 quid
2515 2916 2656 2971 enim
2684 2924 2828 2970 esset
2852 2914 3084 2969 facturus
3110 2913 3224 2982 ipse
3249 2919 3498 2976 noverat;
3527 2916 3583 2965 et

2002 3007 2103 3062 hoc
2131 3009 2334 3064 nescire
2357 3009 2658 3077 Philippum
2687 3007 2888 3063 sciebat
2911 3007 3174 3062 similiter.
3202 3004 3378 3072 Quare
3409 3005 3586 3074 itaque

2003 3098 2386 3168 interrogabat,
2445 3099 2543 3153 nisi
2598 3099 2720 3168 quia
2773 3098 2914 3152 illius
2958 3095 3309 3168 ignorantiam
3360 3094 3586 3148 demon-

2001 3191 2241 3246 strabat?
2272 3190 2337 3245 Et
2363 3190 2463 3246 hoc
2492 3207 2657 3261 quare
2687 3189 2895 3254 fecerit,
2924 3199 2984 3244 ut
3011 3188 3149 3256 dixi,
3181 3195 3367 3257 postea
3392 3183 3587 3241 intelli-

1999 3299 2204 3352 genius.

2071 3376 2126 3428 4.
2157 3374 2388 3428 Andreas
2413 3373 2484 3428 ait
2513 3390 2530 3428 :
2557 3372 2649 3427 Est
2676 3373 2756 3428 hic
2788 3389 2913 3443 puer
2941 3371 3147 3441 quidam
3171 3371 3256 3442 qui
3277 3369 3422 3423 habet
3444 3367 3591 3440 quin-

1999 3482 2095 3534 que
2121 3483 2290 3535 panes,
2317 3475 2363 3521 et
2399 3467 2526 3520 duos
2564 3467 2756 3536 pisces;
2782 3465 2870 3520 sed
2893 3465 3001 3519 htec
3024 3464 3147 3536 quid
3170 3472 3286 3518 sunt
3306 3463 3374 3516 ad
3393 3461 3594 3516 tantos!

1999 3555 2131 3613 Cum
2161 3559 2381 3614 dixisset
2407 3559 2682 3629 Philippus
2711 3561 3088 3628 interrogatus,
3118 3556 3468 3612 ducentorum
3494 3553 3591 3608 de-

2002 3649 2272 3703 nariorum
2297 3663 2460 3718 panes
2488 3664 2592 3703 non
2625 3648 2890 3714 sufﬁcere,
2921 3647 3113 3718 quibus
3140 3654 3284 3700 tanta
3315 3645 3400 3699 illa
3437 3643 3590 3699 turba

2000 3740 2332 3806 reficeretur,
2359 3749 2472 3794 erat
2500 3739 2571 3793 ibi
2601 3740 2814 3810 quidam
2847 3755 2979 3810 puer
3001 3745 3218 3809 portans
3239 3736 3472 3806 quinque
3495 3749 3590 3802 pa-

2001 3849 2095 3886 nes
2139 3831 2465 3886 hordeaceos
2509 3842 2563 3886 et
2606 3831 2740 3886 duos
2783 3831 2976 3901 pisces.
3014 3830 3076 3882 Et
3105 3830 3174 3882 ait
3202 3825 3592 3882 Jesus:Facite

2000 3924 2226 3977 homines
2252 3923 2578 3977 discumbere.
2607 3922 2733 3976 Erat
2764 3936 2930 3976 autem
2970 3922 3039 3976 ibi
3067 3924 3237 3992 fenum
3277 3919 3510 3984 multum,
3542 3925 3590 3970 et

2001 4015 2356 4068 discubuerant
2377 4014 2531 4084 ferme
2550 4015 2766 4084 quinque
2787 4014 2948 4066 millia
2974 4011 3253 4066 hominum.
3273 4010 3475 4080 Accepit
3493 4025 3588 4060 au-

2001 4117 2098 4161 tem
2135 4105 2384 4160 Dominus
2413 4105 2564 4160 Jesus
2597 4123 2771 4176 panes,
2815 4105 3006 4176 gratias
3045 4105 3162 4174 egit,
3211 4102 3390 4173 jussit,
3437 4098 3590 4154 fracti

2001 4209 2124 4255 sunt
2156 4216 2338 4270 panes,
2370 4200 2524 4270 positi
2551 4208 2675 4253 ante
2699 4197 3118 4253 discumbentes.
3155 4194 3272 4250 Non
3298 4194 3406 4264 jam
3439 4192 3594 4263 quin-

2001 4310 2105 4364 que
2155 4309 2342 4364 panes,
2370 4293 2463 4348 sed
2507 4291 2650 4363 quod
2692 4291 2979 4362 adjeccrat,
3009 4289 3099 4359 qui
3137 4294 3411 4344 creaverat
3449 4283 3591 4356 quod

1999 4395 2211 4440 auctum
2237 4393 2370 4440 erat.
2400 4384 2467 4438 Et
2496 4384 2556 4438 de
2607 4383 2823 4454 piscibus
2865 4389 3109 4451 quantum
3149 4379 3440 4450 suﬁciebat.
3486 4376 3591 4432 Pa-

2000 4494 2117 4530 rum
2174 4485 2257 4531 est
2303 4477 2508 4530 turbam
2555 4476 2699 4530 illam
2755 4475 2916 4529 fuisse
2952 4473 3217 4540 satiatam,
3273 4471 3432 4526 etiam
3478 4468 3590 4523 fra-

1999 4579 2214 4640 gmenta
2236 4569 2548 4624 resederunt
2573 4587 2586 4622 :
2609 4577 2663 4622 ct
2689 4567 2800 4637 ipsa
2825 4566 3000 4637 colligi
3033 4565 3178 4635 jussa
3200 4573 3340 4629 sunt,
3377 4578 3442 4618 ne
3464 4577 3591 4632 perc

2001 4662 2171 4727 irent;
2203 4671 2250 4714 et
2301 4660 2629 4729 impleverunt
2677 4658 2946 4712 duodecim
2998 4657 3240 4730 caphinos
3274 4654 3588 4726 fragmento-

1999 4769 2134 4806 rum.

2071 4843 2123 4897 5.
2173 4841 2414 4896 Breviter
2456 4849 2514 4895 ut
2554 4855 2862 4910 curramus,
2909 4841 3142 4912 quinque
3182 4852 3347 4912 panes
3387 4835 3588 4893 intellio

1999 4946 2194 5006 guntur
2222 4935 2454 5005 quinque
2485 4934 2604 4988 libri
2631 4934 2798 5006 Moysi
2834 4953 2846 4990 :
2875 4933 3066 4989 merito
3095 4947 3202 4988 non
3233 4929 3454 4996 triticei,
3493 4931 3589 4984 sed

2002 5027 2322 5092 hordeacei;
2373 5028 2495 5098 quia
2540 5027 2604 5081 ad
2656 5027 2820 5082 Vetus
2858 5026 3256 5082 Testamentum
3298 5023 3586 5094 pertinent.

2000 5119 2177 5173 Nostis
2206 5128 2381 5173 autem
2411 5119 2665 5174 hordeum
2698 5119 2769 5174 ita
2797 5129 3063 5186 creatum,
3107 5129 3164 5173 ut
3197 5116 3260 5170 ad
3302 5114 3588 5172 medullam

1995 5211 2116 5281 ejus
2144 5211 2227 5265 vix
2271 5211 2610 5281 perveniatur
2640 5229 2650 5264 :
2684 5213 2906 5267 vestitur
2940 5213 3082 5267 enim
3123 5209 3311 5266 eadem
3353 5205 3589 5264 medulla

2001 5302 2231 5373 tegmine
2259 5303 2458 5373 palea),
2491 5313 2544 5358 et
2571 5303 2683 5373 ipsa
2716 5304 2866 5374 palea
2895 5311 3052 5358 tenax
3091 5312 3144 5357 et
3181 5301 3447 5355 inhaerens
3471 5339 3488 5367 ,
3530 5305 3590 5355 ut

2001 5413 2123 5452 cum
2155 5397 2338 5451 labore
2368 5407 2613 5454 exuatur.
2654 5398 2797 5453 Talis
2834 5404 2915 5452 est
2955 5395 3129 5450 littera
3159 5393 3368 5450 Veteris
3395 5393 3590 5450 Testa-

2003 5494 2189 5557 menti,
2218 5495 2406 5548 vestita
2435 5495 2752 5564 tegminibus
2779 5493 3069 5548 carnalium
3097 5500 3549 5546 sacramentorum
3569 5505 3587 5522 '

2004 5585 2097 5640 sed
2127 5589 2172 5642 si
2199 5587 2264 5641 ad
2290 5587 2404 5657 ejus
2433 5587 2719 5642 medullam
2748 5586 3105 5657 perveniatur,
3137 5585 3305 5655 pascit
3331 5593 3384 5638 et
3410 5583 3588 5639 satiat.

2004 5679 2233 5734 Ferebat
2277 5696 2404 5750 ergo
2451 5697 2582 5750 puer
2623 5679 2836 5749 quidam
2881 5678 3112 5748 quinque
3155 5692 3321 5747 panes
3363 5684 3417 5729 et
3455 5674 3592 5730 duos

2005 5773 2198 5842 pisces.
2232 5773 2290 5828 Si
2321 5788 2618 5844 quaeramus
2647 5771 2765 5843 quis
2795 5771 2952 5826 fuerit
2981 5787 3112 5841 puer
3141 5770 3273 5835 iste,
3319 5767 3453 5822 forte
3487 5779 3595 5836 po-

2006 5865 2163 5938 pulus
2198 5865 2363 5925 Israel
2401 5875 2517 5924 erat
2542 5882 2556 5922 :
2584 5879 2747 5924 sensu
2778 5862 2964 5939 puerili
2985 5862 3262 5937 portabat,
3305 5873 3406 5918 nec
3434 5871 3596 5928 mane
