4118 6480
500 338 644 405 ιω

497 455 747 519 ducebat.
787 454 882 513 illa
915 453 1061 515 enim
1099 466 1218 526 quae
1250 450 1525 527 portabat,
1557 447 1734 502 clausa
1760 441 2081 509 onerabant,

497 556 682 619 aperta
711 547 1021 619 pascebant.
1052 545 1170 602 Duo
1197 554 1374 601 autem
1406 541 1613 613 pisces,
1649 534 1898 591 videntur
1932 532 2085 588 nobis

497 638 800 713 signiﬁcare
834 639 972 697 duas
1012 637 1130 694 illas
1158 638 1210 693 in
1240 632 1420 691 Veteri
1456 630 1797 688 Testamento
1826 626 2083 685 sublimes

496 745 787 803 personas,
825 748 945 805 quas
979 729 1311 805 ungebantur
1346 724 1412 781 ad
1450 723 1703 799 pepulttm
1743 720 2083 778 sanctiﬁcan-

496 826 624 884 dum
662 837 717 883 et
758 828 1085 900 regendum,
1135 821 1429 881 sacerdotis
1467 828 1523 877 et
1562 819 1721 892 regis.
1766 818 1832 873 Et
1870 817 1983 889 ipse
2027 815 2082 870 in

496 922 753 997 mysterio
777 922 923 978 venit
946 917 1253 991 aliquando,
1281 917 1369 991 qui
1395 932 1490 987 per
1510 915 1628 972 illas
1647 911 2078 985 significabatur:

416 1061 445 1084 .,
495 1012 640 1069 venit
665 1011 950 1085 aliquando
978 1012 1067 1080 qui
1094 1026 1192 1080 per
1221 1006 1505 1064 medullam
1542 1004 1726 1060 hordei
1756 1000 2077 1059 ostendeba-

421 1094 434 1116 ⁸
496 1113 602 1169 tur.
634 1120 729 1174 per
753 1105 957 1176 paleam
987 1118 1115 1158 vero
1143 1101 1329 1156 hordei
1368 1099 1748 1155 occttltabatur.
1780 1092 1935 1151 Venit
1964 1092 2080 1163 ipse

450 1250 456 1259 ,
494 1211 630 1252 unus
660 1206 934 1267 utramque
964 1210 1243 1267 personam
1275 1194 1328 1248 in
1352 1208 1411 1248 se
1439 1201 1681 1265 portans,
1710 1182 2001 1245 sacerdotis
2025 1193 2080 1239 et

492 1289 635 1359 regis
668 1306 682 1343 :
710 1288 1002 1345 sacerdotis
1037 1304 1133 1360 per
1158 1287 1456 1353 victimam,
1501 1299 1659 1356 quam
1699 1283 1932 1350 seipsum
1976 1278 2077 1334 ob-

493 1378 615 1435 tulit
648 1395 745 1450 pro
782 1380 934 1436 nobis
972 1378 1109 1447 Deo;
1150 1377 1321 1450 regis,
1363 1376 1484 1448 quia
1526 1373 1759 1446 regimur
1786 1373 1853 1426 ab
1883 1386 1948 1426 eo
1978 1388 1993 1426 :
2018 1377 2079 1459 et

490 1470 804 1541 aperiuntur
840 1487 957 1542 qua:
995 1470 1171 1527 clausa
1197 1468 1567 1542 portabantur.
1596 1465 1804 1522 Gratias
1836 1463 1944 1528 illi;
1979 1462 2078 1517 im-

491 1560 653 1631 plevit
680 1578 776 1633 per
803 1577 861 1618 se
889 1562 1030 1634 quod
1052 1577 1147 1633 per
1168 1560 1334 1617 Vetus
1358 1560 1763 1614 Testamentum
1801 1555 2080 1627 promitte-

488 1653 667 1710 batur.
710 1656 777 1710 Et
815 1655 984 1726 frangi
1008 1653 1165 1726 jussit
1191 1668 1355 1724 panes
1384 1669 1397 1707 :
1426 1648 1721 1721 frangendo
1746 1646 2075 1723 multiplicati

489 1754 634 1802 sunt.
679 1746 820 1801 Nihil
867 1748 1063 1803 verius.
1109 1746 1353 1818 Quinque
1394 1743 1540 1800 enim
1585 1741 1661 1796 illi
1707 1740 1827 1796 libri
1873 1737 2071 1809 Moysi,

488 1852 646 1908 quam
705 1840 904 1895 multos
959 1838 1157 1905 libros,
1214 1852 1335 1893 cum
1391 1841 1763 1908 exponuntur,
1824 1841 2075 1901 tanquam

487 1927 814 2000 frangendo,
849 1930 900 1986 id
929 1939 1010 1985 est
1039 1926 1691 1995 disserendo,'iecerunl?
1733 1924 1839 1981 Sed
1869 1923 1988 1995 quia
2020 1922 2075 1977 in

487 2021 581 2081 illo
605 2023 809 2080 hordeo
833 2024 1129 2095 ignorantia
1158 2021 1311 2093 primi
1339 2021 1518 2094 populi
1549 2019 1843 2091 tegebatur,
1875 2016 1943 2071 dc
1968 2030 2074 2087 quo

486 2114 660 2186 primo
693 2117 888 2187 populo
916 2116 1114 2173 dictum
1152 2123 1270 2181 est,
1314 2114 1570 2181 Quamdiu
1611 2113 1794 2183 legitur
1834 2109 2070 2181 Moyses,

486 2205 711 2264 velamen
734 2223 890 2282 supra
914 2210 1069 2265 corda
1093 2226 1265 2263 eorum
1291 2209 1508 2279 positum
1532 2216 1603 2261 est
1630 2205 1695 2278 (ll
1713 2204 1828 2258 Cor.
1853 2220 1930 2264 ιιι.
1958 2202 2070 2273 i5):

384 2332 387 2335 ν
486 2300 722 2356 nondum
758 2301 901 2356 enim
943 2302 1175 2356 ablatum
1215 2309 1330 2355 erat
1354 2298 1630 2364 velamen,
1673 2296 1796 2366 quia
1835 2293 2072 2349 nondum

485 2402 706 2449 venerat
742 2392 1013 2458 Christus;
1057 2391 1292 2447 nondum
1332 2390 1510 2447 velum
1549 2389 1731 2460 templi
1768 2387 1941 2443 fuerat
1982 2386 2073 2442 illo

486 2484 544 2541 in
568 2500 729 2541 cruce
757 2486 1020 2556 pendente
1050 2487 1380 2542 conscissum
1411 2502 1423 2539 :
1453 2484 1577 2555 quia
1616 2499 1743 2554 ergo
1779 2483 2073 2554 ignorantia

486 2576 667 2648 p0puli
706 2586 822 2633 erat
864 2577 919 2633 in
960 2578 1130 2649 Lege,
1176 2584 1454 2648 propterea
1492 2576 1580 2631 illa
1611 2574 1822 2630 Domini
1853 2574 2073 2630 tcutatio

486 2666 840 2739 ignorantiam
867 2668 1112 2743 discipuli
1138 2667 1562 2725 demonstrabat.

558 2758 612 2819 6.
652 2758 793 2814 Nihil
823 2760 979 2831 igitur
1004 2769 1188 2828 vacat,
1230 2760 1407 2816 omnia
1440 2759 1668 2814 innuunt
1691 2800 1705 2826 ,
1738 2758 1830 2813 sed
1862 2758 2070 2813 intelle-

484 2856 687 2905 ctorem
716 2850 990 2921 requirunt
1018 2869 1032 2906 :
1066 2867 1188 2906 nam
1216 2860 1268 2907 et
1300 2852 1398 2906 iste
1427 2866 1679 2906 numerus
1708 2850 1845 2921 pasti
1868 2851 2068 2920 populi,

487 2939 740 3011 populum
766 2940 1093 3011 significabat
1117 2941 1217 2997 sub
1241 2941 1383 3011 Lege
1408 2941 1774 2995 constitutum.
1799 2937 1905 2995 Cur
1928 2941 2070 2994 enim

483 3030 718 3102 quinque
748 3031 911 3090 millia
937 3040 1091 3087 erant
1111 3074 1125 3099 ,
1165 3033 1266 3087 nisi
1293 3033 1413 3105 quia
1444 3033 1543 3087 sub
1569 3033 1709 3102 Lege
1735 3040 1919 3100 erant,
1951 3048 2071 3103 qua:

484 3120 596 3178 Lex
620 3123 852 3194 quinque
879 3122 1025 3178 libris
1047 3123 1216 3197 Moysi
1238 3125 1564 3193 explicatur?
1590 3123 1741 3180 Unde
1763 3133 1815 3178 ct
1838 3124 2071 3197 quinque

484 3210 588 3266 illis
608 3212 895 3282 porticibus
920 3213 1149 3284 languidi
1181 3214 1556 3283 prodebantur,
1587 3230 1693 3270 non
1722 3215 2064 3270 sanabuntur.

485 3302 582 3361 llle
616 3313 795 3362 autem
826 3306 897 3362 ibi
928 3308 1132 3363 curavit
1158 3308 1461 3381 languidum
1493 3307 1668 3378 (Joan.
1703 3325 1754 3375 v,
1784 3307 1907 3381 2-9)
1929 3351 1942 3376 ,
1978 3310 2071 3381 qui

484 3402 541 3453 et
564 3392 653 3450 hic
678 3396 859 3452 turbas
880 3395 949 3453 de
976 3397 1209 3471 quinque
1236 3400 1461 3470 panibus
1487 3401 1650 3470 pavit.
1675 3397 1808 3454 Nam
1837 3409 1890 3455 et
1910 3416 2072 3472 super

483 3483 667 3543 fenum
697 3486 1143 3547 discumbebant:
1173 3490 1458 3545 carnaliter
1494 3506 1621 3561 ergo
1660 3491 1970 3563 sapicbant,
2016 3501 2073 3555 et

483 3575 539 3632 in
576 3578 881 3635 carnalibus
908 3578 1272 3650 quiescebant.
1306 3580 1490 3637 Omnis
1535 3581 1675 3635 enim
1715 3596 1841 3636 caro
1886 3582 2066 3637 fenum

486 3665 638 3743 (Isai.
669 3686 771 3740 ιι,
804 3667 883 3744 6).
922 3669 1053 3740 Quae
1089 3679 1216 3727 sunt
1248 3680 1427 3727 autem
1469 3670 1555 3728 illa
1593 3671 1920 3745 fragmenta,
1966 3674 2069 3729 nisi

482 3777 602 3834 qua:
645 3763 874 3835 pepulus
920 3780 1029 3821 non
1073 3765 1246 3836 potuit
1292 3765 1652 3821 manducare?
1702 3767 2070 3837 intelliguntur

482 3870 612 3926 ergo
640 3856 883 3928 quaedam
913 3860 1201 3914 secretiora
1227 3859 1610 3930 intelligentiae,
1638 3876 1757 3930 qua:
1787 3862 2068 3918 multitudo

479 3961 588 4003 non
610 3956 789 4018 potem
804 3965 1017 4023 capere.
1040 3948 1180 4019 Quid
1199 3966 1327 4022 ergo
1351 3958 1534 4020 restat,
1565 3950 1665 4005 nisi
1696 3959 1754 4006 ut
1782 3953 2067 4011 secretiora

483 4036 845 4109 intelligentiae
863 4080 879 4107 ,
909 4056 1028 4111 qua:
1056 4056 1165 4096 non
1193 4049 1366 4112 potest
1394 4056 1587 4114 capere
1615 4043 1929 4114 multitudo,
1959 4045 2066 4102 illis

481 4128 767 4183 credantur
792 4129 884 4201 qui
910 4129 1086 4187 idonei
1116 4140 1242 4186 sunt
1264 4140 1319 4187 et
1345 4132 1481 4187 alios
1507 4132 1720 4198 docere,
1753 4135 1891 4191 sicut
1911 4144 2068 4192 erant

481 4217 757 4289 Apostoli?
783 4219 935 4277 Unde
962 4221 1241 4277 duodecim
1280 4223 1494 4296 cophini
1534 4226 1735 4296 impleti
1774 4236 1916 4283 sunt.
1959 4227 2066 4284 Fa-

480 4319 623 4365 ctum
647 4321 730 4367 est
751 4310 856 4370 hoc
872 4321 925 4369 et
946 4313 1283 4384 mirabiliter,
1309 4316 1432 4387 quia
1455 4332 1705 4389 maguum
1730 4317 1926 4375 factum
1951 4328 2063 4388 est;

481 4410 537 4458 et
565 4403 783 4473 utiliter,
814 4404 937 4476 quia
963 4406 1237 4477 spiritualc
1262 4405 1458 4463 factum
1486 4415 1587 4465 est.
1629 4410 1731 4477 Qui
1762 4419 1887 4466 tunc
1918 4412 2064 4467 vide-

479 4503 636 4563 runt,
676 4494 922 4552 admirati
963 4507 1126 4554 sunt:
1156 4512 1255 4555 nos
1295 4509 1471 4555 autem
1516 4516 1620 4555 non
1656 4501 1913 4559 miramur
1942 4519 2063 4562 cum

479 4587 745 4645 audimus.
772 4586 996 4647 Factum
1026 4600 1108 4648 est
1134 4592 1278 4651 enim
1307 4602 1365 4648 ut
1392 4592 1468 4648 illi
1492 4593 1767 4663 viderent,
1807 4596 2064 4669 scriptum

478 4691 564 4739 est
581 4691 757 4739 autem
778 4692 836 4740 ut
857 4701 957 4741 nos
979 4684 1305 4742 audiremus.
1329 4685 1481 4755 Quod
1509 4689 1560 4741 in
1588 4687 1692 4743 illis
1716 4689 1852 4744 oculi
1879 4690 2064 4747 value-

478 4784 637 4844 runt,
680 4775 785 4832 hoc
825 4776 881 4834 in
918 4778 1073 4834 nobis
1102 4778 1253 4836 ﬁdes.
1296 4776 1581 4836 Cernimus
1617 4781 1813 4854 quippe
1850 4782 2061 4852 animo,

476 4869 617 4942 quod
657 4869 828 4931 oculis
862 4886 970 4928 non
1007 4872 1277 4945 potuimus
1314 4891 1328 4929 :
1370 4882 1425 4931 et
1462 4874 1663 4945 praelati
1705 4890 1889 4930 sumus
1927 4876 2060 4946 illis,

477 4975 731 5036 quoniam
760 4964 829 5025 de
856 4966 1010 5023 nobis
1043 4967 1244 5024 dictum
1278 4976 1389 5036 est,
1431 4965 1579 5023 Beati
1610 4967 1698 5039 qui
1732 4985 1834 5024 non
1860 4969 2061 5041 vident,

478 5066 525 5113 et
556 5059 768 5115 credam
791 5057 971 5134 (Joan.
1011 5077 1080 5115 xx
1099 5103 1115 5127 ,
1146 5061 1261 5133 29).
1300 5061 1454 5117 Addo
1488 5072 1666 5117 autem
1695 5062 1816 5134 quia
1847 5061 1985 5120 forte
2010 5072 2065 5121 et

478 5150 840 5211 intelleximus
879 5153 1021 5229 quod
1058 5155 1149 5211 illa
1187 5155 1338 5212 turba
1376 5171 1480 5211 non
1519 5154 1799 5211 intellexit.
1840 5156 1906 5210 Et
1937 5171 2065 5213 vere

475 5259 575 5303 nos
603 5247 739 5317 pasti
765 5262 983 5318 sumus,
1025 5248 1116 5322 qui
1151 5246 1222 5306 ad
1250 5248 1537 5306 medullam
1568 5247 1754 5305 hordei
1783 5249 2064 5325 pervenire

476 5339 765 5409 potuimus.

550 5429 602 5484 7.
646 5430 887 5539 Denique
940 5429 1186 5538 homines
1229 5430 1308 5486 illi
1360 5432 1449 5504 qui
1496 5432 1740 5488 viderunt
1778 5432 1907 5500 hoc,
1935 5433 2073 5539 quia

476 5524 835 5596 putaverunt?
859 5521 985 5593 Illi,
1017 5522 1219 5596 inquit,
1260 5525 1485 5581 homines
1514 5543 1626 5580 cum
1654 5527 1889 5581 vidissent
1926 5521 2081 5600 quod‘.

477 5616 664 5685 fecerat
703 5616 938 5688 signum,
978 5616 1246 5685 dicebant,
1276 5616 1407 5684 Quia
1449 5616 1528 5671 hic
1563 5626 1634 5671 est
1661 5634 1771 5673 vere
1795 5618 2060 5691 propheta.

474 5706 639 5771 Forte
660 5707 835 5768 adhuc
860 5708 981 5765 ideo
1002 5708 1273 5766 Christum
1301 5710 1609 5784 prophetam
1637 5711 1912 5783 putabant,
1940 5712 2063 5784 quia

475 5816 641 5887 super
671 5801 862 5883 fenum
882 5801 1281 5871 discubuerant.
1316 5804 1451 5875 Erat
1481 5815 1657 5868 autem
1686 5805 1778 5864 ille
1810 5808 2062 5867 Dominus

1430 331 1501 392 1N
1532 330 1811 391 mamma
1842 323 2309 395 manumanu,
2350 323 2411 383 s.
2456 298 2824 386 suavem

3639 331 3778 392 {596

2192 438 2579 511 PrOphetarum
2598 481 2614 510 ,
2661 439 2910 512 impletur
2947 439 3371 514 Prophetarum,
3412 442 3772 503 sanctiﬁcator

2191 531 2600 604 Prophetarum,
2628 532 2721 589 sed
2747 543 2799 590 et
2828 533 3083 605 propheta
3112 554 3125 592 :
3154 552 3275 593 nam
3301 544 3355 593 et
3378 536 3774 610 Moysi-dictum

2193 632 2306 692 est,
2336 624 2603 681 Suscitabo
2631 624 2702 680 eis
2730 625 3025 699 prophetam
3052 628 3265 683 similem
3294 629 3387 683 tui.
3416 628 3656 687 Similem
3688 648 3775 689 se-

2188 716 2421 773 cundum
2448 733 2661 774 carnem
2682 759 2698 787 ,
2743 733 2851 773 non
2888 719 3179 776 secundum
3224 720 3575 791 majestatem.
3610 723 3675 778 Et
3706 724 3774 781 de

2188 808 2307 880 ipso
2336 809 2549 865 Christo
2598 809 2743 865 illam
2781 809 2991 865 Domini
3024 813 3429 882 promissionem
3456 813 3652 871 habere
3680 816 3765 870 in~

2189 901 2483 972 tellectum,
2513 911 2697 974 aperte
2730 903 2785 959 in
2817 903 3035 960 Actibus
3068 906 3443 977 Apostolorum
3486 911 3769 979 exponitur

2180 1006 2243 1053 et
2269 997 2461 1070 legitur
2485 996 2662 1068 (Deut.
2690 1014 2817 1054 xvrn
2836 1040 2851 1066 ,
2884 998 2982 1066 18;
3011 997 3126 1053 Act.
3162 1016 3262 1064 vn,
3285 1000 3399 1075 57).
3428 1002 3494 1057 Et
3520 1002 3639 1072 ipse
3659 1003 3766 1059 Do-

2185 1089 2363 1144 minus
2384 1088 2452 1144 de
2479 1104 2537 1145 se
2565 1090 2671 1160 ait,
2700 1087 2823 1146 Non
2847 1101 2921 1146 est
2949 1092 3197 1164 propheta
3220 1092 3328 1147 sine
3352 1093 3559 1161 honore,
3592 1094 3691 1148 nisi
3716 1094 3769 1149 in

2185 1180 2353 1252 patria
2377 1198 2473 1238 sua
2501 1180 2678 1253 (Joan.
2708 1200 2778 1252 tv,
2812 1183 2923 1254 44).
2953 1184 3217 1256 Propheta
3245 1184 3519 1251 Dominus,
3552 1195 3606 1241 et
3632 1185 3769 1241 Ver-

2184 1271 2310 1328 bum
2338 1273 2431 1329 Dei
2456 1275 2731 1341 Dominus,
2760 1284 2815 1331 et
2840 1276 3017 1331 nullus
3037 1278 3296 1347 propheta
3324 1278 3439 1333 sine
3471 1277 3647 1333 Verbo
3673 1278 3766 1334 Dei

2183 1364 2503 1434 prophetat:
2535 1381 2655 1421 cum
2680 1365 2963 1437 Prophetis
2990 1367 3221 1424 Verbum
3255 1369 3348 1424 Dei
3373 1412 3387 1433 ,
3428 1380 3481 1425 et
3507 1369 3768 1440 propheta

2184 1452 2417 1511 Verbum
2455 1456 2570 1514 Dei.
2617 1455 2921 1514 Meruerunt
2965 1459 3140 1531 priora
3189 1471 3426 1531 tempora
3471 1460 3769 1532 Prophetas

2182 1546 2422 1618 amatos,
2458 1562 2512 1606 et
2547 1551 2794 1621 impletos
2819 1551 2997 1608 Verbo
3024 1552 3116 1607 Dei
3149 1570 3161 1606 :
3190 1554 3484 1609 meruimus
3512 1568 3609 1609 nos
3638 1569 3768 1623 pro-

2182 1639 2399 1711 phetam
2427 1642 2599 1714 ipsum
2622 1644 2853 1700 Verbum
2875 1644 2991 1700 Dei.
3014 1644 3103 1701 Sic
3128 1655 3304 1701 autem
3329 1646 3581 1717 propheta
3607 1644 3767 1701 Chri-

2182 1744 2296 1789 stus
2314 1776 2328 1800 ,
2354 1736 2610 1791 Dominus
2638 1737 3024 1807 Drephetarum
3044 1755 3058 1803 ;
3082 1738 3217 1793 sicut
3241 1737 3459 1809 angelus
3486 1736 3729 1794 Christus
3746 1779 3764 1805 ,

2181 1826 2437 1884 Dominus
2475 1830 2821 1902 Angelorum.
2860 1830 2994 1888 Nam
3033 1842 3087 1887 et
3130 1831 3245 1902 ipse
3277 1831 3449 1887 dictus
3477 1842 3560 1889 est
3589 1830 3766 1904 magni

2181 1923 2389 1979 consilii
2418 1925 2649 1995 Angelus
2681 1923 2832 2000 (Isai.
2859 1942 2943 1992 tx,
2967 1924 3022 1994 6,
3044 1942 3145 1980 sec.
3172 1924 3359 1998 LXX).
3386 1926 3766 1983 Verumtamen

2180 2014 2305 2070 alibi
2344 2015 2468 2087 quid
2510 2016 2640 2072 dicit
2680 2017 2977 2088 propheta?
3020 2017 3150 2085 Quia
3195 2033 3303 2073 non
3347 2018 3553 2091 legatus
3594 2034 3769 2091 neque

2180 2106 2419 2177 angelus,
2447 2108 2541 2163 sed
2566 2109 2679 2180 ipse
2708 2110 2929 2165 veniens
2957 2111 3131 2165 salvos
3153 2109 3311 2165 faciet
3336 2126 3430 2166 eos
3455 2108 3567 2184 (Id.
3602 2127 3762 2179 xxxv,

2179 2198 2235 2269 4)
2265 2215 2278 2252 :
2311 2196 2363 2252 id
2393 2207 2503 2267 est,
2534 2199 2601 2254 ad
2627 2201 2802 2255 salvos
2839 2217 2932 2257 eos
2962 2200 3234 2257 faciendos
3268 2218 3371 2256 non
3407 2202 3581 2257 mittet
3618 2202 3765 2273 lega-

2182 2299 2324 2358 tum,
2368 2310 2472 2347 non
2501 2294 2675 2348 mittet
2702 2295 2946 2365 angelum
2969 2337 2983 2361 ,
3020 2294 3115 2350 sed
3144 2294 3320 2350 veniet
3348 2294 3482 2365 ipse.
3515 2294 3645 2362 Quis
3673 2310 3766 2350 ve-

2179 2382 2331 2438 niet?
2362 2384 2477 2453 ipse
2506 2385 2747 2455 angelus.
2778 2386 2936 2441 Certe
2962 2402 3065 2441 non
3096 2402 3190 2456 per
3215 2387 3481 2457 angelum,
3514 2386 3612 2442 nisi
3643 2387 3764 2457 quia

2179 2477 2281 2533 iste
2301 2478 2375 2532 sic
2395 2481 2634 2549 angelus,
2653 2481 2889 2535 utetiam
2912 2481 3168 2535 Dominus
3187 2480 3527 2551 Angelorum.
3550 2479 3764 2535 Etenim

2179 2571 2369 2641 Angeli
2406 2570 2572 2626 latine
2610 2571 2780 2626 nuntii
2823 2580 2964 2627 sunt.
3005 2573 3061 2629 Si
3099 2572 3342 2629 Christus
3385 2572 3515 2628 nihil
3554 2590 3765 2628 annun-

2181 2664 2368 2730 tiaret,
2396 2664 2615 2734 angelus
2644 2678 2748 2719 non
2779 2664 3047 2719 diceretur
3074 2683 3086 2719 :
3117 2665 3159 2720 si
3186 2662 3427 2720 Christus
3466 2664 3597 2719 nihil
3635 2680 3762 2736 pro-

2179 2750 2443 2823 pltetaret,
2470 2755 2729 2826 propheta
2756 2771 2863 2811 non
2891 2756 3176 2812 diceretur.
3206 2757 3529 2813 Exhortatus
3557 2766 3639 2811 est
3666 2771 3766 2812 nos

2178 2844 2246 2901 ad
2276 2845 2454 2913 fidem,
2480 2855 2534 2902 et
2556 2847 2621 2902 ad
2646 2847 3024 2919 capessendam
3054 2849 3215 2903 vitam
3243 2858 3496 2905 teternam
3525 2866 3538 2903 :
3567 2847 3765 2919 aliquid

2179 2954 2418 3009 prtesens
2441 2941 2792 3008 annuntiavit,
2822 2942 3019 3012 aliquid
3046 2941 3279 2996 futurum
3304 2941 3548 3011 prtedixit
3572 2959 3585 2995 :
3608 2958 3673 2996 ex
3698 2956 3764 2997 co

2178 3031 2323 3103 quod
2353 3049 2588 3104 praesens
2614 3034 2944 3089 annuntiavit
2962 3074 2977 3102 ,
3006 3035 3224 3105 angelus
3252 3041 3367 3090 erat
3393 3052 3406 3097 ;
3437 3050 3501 3089 ex
3529 3050 3594 3090 eo
3624 3032 3764 3105 quod

2179 3122 2411 3178 futurum
2438 3124 2698 3194 praedixit,
2729 3125 2985 3196 propheta
3011 3133 3126 3181 erat
3150 3144 3162 3179 :
3185 3139 3253 3181 ex
3278 3127 3343 3180 eo
3367 3123 3506 3195 quod
3530 3121 3763 3180 Verbum

2178 3216 2272 3273 Dei
2299 3232 2423 3271 caro
2448 3218 2644 3274 factum
2672 3227 2795 3288 est,
2834 3226 2891 3275 et
2928 3220 3251 3291 Angelorum
3294 3227 3348 3274 et
3375 3216 3761 3289 Prophetarum

2177 3307 2433 3366 Dominus
2458 3320 2591 3366 crat.

2659 3443 3071 3505 TRACTATUS
3107 3442 3279 3500 XXV.

2176 3556 2253 3611 Ab
2271 3573 2330 3610 eo
2346 3557 2483 3629 quod
2504 3557 2751 3628 scriptum
2767 3566 2849 3645 με
2867 3599 2882 3624 ,
2913 3557 3072 3612 Jesua
3114 3570 3241 3628 ergo
3268 3572 3392 3612 cum
3426 3555 3763 3628 cognovisset

2245 3650 2391 3721 quod
2418 3651 2691 3706 venissent
2708 3659 2768 3707 ut
2781 3660 3034 3721 raperent
3054 3666 3177 3707 eum
3197 3667 3213 3717 ;
3235 3666 3391 3722 usque
3407 3652 3475 3705 ad
3488 3651 3561 3717 id,
3578 3651 3646 3706 Et
3661 3664 3764 3721 ego

2244 3741 2582 3797 resuscitabo
2597 3757 2724 3798 eum
2744 3743 2798 3798 in
2816 3741 3224 3798 novissimodie.
3247 3740 3455 3813 Capri,
3474 3743 3512 3815 γ
3533 3780 3550 3798 .
3573 3743 3756 3799 ili-.54.

2247 3855 2310 3914 1.,
2349 3854 2665 3912 ilesternam
2709 3871 2780 3913 ex
2821 3854 3110 3927 Evangelio
3161 3855 3477 3924 lectionem,
3528 3855 3625 3910 ista
3675 3862 3762 3910 est

2173 3945 2432 4002 hodierna
2458 3964 2577 4019 quae
2602 3948 2859 4018 sequitur,
2901 3946 3041 4003 unde
3073 3947 3363 4003 hodiernus
3390 3961 3567 4002 sermo
3592 3945 3762 4001 debe-

2174 4046 2277 4093 tur.
2305 4037 2468 4094 Facto
2494 4039 2586 4094 illo
2616 4039 2894 4106 miraculo,
2923 4040 3013 4096 ubi
3032 4039 3267 4112 quinque
3293 4038 3459 4095 millia
3485 4038 3759 4094 heminam

2171 4130 2240 4186 de
2264 4131 2497 4202 quinque
2524 4131 2746 4201 panibus
2769 4130 2910 4202 pavit
2931 4130 3108 4201 Jesus,
3135 4146 3255 4187 cum
3285 4130 3560 4186 admirata
3580 4134 3762 4186 essent

2173 4221 2362 4288 turbae,
2387 4231 2441 4277 et
2460 4237 2582 4278 eum
2603 4238 2853 4293 magnum
2881 4220 3201 4293 Prophetam
3232 4222 3469 4279 dicerent
3496 4223 3585 4294 qui
3613 4221 3761 4278 venit

2172 4313 2227 4367 in
2257 4313 2537 4383 mundum,
2563 4313 2803 4385 sequitur
2822 4314 2924 4369 hoc
2950 4333 2963 4369 :
2990 4312 3145 4371 Iesus
3167 4331 3286 4386 ergo
3311 4332 3427 4370 cum
3450 4316 3762 4388 cognovisset

2170 4406 2290 4476 quia
2315 4415 2549 4461 venerant
2575 4415 2629 4460 ut
2655 4416 2891 4478 raperent
2916 4424 3029 4462 eum
3050 4450 3063 4476 ,
3096 4418 3142 4463 et
3170 4412 3392 4479 facerent
3420 4422 3534 4463 eum
3558 4424 3755 4481 regem,
3832 4406 3845 4415 ’

2170 4496 2301 4568 fugit
2330 4497 2509 4551 iterum
2534 4498 2587 4552 in
2615 4509 2830 4553 montem
2858 4498 2967 4570 ipse
2999 4500 3156 4554 solus.
3192 4498 3356 4555 Datur
3381 4514 3507 4572 ergo
3536 4500 3759 4571 intelligi

2170 4588 2313 4661 quod
2343 4589 2601 4645 Dominus
2636 4605 2757 4645 eum
2786 4590 3001 4647 sederet
3026 4592 3080 4647 in
3110 4602 3291 4649 monte
3326 4606 3447 4648 cum
3485 4591 3759 4665 discipulis

2170 4682 2314 4749 suis,
2350 4692 2404 4739 et
2436 4684 2641 4739 videret
2675 4684 2857 4739 turbas
2884 4685 2950 4740 ad
2979 4700 3036 4740 se
3063 4687 3369 4753 venientes,
3410 4684 3761 4742 descenderat

2170 4774 2239 4832 de
2264 4786 2465 4842 monte,
2490 4785 2545 4832 ct
2567 4777 2707 4832 circa
2730 4776 2982 4833 inferiora
3011 4767 3131 4833 loca
3153 4778 3334 4832 turbas
3362 4785 3596 4848 paverat.
3623 4774 3756 4831 Nam

2169 4870 2439 4940 quomodo
2466 4867 2579 4924 ﬁeri
2610 4877 2784 4939 potest
2809 4877 2865 4924 ut
2891 4882 3074 4924 rursus
3099 4869 3224 4924 illuc
3249 4868 3475 4938 fugeret,
3504 4866 3606 4923 nisi
3632 4874 3759 4922 ante

2171 4958 2238 5017 de
2264 4970 2444 5016 monte
2472 4960 2862 5017 descenderet?
2888 4961 3160 5033 Significat
3188 4974 3315 5032 ergo
3340 4959 3537 5033 aliquid
3557 5002 3572 5029 ,
3612 4959 3757 5031 quod

2171 5053 2428 5109 Dominus
2446 5051 2514 5109 de
2533 5054 2639 5110 alto
2659 5048 2938 5111 descendit
2956 5054 3023 5111 ad
3042 5053 3336 5127 pascendas
3358 5054 3559 5111 turbas.
3584 5052 3755 5119 Pavit,

2169 5153 2224 5201 et
2250 5144 2509 5201 ascendit.

2238 5237 2291 5294 2.
2335 5238 2512 5307 Quare
2548 5247 2726 5295 autem
2765 5237 3038 5308 ascendit,
3078 5253 3201 5294 cum
3238 5239 3575 5312 cognovisset
3612 5237 3757 5311 quod

2168 5347 2291 5389 eum
2320 5332 2517 5389 vellent
2546 5349 2735 5404 rapere
2759 5341 2814 5389 et
2841 5348 3019 5405 regem
3044 5331 3261 5390 facere?
3284 5333 3421 5402 Quid
3448 5332 3625 5390 enim?
3647 5347 3754 5389 non

2167 5436 2283 5484 erat.
2317 5443 2441 5497 rex,
2487 5428 2575 5500 qui
2622 5426 2838 5483 timebat
2879 5424 2995 5482 ﬁeri
3030 5427 3159 5483 rex?
3193 5424 3325 5483 Erat
3359 5429 3578 5484 omnino
3610 5445 3623 5482 :
3654 5441 3757 5483 nec

2170 5521 2290 5575 talis
2316 5537 2410 5576 rex
2435 5522 2524 5592 qui
2550 5520 2616 5576 ab
2644 5519 2946 5575 hominibus
2973 5520 3156 5588 ﬁeret,
3187 5520 3283 5576 sed
3313 5520 3434 5576 talis
3460 5522 3550 5592 qui
3579 5521 3757 5576 homi-

2168 5614 2324 5669 nibus
2364 5630 2584 5685 regnum
2629 5614 2800 5669 daret.
2844 5613 3112 5686 Numquid
3154 5614 3293 5671 forte
3333 5626 3388 5671 et
3431 5615 3516 5671 hic
3557 5614 3759 5687 aliquid

2167 5707 2429 5780 signiﬁcat
2452 5707 2605 5763 nobis
2633 5705 2819 5777 Jesus,
2857 5709 3010 5779 cujus
3046 5708 3185 5765 facta
3222 5709 3382 5765 verba
3423 5710 3582 5766 sunt?
3614 5710 3759 5783 Ergo

2166 5798 2227 5865 in
2253 5798 2362 5891 hoc
2390 5799 2536 5876 quod
2560 5799 2846 5893 voluerunt
2875 5816 2999 5863 eum
3029 5817 3221 5878 rapere
3253 5809 3310 5864 et
3339 5818 3523 5875 regem
3550 5803 3753 5879 facere,
