4118 6492
355 377 495 438 1597

352 507 411 556 et
448 501 668 568 propter
705 489 810 547 hoc
846 485 979 562 fugit
1013 483 1070 539 in
1108 488 1344 538 utentem
1382 477 1497 549 ipse
1530 473 1709 568 solus,
1751 467 1936 568 hocin

352 562 673 646 iuo'taemm
705 589 871 646 tacet,
901 576 1032 632 nihil
1061 572 1316 644 loquitur,
1355 569 1483 626 nihil
1513 564 1811 637 signiﬁcat?
1852 562 1934 615 An

349 681 493 738 forte
519 677 622 732 hoc
649 683 762 731 erat
787 685 975 742 rapere
1013 682 1135 725 eum
1159 708 1175 735 ,
1218 662 1512 736 praevenire
1552 659 1688 713 velle
1724 666 1935 726 tempus

349 775 503 847 regni
531 771 681 844 ejus?
705 767 914 825 Etenim
942 771 1171 819 venerat.
1186 758 1375 824 modo,
1404 771 1510 810 non
1534 754 1643 824 jam
1673 763 1897 820 regnare
1915 787 1930 813 ,

349 842 622 942 quomodo
643 870 956 934 regnaturus
979 865 1062 913 est
1083 856 1136 910 in
1163 869 1226 908 eo
1253 849 1389 923 quod
1415 847 1659 908 dicimus,
1686 842 1932 896 Adueniet

345 934 562 1032 regnum
600 967 741 1011 tuum
769 951 983 1028 (Matth.
1023 965 1111 1016 vi,
1155 944 1268 1017 i0).
1317 943 1538 1012 Semper
1583 934 1931 1032 qnidemgille

344 1027 470 1109 enim
520 1053 676 1107 Patre
718 1027 907 1118 regnat
955 1040 1245 1098 secundum
1289 1035 1430 1106 quod
1471 1039 1556 1088 est
1593 1031 1756 1085 Filius
1802 1027 1926 1094 Dei,

343 1146 589 1201 Verbum
629 1143 758 1209 Dei,
807 1137 1041 1194 Verbum
1084 1149 1176 1204 per
1213 1129 1356 1202 quod
1400 1127 1538 1182 facta
1572 1133 1696 1180 sunt.
1729 1121 1925 1176 omnia.

339 1237 719 1295 Pratdixerunt
761 1239 938 1286 autem
982 1225 1263 1296 PrOpheta:
1309 1234 1528 1290 regnum
1569 1216 1721 1285 ejus,
1767 1212 1928 1268 etiam

337 1327 640 1384 secundum
669 1325 720 1378 id
747 1322 889 1393 quod
919 1321 1078 1376 homo
1107 1318 1276 1372 factus
1305 1322 1388 1368 est
1414 1310 1688 1375 Christus,
1727 1315 1780 1363 et
1806 1305 1930 1360 fecit

337 1421 533 1477 ﬁdeles
568 1434 694 1476 suos
718 1416 1072 1472 Christianos.
1109 1411 1224 1467 Erit
1257 1423 1382 1478 ergo
1416 1420 1634 1475 regnum
1666 1399 1924 1458 Christia-

333 1528 538 1569 norum
557 1511 698 1583 quod
720 1509 878 1564 modo
901 1506 1183 1577 colligitur,
1213 1501 1355 1574 quod
1381 1499 1542 1555 modo
1564 1503 1922 1564 comparatur,

331 1606 484 1680 quod
524 1605 686 1661 modo
726 1605 918 1659 emitur
954 1600 1210 1670 sanguine
1237 1595 1432 1651 Christi
1463 1611 1478 1650 :
1509 1593 1609 1648 erit
1644 1587 1926 1660 aliquando

330 1698 680 1758 manifestum
707 1711 927 1767 regnum
954 1694 1069 1764 ejus
1087 1733 1103 1756 ,
1137 1689 1348 1760 quando
1375 1696 1556 1757 aperta
1583 1684 1687 1740 erit
1713 1683 1924 1738 claritas

329 1800 646 1846 sanctorum
694 1791 809 1857 ejus
850 1793 968 1856 post
1000 1785 1257 1854 judicium
1296 1781 1362 1837 ab
1403 1794 1469 1836 eo
1505 1777 1736 1841 factum;
1781 1773 1923 1844 quod

323 1883 594 1955 judicium
621 1898 778 1952 supra
803 1881 914 1952 ipse
941 1879 1073 1936 dixit
1093 1877 1235 1947 quod
1265 1875 1404 1930 ﬁlius
1429 1872 1659 1928 hominis
1689 1869 1923 1923 facturus

328 1976 408 2032 sit
429 1975 609 2044 (Joan.
635 1990 688 2038 ν,
712 1973 826 2041 9.2).
853 1973 926 2026 De
947 1985 1052 2040 quo
1075 1984 1239 2040 regno
1261 1968 1419 2021 etiam
1445 1963 1729 2034 Apostolus
1754 1960 1920 2014 dixit:

328 2065 461 2122 Cum
491 2065 758 2119 tradiderit
788 2080 996 2133 regnum
1024 2062 1132 2116 Deo
1170 2070 1216 2116 et
1257 2060 1405 2114 Patri
1442 2059 1484 2126 (l
1510 2056 1628 2113 Cor.
1667 2071 1764 2121 xv,
1802 2054 1919 2124 24).

328 2155 489 2214 Unde
530 2157 690 2212 etiam
727 2158 840 2226 ipse
879 2155 954 2210 ait
987 2173 1001 2210 :
1040 2152 1249 2218 Venite,
1286 2152 1528 2206 benedicti
1569 2149 1742 2203 Patris
1788 2149 1917 2214 mei,

326 2250 578 2322 pacipite
626 2266 833 2319 regnum
885 2247 1019 2318 quod
1069 2247 1206 2302 vobis
1261 2254 1493 2317 paratum
1545 2252 1618 2298 est
1667 2243 1728 2296 ab
1779 2241 1920 2296 initio

324 2343 514 2397 mundi
561 2341 772 2413 (Matth.
812 2356 952 2408 xxv,
993 2341 1108 2409 54).
1151 2338 1404 2408 Discipuli
1439 2346 1618 2392 autem
1659 2343 1714 2390 et
1754 2334 1921 2388 turbae

324 2435 619 2490 credentes
662 2435 716 2488 in
754 2449 908 2501 eum,
959 2441 1277 2503 putaverunt
1316 2431 1465 2486 illum
1505 2431 1582 2484 sic
1617 2429 1826 2484 venisse
1865 2436 1922 2483 ut

319 2528 437 2600 jam
470 2538 720 2598 regnaret
751 2546 765 2583 :
798 2527 902 2584 hoc
929 2537 1008 2582 est
1039 2527 1174 2582 velle
1201 2541 1388 2595 rapere
1415 2533 1469 2579 et
1497 2540 1675 2593 regem
1707 2526 1881 2577 facere
1900 2565 1916 2590 ,

323 2623 633 2693 praevenire
661 2623 798 2676 velle
829 2631 1034 2690 tempus
1063 2621 1206 2689 ejus,
1252 2618 1392 2690 quod
1427 2618 1540 2687 ipse
1573 2617 1709 2685 apud
1740 2632 1798 2670 se
1825 2631 1918 2669 oc-

320 2714 590 2778 cultabat,
619 2723 676 2768 ut
701 2723 999 2783 opportune
1028 2711 1299 2783 proderet,
1328 2720 1383 2767 et
1409 2718 1707 2782 opportune
1732 2710 1783 2763 in
1813 2709 1920 2764 [ine

320 2807 515 2865 saaculi
543 2807 864 2864 declararet.

401 2901 454 2955 '5.
497 2898 634 2954 Nam
670 2906 728 2953 ut
760 2897 1015 2953 noveritis
1040 2897 1161 2966 quia
1197 2911 1378 2966 regem
1409 2910 1529 2948 eum
1559 2893 1809 2948 volebant
1836 2891 1918 2947 fa-

321 3007 487 3060 cere,
528 2991 585 3046 id
623 3001 737 3058 est,
771 2990 1112 3056 antevenire,
1140 2997 1194 3043 et
1213 2989 1323 3057 jam
1355 2987 1551 3041 habere
1582 2985 1916 3039 manifestum

322 3084 532 3140 Christi
559 3098 818 3154 regnum,
861 3097 1017 3152 quem
1059 3082 1230 3150 primo
1263 3079 1535 3150 oportebat
1569 3077 1794 3147 judicari
1815 3117 1830 3142 ,
1865 3084 1919 3130 et

319 3177 530 3233 deinde
553 3176 796 3246 judicare
822 3193 835 3231 :
870 3175 955 3230 ubi
981 3174 1266 3229 cruciﬁxus
1288 3181 1394 3238 est,
1422 3180 1477 3226 et
1503 3172 1576 3226 illi
1602 3170 1690 3240 qui
1717 3170 1773 3223 in
1796 3183 1917 3224 eum

320 3269 643 3342 sperabant,
671 3283 822 3338 Spem
851 3267 1261 3324 resurrectionis
1288 3265 1402 3335 ejus
1429 3263 1794 3334 perdiderant,
1827 3278 1918 3317 re-

318 3375 560 3434 surgens
593 3375 627 3416 a
659 3359 886 3418 mortuis
919 3359 1122 3415 invenit
1164 3358 1288 3413 inde
1325 3356 1460 3411 duos
1503 3372 1624 3409 cum
1663 3355 1917 3424 despera-

320 3457 478 3512 tione
521 3456 624 3512 sibi
663 3456 1117 3518 sermocinanles,
1156 3463 1350 3508 etcum
1383 3451 1581 3522 gemitu
1616 3466 1734 3521 qua:
1770 3457 1917 3520 gesta

319 3549 546 3606 fuerant
575 3549 977 3619 colloquentes;
1021 3556 1076 3604 et
1112 3559 1376 3616 apparens
1404 3545 1482 3599 eis
1508 3543 1652 3598 velut
1677 3541 1916 3611 incogni-

320 3651 418 3699 tus
438 3685 456 3712 ,
485 3658 610 3698 eum
635 3643 773 3700 oculi
799 3658 987 3700 eorum
1022 3649 1332 3700 tenerentur
1365 3656 1434 3694 ne
1468 3638 1639 3694 abeis
1665 3650 1921 3706 agnosce-

320 3746 503 3803 retur,
552 3750 858 3794 sermonem
903 3735 1250 3791 tractantibus
1289 3733 1500 3788 miscuit
1547 3748 1559 3786 :
1595 3739 1650 3785 at
1684 3730 1755 3784 illi
1796 3743 1921 3782 nar-

321 3835 518 3882 rantes
551 3829 602 3883 ei
642 3828 782 3883 unde
821 3828 1329 3889 sermocinarcntur,
1374 3826 1625 3880 dixerunt
1669 3825 1788 3893 quia
1829 3822 1920 3878 ille

320 3937 558 3993 magnus
595 3921 858 3992 propheta
898 3922 950 3976 in
988 3920 1144 3977 factis
1186 3929 1242 3976 et
1277 3921 1432 3975 dictis
1468 3920 1678 3974 occisus
1720 3926 1859 3971 esset
1887 3932 1919 3972 a

320 4014 662 4085 principibus
687 4015 1054 4080 sacerdotum;
1083 4013 1149 4068 Et
1173 4031 1284 4082 nos,
1310 4013 1571 4084 inquiunt,
1595 4011 1921 4083 sperabamus

332 4110 460 4179 quia
485 4108 596 4181 ipse
619 4119 745 4164 esset
772 4110 1121 4182 redempturus
1148 4107 1314 4163 Israel
1352 4106 1502 4180 (Luc.
1531 4123 1676 4174 xxuv,
1710 4103 1915 4178 15-21).

321 4199 501 4256 Recte
536 4201 866 4271 sperabatis,
904 4218 1090 4257 verum
1133 4201 1434 4270 sperabatis
1463 4218 1474 4253 :
1502 4201 1554 4254 in
1592 4199 1680 4253 illo
1714 4207 1797 4253 est
1829 4213 1918 4253 re-

321 4294 571 4364 demptio
611 4295 792 4350 Israel.
834 4295 942 4351 Sed
987 4295 1113 4366 quid
1153 4293 1453 4350 festinatis?
1490 4276 1701 4363 Rapere
1737 4292 1916 4345 vultis.

322 4385 466 4442 Illud
493 4389 656 4443 etiam
686 4389 885 4444 indicat
912 4383 1064 4444 nobis
1090 4387 1233 4444 hune
1257 4404 1473 4443 sensum
1494 4429 1507 4453 ,
1553 4387 1674 4457 quia
1703 4402 1824 4441 cum
1853 4384 1920 4439 ab

323 4489 730 4550 eoquaarerent
753 4481 997 4552 discipuli
1025 4482 1092 4538 de
1120 4480 1243 4547 line,
1272 4481 1520 4536 dixerunt
1544 4481 1590 4533 ei
1619 4497 1633 4533 :
1663 4479 1721 4533 Si
1751 4479 1843 4532 hoc
1867 4478 1919 4532 in

325 4580 562 4642 tempore
575 4575 956 4644 prmentaberis
976 4575 1014 4641 ί,
1036 4584 1084 4630 et
1110 4575 1312 4644 (litando
1343 4591 1549 4644 regnum
1577 4571 1779 4626 Israel?
1803 4570 1919 4626 1am

324 4664 477 4721 enim
503 4679 625 4721 esse
651 4666 967 4736 cupiebant,
1007 4666 1114 4736 jam
1157 4667 1437 4730 volebant;
1485 4666 1588 4720 hoc
1621 4674 1698 4720 est
1731 4678 1920 4735 rapere

322 4757 490 4825 velle,
520 4769 579 4814 et
603 4774 782 4829 regem
811 4759 1007 4816 facere.
1041 4759 1145 4815 Sed
1173 4761 1246 4814 ait
1273 4759 1563 4829 discipulis,
1596 4759 1718 4829 quia
1748 4759 1920 4813 adhuc

325 4847 482 4904 solus
506 4864 824 4907 ascensurus
852 4861 968 4907 erat
994 4871 1006 4907 :
1037 4852 1157 4907 Non
1177 4895 1191 4918 ,
1225 4853 1422 4923 inquit,
1453 4861 1524 4907 est
1552 4862 1767 4906 vestrum
1794 4852 1921 4907 scire

293 4951 562 5013 ,umpora
594 4947 670 5000 vel
696 4957 946 5002 montenta
965 4949 1008 5016 ’,
1053 4964 1166 5018 qute
1209 4947 1360 5001 Pater
1401 4948 1565 5018 posuit
1603 4948 1654 5001 in
1695 4963 1789 5001 sua
1829 4963 1920 5018 po-

325 5043 508 5094 ιωαιι
534 5053 557 5093 :
581 5039 672 5094 sed
694 5039 949 5111 accipietis
976 5041 1201 5094 virtutem
1238 5057 1300 5094 ea:
1341 5039 1442 5093 alto
1462 5082 1476 5104 ,
1520 5039 1770 5110 Spiritum
1797 5055 1918 5092 san-

327 5140 470 5187 ctum
489 5134 916 5204 upuuenientem
942 5133 964 5166 ³
986 5135 1039 5187 in
1064 5149 1169 5202 vos,
1200 5141 1244 5188 et
1273 5133 1408 5186 eritis
1436 5133 1557 5185 mihi
1587 5142 1730 5186 testes
1751 5132 1802 5186 in
1826 5130 1918 5184 Je-

327 5227 576 5298 rusalem,
600 5237 648 5282 et
674 5228 726 5284 in
753 5229 892 5283 omni
915 5227 1100 5282 Iudaea
1121 5239 1166 5282 et
1189 5227 1447 5296 Samaria,
1471 5237 1518 5282 et
1538 5243 1692 5298 usque
1716 5228 1769 5280 in
1795 5226 1919 5296 fines

392 5407 414 5471 ξ
433 5413 491 5457 m
712 5405 770 5471 psi
787 5406 841 5471 in
861 5405 949 5458 hoc
964 5411 1176 5471 tmpore
1193 5403 1522 5471 prasentabis.
1538 5404 1632 5471 sed
1655 5403 1921 5471 legendum

327 5473 384 5517 ut
405 5470 456 5519 in
478 5477 608 5536 Mss,
632 5469 681 5520 si
702 5469 789 5536 hoc
813 5469 864 5520 in
885 5467 1112 5536 tempore
1130 5467 1510 5536 prazsentaberis.
1543 5467 1776 5536 sieAeuim
1799 5470 1922 5525 intra

328 5537 483 5594 met.
513 5531 645 5581 101ιι
669 5534 812 5594 Epist.
838 5529 990 5591 λοξυμ,
1016 5547 1065 5581 n.
1090 5529 1141 5582 9.’
1167 5532 1297 5580 Unde
1334 5532 1382 5579 in
1408 5537 1556 5579 Tract.
1579 5529 1668 5594 γιοι
1699 5531 1745 5580 in
1769 5539 1920 5583 Evan-

329 5593 516 5655 gelium
549 5593 714 5658 toan,
731 5611 780 5644 n.
805 5595 836 5642 4
860 5610 872 5645 :
902 5614 920 5642 α
948 5597 1297 5658 interrogatus,
1320 5595 1409 5658 ait,
1434 5593 1622 5658 quando
1654 5605 1920 5656 praesenta-

330 5664 468 5730 retur
488 5677 512 5704 ι
547 5657 607 5718 [si
629 5658 718 5730 [ioc
737 5658 788 5709 in
810 5664 1018 5722 tempore
1039 5655 1390 5730 pt‘tésenldbi-ii-

329 5722 412 5834 ut;
428 5717 698 5780 Mss.,seir-e
708 5717 924 5786 tempora
940 5717 1051 5786 qua!
1059 5729 1204 5775 pater
1219 5717 1377 5783 portet
1392 5731 1413 5782 ;
1433 5718 1631 5782 omisso,
1647 5719 1718 5772 uti
1735 5717 1918 5786 solent,

389 5844 688 5923 introisse
712 5845 890 5912 Spiritu
910 5850 1073 5900 sancto
1090 5841 1462 5923 supenrergente.

1484 347 1895 412 TRACTATUS
1927 343 2098 405 XIV.
2136 348 2363 415 CAPUT
2400 354 2489 415 γι,

2043 471 2188 520 terr-te
2223 467 2357 538 (Act.
2389 485 2442 538 ι,
2472 471 2611 545 6-8).
2644 467 2816 536 Vultis
2840 485 2897 544 ut
2915 475 3029 549 jam
3359 501 3616 558 regnum;

2040 558 2185 625 prius
2223 561 2462 632 colligam
2496 565 2637 635 quod
2675 567 2956 632 exhibeam
2985 588 2998 632 ἱ
3028 571 3364 637 altitudinem
3401 581 3612 650 amatis,

2039 661 2095 706 et
2115 653 2446 711 altitudinem
2471 658 2865 730 adipiscemini;
2895 663 2992 728 sed
3021 680 3115 736 per
3139 665 3494 729 humilitatem
3526 688 3613 729 me

2037 745 2340 818 sequimini.
2377 749 2466 805 Sic
2497 750 2565 806 de
2598 753 2688 808 illo
2721 754 2881 816 etiam
2909 757 3221 826 [indictum
3248 771 3368 830 est.
3393 763 3458 822 Et
3482 781 3613 822 cors-

2035 838 2258 908 gregatio
2295 840 2594 909 papulorum
2621 844 2946 912 circumdabit
2971 857 3050 916 te,
3086 859 3135 910 et
3167 864 3375 923 propter
3401 855 3532 912 bene
3557 858 3610 914 in

2035 927 2193 981 altum
2216 931 2474 1001 regredere
2499 932 2669 1003 (1)εαί.
2697 952 2788 1006 vn,
2821 935 2911 1010 8);
2937 939 2991 997 id
3017 950 3130 1009 est,
3162 954 3218 1005 ut
3241 945 3534 1012 circumdet
3559 956 3612 1006 te

2035 1024 2368 1095 congregatio
2396 1028 2731 1098 populorum,
2764 1042 2819 1088 ut
2843 1033 3038 1096 multos
3061 1037 3299 1108 colligas,
3320 1041 3611 1111 ruredore

1963 1113 1980 1125 ‘
2033 1112 2087 1167 in
2115 1114 2300 1168 altum.
2335 1116 2422 1170 Sic
2447 1115 2602 1184 fecit;
2633 1122 2794 1190 pavit,
2826 1131 2881 1180 et
2904 1127 3162 1190 ascendit.

2102 1202 2152 1256 4.
2195 1203 2370 1270 Quare
2409 1216 2580 1262 autem
2617 1209 2814 1268 dictum
2853 1223 2937 1270 est
2947 1257 2968 1284 ,
3008 1219 3180 1288 fugit?
3223 1218 3408 1290 Neque
3463 1221 3607 1281 enim

2033 1307 2155 1348 vere
2189 1295 2232 1348 si
2273 1297 2439 1352 nollet
2481 1307 2770 1370 teneretur,
2804 1304 2848 1359 si
2882 1307 3044 1362 nollet
3086 1317 3381 1378 raperetur.
3424 1313 3517 1382 qui
3562 1316 3610 1371 si

2031 1388 2195 1443 nollet
2228 1405 2326 1445 nec
2368 1405 2762 1464 agnosceretur.
2805 1397 2938 1453 Nam
2980 1408 3036 1458 ut
3061 1403 3316 1464 noveritis
3351 1404 3456 1466 hoc
3485 1423 3609 1478 my.-

2031 1480 2161 1535 sticc
2192 1481 2386 1538 factum
2412 1526 2426 1552 ,
2455 1502 2561 1541 non
2582 1503 2645 1542 ex
2675 1491 2992 1548 necessitate
3013 1535 3027 1560 ,
3056 1494 3150 1557 sed
3178 1511 3244 1556 ex
3271 1497 3606 1564 signiﬁcante

2029 1571 2404 1642 dispositione,
2455 1577 2614 1634 modo
2661 1579 2714 1633 in
2759 1585 3104 1653 consequenti
3156 1586 3435 1653 videbitis;
3483 1591 3607 1660 quia

2029 1665 2228 1719 eisdem
2289 1668 2454 1724 turbis
2515 1688 2632 1742 quae
2680 1688 2804 1730 eum
2852 1677 3158 1746 quaerebant
3208 1682 3450 1750 apparuit
3486 1725 3502 1748 ,
3551 1693 3610 1741 et

2027 1771 2148 1812 cum
2201 1759 2280 1814 eis
2321 1759 2542 1832 loquens
2589 1765 2752 1820 multa
2790 1767 2869 1824 eis
2917 1768 3082 1837 dixit,
3133 1772 3298 1830 multa
3353 1773 3421 1830 de
3469 1789 3604 1843 pauo

2027 1849 2230 1904 C(Blesti
2277 1851 2602 1921 disputavit:
2635 1871 2812 1912 nonne
2852 1873 2971 1912 cum
3007 1859 3138 1928 ipsis
3187 1860 3255 1920 de
3307 1877 3442 1931 pane
3491 1863 3604 1921 dis-

2026 1951 2219 2010 putans
2281 1953 2436 2010 erat,
2478 1961 2508 2000 a
2567 1946 2758 2016 quibus
2827 1964 2896 2004 ne
2953 1959 3222 2006 teneretur
3286 1954 3608 2023 aufugerat?

2025 2033 2142 2090 Non
2181 2051 2306 2107 ergo
2347 2048 2398 2092 et
2431 2047 2554 2095 tunc
2581 2049 2786 2112 poterat
2817 2058 2975 2111 agere
3012 2052 3072 2098 ut
3111 2061 3215 2102 non
3255 2046 3323 2107 ab
3346 2046 3429 2108 eis
3460 2061 3608 2105 corn-

2025 2127 2471 2197 prehenderetur,
2516 2133 2960 2202 quemadmodum
2998 2147 3181 2205 postea
3230 2137 3443 2207 quando
3479 2154 3603 2198 cum

2025 2220 2103 2274 eis
2150 2222 2497 2291 loquebatur?
2538 2222 2749 2296 Aliquid
2800 2242 2926 2297 ergo
2971 2227 3286 2298 signiﬁcavit
3325 2229 3600 2300 fugienda.

2024 2311 2159 2381 Quid
2204 2324 2303 2381 est,
2343 2318 2509 2389 fugit?
2543 2318 2658 2372 Non
2701 2319 2874 2389 potuit
2922 2319 3143 2391 intelligi
3195 2323 3417 2380 altitudo
3461 2323 3604 2393 eius.

2024 2404 2286 2475 Quidquid
2309 2407 2449 2460 enim
2477 2423 2580 2461 non
2599 2409 2944 2475 intellexeris,
2970 2410 3124 2480 Fugit
3142 2427 3249 2478 nte,
3279 2412 3435 2472 dicis.
3460 2413 3607 2485 Ergo

2023 2495 2153 2566 fugit
2175 2496 2355 2549 iterum
2380 2497 2431 2550 in
2463 2509 2678 2551 montem
2706 2499 2814 2567 ipse
2832 2497 2988 2553 solus.
3010 2500 3398 2571 Pritnogcnitus
3411 2518 3441 2555 a
3461 2519 3608 2562 ιιιωνν

2023 2587 2130 2640 tuis
2165 2585 2376 2658 (Coloss.
2404 2604 2440 2652 ι,
2470 2589 2558 2659 18)
2587 2589 2882 2644 ascendens
2909 2604 3070 2661 super
3097 2608 3290 2658 onines
3319 2594 3514 2662 emtas,
3552 2603 3609 2655 et

2023 2677 2368 2748 interpellans
2389 2697 2482 2750 pro
2503 2682 2654 2736 nobis
2681 2679 2854 2753 (Rom.
2881 2698 2994 2751 vin,
3019 2682 3132 2754 54).

2095 2771 2147 2825 5.
2172 2768 2376 2825 Interea
2408 2772 2499 2826 illo
2517 2787 2728 2826 sursum
2751 2773 2922 2842 posito
2949 2775 3062 2830 solo
3085 2774 3362 2834 sacerdote
3383 2792 3604 2847 magno.

2025 2861 2140 2933 (qui
2184 2864 2397 2918 intravit
2425 2865 2477 2918 in
2507 2865 2756 2918 interiora
2785 2865 2907 2928 veli,
2939 2865 3067 2929 toris
3096 2867 3292 2936 populo
3318 2869 3606 2930 constituto

2023 2952 2166 3008 hunc
2208 2955 2347 3008 enim
2388 2954 2637 3009 sacerdos
2666 2954 2755 3009 ille
2795 2954 2846 3008 in
2872 2955 3014 3026 Lege
3053 2957 3216 3018 veteri
3251 2958 3604 3034 signiﬁcavit,

2023 3048 2110 3118 qui
2134 3048 2234 3102 hoc
2261 3047 2424 3102 semel
2451 3049 2504 3102 in
2529 3064 2670 3103 anno
2697 3047 2919 3104 faciebat
2943 3046 3136 3120 [Hebr.
3168 3065 3251 3116 ix.
3279 3047 3443 3122 HM)
3469 3069 3483 3106 :
3510 3050 3605 3110 illo

2024 3155 2154 3210 ergo
2181 3155 2391 3193 sursum
2419 3141 2624 3209 posito,
2654 3139 2900 3209 discipuli
2925 3141 2977 3200 in
3009 3140 3249 3204 navicula
3278 3141 3402 3210 quid
3433 3141 3604 3212 patie-

2022 3233 2252 3290 bantur?
2277 3233 2406 3290 Nam
2431 3234 2524 3292 illo
2545 3234 2596 3288 in
2625 3233 2750 3296 altis
2773 3234 3082 3299 constituto,
3115 3233 3357 3293 navicula
3383 3233 3475 3295 illa
3497 3234 3604 3296 Ec-

2023 3327 2240 3384 clesiam
2282 3326 2654 3396 praesignabat.
2686 3325 2744 3382 Si
2783 3342 2890 3384 non
2933 3327 3036 3382 hoe
3071 3327 3241 3397 primo
3270 3327 3324 3382 in
3362 3327 3606 3388 Ecclesia

2023 3423 2386 3493 intelligimus,
2420 3421 2562 3492 quod
2589 3422 2676 3479 illa
2701 3421 2943 3478 navicula
2968 3421 3294 3492 patiebatur;
3318 3436 3426 3479 non
3452 3430 3608 3479 erant

2022 3515 2113 3572 illa
2135 3515 2504 3586 signiﬁcantia,
2527 3515 2621 3574 sed
2641 3515 2953 3583 simpliciter
2975 3515 3300 3576 transeunda
3323 3533 3338 3572 :
3359 3515 3407 3572 si
3426 3523 3609 3574 auum

2023 3609 2266 3665 videmus
2291 3607 2515 3677 exprimi
2541 3608 2592 3666 in
2627 3607 2867 3666 Ecclesia
2893 3607 3168 3665 veritatem
3195 3607 3409 3665 illarum
3433 3607 3608 3677 signi-

2022 3702 2356 3765 ﬁcationum;
2381 3700 2716 3760 manifestum
2742 3701 2977 3770 estquia
3011 3700 3148 3756 facta
3175 3697 3372 3756 Christi
3402 3714 3608 3769 genera

2023 3805 2146 3852 sunt
2164 3795 2512 3850 locutionum.
2548 3791 2613 3848 Ut
2633 3801 2802 3852 autem
2819 3808 2930 3851 sero
2956 3796 3148 3862 factum
3178 3800 3274 3858 est,
3295 3791 3488 3859 inquit,
3508 3791 3604 3847 de-

2023 3887 2320 3942 scenderunt
2341 3885 2576 3956 discipuli
2601 3885 2712 3956 ejus
2743 3884 2812 3943 ad
2844 3900 2984 3943 mare
3002 3899 3024 3939 :
3051 3892 3098 3941 et
3117 3900 3232 3940 cum
3263 3882 3610 3940 exaudierunt

2025 3981 2342 4047 naviculam,
2372 3985 2613 4034 venerunt
2643 3987 2783 4035 (rm
2808 3993 2948 4035 mare
2981 3977 3034 4034 in
3074 3976 3453 4048 Caphereum.
3485 3975 3606 4032 Cito

2025 4073 2160 4132 dixit
2188 4073 2396 4132 ﬁnitum
2423 4070 2563 4142 quod
2588 4079 2776 4142 postea
2813 4069 3013 4127 factum
3039 4078 3143 4125 est.
3179 4067 3432 4124 Venerunt
3463 4077 3608 4122 trm

2000 4175 2165 4221 ’mare
2194 4165 2246 4224 in
2275 4163 2654 4235 Capltarnaum.
2685 4161 2754 4217 Et
2785 4161 2958 4227 redit,
2987 4169 3046 4216 ut
3075 4168 3308 4230 exponat
3339 4158 3608 4229 quomodo

2023 4265 2305 4321 venerunt,
2337 4256 2458 4325 quia
2489 4269 2584 4324 per
2623 4262 2867 4324 stagnum
2899 4252 3212 4323 navigantes
3257 4251 3606 4308 transierunt.

2025 4351 2094 4408 Et
2117 4351 2240 4407 dum
2263 4350 2572 4418 navigarent
2594 4347 2661 4403 ad
2687 4363 2808 4406 eum
2827 4348 3005 4404 locum
3023 4361 3131 4416 quo
3148 4360 3241 4402 eos
3261 4344 3469 4401 venisse
3495 4343 3605 4412 jam

2024 4444 2176 4510 dixit,
2200 4443 2597 4512 recapitulando
2636 4441 2852 4510 exponit
2879 4438 3006 4509 quid
3043 4437 3296 4496 acciderit
3328 4455 3341 4492 :
3372 4435 3610 4493 Teneer

2015 4539 2130 4610 jam
2167 4541 2316 4608 facta
2357 4544 2530 4600 erant,
2557 4543 2605 4588 et
2651 4549 2752 4590 non
2773 4541 2974 4590 venerat
3000 4531 3068 4590 ad
3096 4547 3178 4585 eos
3205 4528 3377 4587 Iesus.
3417 4529 3607 4585 Merito

2025 4631 2282 4694 tenebrae,
2309 4629 2434 4699 quia
2479 4629 2568 4682 lnx
2611 4641 2721 4681 non
2761 4632 2979 4680 venerat
3007 4641 3024 4678 :
3048 4621 3284 4678 Tenebrae
3307 4621 3422 4692 jam
3455 4625 3607 4692 facta

2025 4731 2186 4787 eram,
2215 4731 2264 4776 et
2296 4738 2396 4778 non
2435 4726 2631 4777 uenerat
2672 4717 2741 4774 ad
2777 4733 2864 4773 eos
2899 4713 3071 4774 Iesus.
3100 4715 3364 4781 Quantum
3403 4710 3608 4770 accedit

2026 4815 2148 4875 ﬁnis
2185 4812 2407 4878 mundi,
2459 4819 2704 4874 crescunt
2741 4823 2952 4866 errores
2970 4849 2984 4874 ,
3041 4807 3387 4862 crebrescunt
3433 4813 3604 4858 terro-

2025 4924 2144 4976 res,
2190 4907 2382 4963 crescit
2425 4905 2695 4975 iniquitas,
2739 4903 2932 4960 crescit
2969 4901 3252 4956 inﬁdelitas
3284 4897 3415 4954 :lux
3453 4893 3605 4950 deni-

2025 5016 2129 5072 que
2167 5014 2286 5069 qute
2319 4997 2550 5056 cliaritas
2581 4995 2720 5066 apud
2752 4994 3013 5056 Joannem
3033 4993 3204 5063 ipsum
3224 4985 3604 5055 etiametistam

2024 5092 2155 5152 satis
2182 5099 2470 5160 aperteque
2494 5089 2904 5150 demonstratur,
2936 5084 3336 5146 ita-utdiceret,
3369 5077 3469 5143 Qui
3499 5077 3603 5134 adit

2026 5191 2235 5261 fratrem
2250 5201 2417 5252 suum,
2439 5184 2493 5238 in
2507 5181 2720 5236 tenebris
2734 5189 2803 5236 est
2827 5179 2872 5250 (Ι
2893 5177 3050 5234 lam.
3071 5193 3130 5242 ιι,
3156 5177 3180 5230 1
3193 5174 3266 5243 1).
3279 5168 3602 5227 creberrime

2025 5278 2380 5347 exstinguitur
2411 5293 2425 5330 :
2453 5281 2706 5331 crescunt
2728 5274 2845 5329 ista
2875 5272 3108 5328 tenebrat
3135 5267 3381 5336 odiem
3401 5264 3600 5321 frater-

2025 5387 2238 5439 narum,
2287 5369 2521 5440 quotidie
2563 5376 2850 5431 crescunt;
2885 5374 2943 5420 et
2979 5361 3214 5418 nondum
3243 5359 3388 5416 venit
3424 5359 3602 5423 Jews.

2025 5465 2179 5523 Unde
2205 5469 2426 5534 apparet
2458 5461 2579 5531 quia
2606 5458 2885 5515 creswnt‘l
2918 5454 3172 5520 Quoniam
3203 5451 3478 5510 abundabit
3504 5450 3610 5507 ini»

2024 5559 2210 5630 quitus,
2224 5556 2509 5626 refrigescet
2522 5552 2743 5607 charitas
2756 5550 3046 5604 multorum.
3063 5547 3324 5602 Crescunt
3343 5544 3601 5613 tenebam,

2024 5659 2080 5708 et
2099 5649 2334 5705 nondum
2372 5647 2516 5702 venit
2537 5645 2712 5701 Iesus.
2748 5641 3120 5699 Cresamtibus
3149 5640 3408 5704 tenebris,
3447 5636 3602 5692 ταιῆς

2023 5750 2276 5814 gescente
2318 5737 2599 5803 charitate
2655 5734 2956 5800 abundante
2991 5732 3298 5803 iniquitate,
3336 5729 3444 5804 ipsi
3479 5735 3607 5783 sunt
3649 5751 3656 5758 -

2025 5835 2217 5896 ﬂuctus
2242 5846 2432 5898 navem
2449 5830 2721 5890 turbantes
2744 5847 2757 5885 :
2780 5834 3123 5900 tempestates
3139 5834 3200 5887 et
3217 5823 3382 5895 mpii.
3401 5821 3606 5882 alann-
