  <div class='ocr_page' id='page_1' title='image "/cluster/home/n/w/nwhite01/storage/ocr_20150623/35/hvd.32044015706302/149.png"; bbox 0 0 4118 6506; ppageno 0'>
   <div class='ocr_carea' id='block_1_1' title="bbox 472 376 640 439">
    <p class='ocr_par' dir='ltr' id='par_1_1' title="bbox 472 376 640 439">
     <span class='ocr_line' id='line_1_1' title="bbox 472 376 640 439; baseline -0.012 0"><span class='ocrx_word' id='word_1_1' title='bbox 472 386 476 390; x_wconf 86' lang='grc'><strong>’</strong></span> <span class='ocrx_word' id='word_1_2' title='bbox 498 376 640 439; x_wconf 72' lang='grc'><strong>1599</strong></span> 
     </span>
    </p>
   </div>
   <div class='ocr_carea' id='block_1_2' title="bbox 499 480 2082 556">
    <p class='ocr_par' dir='ltr' id='par_1_2' title="bbox 499 480 2082 556">
     <span class='ocr_line' id='line_1_2' title="bbox 499 480 2082 556; baseline -0.012 -1"><span class='ocrx_word' id='word_1_3' title='bbox 499 513 587 555; x_wconf 89' lang='lat' dir='ltr'><strong>res</strong></span> <span class='ocrx_word' id='word_1_4' title='bbox 611 504 737 554; x_wconf 90' lang='lat' dir='ltr'><strong>sunt</strong></span> <span class='ocrx_word' id='word_1_5' title='bbox 764 492 1166 550; x_wconf 81' lang='lat' dir='ltr'><strong>maledicorum.</strong></span> <span class='ocrx_word' id='word_1_6' title='bbox 1192 488 1320 545; x_wconf 83' lang='lat' dir='ltr'><strong>inde</strong></span> <span class='ocrx_word' id='word_1_7' title='bbox 1344 488 1576 544; x_wconf 90' lang='lat' dir='ltr'><strong>charitas</strong></span> <span class='ocrx_word' id='word_1_8' title='bbox 1605 483 1936 556; x_wconf 86' lang='lat' dir='ltr'><strong>refrigescit,</strong></span> <span class='ocrx_word' id='word_1_9' title='bbox 1960 480 2082 538; x_wconf 92' lang='lat' dir='ltr'><strong>inde</strong></span> 
     </span>
    </p>
   </div>
   <div class='ocr_carea' id='block_1_3' title="bbox 498 579 1517 659">
    <p class='ocr_par' dir='ltr' id='par_1_3' title="bbox 498 579 1517 659">
     <span class='ocr_line' id='line_1_3' title="bbox 498 579 1517 659; baseline -0.014 -13"><span class='ocrx_word' id='word_1_10' title='bbox 498 591 689 647; x_wconf 88' lang='lat' dir='ltr'><strong>ﬂuctus</strong></span> <span class='ocrx_word' id='word_1_11' title='bbox 715 595 995 659; x_wconf 76' lang='lat' dir='ltr'><strong>augentur,</strong></span> <span class='ocrx_word' id='word_1_12' title='bbox 1017 593 1072 641; x_wconf 90' lang='lat' dir='ltr'><strong>et</strong></span> <span class='ocrx_word' id='word_1_13' title='bbox 1092 584 1330 640; x_wconf 90' lang='lat' dir='ltr'><strong>turbatur</strong></span> <span class='ocrx_word' id='word_1_14' title='bbox 1348 579 1517 634; x_wconf 91' lang='lat' dir='ltr'><strong>navis.</strong></span> 
     </span>
    </p>
   </div>
   <div class='ocr_carea' id='block_1_4' title="bbox 572 665 2086 748">
    <p class='ocr_par' dir='ltr' id='par_1_4' title="bbox 572 665 2086 748">
     <span class='ocr_line' id='line_1_4' title="bbox 572 665 2086 748; baseline -0.011 -12"><span class='ocrx_word' id='word_1_15' title='bbox 572 680 628 736; x_wconf 87' lang='lat'><strong>6.</strong></span> <span class='ocrx_word' id='word_1_16' title='bbox 665 679 826 735; x_wconf 86' lang='lat' dir='ltr'><strong>Vento</strong></span> <span class='ocrx_word' id='word_1_17' title='bbox 866 694 1049 748; x_wconf 88' lang='lat' dir='ltr'><strong>magno</strong></span> <span class='ocrx_word' id='word_1_18' title='bbox 1091 677 1249 746; x_wconf 81' lang='lat' dir='ltr'><strong>ﬂante</strong></span> <span class='ocrx_word' id='word_1_19' title='bbox 1293 687 1431 726; x_wconf 89' lang='lat' dir='ltr'><strong>mare</strong></span> <span class='ocrx_word' id='word_1_20' title='bbox 1468 669 1782 741; x_wconf 76' lang='lat' dir='ltr'><strong>exsurgebat.</strong></span> <span class='ocrx_word' id='word_1_21' title='bbox 1827 665 2086 724; x_wconf 68' lang='lat' dir='ltr'><strong>Tenebrae</strong></span> 
     </span>
    </p>
   </div>
   <div class='ocr_carea' id='block_1_5' title="bbox 500 762 2082 841">
    <p class='ocr_par' dir='ltr' id='par_1_5' title="bbox 500 762 2082 841">
     <span class='ocr_line' id='line_1_5' title="bbox 500 762 2082 841; baseline -0.011 -11"><span class='ocrx_word' id='word_1_22' title='bbox 500 773 846 839; x_wconf 90' lang='lat' dir='ltr'><strong>crescebant,</strong></span> <span class='ocrx_word' id='word_1_23' title='bbox 877 769 1224 841; x_wconf 80' lang='lat' dir='ltr'><strong>intelligentia</strong></span> <span class='ocrx_word' id='word_1_24' title='bbox 1249 766 1606 831; x_wconf 88' lang='lat' dir='ltr'><strong>minuebatur,</strong></span> <span class='ocrx_word' id='word_1_25' title='bbox 1641 762 1890 833; x_wconf 87' lang='lat' dir='ltr'><strong>iniquitas</strong></span> <span class='ocrx_word' id='word_1_26' title='bbox 1920 773 2082 829; x_wconf 87' lang='lat' dir='ltr'><strong>auge-</strong></span> 
     </span>
    </p>
   </div>
   <div class='ocr_carea' id='block_1_6' title="bbox 501 852 2088 934">
    <p class='ocr_par' dir='ltr' id='par_1_6' title="bbox 501 852 2088 934">
     <span class='ocr_line' id='line_1_6' title="bbox 501 852 2088 934; baseline -0.011 -12"><span class='ocrx_word' id='word_1_27' title='bbox 501 866 679 922; x_wconf 87' lang='lat' dir='ltr'><strong>batur.</strong></span> <span class='ocrx_word' id='word_1_28' title='bbox 713 866 837 921; x_wconf 88' lang='lat' dir='ltr'><strong>Cum</strong></span> <span class='ocrx_word' id='word_1_29' title='bbox 866 865 1190 934; x_wconf 87' lang='lat' dir='ltr'><strong>remigasscnt</strong></span> <span class='ocrx_word' id='word_1_30' title='bbox 1223 877 1341 932; x_wconf 90' lang='lat' dir='ltr'><strong>ergo</strong></span> <span class='ocrx_word' id='word_1_31' title='bbox 1365 858 1509 930; x_wconf 87' lang='lat' dir='ltr'><strong>quasi</strong></span> <span class='ocrx_word' id='word_1_32' title='bbox 1543 856 1708 912; x_wconf 88' lang='lat' dir='ltr'><strong>stadia</strong></span> <span class='ocrx_word' id='word_1_33' title='bbox 1737 855 1911 927; x_wconf 77' lang='lat' dir='ltr'><strong>viginti</strong></span> <span class='ocrx_word' id='word_1_34' title='bbox 1938 852 2088 923; x_wconf 87' lang='lat' dir='ltr'><strong>quin-</strong></span> 
     </span>
    </p>
   </div>
   <div class='ocr_carea' id='block_1_7' title="bbox 501 945 2083 1030">
    <p class='ocr_par' dir='ltr' id='par_1_7' title="bbox 501 945 2083 1030">
     <span class='ocr_line' id='line_1_7' title="bbox 501 945 2083 1030; baseline -0.009 -18"><span class='ocrx_word' id='word_1_35' title='bbox 501 974 598 1030; x_wconf 97' lang='lat' dir='ltr'><strong>que</strong></span> <span class='ocrx_word' id='word_1_36' title='bbox 631 967 718 1011; x_wconf 87' lang='lat' dir='ltr'><strong>aut</strong></span> <span class='ocrx_word' id='word_1_37' title='bbox 756 956 979 1028; x_wconf 80' lang='lat' dir='ltr'><strong>triginta.</strong></span> <span class='ocrx_word' id='word_1_38' title='bbox 1025 955 1229 1008; x_wconf 85' lang='lat' dir='ltr'><strong>Interea</strong></span> <span class='ocrx_word' id='word_1_39' title='bbox 1274 949 1635 1016; x_wconf 85' lang='lat' dir='ltr'><strong>ambulabant,</strong></span> <span class='ocrx_word' id='word_1_40' title='bbox 1679 945 2083 1018; x_wconf 87' lang='lat' dir='ltr'><strong>promovebant,</strong></span> 
     </span>
    </p>
   </div>
   <div class='ocr_carea' id='block_1_8' title="bbox 501 1033 2085 1114">
    <p class='ocr_par' dir='ltr' id='par_1_8' title="bbox 501 1033 2085 1114">
     <span class='ocr_line' id='line_1_8' title="bbox 501 1033 2085 1114; baseline -0.009 -10"><span class='ocrx_word' id='word_1_41' title='bbox 501 1064 602 1104; x_wconf 92' lang='lat' dir='ltr'><strong>nec</strong></span> <span class='ocrx_word' id='word_1_42' title='bbox 639 1049 780 1104; x_wconf 88' lang='lat' dir='ltr'><strong>venti</strong></span> <span class='ocrx_word' id='word_1_43' title='bbox 807 1048 884 1102; x_wconf 88' lang='lat' dir='ltr'><strong>illi</strong></span> <span class='ocrx_word' id='word_1_44' title='bbox 919 1054 974 1102; x_wconf 90' lang='lat' dir='ltr'><strong>et</strong></span> <span class='ocrx_word' id='word_1_45' title='bbox 1002 1054 1343 1114; x_wconf 85' lang='lat' dir='ltr'><strong>tempestates</strong></span> <span class='ocrx_word' id='word_1_46' title='bbox 1368 1051 1421 1098; x_wconf 92' lang='lat' dir='ltr'><strong>et</strong></span> <span class='ocrx_word' id='word_1_47' title='bbox 1460 1041 1651 1097; x_wconf 86' lang='lat' dir='ltr'><strong>ﬂuctus</strong></span> <span class='ocrx_word' id='word_1_48' title='bbox 1686 1049 1740 1094; x_wconf 91' lang='lat' dir='ltr'><strong>et</strong></span> <span class='ocrx_word' id='word_1_49' title='bbox 1764 1038 1996 1093; x_wconf 77' lang='lat' dir='ltr'><strong>tenebrae</strong></span> <span class='ocrx_word' id='word_1_50' title='bbox 2032 1033 2085 1089; x_wconf 91' lang='lat' dir='ltr'><strong>id</strong></span> 
     </span>
    </p>
   </div>
   <div class='ocr_carea' id='block_1_9' title="bbox 502 1128 2086 1211">
    <p class='ocr_par' dir='ltr' id='par_1_9' title="bbox 502 1128 2086 1211">
     <span class='ocr_line' id='line_1_9' title="bbox 502 1128 2086 1211; baseline -0.009 -15"><span class='ocrx_word' id='word_1_51' title='bbox 502 1141 758 1211; x_wconf 83' lang='lat' dir='ltr'><strong>agebant,</strong></span> <span class='ocrx_word' id='word_1_52' title='bbox 789 1151 847 1194; x_wconf 93' lang='lat' dir='ltr'><strong>ut</strong></span> <span class='ocrx_word' id='word_1_53' title='bbox 873 1140 956 1194; x_wconf 88' lang='lat' dir='ltr'><strong>vel</strong></span> <span class='ocrx_word' id='word_1_54' title='bbox 984 1139 1131 1193; x_wconf 89' lang='lat' dir='ltr'><strong>navis</strong></span> <span class='ocrx_word' id='word_1_55' title='bbox 1174 1152 1282 1192; x_wconf 91' lang='lat' dir='ltr'><strong>non</strong></span> <span class='ocrx_word' id='word_1_56' title='bbox 1319 1142 1737 1207; x_wconf 85' lang='lat' dir='ltr'><strong>promoveretur,</strong></span> <span class='ocrx_word' id='word_1_57' title='bbox 1779 1131 1864 1186; x_wconf 89' lang='lat' dir='ltr'><strong>vel</strong></span> <span class='ocrx_word' id='word_1_58' title='bbox 1912 1128 2086 1183; x_wconf 89' lang='lat' dir='ltr'><strong>soluta</strong></span> 
     </span>
    </p>
   </div>
   <div class='ocr_carea' id='block_1_10' title="bbox 502 1221 2085 1304">
    <p class='ocr_par' dir='ltr' id='par_1_10' title="bbox 502 1221 2085 1304">
     <span class='ocr_line' id='line_1_10' title="bbox 502 1221 2085 1304; baseline -0.009 -15"><span class='ocrx_word' id='word_1_59' title='bbox 502 1243 829 1304; x_wconf 80' lang='lat' dir='ltr'><strong>mergeretur</strong></span> <span class='ocrx_word' id='word_1_60' title='bbox 859 1251 871 1286; x_wconf 91' lang='lat'><strong>:</strong></span> <span class='ocrx_word' id='word_1_61' title='bbox 898 1231 993 1287; x_wconf 90' lang='lat' dir='ltr'><strong>sed</strong></span> <span class='ocrx_word' id='word_1_62' title='bbox 1030 1231 1169 1286; x_wconf 92' lang='lat' dir='ltr'><strong>inter</strong></span> <span class='ocrx_word' id='word_1_63' title='bbox 1210 1229 1297 1284; x_wconf 90' lang='lat' dir='ltr'><strong>illa</strong></span> <span class='ocrx_word' id='word_1_64' title='bbox 1335 1227 1512 1284; x_wconf 87' lang='lat' dir='ltr'><strong>omnia</strong></span> <span class='ocrx_word' id='word_1_65' title='bbox 1550 1225 1690 1280; x_wconf 89' lang='lat' dir='ltr'><strong>mala</strong></span> <span class='ocrx_word' id='word_1_66' title='bbox 1720 1224 1847 1278; x_wconf 88' lang='lat' dir='ltr'><strong>ibat.</strong></span> <span class='ocrx_word' id='word_1_67' title='bbox 1876 1221 2085 1276; x_wconf 87' lang='lat' dir='ltr'><strong>Etenim</strong></span> 
     </span>
    </p>
   </div>
   <div class='ocr_carea' id='block_1_11' title="bbox 501 1310 2084 1415">
    <p class='ocr_par' dir='ltr' id='par_1_11' title="bbox 501 1310 2084 1415">
     <span class='ocr_line' id='line_1_11' title="bbox 501 1310 2084 1415; baseline -0.009 -36"><span class='ocrx_word' id='word_1_68' title='bbox 501 1327 624 1395; x_wconf 87' lang='lat' dir='ltr'><strong>quia</strong></span> <span class='ocrx_word' id='word_1_69' title='bbox 654 1323 939 1379; x_wconf 88' lang='lat' dir='ltr'><strong>abundavit</strong></span> <span class='ocrx_word' id='word_1_70' title='bbox 959 1323 1227 1393; x_wconf 87' lang='lat' dir='ltr'><strong>iniquitas,</strong></span> <span class='ocrx_word' id='word_1_71' title='bbox 1259 1329 1312 1375; x_wconf 93' lang='lat' dir='ltr'><strong>et</strong></span> <span class='ocrx_word' id='word_1_72' title='bbox 1345 1317 1644 1388; x_wconf 81' lang='lat' dir='ltr'><strong>refrigescit</strong></span> <span class='ocrx_word' id='word_1_73' title='bbox 1683 1314 1914 1415; x_wconf 76' lang='lat' dir='ltr'><strong>charitas</strong></span> <span class='ocrx_word' id='word_1_74' title='bbox 1943 1310 2084 1365; x_wconf 85' lang='lat' dir='ltr'><strong>mul-</strong></span> 
     </span>
    </p>
   </div>
   <div class='ocr_carea' id='block_1_12' title="bbox 505 1409 2088 1482">
    <p class='ocr_par' dir='ltr' id='par_1_12' title="bbox 505 1409 2088 1482">
     <span class='ocr_line' id='line_1_12' title="bbox 505 1409 2088 1482; baseline -0.009 -13"><span class='ocrx_word' id='word_1_75' title='bbox 505 1422 700 1482; x_wconf 90' lang='lat' dir='ltr'><strong>torum,</strong></span> <span class='ocrx_word' id='word_1_76' title='bbox 718 1423 967 1470; x_wconf 89' lang='lat' dir='ltr'><strong>crescunt</strong></span> <span class='ocrx_word' id='word_1_77' title='bbox 995 1414 1206 1479; x_wconf 78' lang='lat' dir='ltr'><strong>fluctus,</strong></span> <span class='ocrx_word' id='word_1_78' title='bbox 1229 1420 1486 1482; x_wconf 81' lang='lat' dir='ltr'><strong>augentur</strong></span> <span class='ocrx_word' id='word_1_79' title='bbox 1507 1409 1762 1474; x_wconf 85' lang='lat' dir='ltr'><strong>tenebrae,</strong></span> <span class='ocrx_word' id='word_1_80' title='bbox 1786 1409 1940 1460; x_wconf 80' lang='lat' dir='ltr'><strong>saevit</strong></span> <span class='ocrx_word' id='word_1_81' title='bbox 1958 1417 2088 1457; x_wconf 88' lang='lat' dir='ltr'><strong>ven-</strong></span> 
     </span>
    </p>
   </div>
   <div class='ocr_carea' id='block_1_13' title="bbox 503 1502 2086 1570">
    <p class='ocr_par' dir='ltr' id='par_1_13' title="bbox 503 1502 2086 1570">
     <span class='ocr_line' id='line_1_13' title="bbox 503 1502 2086 1570; baseline -0.009 -8"><span class='ocrx_word' id='word_1_82' title='bbox 503 1517 623 1562; x_wconf 90' lang='lat' dir='ltr'><strong>tus:</strong></span> <span class='ocrx_word' id='word_1_83' title='bbox 653 1508 745 1563; x_wconf 89' lang='lat' dir='ltr'><strong>sed</strong></span> <span class='ocrx_word' id='word_1_84' title='bbox 776 1516 952 1562; x_wconf 85' lang='lat' dir='ltr'><strong>tamen</strong></span> <span class='ocrx_word' id='word_1_85' title='bbox 981 1508 1131 1562; x_wconf 87' lang='lat' dir='ltr'><strong>navis</strong></span> <span class='ocrx_word' id='word_1_86' title='bbox 1157 1505 1408 1560; x_wconf 85' lang='lat' dir='ltr'><strong>ambulat.</strong></span> <span class='ocrx_word' id='word_1_87' title='bbox 1439 1503 1536 1568; x_wconf 92' lang='lat' dir='ltr'><strong>Qui</strong></span> <span class='ocrx_word' id='word_1_88' title='bbox 1566 1502 1708 1557; x_wconf 85' lang='lat' dir='ltr'><strong>enim</strong></span> <span class='ocrx_word' id='word_1_89' title='bbox 1740 1511 2086 1570; x_wconf 86' lang='lat' dir='ltr'><strong>perseverave-</strong></span> 
     </span>
    </p>
   </div>
   <div class='ocr_carea' id='block_1_14' title="bbox 499 1586 2083 1670">
    <p class='ocr_par' dir='ltr' id='par_1_14' title="bbox 499 1586 2083 1670">
     <span class='ocr_line' id='line_1_14' title="bbox 499 1586 2083 1670; baseline -0.008 -18"><span class='ocrx_word' id='word_1_90' title='bbox 499 1600 564 1652; x_wconf 84' lang='lat' dir='ltr'><strong>rit</strong></span> <span class='ocrx_word' id='word_1_91' title='bbox 585 1616 738 1670; x_wconf 89' lang='lat' dir='ltr'><strong>usque</strong></span> <span class='ocrx_word' id='word_1_92' title='bbox 756 1600 807 1653; x_wconf 91' lang='lat' dir='ltr'><strong>in</strong></span> <span class='ocrx_word' id='word_1_93' title='bbox 829 1600 1000 1670; x_wconf 80' lang='lat' dir='ltr'><strong>ﬁnem,</strong></span> <span class='ocrx_word' id='word_1_94' title='bbox 1034 1598 1114 1652; x_wconf 74' lang='lat' dir='ltr'><strong>hic</strong></span> <span class='ocrx_word' id='word_1_95' title='bbox 1133 1597 1300 1652; x_wconf 86' lang='lat' dir='ltr'><strong>salvus</strong></span> <span class='ocrx_word' id='word_1_96' title='bbox 1321 1596 1412 1648; x_wconf 86' lang='lat' dir='ltr'><strong>erit</strong></span> <span class='ocrx_word' id='word_1_97' title='bbox 1439 1593 1650 1665; x_wconf 80' lang='lat' dir='ltr'><strong>(Matth.</strong></span> <span class='ocrx_word' id='word_1_98' title='bbox 1682 1606 1824 1655; x_wconf 79' lang='lat' dir='ltr'><strong>xxrv,</strong></span> <span class='ocrx_word' id='word_1_99' title='bbox 1860 1587 1946 1654; x_wconf 68' lang='lat' dir='ltr'><strong>l2,</strong></span> <span class='ocrx_word' id='word_1_100' title='bbox 1971 1586 2083 1654; x_wconf 77' lang='lat' dir='ltr'><strong>l3).</strong></span> 
     </span>
    </p>
   </div>
   <div class='ocr_carea' id='block_1_15' title="bbox 501 1677 2085 1762">
    <p class='ocr_par' dir='ltr' id='par_1_15' title="bbox 501 1677 2085 1762">
     <span class='ocr_line' id='line_1_15' title="bbox 501 1677 2085 1762; baseline -0.011 -14"><span class='ocrx_word' id='word_1_101' title='bbox 501 1692 612 1748; x_wconf 83' lang='lat' dir='ltr'><strong>Nec</strong></span> <span class='ocrx_word' id='word_1_102' title='bbox 647 1692 758 1762; x_wconf 92' lang='lat' dir='ltr'><strong>ipse</strong></span> <span class='ocrx_word' id='word_1_103' title='bbox 783 1691 1078 1746; x_wconf 90' lang='lat' dir='ltr'><strong>stadiorum</strong></span> <span class='ocrx_word' id='word_1_104' title='bbox 1108 1703 1360 1744; x_wconf 91' lang='lat' dir='ltr'><strong>numerus</strong></span> <span class='ocrx_word' id='word_1_105' title='bbox 1397 1682 1817 1742; x_wconf 87' lang='lat' dir='ltr'><strong>contenmendus</strong></span> <span class='ocrx_word' id='word_1_106' title='bbox 1845 1688 1944 1734; x_wconf 88' lang='lat' dir='ltr'><strong>est.</strong></span> <span class='ocrx_word' id='word_1_107' title='bbox 1975 1677 2085 1731; x_wconf 82' lang='lat' dir='ltr'><strong>Ne—</strong></span> 
     </span>
    </p>
   </div>
   <div class='ocr_carea' id='block_1_16' title="bbox 503 1771 2086 1855">
    <p class='ocr_par' dir='ltr' id='par_1_16' title="bbox 503 1771 2086 1855">
     <span class='ocr_line' id='line_1_16' title="bbox 503 1771 2086 1855; baseline -0.01 -17"><span class='ocrx_word' id='word_1_108' title='bbox 503 1799 607 1855; x_wconf 90' lang='lat' dir='ltr'><strong>que</strong></span> <span class='ocrx_word' id='word_1_109' title='bbox 636 1784 778 1838; x_wconf 91' lang='lat' dir='ltr'><strong>enim</strong></span> <span class='ocrx_word' id='word_1_110' title='bbox 816 1798 943 1838; x_wconf 86' lang='lat' dir='ltr'><strong>vere</strong></span> <span class='ocrx_word' id='word_1_111' title='bbox 987 1791 1167 1852; x_wconf 89' lang='lat' dir='ltr'><strong>posset</strong></span> <span class='ocrx_word' id='word_1_112' title='bbox 1205 1779 1336 1835; x_wconf 92' lang='lat' dir='ltr'><strong>nihil</strong></span> <span class='ocrx_word' id='word_1_113' title='bbox 1380 1777 1679 1848; x_wconf 83' lang='lat' dir='ltr'><strong>significare</strong></span> <span class='ocrx_word' id='word_1_114' title='bbox 1704 1772 1846 1844; x_wconf 91' lang='lat' dir='ltr'><strong>quod</strong></span> <span class='ocrx_word' id='word_1_115' title='bbox 1886 1771 2086 1825; x_wconf 91' lang='lat' dir='ltr'><strong>dictum</strong></span> 
     </span>
    </p>
   </div>
   <div class='ocr_carea' id='block_1_17' title="bbox 503 1863 2083 1945">
    <p class='ocr_par' dir='ltr' id='par_1_17' title="bbox 503 1863 2083 1945">
     <span class='ocr_line' id='line_1_17' title="bbox 503 1863 2083 1945; baseline -0.01 -15"><span class='ocrx_word' id='word_1_116' title='bbox 503 1884 604 1940; x_wconf 87' lang='lat' dir='ltr'><strong>est,</strong></span> <span class='ocrx_word' id='word_1_117' title='bbox 630 1873 754 1929; x_wconf 88' lang='lat' dir='ltr'><strong>Cum</strong></span> <span class='ocrx_word' id='word_1_118' title='bbox 780 1875 1105 1945; x_wconf 86' lang='lat' dir='ltr'><strong>remigassent</strong></span> <span class='ocrx_word' id='word_1_119' title='bbox 1134 1873 1300 1926; x_wconf 87' lang='lat' dir='ltr'><strong>stadia</strong></span> <span class='ocrx_word' id='word_1_120' title='bbox 1317 1871 1488 1942; x_wconf 90' lang='lat' dir='ltr'><strong>viginti</strong></span> <span class='ocrx_word' id='word_1_121' title='bbox 1504 1869 1720 1940; x_wconf 86' lang='lat' dir='ltr'><strong>quinque</strong></span> <span class='ocrx_word' id='word_1_122' title='bbox 1743 1875 1832 1919; x_wconf 89' lang='lat' dir='ltr'><strong>ant</strong></span> <span class='ocrx_word' id='word_1_123' title='bbox 1858 1863 2083 1934; x_wconf 80' lang='lat' dir='ltr'><strong>triginta,</strong></span> 
     </span>
    </p>
   </div>
   <div class='ocr_carea' id='block_1_18' title="bbox 505 1956 2089 2033">
    <p class='ocr_par' dir='ltr' id='par_1_18' title="bbox 505 1956 2089 2033">
     <span class='ocr_line' id='line_1_18' title="bbox 505 1956 2089 2033; baseline -0.007 -12"><span class='ocrx_word' id='word_1_124' title='bbox 505 1977 622 2022; x_wconf 90' lang='lat' dir='ltr'><strong>tunc</strong></span> <span class='ocrx_word' id='word_1_125' title='bbox 646 1969 714 2022; x_wconf 88' lang='lat' dir='ltr'><strong>ad</strong></span> <span class='ocrx_word' id='word_1_126' title='bbox 738 1985 821 2023; x_wconf 91' lang='lat' dir='ltr'><strong>eos</strong></span> <span class='ocrx_word' id='word_1_127' title='bbox 847 1969 978 2022; x_wconf 87' lang='lat' dir='ltr'><strong>venit</strong></span> <span class='ocrx_word' id='word_1_128' title='bbox 1001 1967 1169 2022; x_wconf 85' lang='lat' dir='ltr'><strong>Jesus.</strong></span> <span class='ocrx_word' id='word_1_129' title='bbox 1201 1965 1482 2021; x_wconf 84' lang='lat' dir='ltr'><strong>Sufficeret</strong></span> <span class='ocrx_word' id='word_1_130' title='bbox 1509 1961 1685 2033; x_wconf 85' lang='lat' dir='ltr'><strong>viginti</strong></span> <span class='ocrx_word' id='word_1_131' title='bbox 1704 1961 1948 2030; x_wconf 88' lang='lat' dir='ltr'><strong>quinque,</strong></span> <span class='ocrx_word' id='word_1_132' title='bbox 1977 1956 2089 2012; x_wconf 91' lang='lat' dir='ltr'><strong>suf-</strong></span> 
     </span>
    </p>
   </div>
   <div class='ocr_carea' id='block_1_19' title="bbox 507 2055 2086 2130">
    <p class='ocr_par' dir='ltr' id='par_1_19' title="bbox 507 2055 2086 2130">
     <span class='ocr_line' id='line_1_19' title="bbox 507 2055 2086 2130; baseline -0.006 -18"><span class='ocrx_word' id='word_1_133' title='bbox 507 2058 688 2114; x_wconf 84' lang='lat' dir='ltr'><strong>ficeret</strong></span> <span class='ocrx_word' id='word_1_134' title='bbox 730 2060 970 2130; x_wconf 83' lang='lat' dir='ltr'><strong>triginta,</strong></span> <span class='ocrx_word' id='word_1_135' title='bbox 1005 2059 1232 2112; x_wconf 83' lang='lat' dir='ltr'><strong>maxime</strong></span> <span class='ocrx_word' id='word_1_136' title='bbox 1273 2058 1394 2128; x_wconf 89' lang='lat' dir='ltr'><strong>quia</strong></span> <span class='ocrx_word' id='word_1_137' title='bbox 1432 2055 1746 2110; x_wconf 83' lang='lat' dir='ltr'><strong>aestimantis</strong></span> <span class='ocrx_word' id='word_1_138' title='bbox 1786 2059 1934 2116; x_wconf 89' lang='lat' dir='ltr'><strong>erat,</strong></span> <span class='ocrx_word' id='word_1_139' title='bbox 1981 2065 2086 2104; x_wconf 93' lang='lat' dir='ltr'><strong>non</strong></span> 
     </span>
    </p>
   </div>
   <div class='ocr_carea' id='block_1_20' title="bbox 503 2141 2085 2219">
    <p class='ocr_par' dir='ltr' id='par_1_20' title="bbox 503 2141 2085 2219">
     <span class='ocr_line' id='line_1_20' title="bbox 503 2141 2085 2219; baseline -0.004 -18"><span class='ocrx_word' id='word_1_140' title='bbox 503 2147 838 2204; x_wconf 87' lang='lat' dir='ltr'><strong>aflirmantis.</strong></span> <span class='ocrx_word' id='word_1_141' title='bbox 878 2149 1143 2219; x_wconf 86' lang='lat' dir='ltr'><strong>Numquid</strong></span> <span class='ocrx_word' id='word_1_142' title='bbox 1186 2148 1575 2218; x_wconf 86' lang='lat' dir='ltr'><strong>periclitaretur</strong></span> <span class='ocrx_word' id='word_1_143' title='bbox 1621 2146 1818 2200; x_wconf 89' lang='lat' dir='ltr'><strong>veritas</strong></span> <span class='ocrx_word' id='word_1_144' title='bbox 1849 2145 1902 2198; x_wconf 90' lang='lat' dir='ltr'><strong>in</strong></span> <span class='ocrx_word' id='word_1_145' title='bbox 1940 2141 2085 2197; x_wconf 82' lang='lat' dir='ltr'><strong>aesti-</strong></span> 
     </span>
    </p>
   </div>
   <div class='ocr_carea' id='block_1_21' title="bbox 504 2233 2087 2307">
    <p class='ocr_par' dir='ltr' id='par_1_21' title="bbox 504 2233 2087 2307">
     <span class='ocr_line' id='line_1_21' title="bbox 504 2233 2087 2307; baseline -0.004 -14"><span class='ocrx_word' id='word_1_146' title='bbox 504 2248 703 2306; x_wconf 89' lang='lat' dir='ltr'><strong>mante,</strong></span> <span class='ocrx_word' id='word_1_147' title='bbox 757 2240 802 2293; x_wconf 91' lang='lat' dir='ltr'><strong>si</strong></span> <span class='ocrx_word' id='word_1_148' title='bbox 844 2239 1046 2295; x_wconf 85' lang='lat' dir='ltr'><strong>diceret</strong></span> <span class='ocrx_word' id='word_1_149' title='bbox 1089 2238 1263 2293; x_wconf 85' lang='lat' dir='ltr'><strong>stadia</strong></span> <span class='ocrx_word' id='word_1_150' title='bbox 1305 2239 1471 2292; x_wconf 83' lang='lat' dir='ltr'><strong>ferme</strong></span> <span class='ocrx_word' id='word_1_151' title='bbox 1510 2237 1743 2307; x_wconf 87' lang='lat' dir='ltr'><strong>triginta,</strong></span> <span class='ocrx_word' id='word_1_152' title='bbox 1784 2243 1876 2288; x_wconf 91' lang='lat' dir='ltr'><strong>aut</strong></span> <span class='ocrx_word' id='word_1_153' title='bbox 1917 2233 2087 2288; x_wconf 89' lang='lat' dir='ltr'><strong>stadia</strong></span> 
     </span>
    </p>
   </div>
   <div class='ocr_carea' id='block_1_22' title="bbox 503 2325 2090 2403">
    <p class='ocr_par' dir='ltr' id='par_1_22' title="bbox 503 2325 2090 2403">
     <span class='ocr_line' id='line_1_22' title="bbox 503 2325 2090 2403; baseline -0.004 -17"><span class='ocrx_word' id='word_1_154' title='bbox 503 2331 670 2387; x_wconf 81' lang='lat' dir='ltr'><strong>ferme</strong></span> <span class='ocrx_word' id='word_1_155' title='bbox 696 2333 876 2403; x_wconf 85' lang='lat' dir='ltr'><strong>viginti</strong></span> <span class='ocrx_word' id='word_1_156' title='bbox 920 2331 1190 2402; x_wconf 88' lang='lat' dir='ltr'><strong>quinque?</strong></span> <span class='ocrx_word' id='word_1_157' title='bbox 1229 2330 1333 2386; x_wconf 90' lang='lat' dir='ltr'><strong>Sed</strong></span> <span class='ocrx_word' id='word_1_158' title='bbox 1373 2347 1438 2385; x_wconf 83' lang='lat' dir='ltr'><strong>ex</strong></span> <span class='ocrx_word' id='word_1_159' title='bbox 1475 2330 1656 2400; x_wconf 81' lang='lat' dir='ltr'><strong>viginti</strong></span> <span class='ocrx_word' id='word_1_160' title='bbox 1694 2329 1926 2398; x_wconf 89' lang='lat' dir='ltr'><strong>quinque</strong></span> <span class='ocrx_word' id='word_1_161' title='bbox 1964 2325 2090 2380; x_wconf 91' lang='lat' dir='ltr'><strong>fecit</strong></span> 
     </span>
    </p>
   </div>
   <div class='ocr_carea' id='block_1_23' title="bbox 504 2417 2085 2493">
    <p class='ocr_par' dir='ltr' id='par_1_23' title="bbox 504 2417 2085 2493">
     <span class='ocr_line' id='line_1_23' title="bbox 504 2417 2085 2493; baseline -0.005 -16"><span class='ocrx_word' id='word_1_162' title='bbox 504 2423 736 2493; x_wconf 88' lang='lat' dir='ltr'><strong>triginta.</strong></span> <span class='ocrx_word' id='word_1_163' title='bbox 780 2423 1088 2491; x_wconf 83' lang='lat' dir='ltr'><strong>Quaeramus</strong></span> <span class='ocrx_word' id='word_1_164' title='bbox 1135 2437 1416 2477; x_wconf 90' lang='lat' dir='ltr'><strong>numerum</strong></span> <span class='ocrx_word' id='word_1_165' title='bbox 1463 2420 1778 2490; x_wconf 89' lang='lat' dir='ltr'><strong>vigesimum</strong></span> <span class='ocrx_word' id='word_1_166' title='bbox 1825 2417 2085 2488; x_wconf 90' lang='lat' dir='ltr'><strong>quintum.</strong></span> 
     </span>
    </p>
   </div>
   <div class='ocr_carea' id='block_1_24' title="bbox 509 2507 2088 2582">
    <p class='ocr_par' dir='ltr' id='par_1_24' title="bbox 509 2507 2088 2582">
     <span class='ocr_line' id='line_1_24' title="bbox 509 2507 2088 2582; baseline -0.005 -12"><span class='ocrx_word' id='word_1_167' title='bbox 509 2513 658 2570; x_wconf 85' lang='lat' dir='ltr'><strong>Unde</strong></span> <span class='ocrx_word' id='word_1_168' title='bbox 695 2523 937 2581; x_wconf 90' lang='lat' dir='ltr'><strong>constat,</strong></span> <span class='ocrx_word' id='word_1_169' title='bbox 981 2513 1119 2568; x_wconf 89' lang='lat' dir='ltr'><strong>unde</strong></span> <span class='ocrx_word' id='word_1_170' title='bbox 1157 2513 1248 2566; x_wconf 81' lang='lat' dir='ltr'><strong>fit?</strong></span> <span class='ocrx_word' id='word_1_171' title='bbox 1284 2513 1359 2566; x_wconf 91' lang='lat' dir='ltr'><strong>De</strong></span> <span class='ocrx_word' id='word_1_172' title='bbox 1393 2511 1656 2582; x_wconf 89' lang='lat' dir='ltr'><strong>quinario.</strong></span> <span class='ocrx_word' id='word_1_173' title='bbox 1688 2507 1971 2576; x_wconf 83' lang='lat' dir='ltr'><strong>Quinarius</strong></span> <span class='ocrx_word' id='word_1_174' title='bbox 1998 2507 2088 2562; x_wconf 89' lang='lat' dir='ltr'><strong>ille</strong></span> 
     </span>
    </p>
   </div>
   <div class='ocr_carea' id='block_1_25' title="bbox 506 2597 2088 2676">
    <p class='ocr_par' dir='ltr' id='par_1_25' title="bbox 506 2597 2088 2676">
     <span class='ocr_line' id='line_1_25' title="bbox 506 2597 2088 2676; baseline -0.005 -16"><span class='ocrx_word' id='word_1_175' title='bbox 506 2621 762 2662; x_wconf 91' lang='lat' dir='ltr'><strong>numerus</strong></span> <span class='ocrx_word' id='word_1_176' title='bbox 787 2605 854 2660; x_wconf 90' lang='lat' dir='ltr'><strong>ad</strong></span> <span class='ocrx_word' id='word_1_177' title='bbox 882 2606 1078 2676; x_wconf 87' lang='lat' dir='ltr'><strong>Legem</strong></span> <span class='ocrx_word' id='word_1_178' title='bbox 1111 2605 1356 2675; x_wconf 88' lang='lat' dir='ltr'><strong>pertinet.</strong></span> <span class='ocrx_word' id='word_1_179' title='bbox 1395 2601 1498 2674; x_wconf 88' lang='lat' dir='ltr'><strong>Ipsi</strong></span> <span class='ocrx_word' id='word_1_180' title='bbox 1538 2610 1661 2657; x_wconf 91' lang='lat' dir='ltr'><strong>sunt</strong></span> <span class='ocrx_word' id='word_1_181' title='bbox 1697 2602 1928 2671; x_wconf 89' lang='lat' dir='ltr'><strong>quinque</strong></span> <span class='ocrx_word' id='word_1_182' title='bbox 1969 2597 2088 2654; x_wconf 88' lang='lat' dir='ltr'><strong>libri</strong></span> 
     </span>
    </p>
   </div>
   <div class='ocr_carea' id='block_1_26' title="bbox 507 2689 2088 2768">
    <p class='ocr_par' dir='ltr' id='par_1_26' title="bbox 507 2689 2088 2768">
     <span class='ocr_line' id='line_1_26' title="bbox 507 2689 2088 2768; baseline -0.005 -17"><span class='ocrx_word' id='word_1_183' title='bbox 507 2697 713 2768; x_wconf 82' lang='lat' dir='ltr'><strong>Moysi,</strong></span> <span class='ocrx_word' id='word_1_184' title='bbox 770 2697 898 2766; x_wconf 80' lang='lat' dir='ltr'><strong>ipsae</strong></span> <span class='ocrx_word' id='word_1_185' title='bbox 944 2704 1068 2750; x_wconf 92' lang='lat' dir='ltr'><strong>sunt</strong></span> <span class='ocrx_word' id='word_1_186' title='bbox 1108 2695 1340 2765; x_wconf 88' lang='lat' dir='ltr'><strong>quinque</strong></span> <span class='ocrx_word' id='word_1_187' title='bbox 1389 2694 1621 2763; x_wconf 89' lang='lat' dir='ltr'><strong>porticus</strong></span> <span class='ocrx_word' id='word_1_188' title='bbox 1667 2692 1769 2747; x_wconf 60' lang='lat' dir='ltr'><strong>illa:</strong></span> <span class='ocrx_word' id='word_1_189' title='bbox 1814 2689 2088 2760; x_wconf 85' lang='lat' dir='ltr'><strong>languidos</strong></span> 
     </span>
    </p>
   </div>
   <div class='ocr_carea' id='block_1_27' title="bbox 506 2780 2091 2856">
    <p class='ocr_par' dir='ltr' id='par_1_27' title="bbox 506 2780 2091 2856">
     <span class='ocr_line' id='line_1_27' title="bbox 506 2780 2091 2856; baseline -0.005 -13"><span class='ocrx_word' id='word_1_190' title='bbox 506 2788 872 2855; x_wconf 83' lang='lat' dir='ltr'><strong>continentes,</strong></span> <span class='ocrx_word' id='word_1_191' title='bbox 917 2787 1017 2856; x_wconf 91' lang='lat' dir='ltr'><strong>ipsi</strong></span> <span class='ocrx_word' id='word_1_192' title='bbox 1060 2786 1292 2856; x_wconf 75' lang='lat' dir='ltr'><strong>quinqtfe</strong></span> <span class='ocrx_word' id='word_1_193' title='bbox 1335 2800 1498 2854; x_wconf 89' lang='lat' dir='ltr'><strong>panes</strong></span> <span class='ocrx_word' id='word_1_194' title='bbox 1536 2784 1769 2854; x_wconf 89' lang='lat' dir='ltr'><strong>quinque</strong></span> <span class='ocrx_word' id='word_1_195' title='bbox 1802 2782 1965 2837; x_wconf 89' lang='lat' dir='ltr'><strong>millia</strong></span> <span class='ocrx_word' id='word_1_196' title='bbox 1993 2780 2091 2835; x_wconf 90' lang='lat' dir='ltr'><strong>ho-</strong></span> 
     </span>
    </p>
   </div>
   <div class='ocr_carea' id='block_1_28' title="bbox 505 2873 2092 2948">
    <p class='ocr_par' dir='ltr' id='par_1_28' title="bbox 505 2873 2092 2948">
     <span class='ocr_line' id='line_1_28' title="bbox 505 2873 2092 2948; baseline -0.006 -12"><span class='ocrx_word' id='word_1_197' title='bbox 505 2881 710 2936; x_wconf 87' lang='lat' dir='ltr'><strong>minum</strong></span> <span class='ocrx_word' id='word_1_198' title='bbox 737 2887 1031 2948; x_wconf 87' lang='lat' dir='ltr'><strong>pascentes.</strong></span> <span class='ocrx_word' id='word_1_199' title='bbox 1062 2877 1203 2947; x_wconf 87' lang='lat' dir='ltr'><strong>Ergo</strong></span> <span class='ocrx_word' id='word_1_200' title='bbox 1228 2877 1422 2946; x_wconf 85' lang='lat' dir='ltr'><strong>Legem</strong></span> <span class='ocrx_word' id='word_1_201' title='bbox 1450 2875 1711 2945; x_wconf 79' lang='lat' dir='ltr'><strong>significat</strong></span> <span class='ocrx_word' id='word_1_202' title='bbox 1737 2888 1988 2928; x_wconf 88' lang='lat' dir='ltr'><strong>numerus</strong></span> <span class='ocrx_word' id='word_1_203' title='bbox 2014 2873 2092 2927; x_wconf 84' lang='lat' dir='ltr'><strong>vi-</strong></span> 
     </span>
    </p>
   </div>
   <div class='ocr_carea' id='block_1_29' title="bbox 505 2963 2091 3042">
    <p class='ocr_par' dir='ltr' id='par_1_29' title="bbox 505 2963 2091 3042">
     <span class='ocr_line' id='line_1_29' title="bbox 505 2963 2091 3042; baseline -0.005 -15"><span class='ocrx_word' id='word_1_204' title='bbox 505 2971 739 3042; x_wconf 85' lang='lat' dir='ltr'><strong>gesimus</strong></span> <span class='ocrx_word' id='word_1_205' title='bbox 774 2972 1028 3040; x_wconf 88' lang='lat' dir='ltr'><strong>quintus:</strong></span> <span class='ocrx_word' id='word_1_206' title='bbox 1060 2969 1310 3039; x_wconf 89' lang='lat' dir='ltr'><strong>quoniam</strong></span> <span class='ocrx_word' id='word_1_207' title='bbox 1348 2969 1579 3038; x_wconf 88' lang='lat' dir='ltr'><strong>quinque</strong></span> <span class='ocrx_word' id='word_1_208' title='bbox 1609 2983 1704 3036; x_wconf 88' lang='lat' dir='ltr'><strong>per</strong></span> <span class='ocrx_word' id='word_1_209' title='bbox 1728 2967 1994 3036; x_wconf 87' lang='lat' dir='ltr'><strong>quinque,</strong></span> <span class='ocrx_word' id='word_1_210' title='bbox 2039 2963 2091 3019; x_wconf 90' lang='lat' dir='ltr'><strong>id</strong></span> 
     </span>
    </p>
   </div>
   <div class='ocr_carea' id='block_1_30' title="bbox 507 3059 2090 3134">
    <p class='ocr_par' dir='ltr' id='par_1_30' title="bbox 507 3059 2090 3134">
     <span class='ocr_line' id='line_1_30' title="bbox 507 3059 2090 3134; baseline -0.007 -14"><span class='ocrx_word' id='word_1_211' title='bbox 507 3073 609 3130; x_wconf 88' lang='lat' dir='ltr'><strong>est,</strong></span> <span class='ocrx_word' id='word_1_212' title='bbox 637 3063 914 3134; x_wconf 87' lang='lat' dir='ltr'><strong>quinquies</strong></span> <span class='ocrx_word' id='word_1_213' title='bbox 940 3061 1104 3131; x_wconf 88' lang='lat' dir='ltr'><strong>quini,</strong></span> <span class='ocrx_word' id='word_1_214' title='bbox 1141 3061 1337 3114; x_wconf 90' lang='lat' dir='ltr'><strong>faciunt</strong></span> <span class='ocrx_word' id='word_1_215' title='bbox 1365 3059 1549 3129; x_wconf 90' lang='lat' dir='ltr'><strong>viginti</strong></span> <span class='ocrx_word' id='word_1_216' title='bbox 1579 3059 1829 3128; x_wconf 91' lang='lat' dir='ltr'><strong>quinque,</strong></span> <span class='ocrx_word' id='word_1_217' title='bbox 1863 3059 2090 3127; x_wconf 89' lang='lat' dir='ltr'><strong>quadra-</strong></span> 
     </span>
    </p>
   </div>
   <div class='ocr_carea' id='block_1_31' title="bbox 508 3147 2089 3225">
    <p class='ocr_par' dir='ltr' id='par_1_31' title="bbox 508 3147 2089 3225">
     <span class='ocr_line' id='line_1_31' title="bbox 508 3147 2089 3225; baseline -0.004 -17"><span class='ocrx_word' id='word_1_218' title='bbox 508 3164 620 3210; x_wconf 87' lang='lat' dir='ltr'><strong>tum</strong></span> <span class='ocrx_word' id='word_1_219' title='bbox 647 3153 968 3225; x_wconf 89' lang='lat' dir='ltr'><strong>quinarium.</strong></span> <span class='ocrx_word' id='word_1_220' title='bbox 999 3151 1105 3207; x_wconf 87' lang='lat' dir='ltr'><strong>Sed</strong></span> <span class='ocrx_word' id='word_1_221' title='bbox 1133 3151 1255 3206; x_wconf 86' lang='lat' dir='ltr'><strong>huic</strong></span> <span class='ocrx_word' id='word_1_222' title='bbox 1283 3150 1410 3220; x_wconf 87' lang='lat' dir='ltr'><strong>Legi</strong></span> <span class='ocrx_word' id='word_1_223' title='bbox 1437 3161 1718 3219; x_wconf 86' lang='lat' dir='ltr'><strong>antequam</strong></span> <span class='ocrx_word' id='word_1_224' title='bbox 1750 3147 2089 3218; x_wconf 89' lang='lat' dir='ltr'><strong>Evangelium</strong></span> 
     </span>
    </p>
   </div>
   <div class='ocr_carea' id='block_1_32' title="bbox 507 3239 2092 3312">
    <p class='ocr_par' dir='ltr' id='par_1_32' title="bbox 507 3239 2092 3312">
     <span class='ocr_line' id='line_1_32' title="bbox 507 3239 2092 3312; baseline -0.004 -12"><span class='ocrx_word' id='word_1_225' title='bbox 507 3245 747 3311; x_wconf 85' lang='lat' dir='ltr'><strong>veniret,</strong></span> <span class='ocrx_word' id='word_1_226' title='bbox 779 3244 962 3298; x_wconf 89' lang='lat' dir='ltr'><strong>deerat</strong></span> <span class='ocrx_word' id='word_1_227' title='bbox 991 3241 1264 3312; x_wconf 87' lang='lat' dir='ltr'><strong>perfectio.</strong></span> <span class='ocrx_word' id='word_1_228' title='bbox 1298 3240 1561 3296; x_wconf 88' lang='lat' dir='ltr'><strong>Perfectio</strong></span> <span class='ocrx_word' id='word_1_229' title='bbox 1588 3249 1767 3295; x_wconf 88' lang='lat' dir='ltr'><strong>autem</strong></span> <span class='ocrx_word' id='word_1_230' title='bbox 1797 3239 1848 3293; x_wconf 91' lang='lat' dir='ltr'><strong>in</strong></span> <span class='ocrx_word' id='word_1_231' title='bbox 1879 3239 2092 3293; x_wconf 87' lang='lat' dir='ltr'><strong>senario</strong></span> 
     </span>
    </p>
   </div>
   <div class='ocr_carea' id='block_1_33' title="bbox 506 3330 2091 3403">
    <p class='ocr_par' dir='ltr' id='par_1_33' title="bbox 506 3330 2091 3403">
     <span class='ocr_line' id='line_1_33' title="bbox 506 3330 2091 3403; baseline -0.004 -11"><span class='ocrx_word' id='word_1_232' title='bbox 506 3351 731 3392; x_wconf 78' lang='lat' dir='ltr'><strong>numero</strong></span> <span class='ocrx_word' id='word_1_233' title='bbox 770 3334 1255 3403; x_wconf 88' lang='lat' dir='ltr'><strong>comprehenditur.</strong></span> <span class='ocrx_word' id='word_1_234' title='bbox 1304 3333 1590 3401; x_wconf 89' lang='lat' dir='ltr'><strong>Pr0pterea</strong></span> <span class='ocrx_word' id='word_1_235' title='bbox 1617 3346 1711 3385; x_wconf 80' lang='lat' dir='ltr'><strong>sex</strong></span> <span class='ocrx_word' id='word_1_236' title='bbox 1739 3330 1927 3385; x_wconf 90' lang='lat' dir='ltr'><strong>diebus</strong></span> <span class='ocrx_word' id='word_1_237' title='bbox 1953 3331 2091 3385; x_wconf 88' lang='lat' dir='ltr'><strong>Deus</strong></span> 
     </span>
    </p>
   </div>
   <div class='ocr_carea' id='block_1_34' title="bbox 509 3419 2092 3497">
    <p class='ocr_par' dir='ltr' id='par_1_34' title="bbox 509 3419 2092 3497">
     <span class='ocr_line' id='line_1_34' title="bbox 509 3419 2092 3497; baseline -0.004 -15"><span class='ocrx_word' id='word_1_238' title='bbox 509 3426 762 3482; x_wconf 90' lang='lat' dir='ltr'><strong>mundum</strong></span> <span class='ocrx_word' id='word_1_239' title='bbox 793 3426 1016 3497; x_wconf 88' lang='lat' dir='ltr'><strong>perfecit</strong></span> <span class='ocrx_word' id='word_1_240' title='bbox 1061 3424 1210 3496; x_wconf 83' lang='lat' dir='ltr'><strong>(Gen.</strong></span> <span class='ocrx_word' id='word_1_241' title='bbox 1255 3423 1293 3494; x_wconf 83' lang='grc' dir='ltr'><strong>ι)</strong></span> <span class='ocrx_word' id='word_1_242' title='bbox 1317 3466 1331 3490; x_wconf 89' lang='grc'><em>,</em></span> <span class='ocrx_word' id='word_1_243' title='bbox 1375 3432 1429 3479; x_wconf 90' lang='lat' dir='ltr'><strong>et</strong></span> <span class='ocrx_word' id='word_1_244' title='bbox 1467 3425 1698 3493; x_wconf 87' lang='lat' dir='ltr'><strong>quinque</strong></span> <span class='ocrx_word' id='word_1_245' title='bbox 1738 3423 1846 3492; x_wconf 87' lang='lat' dir='ltr'><strong>ipsa</strong></span> <span class='ocrx_word' id='word_1_246' title='bbox 1881 3439 1972 3492; x_wconf 88' lang='lat' dir='ltr'><strong>per</strong></span> <span class='ocrx_word' id='word_1_247' title='bbox 1998 3419 2092 3476; x_wconf 67' lang='lat' dir='ltr'><strong>&#39;sex</strong></span> 
     </span>
    </p>
   </div>
   <div class='ocr_carea' id='block_1_35' title="bbox 506 3516 2088 3591">
    <p class='ocr_par' dir='ltr' id='par_1_35' title="bbox 506 3516 2088 3591">
     <span class='ocr_line' id='line_1_35' title="bbox 506 3516 2088 3591; baseline -0.004 -15"><span class='ocrx_word' id='word_1_248' title='bbox 506 3521 942 3591; x_wconf 89' lang='lat' dir='ltr'><strong>multiplicantur,</strong></span> <span class='ocrx_word' id='word_1_249' title='bbox 988 3529 1047 3574; x_wconf 92' lang='lat' dir='ltr'><strong>ut</strong></span> <span class='ocrx_word' id='word_1_250' title='bbox 1085 3521 1192 3574; x_wconf 83' lang='lat' dir='ltr'><strong>Lex</strong></span> <span class='ocrx_word' id='word_1_251' title='bbox 1223 3535 1319 3589; x_wconf 89' lang='lat' dir='ltr'><strong>per</strong></span> <span class='ocrx_word' id='word_1_252' title='bbox 1346 3517 1690 3587; x_wconf 80' lang='lat' dir='ltr'><strong>Evangelium</strong></span> <span class='ocrx_word' id='word_1_253' title='bbox 1718 3516 2088 3584; x_wconf 79' lang='lat' dir='ltr'><strong>adimpleatur,</strong></span> 
     </span>
    </p>
   </div>
   <div class='ocr_carea' id='block_1_36' title="bbox 507 3606 2092 3681">
    <p class='ocr_par' dir='ltr' id='par_1_36' title="bbox 507 3606 2092 3681">
     <span class='ocr_line' id='line_1_36' title="bbox 507 3606 2092 3681; baseline -0.005 -13"><span class='ocrx_word' id='word_1_254' title='bbox 507 3621 566 3668; x_wconf 87' lang='lat' dir='ltr'><strong>ut</strong></span> <span class='ocrx_word' id='word_1_255' title='bbox 593 3612 722 3667; x_wconf 84' lang='lat' dir='ltr'><strong>fiant</strong></span> <span class='ocrx_word' id='word_1_256' title='bbox 745 3613 918 3668; x_wconf 82' lang='lat' dir='ltr'><strong>sexies</strong></span> <span class='ocrx_word' id='word_1_257' title='bbox 941 3611 1087 3681; x_wconf 90' lang='lat' dir='ltr'><strong>quini</strong></span> <span class='ocrx_word' id='word_1_258' title='bbox 1114 3611 1346 3680; x_wconf 89' lang='lat' dir='ltr'><strong>triginta.</strong></span> <span class='ocrx_word' id='word_1_259' title='bbox 1376 3608 1459 3662; x_wconf 86' lang='lat' dir='ltr'><strong>Ad</strong></span> <span class='ocrx_word' id='word_1_260' title='bbox 1483 3623 1576 3664; x_wconf 92' lang='lat' dir='ltr'><strong>eos</strong></span> <span class='ocrx_word' id='word_1_261' title='bbox 1601 3623 1728 3677; x_wconf 87' lang='lat' dir='ltr'><strong>ergo</strong></span> <span class='ocrx_word' id='word_1_262' title='bbox 1753 3607 1844 3676; x_wconf 87' lang='lat' dir='ltr'><strong>qui</strong></span> <span class='ocrx_word' id='word_1_263' title='bbox 1871 3606 2092 3676; x_wconf 90' lang='lat' dir='ltr'><strong>implent</strong></span> 
     </span>
    </p>
   </div>
   <div class='ocr_carea' id='block_1_37' title="bbox 508 3699 2090 3774">
    <p class='ocr_par' dir='ltr' id='par_1_37' title="bbox 508 3699 2090 3774">
     <span class='ocr_line' id='line_1_37' title="bbox 508 3699 2090 3774; baseline -0.004 -14"><span class='ocrx_word' id='word_1_264' title='bbox 508 3705 726 3774; x_wconf 91' lang='lat' dir='ltr'><strong>Legem,</strong></span> <span class='ocrx_word' id='word_1_265' title='bbox 754 3705 900 3759; x_wconf 88' lang='lat' dir='ltr'><strong>venit</strong></span> <span class='ocrx_word' id='word_1_266' title='bbox 921 3703 1094 3759; x_wconf 84' lang='lat' dir='ltr'><strong>Jesus.</strong></span> <span class='ocrx_word' id='word_1_267' title='bbox 1128 3702 1198 3757; x_wconf 89' lang='lat' dir='ltr'><strong>Et</strong></span> <span class='ocrx_word' id='word_1_268' title='bbox 1221 3702 1384 3768; x_wconf 89' lang='lat' dir='ltr'><strong>venit,</strong></span> <span class='ocrx_word' id='word_1_269' title='bbox 1411 3701 1715 3772; x_wconf 83' lang='lat' dir='ltr'><strong>quomodo?</strong></span> <span class='ocrx_word' id='word_1_270' title='bbox 1737 3700 1962 3755; x_wconf 74' lang='lat' dir='ltr'><strong>Calcatis</strong></span> <span class='ocrx_word' id='word_1_271' title='bbox 1991 3699 2090 3754; x_wconf 86' lang='lat' dir='ltr'><strong>llu-</strong></span> 
     </span>
    </p>
   </div>
   <div class='ocr_carea' id='block_1_38' title="bbox 506 3793 2088 3865">
    <p class='ocr_par' dir='ltr' id='par_1_38' title="bbox 506 3793 2088 3865">
     <span class='ocr_line' id='line_1_38' title="bbox 506 3793 2088 3865; baseline -0.004 -13"><span class='ocrx_word' id='word_1_272' title='bbox 506 3809 658 3864; x_wconf 86' lang='lat' dir='ltr'><strong>etus;</strong></span> <span class='ocrx_word' id='word_1_273' title='bbox 705 3812 891 3852; x_wconf 91' lang='lat' dir='ltr'><strong>omnes</strong></span> <span class='ocrx_word' id='word_1_274' title='bbox 931 3806 1166 3850; x_wconf 89' lang='lat' dir='ltr'><strong>tumores</strong></span> <span class='ocrx_word' id='word_1_275' title='bbox 1210 3793 1417 3865; x_wconf 92' lang='lat' dir='ltr'><strong>mundi</strong></span> <span class='ocrx_word' id='word_1_276' title='bbox 1443 3794 1543 3849; x_wconf 92' lang='lat' dir='ltr'><strong>sub</strong></span> <span class='ocrx_word' id='word_1_277' title='bbox 1594 3793 1813 3862; x_wconf 90' lang='lat' dir='ltr'><strong>pedibus</strong></span> <span class='ocrx_word' id='word_1_278' title='bbox 1855 3793 2088 3860; x_wconf 91' lang='lat' dir='ltr'><strong>habens,</strong></span> 
     </span>
    </p>
   </div>
   <div class='ocr_carea' id='block_1_39' title="bbox 507 3887 2094 3957">
    <p class='ocr_par' dir='ltr' id='par_1_39' title="bbox 507 3887 2094 3957">
     <span class='ocr_line' id='line_1_39' title="bbox 507 3887 2094 3957; baseline -0.004 -11"><span class='ocrx_word' id='word_1_279' title='bbox 507 3904 694 3946; x_wconf 88' lang='lat' dir='ltr'><strong>omnes</strong></span> <span class='ocrx_word' id='word_1_280' title='bbox 719 3889 1060 3944; x_wconf 83' lang='lat' dir='ltr'><strong>celsitudines</strong></span> <span class='ocrx_word' id='word_1_281' title='bbox 1086 3887 1266 3942; x_wconf 73' lang='lat' dir='ltr'><strong>saeculi</strong></span> <span class='ocrx_word' id='word_1_282' title='bbox 1295 3902 1560 3957; x_wconf 89' lang='lat' dir='ltr'><strong>premens.</strong></span> <span class='ocrx_word' id='word_1_283' title='bbox 1595 3887 1901 3956; x_wconf 84' lang='lat' dir='ltr'><strong>lloc&#39;agitur</strong></span> <span class='ocrx_word' id='word_1_284' title='bbox 1926 3901 2094 3956; x_wconf 91' lang='lat' dir='ltr'><strong>quan-</strong></span> 
     </span>
    </p>
   </div>
   <div class='ocr_carea' id='block_1_40' title="bbox 509 3978 2089 4050">
    <p class='ocr_par' dir='ltr' id='par_1_40' title="bbox 509 3978 2089 4050">
     <span class='ocr_line' id='line_1_40' title="bbox 509 3978 2089 4050; baseline -0.003 -13"><span class='ocrx_word' id='word_1_285' title='bbox 509 3991 619 4037; x_wconf 90' lang='lat' dir='ltr'><strong>tum</strong></span> <span class='ocrx_word' id='word_1_286' title='bbox 643 3982 854 4037; x_wconf 90' lang='lat' dir='ltr'><strong>additur</strong></span> <span class='ocrx_word' id='word_1_287' title='bbox 877 3981 1123 4050; x_wconf 88' lang='lat' dir='ltr'><strong>tempori,</strong></span> <span class='ocrx_word' id='word_1_288' title='bbox 1153 3991 1207 4034; x_wconf 91' lang='lat' dir='ltr'><strong>et</strong></span> <span class='ocrx_word' id='word_1_289' title='bbox 1233 3989 1485 4050; x_wconf 90' lang='lat' dir='ltr'><strong>quantum</strong></span> <span class='ocrx_word' id='word_1_290' title='bbox 1510 3979 1714 4033; x_wconf 89' lang='lat' dir='ltr'><strong>accedit</strong></span> <span class='ocrx_word' id='word_1_291' title='bbox 1733 3987 1862 4032; x_wconf 84' lang='lat' dir='ltr'><strong>aetas</strong></span> <span class='ocrx_word' id='word_1_292' title='bbox 1886 3978 2089 4033; x_wconf 73' lang='lat' dir='ltr'><strong>saeculi.</strong></span> 
     </span>
    </p>
   </div>
   <div class='ocr_carea' id='block_1_41' title="bbox 508 4070 2090 4143">
    <p class='ocr_par' dir='ltr' id='par_1_41' title="bbox 508 4070 2090 4143">
     <span class='ocr_line' id='line_1_41' title="bbox 508 4070 2090 4143; baseline -0.004 -16"><span class='ocrx_word' id='word_1_293' title='bbox 508 4073 781 4143; x_wconf 82' lang='lat' dir='ltr'><strong>Augentur</strong></span> <span class='ocrx_word' id='word_1_294' title='bbox 805 4073 858 4126; x_wconf 91' lang='lat' dir='ltr'><strong>in</strong></span> <span class='ocrx_word' id='word_1_295' title='bbox 882 4073 983 4126; x_wconf 87' lang='lat' dir='ltr'><strong>isto</strong></span> <span class='ocrx_word' id='word_1_296' title='bbox 1006 4071 1205 4125; x_wconf 91' lang='lat' dir='ltr'><strong>mundo</strong></span> <span class='ocrx_word' id='word_1_297' title='bbox 1233 4071 1613 4134; x_wconf 89' lang='lat' dir='ltr'><strong>tribulationes,</strong></span> <span class='ocrx_word' id='word_1_298' title='bbox 1645 4078 1904 4140; x_wconf 86' lang='lat' dir='ltr'><strong>augentur</strong></span> <span class='ocrx_word' id='word_1_299' title='bbox 1929 4070 2090 4137; x_wconf 89' lang='lat' dir='ltr'><strong>mala,</strong></span> 
     </span>
    </p>
   </div>
   <div class='ocr_carea' id='block_1_42' title="bbox 508 4161 2088 4234">
    <p class='ocr_par' dir='ltr' id='par_1_42' title="bbox 508 4161 2088 4234">
     <span class='ocr_line' id='line_1_42' title="bbox 508 4161 2088 4234; baseline 0 -16"><span class='ocrx_word' id='word_1_300' title='bbox 508 4173 766 4234; x_wconf 87' lang='lat' dir='ltr'><strong>augentur</strong></span> <span class='ocrx_word' id='word_1_301' title='bbox 792 4163 1169 4228; x_wconf 86' lang='lat' dir='ltr'><strong>contritiones,</strong></span> <span class='ocrx_word' id='word_1_302' title='bbox 1199 4175 1584 4234; x_wconf 85' lang='lat' dir='ltr'><strong>exaggerantur</strong></span> <span class='ocrx_word' id='word_1_303' title='bbox 1613 4162 1724 4217; x_wconf 67' lang='lat' dir='ltr'><strong>huic</strong></span> <span class='ocrx_word' id='word_1_304' title='bbox 1753 4162 1930 4217; x_wconf 89' lang='lat' dir='ltr'><strong>omnia</strong></span> <span class='ocrx_word' id='word_1_305' title='bbox 1956 4180 1968 4215; x_wconf 92' lang='lat'>:</span> <span class='ocrx_word' id='word_1_306' title='bbox 1998 4161 2088 4218; x_wconf 83' lang='lat' dir='ltr'><strong>Je-</strong></span> 
     </span>
    </p>
   </div>
   <div class='ocr_carea' id='block_1_43' title="bbox 509 4254 1309 4322">
    <p class='ocr_par' dir='ltr' id='par_1_43' title="bbox 509 4254 1309 4322">
     <span class='ocr_line' id='line_1_43' title="bbox 509 4254 1309 4322; baseline -0.003 -11"><span class='ocrx_word' id='word_1_307' title='bbox 509 4272 601 4314; x_wconf 87' lang='lat' dir='ltr'><strong>sus</strong></span> <span class='ocrx_word' id='word_1_308' title='bbox 628 4257 835 4322; x_wconf 87' lang='lat' dir='ltr'><strong>transit,</strong></span> <span class='ocrx_word' id='word_1_309' title='bbox 861 4257 1074 4312; x_wconf 87' lang='lat' dir='ltr'><strong>calcans</strong></span> <span class='ocrx_word' id='word_1_310' title='bbox 1097 4254 1309 4311; x_wconf 86' lang='lat' dir='ltr'><strong>ﬂuctus.</strong></span> 
     </span>
    </p>
   </div>
   <div class='ocr_carea' id='block_1_44' title="bbox 581 4346 2090 4416">
    <p class='ocr_par' dir='ltr' id='par_1_44' title="bbox 581 4346 2090 4416">
     <span class='ocr_line' id='line_1_44' title="bbox 581 4346 2090 4416; baseline -0.001 -14"><span class='ocrx_word' id='word_1_311' title='bbox 581 4349 633 4402; x_wconf 91' lang='lat'><strong>7.</strong></span> <span class='ocrx_word' id='word_1_312' title='bbox 677 4349 747 4404; x_wconf 89' lang='lat' dir='ltr'><strong>Et</strong></span> <span class='ocrx_word' id='word_1_313' title='bbox 771 4356 947 4403; x_wconf 90' lang='lat' dir='ltr'><strong>tamen</strong></span> <span class='ocrx_word' id='word_1_314' title='bbox 975 4358 1133 4402; x_wconf 72' lang='lat' dir='ltr'><strong>tanta:</strong></span> <span class='ocrx_word' id='word_1_315' title='bbox 1153 4356 1275 4402; x_wconf 91' lang='lat' dir='ltr'><strong>sunt</strong></span> <span class='ocrx_word' id='word_1_316' title='bbox 1300 4346 1694 4412; x_wconf 89' lang='lat' dir='ltr'><strong>tribulationes,</strong></span> <span class='ocrx_word' id='word_1_317' title='bbox 1723 4355 1780 4401; x_wconf 92' lang='lat' dir='ltr'><strong>ut</strong></span> <span class='ocrx_word' id='word_1_318' title='bbox 1803 4346 1962 4401; x_wconf 90' lang='lat' dir='ltr'><strong>etiam</strong></span> <span class='ocrx_word' id='word_1_319' title='bbox 1991 4346 2090 4416; x_wconf 90' lang='lat' dir='ltr'><strong>ipsi</strong></span> 
     </span>
    </p>
   </div>
   <div class='ocr_carea' id='block_1_45' title="bbox 509 4439 2093 4512">
    <p class='ocr_par' dir='ltr' id='par_1_45' title="bbox 509 4439 2093 4512">
     <span class='ocr_line' id='line_1_45' title="bbox 509 4439 2093 4512; baseline -0.001 -17"><span class='ocrx_word' id='word_1_320' title='bbox 509 4441 597 4512; x_wconf 92' lang='lat' dir='ltr'><strong>qui</strong></span> <span class='ocrx_word' id='word_1_321' title='bbox 627 4441 968 4496; x_wconf 89' lang='lat' dir='ltr'><strong>crediderunt</strong></span> <span class='ocrx_word' id='word_1_322' title='bbox 1002 4441 1055 4494; x_wconf 92' lang='lat' dir='ltr'><strong>in</strong></span> <span class='ocrx_word' id='word_1_323' title='bbox 1097 4439 1276 4496; x_wconf 84' lang='lat' dir='ltr'><strong>Jesum</strong></span> <span class='ocrx_word' id='word_1_324' title='bbox 1298 4481 1313 4508; x_wconf 95' lang='lat'><strong>,</strong></span> <span class='ocrx_word' id='word_1_325' title='bbox 1352 4449 1406 4494; x_wconf 89' lang='lat' dir='ltr'><strong>et</strong></span> <span class='ocrx_word' id='word_1_326' title='bbox 1443 4439 1531 4510; x_wconf 88' lang='lat' dir='ltr'><strong>qui</strong></span> <span class='ocrx_word' id='word_1_327' title='bbox 1559 4449 1817 4495; x_wconf 92' lang='lat' dir='ltr'><strong>conantur</strong></span> <span class='ocrx_word' id='word_1_328' title='bbox 1845 4454 2093 4508; x_wconf 88' lang='lat' dir='ltr'><strong>perseve-</strong></span> 
     </span>
    </p>
   </div>
   <div class='ocr_carea' id='block_1_46' title="bbox 509 4529 2093 4604">
    <p class='ocr_par' dir='ltr' id='par_1_46' title="bbox 509 4529 2093 4604">
     <span class='ocr_line' id='line_1_46' title="bbox 509 4529 2093 4604; baseline -0.003 -14"><span class='ocrx_word' id='word_1_329' title='bbox 509 4547 632 4590; x_wconf 81' lang='lat' dir='ltr'><strong>rare</strong></span> <span class='ocrx_word' id='word_1_330' title='bbox 663 4547 828 4604; x_wconf 92' lang='lat' dir='ltr'><strong>usque</strong></span> <span class='ocrx_word' id='word_1_331' title='bbox 858 4533 912 4587; x_wconf 92' lang='lat' dir='ltr'><strong>in</strong></span> <span class='ocrx_word' id='word_1_332' title='bbox 934 4533 1093 4588; x_wconf 85' lang='lat' dir='ltr'><strong>linem</strong></span> <span class='ocrx_word' id='word_1_333' title='bbox 1112 4574 1126 4600; x_wconf 90' lang='lat'><strong>,</strong></span> <span class='ocrx_word' id='word_1_334' title='bbox 1155 4542 1508 4601; x_wconf 83' lang='lat' dir='ltr'><strong>expavescant</strong></span> <span class='ocrx_word' id='word_1_335' title='bbox 1534 4547 1601 4586; x_wconf 90' lang='lat' dir='ltr'><strong>ne</strong></span> <span class='ocrx_word' id='word_1_336' title='bbox 1627 4531 1909 4586; x_wconf 87' lang='lat' dir='ltr'><strong>deficiant:</strong></span> <span class='ocrx_word' id='word_1_337' title='bbox 1940 4529 2093 4586; x_wconf 89' lang='lat' dir='ltr'><strong>Chri-</strong></span> 
     </span>
    </p>
   </div>
   <div class='ocr_carea' id='block_1_47' title="bbox 509 4622 2092 4693">
    <p class='ocr_par' dir='ltr' id='par_1_47' title="bbox 509 4622 2092 4693">
     <span class='ocr_line' id='line_1_47' title="bbox 509 4622 2092 4693; baseline -0.001 -14"><span class='ocrx_word' id='word_1_338' title='bbox 509 4632 596 4679; x_wconf 88' lang='lat' dir='ltr'><strong>sto</strong></span> <span class='ocrx_word' id='word_1_339' title='bbox 627 4624 816 4679; x_wconf 87' lang='lat' dir='ltr'><strong>fluctus</strong></span> <span class='ocrx_word' id='word_1_340' title='bbox 843 4624 1116 4693; x_wconf 85' lang='lat' dir='ltr'><strong>calcante,</strong></span> <span class='ocrx_word' id='word_1_341' title='bbox 1149 4624 1330 4678; x_wconf 74' lang='lat' dir='ltr'><strong>saeculi</strong></span> <span class='ocrx_word' id='word_1_342' title='bbox 1363 4623 1679 4679; x_wconf 88' lang='lat' dir='ltr'><strong>ambitiones</strong></span> <span class='ocrx_word' id='word_1_343' title='bbox 1704 4633 1758 4678; x_wconf 89' lang='lat' dir='ltr'><strong>et</strong></span> <span class='ocrx_word' id='word_1_344' title='bbox 1784 4622 2092 4678; x_wconf 86' lang='lat' dir='ltr'><strong>altitudines</strong></span> 
     </span>
    </p>
   </div>
   <div class='ocr_carea' id='block_1_48' title="bbox 508 4717 2092 4788">
    <p class='ocr_par' dir='ltr' id='par_1_48' title="bbox 508 4717 2092 4788">
     <span class='ocr_line' id='line_1_48' title="bbox 508 4717 2092 4788; baseline -0.001 -14"><span class='ocrx_word' id='word_1_345' title='bbox 508 4718 876 4788; x_wconf 91' lang='lat' dir='ltr'><strong>deprimente,</strong></span> <span class='ocrx_word' id='word_1_346' title='bbox 919 4718 1222 4788; x_wconf 83' lang='lat' dir='ltr'><strong>expavescit</strong></span> <span class='ocrx_word' id='word_1_347' title='bbox 1262 4717 1599 4772; x_wconf 84' lang='lat' dir='ltr'><strong>christianus.</strong></span> <span class='ocrx_word' id='word_1_348' title='bbox 1639 4717 1824 4773; x_wconf 91' lang='lat' dir='ltr'><strong>Nonne</strong></span> <span class='ocrx_word' id='word_1_349' title='bbox 1862 4717 1976 4772; x_wconf 72' lang='lat' dir='ltr'><strong>haec</strong></span> <span class='ocrx_word' id='word_1_350' title='bbox 2017 4717 2092 4772; x_wconf 92' lang='lat' dir='ltr'><strong>illi</strong></span> 
     </span>
    </p>
   </div>
   <div class='ocr_carea' id='block_1_49' title="bbox 509 4807 2088 4880">
    <p class='ocr_par' dir='ltr' id='par_1_49' title="bbox 509 4807 2088 4880">
     <span class='ocr_line' id='line_1_49' title="bbox 509 4807 2088 4880; baseline -0.002 -16"><span class='ocrx_word' id='word_1_351' title='bbox 509 4808 761 4880; x_wconf 70' lang='lat' dir='ltr'><strong>praedicta</strong></span> <span class='ocrx_word' id='word_1_352' title='bbox 791 4808 953 4863; x_wconf 89' lang='lat' dir='ltr'><strong>sunt?</strong></span> <span class='ocrx_word' id='word_1_353' title='bbox 982 4808 1167 4863; x_wconf 81' lang='lat' dir='ltr'><strong>Merito</strong></span> <span class='ocrx_word' id='word_1_354' title='bbox 1193 4817 1247 4863; x_wconf 91' lang='lat' dir='ltr'><strong>et</strong></span> <span class='ocrx_word' id='word_1_355' title='bbox 1264 4808 1389 4863; x_wconf 85' lang='lat' dir='ltr'><strong>Jesu</strong></span> <span class='ocrx_word' id='word_1_356' title='bbox 1413 4809 1466 4863; x_wconf 92' lang='lat' dir='ltr'><strong>in</strong></span> <span class='ocrx_word' id='word_1_357' title='bbox 1496 4807 1741 4864; x_wconf 86' lang='lat' dir='ltr'><strong>ﬂuctibus</strong></span> <span class='ocrx_word' id='word_1_358' title='bbox 1765 4809 2088 4874; x_wconf 91' lang='lat' dir='ltr'><strong>ambulante,</strong></span> 
     </span>
    </p>
   </div>
   <div class='ocr_carea' id='block_1_50' title="bbox 508 4898 2093 4972">
    <p class='ocr_par' dir='ltr' id='par_1_50' title="bbox 508 4898 2093 4972">
     <span class='ocr_line' id='line_1_50' title="bbox 508 4898 2093 4972; baseline -0.003 -15"><span class='ocrx_word' id='word_1_359' title='bbox 508 4903 780 4957; x_wconf 83' lang='lat' dir='ltr'><strong>timuerunt</strong></span> <span class='ocrx_word' id='word_1_360' title='bbox 825 4918 844 4956; x_wconf 88' lang='lat'><strong><em>:</em></strong></span> <span class='ocrx_word' id='word_1_361' title='bbox 889 4902 1157 4972; x_wconf 92' lang='lat' dir='ltr'><strong>quomodo</strong></span> <span class='ocrx_word' id='word_1_362' title='bbox 1207 4901 1490 4956; x_wconf 88' lang='lat' dir='ltr'><strong>Christiani</strong></span> <span class='ocrx_word' id='word_1_363' title='bbox 1541 4898 1780 4971; x_wconf 84' lang='lat' dir='ltr'><strong>quamvis</strong></span> <span class='ocrx_word' id='word_1_364' title='bbox 1833 4900 2093 4954; x_wconf 86' lang='lat' dir='ltr'><strong>habentes</strong></span> 
     </span>
    </p>
   </div>
   <div class='ocr_carea' id='block_1_51' title="bbox 507 4993 2088 5066">
    <p class='ocr_par' dir='ltr' id='par_1_51' title="bbox 507 4993 2088 5066">
     <span class='ocr_line' id='line_1_51' title="bbox 507 4993 2088 5066; baseline -0.002 -15"><span class='ocrx_word' id='word_1_365' title='bbox 507 5012 658 5066; x_wconf 87' lang='lat' dir='ltr'><strong>spem</strong></span> <span class='ocrx_word' id='word_1_366' title='bbox 685 4996 740 5051; x_wconf 92' lang='lat' dir='ltr'><strong>in</strong></span> <span class='ocrx_word' id='word_1_367' title='bbox 765 4995 944 5051; x_wconf 87' lang='lat' dir='ltr'><strong>futuro</strong></span> <span class='ocrx_word' id='word_1_368' title='bbox 967 4996 1184 5060; x_wconf 80' lang='lat' dir='ltr'><strong>saeculo,</strong></span> <span class='ocrx_word' id='word_1_369' title='bbox 1225 4993 1434 5065; x_wconf 90' lang='lat' dir='ltr'><strong>quando</strong></span> <span class='ocrx_word' id='word_1_370' title='bbox 1460 4993 1692 5048; x_wconf 90' lang='lat' dir='ltr'><strong>viderint</strong></span> <span class='ocrx_word' id='word_1_371' title='bbox 1713 4994 1937 5064; x_wconf 90' lang='lat' dir='ltr'><strong>deprimi</strong></span> <span class='ocrx_word' id='word_1_372' title='bbox 1967 4993 2088 5048; x_wconf 85' lang='lat' dir='ltr'><strong>alti-</strong></span> 
     </span>
    </p>
   </div>
   <div class='ocr_carea' id='block_1_52' title="bbox 509 5085 2092 5156">
    <p class='ocr_par' dir='ltr' id='par_1_52' title="bbox 509 5085 2092 5156">
     <span class='ocr_line' id='line_1_52' title="bbox 509 5085 2092 5156; baseline 0.001 -16"><span class='ocrx_word' id='word_1_373' title='bbox 509 5087 747 5143; x_wconf 88' lang='lat' dir='ltr'><strong>tudinem</strong></span> <span class='ocrx_word' id='word_1_374' title='bbox 789 5087 969 5142; x_wconf 91' lang='lat' dir='ltr'><strong>saeculi</strong></span> <span class='ocrx_word' id='word_1_375' title='bbox 1010 5086 1201 5156; x_wconf 87' lang='lat' dir='ltr'><strong>hujus,</strong></span> <span class='ocrx_word' id='word_1_376' title='bbox 1251 5085 1563 5154; x_wconf 89' lang='lat' dir='ltr'><strong>plerumque</strong></span> <span class='ocrx_word' id='word_1_377' title='bbox 1605 5085 1986 5139; x_wconf 91' lang='lat' dir='ltr'><strong>conturbantur</strong></span> <span class='ocrx_word' id='word_1_378' title='bbox 2023 5087 2092 5141; x_wconf 86' lang='lat' dir='ltr'><strong>de</strong></span> 
     </span>
    </p>
   </div>
   <div class='ocr_carea' id='block_1_53' title="bbox 507 5176 2087 5247">
    <p class='ocr_par' dir='ltr' id='par_1_53' title="bbox 507 5176 2087 5247">
     <span class='ocr_line' id='line_1_53' title="bbox 507 5176 2087 5247; baseline -0.002 -14"><span class='ocrx_word' id='word_1_379' title='bbox 507 5178 826 5234; x_wconf 89' lang='lat' dir='ltr'><strong>contritione</strong></span> <span class='ocrx_word' id='word_1_380' title='bbox 845 5193 1025 5233; x_wconf 89' lang='lat' dir='ltr'><strong>rerum</strong></span> <span class='ocrx_word' id='word_1_381' title='bbox 1046 5176 1418 5232; x_wconf 90' lang='lat' dir='ltr'><strong>humanarum.</strong></span> <span class='ocrx_word' id='word_1_382' title='bbox 1443 5177 1700 5245; x_wconf 87' lang='lat' dir='ltr'><strong>Aperiunt</strong></span> <span class='ocrx_word' id='word_1_383' title='bbox 1724 5177 2087 5247; x_wconf 90' lang='lat' dir='ltr'><strong>Evangelium,</strong></span> 
     </span>
    </p>
   </div>
   <div class='ocr_carea' id='block_1_54' title="bbox 509 5267 2091 5342">
    <p class='ocr_par' dir='ltr' id='par_1_54' title="bbox 509 5267 2091 5342">
     <span class='ocr_line' id='line_1_54' title="bbox 509 5267 2091 5342; baseline 0 -19"><span class='ocrx_word' id='word_1_384' title='bbox 509 5271 753 5338; x_wconf 88' lang='lat' dir='ltr'><strong>aperiunt</strong></span> <span class='ocrx_word' id='word_1_385' title='bbox 780 5270 1116 5342; x_wconf 88' lang='lat' dir='ltr'><strong>Scripturas;</strong></span> <span class='ocrx_word' id='word_1_386' title='bbox 1143 5277 1196 5324; x_wconf 94' lang='lat' dir='ltr'><strong>et</strong></span> <span class='ocrx_word' id='word_1_387' title='bbox 1218 5268 1494 5323; x_wconf 91' lang='lat' dir='ltr'><strong>inveniunt</strong></span> <span class='ocrx_word' id='word_1_388' title='bbox 1517 5267 1588 5322; x_wconf 92' lang='lat' dir='ltr'><strong>ibi</strong></span> <span class='ocrx_word' id='word_1_389' title='bbox 1616 5267 1716 5322; x_wconf 88' lang='lat' dir='ltr'><strong>ista</strong></span> <span class='ocrx_word' id='word_1_390' title='bbox 1746 5269 1922 5338; x_wconf 90' lang='lat' dir='ltr'><strong>omnia</strong></span> <span class='ocrx_word' id='word_1_391' title='bbox 1951 5284 2091 5338; x_wconf 76' lang='lat' dir='ltr'><strong>prae-</strong></span> 
     </span>
    </p>
   </div>
   <div class='ocr_carea' id='block_1_55' title="bbox 509 5359 2090 5433">
    <p class='ocr_par' dir='ltr' id='par_1_55' title="bbox 509 5359 2090 5433">
     <span class='ocr_line' id='line_1_55' title="bbox 509 5359 2090 5433; baseline -0.001 -18"><span class='ocrx_word' id='word_1_392' title='bbox 509 5359 684 5427; x_wconf 86' lang='lat' dir='ltr'><strong>dicta;</strong></span> <span class='ocrx_word' id='word_1_393' title='bbox 721 5363 845 5433; x_wconf 91' lang='lat' dir='ltr'><strong>quia</strong></span> <span class='ocrx_word' id='word_1_394' title='bbox 873 5362 978 5418; x_wconf 87' lang='lat' dir='ltr'><strong>hoc</strong></span> <span class='ocrx_word' id='word_1_395' title='bbox 1005 5361 1260 5416; x_wconf 88' lang='lat' dir='ltr'><strong>Dominus</strong></span> <span class='ocrx_word' id='word_1_396' title='bbox 1288 5359 1429 5414; x_wconf 86' lang='lat' dir='ltr'><strong>facit.</strong></span> <span class='ocrx_word' id='word_1_397' title='bbox 1465 5359 1721 5429; x_wconf 89' lang='lat' dir='ltr'><strong>Deprimit</strong></span> <span class='ocrx_word' id='word_1_398' title='bbox 1747 5359 2090 5415; x_wconf 88' lang='lat' dir='ltr'><strong>celsitudines</strong></span> 
     </span>
    </p>
   </div>
   <div class='ocr_carea' id='block_1_56' title="bbox 509 5451 2092 5523">
    <p class='ocr_par' dir='ltr' id='par_1_56' title="bbox 509 5451 2092 5523">
     <span class='ocr_line' id='line_1_56' title="bbox 509 5451 2092 5523; baseline -0.003 -13"><span class='ocrx_word' id='word_1_399' title='bbox 509 5455 710 5521; x_wconf 87' lang='lat' dir='ltr'><strong>saeculi,</strong></span> <span class='ocrx_word' id='word_1_400' title='bbox 745 5463 804 5510; x_wconf 92' lang='lat' dir='ltr'><strong>ut</strong></span> <span class='ocrx_word' id='word_1_401' title='bbox 825 5456 894 5510; x_wconf 89' lang='lat' dir='ltr'><strong>ab</strong></span> <span class='ocrx_word' id='word_1_402' title='bbox 923 5455 1214 5511; x_wconf 89' lang='lat' dir='ltr'><strong>humilibus</strong></span> <span class='ocrx_word' id='word_1_403' title='bbox 1241 5452 1582 5523; x_wconf 83' lang='lat' dir='ltr'><strong>glorificetur.</strong></span> <span class='ocrx_word' id='word_1_404' title='bbox 1618 5453 1692 5506; x_wconf 91' lang='lat' dir='ltr'><strong>De</strong></span> <span class='ocrx_word' id='word_1_405' title='bbox 1716 5467 1941 5522; x_wconf 90' lang='lat' dir='ltr'><strong>quorum</strong></span> <span class='ocrx_word' id='word_1_406' title='bbox 1970 5451 2092 5506; x_wconf 87' lang='lat' dir='ltr'><strong>alti-</strong></span> 
     </span>
    </p>
   </div>
   <div class='ocr_carea' id='block_1_57' title="bbox 511 5544 2090 5614">
    <p class='ocr_par' dir='ltr' id='par_1_57' title="bbox 511 5544 2090 5614">
     <span class='ocr_line' id='line_1_57' title="bbox 511 5544 2090 5614; baseline -0.004 -12"><span class='ocrx_word' id='word_1_407' title='bbox 511 5544 693 5602; x_wconf 80' lang='lat' dir='ltr'><strong>tudine</strong></span> <span class='ocrx_word' id='word_1_408' title='bbox 731 5546 1038 5614; x_wconf 71' lang='lat' dir='ltr'><strong>praedictum</strong></span> <span class='ocrx_word' id='word_1_409' title='bbox 1076 5555 1189 5611; x_wconf 90' lang='lat' dir='ltr'><strong>est,</strong></span> <span class='ocrx_word' id='word_1_410' title='bbox 1231 5545 1463 5599; x_wconf 80' lang='lat' dir='ltr'><strong>Civitates</strong></span> <span class='ocrx_word' id='word_1_411' title='bbox 1493 5544 1806 5613; x_wconf 78' lang='lat' dir='ltr'><strong>ﬁrmissimas</strong></span> <span class='ocrx_word' id='word_1_412' title='bbox 1832 5544 2052 5597; x_wconf 84' lang='lat' dir='ltr'><strong>destrues</strong></span> <span class='ocrx_word' id='word_1_413' title='bbox 2069 5561 2090 5610; x_wconf 88' lang='lat'><strong><em>;</em></strong></span> 
     </span>
    </p>
   </div>
   <div class='ocr_carea' id='block_1_58' title="bbox 510 5635 2087 5708">
    <p class='ocr_par' dir='ltr' id='par_1_58' title="bbox 510 5635 2087 5708">
     <span class='ocr_line' id='line_1_58' title="bbox 510 5635 2087 5708; baseline -0.003 -15"><span class='ocrx_word' id='word_1_414' title='bbox 510 5646 585 5701; x_wconf 85' lang='lat' dir='ltr'><strong>et,</strong></span> <span class='ocrx_word' id='word_1_415' title='bbox 617 5635 821 5690; x_wconf 81' lang='lat' dir='ltr'><strong>Inimici</strong></span> <span class='ocrx_word' id='word_1_416' title='bbox 849 5637 1135 5707; x_wconf 78' lang='lat' dir='ltr'><strong>defecerunt</strong></span> <span class='ocrx_word' id='word_1_417' title='bbox 1164 5643 1370 5708; x_wconf 66' lang='lat' dir='ltr'><strong>framea</strong></span> <span class='ocrx_word' id='word_1_418' title='bbox 1396 5637 1447 5690; x_wconf 89' lang='lat' dir='ltr'><strong>in</strong></span> <span class='ocrx_word' id='word_1_419' title='bbox 1474 5637 1622 5705; x_wconf 81' lang='lat' dir='ltr'><strong>ﬁnem</strong></span> <span class='ocrx_word' id='word_1_420' title='bbox 1641 5677 1654 5699; x_wconf 92' lang='lat'><strong>,</strong></span> <span class='ocrx_word' id='word_1_421' title='bbox 1683 5645 1726 5688; x_wconf 84' lang='lat' dir='ltr'><strong>et</strong></span> <span class='ocrx_word' id='word_1_422' title='bbox 1752 5637 1970 5689; x_wconf 84' lang='lat' dir='ltr'><strong>civitates</strong></span> <span class='ocrx_word' id='word_1_423' title='bbox 1998 5637 2087 5688; x_wconf 78' lang='lat' dir='ltr'><strong>de-</strong></span> 
     </span>
    </p>
   </div>
   <div class='ocr_carea' id='block_1_59' title="bbox 510 5727 2089 5804">
    <p class='ocr_par' dir='ltr' id='par_1_59' title="bbox 510 5727 2089 5804">
     <span class='ocr_line' id='line_1_59' title="bbox 510 5727 2089 5804; baseline -0.004 -17"><span class='ocrx_word' id='word_1_424' title='bbox 510 5730 738 5787; x_wconf 71' lang='lat' dir='ltr'><strong>struzisti</strong></span> <span class='ocrx_word' id='word_1_425' title='bbox 767 5729 938 5804; x_wconf 87' lang='lat' dir='ltr'><strong>(Psal.</strong></span> <span class='ocrx_word' id='word_1_426' title='bbox 962 5746 1017 5785; x_wconf 80' lang='lat' dir='ltr'><strong>Ix</strong></span> <span class='ocrx_word' id='word_1_427' title='bbox 1035 5771 1051 5798; x_wconf 90' lang='lat'><strong>,</strong></span> <span class='ocrx_word' id='word_1_428' title='bbox 1081 5731 1159 5801; x_wconf 91' lang='lat'><strong>7).</strong></span> <span class='ocrx_word' id='word_1_429' title='bbox 1186 5731 1323 5797; x_wconf 80' lang='lat' dir='ltr'><strong>Quid</strong></span> <span class='ocrx_word' id='word_1_430' title='bbox 1351 5745 1475 5800; x_wconf 84' lang='lat' dir='ltr'><strong>ergo</strong></span> <span class='ocrx_word' id='word_1_431' title='bbox 1507 5730 1702 5784; x_wconf 84' lang='lat' dir='ltr'><strong>timetis</strong></span> <span class='ocrx_word' id='word_1_432' title='bbox 1723 5771 1736 5794; x_wconf 92' lang='lat'><strong>,</strong></span> <span class='ocrx_word' id='word_1_433' title='bbox 1764 5727 2089 5782; x_wconf 75' lang='lat' dir='ltr'><strong>Christiani?</strong></span> 
     </span>
    </p>
   </div>
   <div class='ocr_carea' id='block_1_60' title="bbox 509 5820 2092 5896">
    <p class='ocr_par' dir='ltr' id='par_1_60' title="bbox 509 5820 2092 5896">
     <span class='ocr_line' id='line_1_60' title="bbox 509 5820 2092 5896; baseline -0.005 -11"><span class='ocrx_word' id='word_1_434' title='bbox 509 5822 756 5887; x_wconf 77' lang='lat' dir='ltr'><strong>Christus</strong></span> <span class='ocrx_word' id='word_1_435' title='bbox 779 5821 1016 5896; x_wconf 83' lang='lat' dir='ltr'><strong>loquitur</strong></span> <span class='ocrx_word' id='word_1_436' title='bbox 1041 5839 1057 5878; x_wconf 88' lang='lat'><strong>:</strong></span> <span class='ocrx_word' id='word_1_437' title='bbox 1084 5820 1198 5894; x_wconf 86' lang='lat' dir='ltr'><strong>Ego</strong></span> <span class='ocrx_word' id='word_1_438' title='bbox 1225 5839 1338 5878; x_wconf 86' lang='lat' dir='ltr'><strong>sum</strong></span> <span class='ocrx_word' id='word_1_439' title='bbox 1354 5861 1371 5892; x_wconf 96' lang='lat'><strong>,</strong></span> <span class='ocrx_word' id='word_1_440' title='bbox 1411 5822 1563 5880; x_wconf 82' lang='lat' dir='ltr'><strong>nclite</strong></span> <span class='ocrx_word' id='word_1_441' title='bbox 1587 5822 1777 5879; x_wconf 83' lang='lat' dir='ltr'><strong>timere.</strong></span> <span class='ocrx_word' id='word_1_442' title='bbox 1807 5820 1945 5889; x_wconf 84' lang='lat' dir='ltr'><strong>Quid</strong></span> <span class='ocrx_word' id='word_1_443' title='bbox 1973 5821 2092 5878; x_wconf 62' lang='lat' dir='ltr'><strong>haec</strong></span> 
     </span>
    </p>
   </div>
   <div class='ocr_carea' id='block_1_61' title="bbox 1192 5956 1444 5978">
    <p class='ocr_par' dir='ltr' id='par_1_61' title="bbox 1192 5956 1444 5978">
     <span class='ocr_line' id='line_1_61' title="bbox 1192 5956 1444 5978; baseline 0 -4"><span class='ocrx_word' id='word_1_444' title='bbox 1192 5956 1292 5978; x_wconf 66' lang='lat' dir='ltr'><strong>,u&quot;\</strong></span> <span class='ocrx_word' id='word_1_445' title='bbox 1318 5961 1353 5970; x_wconf 43' lang='grc' dir='ltr'><strong>ησ-</strong></span> <span class='ocrx_word' id='word_1_446' title='bbox 1396 5962 1400 5965; x_wconf 91' lang='grc'>·</span> <span class='ocrx_word' id='word_1_447' title='bbox 1437 5960 1444 5966; x_wconf 68' lang='grc'><strong><em>⁸</em></strong></span> 
     </span>
    </p>
   </div>
   <div class='ocr_carea' id='block_1_62' title="bbox 1103 5968 1144 5985">
    <p class='ocr_par' dir='ltr' id='par_1_62' title="bbox 1103 5968 1144 5985">
     <span class='ocr_line' id='line_1_62' title="bbox 1103 5968 1144 5985; baseline 0 0"><span class='ocrx_word' id='word_1_448' title='bbox 1103 5968 1144 5985; x_wconf 29' lang='grc' dir='ltr'><strong>⁴ῆι</strong></span> 
     </span>
    </p>
   </div>
   <div class='ocr_carea' id='block_1_63' title="bbox 853 5981 1339 6017">
    <p class='ocr_par' dir='ltr' id='par_1_63' title="bbox 853 5981 1339 6017">
     <span class='ocr_line' id='line_1_63' title="bbox 853 5981 1339 6017; baseline 0.002 -13"><span class='ocrx_word' id='word_1_449' title='bbox 853 5981 1107 6017; x_wconf 40' lang='grc' dir='ltr'><strong>ἁ,’;⁴τηποιι’</strong></span> <span class='ocrx_word' id='word_1_450' title='bbox 1137 5981 1240 6004; x_wconf 44' lang='grc' dir='ltr'><strong>’,τέ-ἔ</strong></span> <span class='ocrx_word' id='word_1_451' title='bbox 1304 5998 1339 6005; x_wconf 55' lang='grc' dir='ltr'><strong>ι..</strong></span> 
     </span>
    </p>
   </div>
   <div class='ocr_carea' id='block_1_64' title="bbox 1365 357 2820 428">
    <p class='ocr_par' dir='ltr' id='par_1_64' title="bbox 1365 357 2820 428">
     <span class='ocr_line' id='line_1_64' title="bbox 1365 357 2820 428; baseline -0.002 -4"><span class='ocrx_word' id='word_1_452' title='bbox 1365 402 1371 408; x_wconf 90' lang='grc'><strong>-</strong></span> <span class='ocrx_word' id='word_1_453' title='bbox 1421 369 1487 426; x_wconf 89' lang='lat' dir='ltr'><strong>lN</strong></span> <span class='ocrx_word' id='word_1_454' title='bbox 1523 365 1802 424; x_wconf 84' lang='lat' dir='ltr'><strong>JOANNIS</strong></span> <span class='ocrx_word' id='word_1_455' title='bbox 1842 357 2308 428; x_wconf 82' lang='lat' dir='ltr'><strong>EVANGELIUM,</strong></span> <span class='ocrx_word' id='word_1_456' title='bbox 2349 361 2405 417; x_wconf 89' lang='lat' dir='ltr'><strong>S.</strong></span> <span class='ocrx_word' id='word_1_457' title='bbox 2448 360 2820 421; x_wconf 84' lang='lat' dir='ltr'><strong>AUGUSTINI</strong></span> 
     </span>
    </p>
   </div>
   <div class='ocr_carea' id='block_1_65' title="bbox 3621 378 3762 436">
    <p class='ocr_par' dir='ltr' id='par_1_65' title="bbox 3621 378 3762 436">
     <span class='ocr_line' id='line_1_65' title="bbox 3621 378 3762 436; baseline 0.028 -4"><span class='ocrx_word' id='word_1_458' title='bbox 3621 378 3762 436; x_wconf 65' lang='lat'><strong>1600</strong></span> 
     </span>
    </p>
   </div>
   <div class='ocr_carea' id='block_1_66' title="bbox 2193 480 3770 567">
    <p class='ocr_par' dir='ltr' id='par_1_66' title="bbox 2193 480 3770 567">
     <span class='ocr_line' id='line_1_66' title="bbox 2193 480 3770 567; baseline 0.011 -33"><span class='ocrx_word' id='word_1_459' title='bbox 2193 480 2578 549; x_wconf 81' lang='lat' dir='ltr'><strong>expavescitis?</strong></span> <span class='ocrx_word' id='word_1_460' title='bbox 2621 482 2753 548; x_wconf 85' lang='lat' dir='ltr'><strong>Quid</strong></span> <span class='ocrx_word' id='word_1_461' title='bbox 2791 482 3028 538; x_wconf 85' lang='lat' dir='ltr'><strong>timetis?</strong></span> <span class='ocrx_word' id='word_1_462' title='bbox 3073 483 3182 557; x_wconf 88' lang='lat' dir='ltr'><strong>Ego</strong></span> <span class='ocrx_word' id='word_1_463' title='bbox 3219 485 3318 542; x_wconf 83' lang='lat' dir='ltr'><strong>ista</strong></span> <span class='ocrx_word' id='word_1_464' title='bbox 3362 490 3618 560; x_wconf 69' lang='lat' dir='ltr'><strong>praedixi,</strong></span> <span class='ocrx_word' id='word_1_465' title='bbox 3667 511 3770 567; x_wconf 87' lang='lat' dir='ltr'><strong>ego</strong></span> 
     </span>
    </p>
   </div>
   <div class='ocr_carea' id='block_1_67' title="bbox 2194 570 3774 650">
    <p class='ocr_par' dir='ltr' id='par_1_67' title="bbox 2194 570 3774 650">
     <span class='ocr_line' id='line_1_67' title="bbox 2194 570 3774 650; baseline 0.012 -25"><span class='ocrx_word' id='word_1_466' title='bbox 2194 570 2359 638; x_wconf 89' lang='lat' dir='ltr'><strong>facio,</strong></span> <span class='ocrx_word' id='word_1_467' title='bbox 2400 587 2619 628; x_wconf 90' lang='lat' dir='ltr'><strong>necesse</strong></span> <span class='ocrx_word' id='word_1_468' title='bbox 2655 582 2737 628; x_wconf 92' lang='lat' dir='ltr'><strong>est</strong></span> <span class='ocrx_word' id='word_1_469' title='bbox 2775 583 2831 629; x_wconf 93' lang='lat' dir='ltr'><strong>ut</strong></span> <span class='ocrx_word' id='word_1_470' title='bbox 2867 574 3012 630; x_wconf 86' lang='lat' dir='ltr'><strong>fiant.</strong></span> <span class='ocrx_word' id='word_1_471' title='bbox 3057 576 3168 650; x_wconf 85' lang='lat' dir='ltr'><strong>Ego</strong></span> <span class='ocrx_word' id='word_1_472' title='bbox 3202 596 3312 634; x_wconf 87' lang='lat' dir='ltr'><strong>sum</strong></span> <span class='ocrx_word' id='word_1_473' title='bbox 3333 623 3346 646; x_wconf 93' lang='lat'><strong>,</strong></span> <span class='ocrx_word' id='word_1_474' title='bbox 3390 585 3545 639; x_wconf 84' lang='lat' dir='ltr'><strong>nolite</strong></span> <span class='ocrx_word' id='word_1_475' title='bbox 3581 588 3774 646; x_wconf 89' lang='lat' dir='ltr'><strong>timere.</strong></span> 
     </span>
    </p>
   </div>
   <div class='ocr_carea' id='block_1_68' title="bbox 2203 661 3777 745">
    <p class='ocr_par' dir='ltr' id='par_1_68' title="bbox 2203 661 3777 745">
     <span class='ocr_line' id='line_1_68' title="bbox 2203 661 3777 745; baseline 0.013 -28"><span class='ocrx_word' id='word_1_476' title='bbox 2203 661 2478 719; x_wconf 82' lang='lat' dir='ltr'><strong>Voluerunt</strong></span> <span class='ocrx_word' id='word_1_477' title='bbox 2506 682 2622 737; x_wconf 86' lang='lat' dir='ltr'><strong>ergo</strong></span> <span class='ocrx_word' id='word_1_478' title='bbox 2645 683 2758 720; x_wconf 88' lang='lat' dir='ltr'><strong>eum</strong></span> <span class='ocrx_word' id='word_1_479' title='bbox 2785 669 3010 738; x_wconf 87' lang='lat' dir='ltr'><strong>accipere</strong></span> <span class='ocrx_word' id='word_1_480' title='bbox 3037 671 3090 724; x_wconf 90' lang='lat' dir='ltr'><strong>in</strong></span> <span class='ocrx_word' id='word_1_481' title='bbox 3115 673 3310 738; x_wconf 85' lang='lat' dir='ltr'><strong>navim,</strong></span> <span class='ocrx_word' id='word_1_482' title='bbox 3335 688 3686 745; x_wconf 86' lang='lat' dir='ltr'><strong>agnoscentes</strong></span> <span class='ocrx_word' id='word_1_483' title='bbox 3712 695 3777 739; x_wconf 87' lang='lat' dir='ltr'><strong>ac</strong></span> 
     </span>
    </p>
   </div>
   <div class='ocr_carea' id='block_1_69' title="bbox 2193 757 3775 834">
    <p class='ocr_par' dir='ltr' id='par_1_69' title="bbox 2193 757 3775 834">
     <span class='ocr_line' id='line_1_69' title="bbox 2193 757 3775 834; baseline 0.011 -24"><span class='ocrx_word' id='word_1_484' title='bbox 2193 757 2483 827; x_wconf 85' lang='lat' dir='ltr'><strong>gaudentes</strong></span> <span class='ocrx_word' id='word_1_485' title='bbox 2501 801 2514 823; x_wconf 95' lang='lat'><strong>,</strong></span> <span class='ocrx_word' id='word_1_486' title='bbox 2545 760 2717 813; x_wconf 89' lang='lat' dir='ltr'><strong>securi</strong></span> <span class='ocrx_word' id='word_1_487' title='bbox 2746 759 2888 815; x_wconf 84' lang='lat' dir='ltr'><strong>facti.</strong></span> <span class='ocrx_word' id='word_1_488' title='bbox 2915 760 2985 816; x_wconf 88' lang='lat' dir='ltr'><strong>Et</strong></span> <span class='ocrx_word' id='word_1_489' title='bbox 3014 764 3180 817; x_wconf 87' lang='lat' dir='ltr'><strong>statim</strong></span> <span class='ocrx_word' id='word_1_490' title='bbox 3205 765 3301 834; x_wconf 81' lang='lat' dir='ltr'><strong>fuit</strong></span> <span class='ocrx_word' id='word_1_491' title='bbox 3329 769 3468 822; x_wconf 83' lang='lat' dir='ltr'><strong>navis</strong></span> <span class='ocrx_word' id='word_1_492' title='bbox 3496 771 3564 823; x_wconf 91' lang='lat' dir='ltr'><strong>ad</strong></span> <span class='ocrx_word' id='word_1_493' title='bbox 3589 781 3775 828; x_wconf 87' lang='lat' dir='ltr'><strong>terram</strong></span> 
     </span>
    </p>
   </div>
   <div class='ocr_carea' id='block_1_70' title="bbox 2192 849 3776 922">
    <p class='ocr_par' dir='ltr' id='par_1_70' title="bbox 2192 849 3776 922">
     <span class='ocr_line' id='line_1_70' title="bbox 2192 849 3776 922; baseline 0.013 -20"><span class='ocrx_word' id='word_1_494' title='bbox 2192 849 2245 903; x_wconf 91' lang='lat' dir='ltr'><strong>in</strong></span> <span class='ocrx_word' id='word_1_495' title='bbox 2270 867 2420 920; x_wconf 87' lang='lat' dir='ltr'><strong>quam</strong></span> <span class='ocrx_word' id='word_1_496' title='bbox 2447 851 2604 905; x_wconf 87' lang='lat' dir='ltr'><strong>ibant.</strong></span> <span class='ocrx_word' id='word_1_497' title='bbox 2636 852 2827 908; x_wconf 87' lang='lat' dir='ltr'><strong>Factus</strong></span> <span class='ocrx_word' id='word_1_498' title='bbox 2855 863 2936 910; x_wconf 91' lang='lat' dir='ltr'><strong>est</strong></span> <span class='ocrx_word' id='word_1_499' title='bbox 2965 855 3083 912; x_wconf 86' lang='lat' dir='ltr'><strong>finis</strong></span> <span class='ocrx_word' id='word_1_500' title='bbox 3109 857 3175 911; x_wconf 90' lang='lat' dir='ltr'><strong>ad</strong></span> <span class='ocrx_word' id='word_1_501' title='bbox 3201 867 3394 914; x_wconf 88' lang='lat' dir='ltr'><strong>terram</strong></span> <span class='ocrx_word' id='word_1_502' title='bbox 3422 878 3434 914; x_wconf 92' lang='lat'><strong>:</strong></span> <span class='ocrx_word' id='word_1_503' title='bbox 3461 862 3529 917; x_wconf 91' lang='lat' dir='ltr'><strong>de</strong></span> <span class='ocrx_word' id='word_1_504' title='bbox 3557 863 3776 922; x_wconf 88' lang='lat' dir='ltr'><strong>humido</strong></span> 
     </span>
    </p>
   </div>
   <div class='ocr_carea' id='block_1_71' title="bbox 2193 940 3776 1019">
    <p class='ocr_par' dir='ltr' id='par_1_71' title="bbox 2193 940 3776 1019">
     <span class='ocr_line' id='line_1_71' title="bbox 2193 940 3776 1019; baseline 0.011 -24"><span class='ocrx_word' id='word_1_505' title='bbox 2193 940 2259 996; x_wconf 92' lang='lat' dir='ltr'><strong>ad</strong></span> <span class='ocrx_word' id='word_1_506' title='bbox 2305 942 2567 1012; x_wconf 87' lang='lat' dir='ltr'><strong>solidum,</strong></span> <span class='ocrx_word' id='word_1_507' title='bbox 2609 944 2675 1000; x_wconf 91' lang='lat' dir='ltr'><strong>de</strong></span> <span class='ocrx_word' id='word_1_508' title='bbox 2718 945 2926 1002; x_wconf 87' lang='lat' dir='ltr'><strong>turbato</strong></span> <span class='ocrx_word' id='word_1_509' title='bbox 2967 946 3035 1002; x_wconf 92' lang='lat' dir='ltr'><strong>ad</strong></span> <span class='ocrx_word' id='word_1_510' title='bbox 3074 948 3317 1019; x_wconf 83' lang='lat' dir='ltr'><strong>firmum,</strong></span> <span class='ocrx_word' id='word_1_511' title='bbox 3367 952 3433 1008; x_wconf 91' lang='lat' dir='ltr'><strong>de</strong></span> <span class='ocrx_word' id='word_1_512' title='bbox 3477 953 3667 1013; x_wconf 91' lang='lat' dir='ltr'><strong>itinere</strong></span> <span class='ocrx_word' id='word_1_513' title='bbox 3707 957 3776 1015; x_wconf 91' lang='lat' dir='ltr'><strong>ad</strong></span> 
     </span>
    </p>
   </div>
   <div class='ocr_carea' id='block_1_72' title="bbox 2194 1030 2374 1088">
    <p class='ocr_par' dir='ltr' id='par_1_72' title="bbox 2194 1030 2374 1088">
     <span class='ocr_line' id='line_1_72' title="bbox 2194 1030 2374 1088; baseline 0.006 -3"><span class='ocrx_word' id='word_1_514' title='bbox 2194 1030 2374 1088; x_wconf 85' lang='lat' dir='ltr'><strong>finem.</strong></span> 
     </span>
    </p>
   </div>
   <div class='ocr_carea' id='block_1_73' title="bbox 2265 1124 3772 1204">
    <p class='ocr_par' dir='ltr' id='par_1_73' title="bbox 2265 1124 3772 1204">
     <span class='ocr_line' id='line_1_73' title="bbox 2265 1124 3772 1204; baseline 0.013 -27"><span class='ocrx_word' id='word_1_515' title='bbox 2265 1124 2318 1179; x_wconf 93' lang='lat'><strong>8.</strong></span> <span class='ocrx_word' id='word_1_516' title='bbox 2358 1124 2530 1180; x_wconf 88' lang='lat' dir='ltr'><strong>Altera</strong></span> <span class='ocrx_word' id='word_1_517' title='bbox 2559 1127 2640 1182; x_wconf 90' lang='lat' dir='ltr'><strong>die</strong></span> <span class='ocrx_word' id='word_1_518' title='bbox 2666 1129 2809 1183; x_wconf 88' lang='lat' dir='ltr'><strong>turba</strong></span> <span class='ocrx_word' id='word_1_519' title='bbox 2836 1147 2948 1202; x_wconf 74' lang='lat' dir='ltr'><strong>qua:</strong></span> <span class='ocrx_word' id='word_1_520' title='bbox 2972 1132 3135 1186; x_wconf 89' lang='lat' dir='ltr'><strong>stabat</strong></span> <span class='ocrx_word' id='word_1_521' title='bbox 3163 1141 3302 1189; x_wconf 87' lang='lat' dir='ltr'><strong>trans</strong></span> <span class='ocrx_word' id='word_1_522' title='bbox 3329 1153 3467 1191; x_wconf 87' lang='lat' dir='ltr'><strong>mare</strong></span> <span class='ocrx_word' id='word_1_523' title='bbox 3485 1179 3499 1204; x_wconf 96' lang='lat'><strong>,</strong></span> <span class='ocrx_word' id='word_1_524' title='bbox 3531 1138 3669 1195; x_wconf 90' lang='lat' dir='ltr'><strong>unde</strong></span> <span class='ocrx_word' id='word_1_525' title='bbox 3697 1140 3772 1197; x_wconf 89' lang='lat' dir='ltr'><strong>illi</strong></span> 
     </span>
    </p>
   </div>
   <div class='ocr_carea' id='block_1_74' title="bbox 2193 1219 3771 1300">
    <p class='ocr_par' dir='ltr' id='par_1_74' title="bbox 2193 1219 3771 1300">
     <span class='ocr_line' id='line_1_74' title="bbox 2193 1219 3771 1300; baseline 0.012 -32"><span class='ocrx_word' id='word_1_526' title='bbox 2193 1226 2480 1284; x_wconf 90' lang='lat' dir='ltr'><strong>venerant,</strong></span> <span class='ocrx_word' id='word_1_527' title='bbox 2521 1219 2645 1273; x_wconf 89' lang='lat' dir='ltr'><strong>vidit</strong></span> <span class='ocrx_word' id='word_1_528' title='bbox 2677 1222 2793 1291; x_wconf 83' lang='lat' dir='ltr'><strong>quia</strong></span> <span class='ocrx_word' id='word_1_529' title='bbox 2821 1225 3052 1278; x_wconf 89' lang='lat' dir='ltr'><strong>navicula</strong></span> <span class='ocrx_word' id='word_1_530' title='bbox 3077 1243 3176 1280; x_wconf 91' lang='lat' dir='ltr'><strong>non</strong></span> <span class='ocrx_word' id='word_1_531' title='bbox 3207 1237 3314 1281; x_wconf 89' lang='lat' dir='ltr'><strong>erat</strong></span> <span class='ocrx_word' id='word_1_532' title='bbox 3339 1229 3406 1282; x_wconf 86' lang='lat' dir='ltr'><strong>ibi</strong></span> <span class='ocrx_word' id='word_1_533' title='bbox 3438 1231 3534 1284; x_wconf 83' lang='lat' dir='ltr'><strong>nisi</strong></span> <span class='ocrx_word' id='word_1_534' title='bbox 3560 1249 3658 1285; x_wconf 89' lang='lat' dir='ltr'><strong>una</strong></span> <span class='ocrx_word' id='word_1_535' title='bbox 3677 1275 3692 1300; x_wconf 95' lang='lat'><strong>,</strong></span> <span class='ocrx_word' id='word_1_536' title='bbox 3724 1241 3771 1288; x_wconf 88' lang='lat' dir='ltr'><strong>et</strong></span> 
     </span>
    </p>
   </div>
   <div class='ocr_carea' id='block_1_75' title="bbox 2193 1308 3772 1390">
    <p class='ocr_par' dir='ltr' id='par_1_75' title="bbox 2193 1308 3772 1390">
     <span class='ocr_line' id='line_1_75' title="bbox 2193 1308 3772 1390; baseline 0.013 -31"><span class='ocrx_word' id='word_1_537' title='bbox 2193 1308 2312 1378; x_wconf 88' lang='lat' dir='ltr'><strong>quia</strong></span> <span class='ocrx_word' id='word_1_538' title='bbox 2349 1325 2450 1362; x_wconf 91' lang='lat' dir='ltr'><strong>non</strong></span> <span class='ocrx_word' id='word_1_539' title='bbox 2487 1310 2736 1367; x_wconf 74' lang='lat' dir='ltr'><strong>introisset</strong></span> <span class='ocrx_word' id='word_1_540' title='bbox 2763 1331 2877 1368; x_wconf 88' lang='lat' dir='ltr'><strong>cum</strong></span> <span class='ocrx_word' id='word_1_541' title='bbox 2914 1317 3175 1387; x_wconf 81' lang='lat' dir='ltr'><strong>discipulis</strong></span> <span class='ocrx_word' id='word_1_542' title='bbox 3210 1321 3314 1374; x_wconf 88' lang='lat' dir='ltr'><strong>suis</strong></span> <span class='ocrx_word' id='word_1_543' title='bbox 3353 1321 3405 1374; x_wconf 87' lang='lat' dir='ltr'><strong>in</strong></span> <span class='ocrx_word' id='word_1_544' title='bbox 3446 1339 3650 1390; x_wconf 84' lang='lat' dir='ltr'><strong>navent,</strong></span> <span class='ocrx_word' id='word_1_545' title='bbox 3681 1328 3772 1379; x_wconf 88' lang='lat' dir='ltr'><strong>sed</strong></span> 
     </span>
    </p>
   </div>
   <div class='ocr_carea' id='block_1_76' title="bbox 2191 1399 3775 1483">
    <p class='ocr_par' dir='ltr' id='par_1_76' title="bbox 2191 1399 3775 1483">
     <span class='ocr_line' id='line_1_76' title="bbox 2191 1399 3775 1483; baseline 0.013 -31"><span class='ocrx_word' id='word_1_546' title='bbox 2191 1399 2288 1452; x_wconf 89' lang='lat' dir='ltr'><strong>soli</strong></span> <span class='ocrx_word' id='word_1_547' title='bbox 2333 1400 2568 1469; x_wconf 77' lang='lat' dir='ltr'><strong>discipuli</strong></span> <span class='ocrx_word' id='word_1_548' title='bbox 2603 1404 2710 1472; x_wconf 86' lang='lat' dir='ltr'><strong>ejus</strong></span> <span class='ocrx_word' id='word_1_549' title='bbox 2747 1405 2981 1461; x_wconf 84' lang='lat' dir='ltr'><strong>abiissent</strong></span> <span class='ocrx_word' id='word_1_550' title='bbox 3013 1423 3031 1461; x_wconf 92' lang='lat'><strong><em>:</em></strong></span> <span class='ocrx_word' id='word_1_551' title='bbox 3070 1410 3187 1462; x_wconf 76' lang='lat' dir='ltr'><strong>alia:</strong></span> <span class='ocrx_word' id='word_1_552' title='bbox 3226 1428 3340 1465; x_wconf 84' lang='lat' dir='ltr'><strong>vero</strong></span> <span class='ocrx_word' id='word_1_553' title='bbox 3383 1426 3775 1483; x_wconf 81' lang='lat' dir='ltr'><strong>supervenerunt</strong></span> 
     </span>
    </p>
   </div>
   <div class='ocr_carea' id='block_1_77' title="bbox 2193 1491 3772 1579">
    <p class='ocr_par' dir='ltr' id='par_1_77' title="bbox 2193 1491 3772 1579">
     <span class='ocr_line' id='line_1_77' title="bbox 2193 1491 3772 1579; baseline 0.013 -37"><span class='ocrx_word' id='word_1_554' title='bbox 2193 1507 2340 1544; x_wconf 84' lang='lat' dir='ltr'><strong>naves</strong></span> <span class='ocrx_word' id='word_1_555' title='bbox 2365 1509 2395 1544; x_wconf 92' lang='lat' dir='ltr'><strong>a</strong></span> <span class='ocrx_word' id='word_1_556' title='bbox 2421 1491 2682 1547; x_wconf 85' lang='lat' dir='ltr'><strong>Tiberiade</strong></span> <span class='ocrx_word' id='word_1_557' title='bbox 2699 1535 2714 1561; x_wconf 94' lang='lat'><strong>,</strong></span> <span class='ocrx_word' id='word_1_558' title='bbox 2738 1497 2890 1566; x_wconf 73' lang='lat' dir='ltr'><strong>juxta</strong></span> <span class='ocrx_word' id='word_1_559' title='bbox 2915 1499 3078 1553; x_wconf 80' lang='lat' dir='ltr'><strong>locant</strong></span> <span class='ocrx_word' id='word_1_560' title='bbox 3109 1502 3195 1555; x_wconf 86' lang='lat' dir='ltr'><strong>ubi</strong></span> <span class='ocrx_word' id='word_1_561' title='bbox 3219 1504 3645 1560; x_wconf 86' lang='lat' dir='ltr'><strong>manducaverunt</strong></span> <span class='ocrx_word' id='word_1_562' title='bbox 3673 1526 3772 1579; x_wconf 89' lang='lat' dir='ltr'><strong>pa-</strong></span> 
     </span>
    </p>
   </div>
   <div class='ocr_carea' id='block_1_78' title="bbox 2193 1583 3775 1665">
    <p class='ocr_par' dir='ltr' id='par_1_78' title="bbox 2193 1583 3775 1665">
     <span class='ocr_line' id='line_1_78' title="bbox 2193 1583 3775 1665; baseline 0.013 -32"><span class='ocrx_word' id='word_1_563' title='bbox 2193 1597 2325 1648; x_wconf 87' lang='lat' dir='ltr'><strong>nem,</strong></span> <span class='ocrx_word' id='word_1_564' title='bbox 2356 1583 2544 1652; x_wconf 84' lang='lat' dir='ltr'><strong>gratias</strong></span> <span class='ocrx_word' id='word_1_565' title='bbox 2563 1595 2764 1654; x_wconf 85' lang='lat' dir='ltr'><strong>agentes</strong></span> <span class='ocrx_word' id='word_1_566' title='bbox 2791 1587 3027 1643; x_wconf 89' lang='lat' dir='ltr'><strong>Domino.</strong></span> <span class='ocrx_word' id='word_1_567' title='bbox 3057 1590 3181 1646; x_wconf 86' lang='lat' dir='ltr'><strong>Cum</strong></span> <span class='ocrx_word' id='word_1_568' title='bbox 3209 1611 3326 1665; x_wconf 89' lang='lat' dir='ltr'><strong>ergo</strong></span> <span class='ocrx_word' id='word_1_569' title='bbox 3351 1595 3587 1650; x_wconf 88' lang='lat' dir='ltr'><strong>vidissent</strong></span> <span class='ocrx_word' id='word_1_570' title='bbox 3617 1602 3775 1655; x_wconf 69' lang='lat' dir='ltr'><strong>turba</strong></span> 
     </span>
    </p>
   </div>
   <div class='ocr_carea' id='block_1_79' title="bbox 2192 1671 3774 1755">
    <p class='ocr_par' dir='ltr' id='par_1_79' title="bbox 2192 1671 3774 1755">
     <span class='ocr_line' id='line_1_79' title="bbox 2192 1671 3774 1755; baseline 0.014 -32"><span class='ocrx_word' id='word_1_571' title='bbox 2192 1672 2310 1740; x_wconf 89' lang='lat' dir='ltr'><strong>quia</strong></span> <span class='ocrx_word' id='word_1_572' title='bbox 2333 1671 2482 1728; x_wconf 74' lang='lat' dir='ltr'><strong>Iesus</strong></span> <span class='ocrx_word' id='word_1_573' title='bbox 2505 1691 2606 1729; x_wconf 91' lang='lat' dir='ltr'><strong>non</strong></span> <span class='ocrx_word' id='word_1_574' title='bbox 2635 1688 2759 1731; x_wconf 88' lang='lat' dir='ltr'><strong>esset</strong></span> <span class='ocrx_word' id='word_1_575' title='bbox 2783 1679 2852 1733; x_wconf 86' lang='lat' dir='ltr'><strong>ibi</strong></span> <span class='ocrx_word' id='word_1_576' title='bbox 2873 1721 2889 1747; x_wconf 94' lang='lat'><strong>,</strong></span> <span class='ocrx_word' id='word_1_577' title='bbox 2921 1697 3076 1751; x_wconf 89' lang='lat' dir='ltr'><strong>neque</strong></span> <span class='ocrx_word' id='word_1_578' title='bbox 3105 1683 3339 1755; x_wconf 85' lang='lat' dir='ltr'><strong>discipuli</strong></span> <span class='ocrx_word' id='word_1_579' title='bbox 3363 1687 3503 1754; x_wconf 82' lang='lat' dir='ltr'><strong>eius,</strong></span> <span class='ocrx_word' id='word_1_580' title='bbox 3532 1691 3774 1746; x_wconf 87' lang='lat' dir='ltr'><strong>ascende-</strong></span> 
     </span>
    </p>
   </div>
   <div class='ocr_carea' id='block_1_80' title="bbox 2190 1765 3775 1850">
    <p class='ocr_par' dir='ltr' id='par_1_80' title="bbox 2190 1765 3775 1850">
     <span class='ocr_line' id='line_1_80' title="bbox 2190 1765 3775 1850; baseline 0.015 -35"><span class='ocrx_word' id='word_1_581' title='bbox 2190 1772 2307 1816; x_wconf 85' lang='lat' dir='ltr'><strong>runt</strong></span> <span class='ocrx_word' id='word_1_582' title='bbox 2335 1765 2388 1818; x_wconf 90' lang='lat' dir='ltr'><strong>in</strong></span> <span class='ocrx_word' id='word_1_583' title='bbox 2417 1767 2671 1822; x_wconf 87' lang='lat' dir='ltr'><strong>naviculas</strong></span> <span class='ocrx_word' id='word_1_584' title='bbox 2693 1811 2708 1836; x_wconf 89' lang='lat'><strong>,</strong></span> <span class='ocrx_word' id='word_1_585' title='bbox 2752 1779 2797 1823; x_wconf 84' lang='lat' dir='ltr'><strong>et</strong></span> <span class='ocrx_word' id='word_1_586' title='bbox 2839 1783 3076 1827; x_wconf 86' lang='lat' dir='ltr'><strong>venerunt</strong></span> <span class='ocrx_word' id='word_1_587' title='bbox 3106 1774 3461 1846; x_wconf 82' lang='lat' dir='ltr'><strong>Capharnaum</strong></span> <span class='ocrx_word' id='word_1_588' title='bbox 3499 1792 3775 1850; x_wconf 60' lang='lat' dir='ltr'><strong>querentes</strong></span> 
     </span>
    </p>
   </div>
   <div class='ocr_carea' id='block_1_81' title="bbox 2190 1853 3774 1940">
    <p class='ocr_par' dir='ltr' id='par_1_81' title="bbox 2190 1853 3774 1940">
     <span class='ocr_line' id='line_1_81' title="bbox 2190 1853 3774 1940; baseline 0.013 -33"><span class='ocrx_word' id='word_1_589' title='bbox 2190 1853 2384 1909; x_wconf 87' lang='lat' dir='ltr'><strong>Jesum.</strong></span> <span class='ocrx_word' id='word_1_590' title='bbox 2417 1856 2742 1915; x_wconf 87' lang='lat' dir='ltr'><strong>lnsinuatum</strong></span> <span class='ocrx_word' id='word_1_591' title='bbox 2774 1871 2950 1919; x_wconf 89' lang='lat' dir='ltr'><strong>tamen</strong></span> <span class='ocrx_word' id='word_1_592' title='bbox 2989 1874 3071 1920; x_wconf 90' lang='lat' dir='ltr'><strong>est</strong></span> <span class='ocrx_word' id='word_1_593' title='bbox 3107 1866 3213 1921; x_wconf 91' lang='lat' dir='ltr'><strong>illis</strong></span> <span class='ocrx_word' id='word_1_594' title='bbox 3249 1876 3355 1922; x_wconf 89' lang='lat' dir='ltr'><strong>tam</strong></span> <span class='ocrx_word' id='word_1_595' title='bbox 3394 1886 3638 1940; x_wconf 89' lang='lat' dir='ltr'><strong>magnum</strong></span> <span class='ocrx_word' id='word_1_596' title='bbox 3670 1875 3774 1928; x_wconf 90' lang='lat' dir='ltr'><strong>mi-</strong></span> 
     </span>
    </p>
   </div>
   <div class='ocr_carea' id='block_1_82' title="bbox 2191 1949 3776 2032">
    <p class='ocr_par' dir='ltr' id='par_1_82' title="bbox 2191 1949 3776 2032">
     <span class='ocr_line' id='line_1_82' title="bbox 2191 1949 3776 2032; baseline 0.015 -32"><span class='ocrx_word' id='word_1_597' title='bbox 2191 1949 2452 2004; x_wconf 89' lang='lat' dir='ltr'><strong>raculum.</strong></span> <span class='ocrx_word' id='word_1_598' title='bbox 2487 1951 2742 2010; x_wconf 89' lang='lat' dir='ltr'><strong>Viderunt</strong></span> <span class='ocrx_word' id='word_1_599' title='bbox 2768 1957 2908 2011; x_wconf 85' lang='lat' dir='ltr'><strong>enim</strong></span> <span class='ocrx_word' id='word_1_600' title='bbox 2934 1959 3077 2028; x_wconf 92' lang='lat' dir='ltr'><strong>quod</strong></span> <span class='ocrx_word' id='word_1_601' title='bbox 3104 1959 3348 2032; x_wconf 91' lang='lat' dir='ltr'><strong>discipuli</strong></span> <span class='ocrx_word' id='word_1_602' title='bbox 3373 1964 3472 2018; x_wconf 93' lang='lat' dir='ltr'><strong>soli</strong></span> <span class='ocrx_word' id='word_1_603' title='bbox 3502 1967 3776 2023; x_wconf 87' lang='lat' dir='ltr'><strong>ascendis-</strong></span> 
     </span>
    </p>
   </div>
   <div class='ocr_carea' id='block_1_83' title="bbox 2192 2039 3771 2116">
    <p class='ocr_par' dir='ltr' id='par_1_83' title="bbox 2192 2039 3771 2116">
     <span class='ocr_line' id='line_1_83' title="bbox 2192 2039 3771 2116; baseline 0.014 -25"><span class='ocrx_word' id='word_1_604' title='bbox 2192 2047 2312 2092; x_wconf 85' lang='lat' dir='ltr'><strong>sent</strong></span> <span class='ocrx_word' id='word_1_605' title='bbox 2336 2039 2388 2093; x_wconf 93' lang='lat' dir='ltr'><strong>in</strong></span> <span class='ocrx_word' id='word_1_606' title='bbox 2415 2057 2600 2096; x_wconf 89' lang='lat' dir='ltr'><strong>navem</strong></span> <span class='ocrx_word' id='word_1_607' title='bbox 2621 2085 2636 2109; x_wconf 93' lang='lat'><strong>,</strong></span> <span class='ocrx_word' id='word_1_608' title='bbox 2667 2054 2721 2099; x_wconf 92' lang='lat' dir='ltr'><strong>et</strong></span> <span class='ocrx_word' id='word_1_609' title='bbox 2746 2047 2869 2116; x_wconf 89' lang='lat' dir='ltr'><strong>quia</strong></span> <span class='ocrx_word' id='word_1_610' title='bbox 2897 2049 2997 2101; x_wconf 90' lang='lat' dir='ltr'><strong>alia</strong></span> <span class='ocrx_word' id='word_1_611' title='bbox 3023 2050 3172 2104; x_wconf 89' lang='lat' dir='ltr'><strong>navis</strong></span> <span class='ocrx_word' id='word_1_612' title='bbox 3199 2067 3304 2106; x_wconf 91' lang='lat' dir='ltr'><strong>non</strong></span> <span class='ocrx_word' id='word_1_613' title='bbox 3333 2054 3402 2108; x_wconf 91' lang='lat' dir='ltr'><strong>ibi</strong></span> <span class='ocrx_word' id='word_1_614' title='bbox 3431 2065 3562 2109; x_wconf 88' lang='lat' dir='ltr'><strong>erat.</strong></span> <span class='ocrx_word' id='word_1_615' title='bbox 3597 2056 3771 2112; x_wconf 83' lang='lat' dir='ltr'><strong>Vene-</strong></span> 
     </span>
    </p>
   </div>
   <div class='ocr_carea' id='block_1_84' title="bbox 2193 2134 3776 2209">
    <p class='ocr_par' dir='ltr' id='par_1_84' title="bbox 2193 2134 3776 2209">
     <span class='ocr_line' id='line_1_84' title="bbox 2193 2134 3776 2209; baseline 0.013 -25"><span class='ocrx_word' id='word_1_616' title='bbox 2193 2139 2317 2184; x_wconf 87' lang='lat' dir='ltr'><strong>runt</strong></span> <span class='ocrx_word' id='word_1_617' title='bbox 2336 2141 2511 2186; x_wconf 87' lang='lat' dir='ltr'><strong>autem</strong></span> <span class='ocrx_word' id='word_1_618' title='bbox 2541 2134 2662 2189; x_wconf 89' lang='lat' dir='ltr'><strong>inde</strong></span> <span class='ocrx_word' id='word_1_619' title='bbox 2685 2145 2738 2191; x_wconf 89' lang='lat' dir='ltr'><strong>et</strong></span> <span class='ocrx_word' id='word_1_620' title='bbox 2763 2153 2923 2194; x_wconf 89' lang='lat' dir='ltr'><strong>naves</strong></span> <span class='ocrx_word' id='word_1_621' title='bbox 2946 2139 3095 2209; x_wconf 81' lang='lat' dir='ltr'><strong>juxta</strong></span> <span class='ocrx_word' id='word_1_622' title='bbox 3124 2142 3298 2198; x_wconf 88' lang='lat' dir='ltr'><strong>locum</strong></span> <span class='ocrx_word' id='word_1_623' title='bbox 3328 2146 3474 2200; x_wconf 90' lang='lat' dir='ltr'><strong>illum</strong></span> <span class='ocrx_word' id='word_1_624' title='bbox 3508 2146 3595 2202; x_wconf 89' lang='lat' dir='ltr'><strong>ubi</strong></span> <span class='ocrx_word' id='word_1_625' title='bbox 3621 2164 3776 2205; x_wconf 88' lang='lat' dir='ltr'><strong>man-</strong></span> 
     </span>
    </p>
   </div>
   <div class='ocr_carea' id='block_1_85' title="bbox 2193 2220 3770 2300">
    <p class='ocr_par' dir='ltr' id='par_1_85' title="bbox 2193 2220 3770 2300">
     <span class='ocr_line' id='line_1_85' title="bbox 2193 2220 3770 2300; baseline 0.013 -25"><span class='ocrx_word' id='word_1_626' title='bbox 2193 2220 2518 2280; x_wconf 89' lang='lat' dir='ltr'><strong>ducaverunt</strong></span> <span class='ocrx_word' id='word_1_627' title='bbox 2541 2241 2753 2296; x_wconf 89' lang='lat' dir='ltr'><strong>panem,</strong></span> <span class='ocrx_word' id='word_1_628' title='bbox 2779 2230 2830 2284; x_wconf 91' lang='lat' dir='ltr'><strong>in</strong></span> <span class='ocrx_word' id='word_1_629' title='bbox 2855 2232 3043 2300; x_wconf 89' lang='lat' dir='ltr'><strong>quibus</strong></span> <span class='ocrx_word' id='word_1_630' title='bbox 3066 2250 3185 2288; x_wconf 91' lang='lat' dir='ltr'><strong>eum</strong></span> <span class='ocrx_word' id='word_1_631' title='bbox 3213 2236 3378 2292; x_wconf 84' lang='lat' dir='ltr'><strong>turbae</strong></span> <span class='ocrx_word' id='word_1_632' title='bbox 3405 2248 3602 2293; x_wconf 83' lang='lat' dir='ltr'><strong>secutae</strong></span> <span class='ocrx_word' id='word_1_633' title='bbox 3625 2250 3770 2296; x_wconf 87' lang='lat' dir='ltr'><strong>sunt.</strong></span> 
     </span>
    </p>
   </div>
   <div class='ocr_carea' id='block_1_86' title="bbox 2193 2312 3774 2395">
    <p class='ocr_par' dir='ltr' id='par_1_86' title="bbox 2193 2312 3774 2395">
     <span class='ocr_line' id='line_1_86' title="bbox 2193 2312 3774 2395; baseline 0.013 -28"><span class='ocrx_word' id='word_1_634' title='bbox 2193 2312 2324 2368; x_wconf 90' lang='lat' dir='ltr'><strong>Cum</strong></span> <span class='ocrx_word' id='word_1_635' title='bbox 2357 2315 2630 2388; x_wconf 90' lang='lat' dir='ltr'><strong>discipulis</strong></span> <span class='ocrx_word' id='word_1_636' title='bbox 2663 2336 2791 2391; x_wconf 89' lang='lat' dir='ltr'><strong>ergo</strong></span> <span class='ocrx_word' id='word_1_637' title='bbox 2816 2339 2921 2377; x_wconf 90' lang='lat' dir='ltr'><strong>non</strong></span> <span class='ocrx_word' id='word_1_638' title='bbox 2951 2326 3293 2395; x_wconf 87' lang='lat' dir='ltr'><strong>ascenderat,</strong></span> <span class='ocrx_word' id='word_1_639' title='bbox 3336 2329 3436 2382; x_wconf 88' lang='lat' dir='ltr'><strong>alia</strong></span> <span class='ocrx_word' id='word_1_640' title='bbox 3481 2332 3630 2385; x_wconf 85' lang='lat' dir='ltr'><strong>navis</strong></span> <span class='ocrx_word' id='word_1_641' title='bbox 3665 2333 3774 2388; x_wconf 81' lang='lat' dir='ltr'><strong>illic</strong></span> 
     </span>
    </p>
   </div>
   <div class='ocr_carea' id='block_1_87' title="bbox 2193 2412 3773 2494">
    <p class='ocr_par' dir='ltr' id='par_1_87' title="bbox 2193 2412 3773 2494">
     <span class='ocr_line' id='line_1_87' title="bbox 2193 2412 3773 2494; baseline 0.011 -33"><span class='ocrx_word' id='word_1_642' title='bbox 2193 2423 2298 2462; x_wconf 94' lang='lat' dir='ltr'><strong>non</strong></span> <span class='ocrx_word' id='word_1_643' title='bbox 2328 2418 2442 2464; x_wconf 87' lang='lat' dir='ltr'><strong>erat</strong></span> <span class='ocrx_word' id='word_1_644' title='bbox 2467 2429 2480 2466; x_wconf 93' lang='lat'><strong>:</strong></span> <span class='ocrx_word' id='word_1_645' title='bbox 2505 2412 2644 2468; x_wconf 91' lang='lat' dir='ltr'><strong>unde</strong></span> <span class='ocrx_word' id='word_1_646' title='bbox 2679 2414 2854 2470; x_wconf 88' lang='lat' dir='ltr'><strong>subito</strong></span> <span class='ocrx_word' id='word_1_647' title='bbox 2894 2426 3040 2472; x_wconf 89' lang='lat' dir='ltr'><strong>trans</strong></span> <span class='ocrx_word' id='word_1_648' title='bbox 3080 2436 3225 2476; x_wconf 88' lang='lat' dir='ltr'><strong>mare</strong></span> <span class='ocrx_word' id='word_1_649' title='bbox 3258 2421 3427 2476; x_wconf 90' lang='lat' dir='ltr'><strong>factus</strong></span> <span class='ocrx_word' id='word_1_650' title='bbox 3463 2431 3545 2478; x_wconf 91' lang='lat' dir='ltr'><strong>est</strong></span> <span class='ocrx_word' id='word_1_651' title='bbox 3584 2423 3773 2494; x_wconf 82' lang='lat' dir='ltr'><strong>Jesus,</strong></span> 
     </span>
    </p>
   </div>
   <div class='ocr_carea' id='block_1_88' title="bbox 2194 2499 3777 2578">
    <p class='ocr_par' dir='ltr' id='par_1_88' title="bbox 2194 2499 3777 2578">
     <span class='ocr_line' id='line_1_88' title="bbox 2194 2499 3777 2578; baseline 0.01 -24"><span class='ocrx_word' id='word_1_652' title='bbox 2194 2499 2296 2554; x_wconf 90' lang='lat' dir='ltr'><strong>nisi</strong></span> <span class='ocrx_word' id='word_1_653' title='bbox 2325 2502 2446 2570; x_wconf 89' lang='lat' dir='ltr'><strong>quia</strong></span> <span class='ocrx_word' id='word_1_654' title='bbox 2478 2518 2638 2573; x_wconf 90' lang='lat' dir='ltr'><strong>super</strong></span> <span class='ocrx_word' id='word_1_655' title='bbox 2671 2521 2818 2562; x_wconf 89' lang='lat' dir='ltr'><strong>mare</strong></span> <span class='ocrx_word' id='word_1_656' title='bbox 2843 2509 3164 2578; x_wconf 89' lang='lat' dir='ltr'><strong>ambulavit,</strong></span> <span class='ocrx_word' id='word_1_657' title='bbox 3195 2521 3251 2566; x_wconf 92' lang='lat' dir='ltr'><strong>ut</strong></span> <span class='ocrx_word' id='word_1_658' title='bbox 3279 2512 3593 2569; x_wconf 89' lang='lat' dir='ltr'><strong>miraculum</strong></span> <span class='ocrx_word' id='word_1_659' title='bbox 3621 2530 3777 2570; x_wconf 91' lang='lat' dir='ltr'><strong>mon-</strong></span> 
     </span>
    </p>
   </div>
   <div class='ocr_carea' id='block_1_89' title="bbox 2195 2595 2428 2649">
    <p class='ocr_par' dir='ltr' id='par_1_89' title="bbox 2195 2595 2428 2649">
     <span class='ocr_line' id='line_1_89' title="bbox 2195 2595 2428 2649; baseline 0.004 -2"><span class='ocrx_word' id='word_1_660' title='bbox 2195 2595 2428 2649; x_wconf 86' lang='lat' dir='ltr'><strong>straret?</strong></span> 
     </span>
    </p>
   </div>
   <div class='ocr_carea' id='block_1_90' title="bbox 2268 2684 3773 2770">
    <p class='ocr_par' dir='ltr' id='par_1_90' title="bbox 2268 2684 3773 2770">
     <span class='ocr_line' id='line_1_90' title="bbox 2268 2684 3773 2770; baseline 0.013 -32"><span class='ocrx_word' id='word_1_661' title='bbox 2268 2685 2318 2738; x_wconf 86' lang='lat'><strong>9.</strong></span> <span class='ocrx_word' id='word_1_662' title='bbox 2364 2684 2432 2739; x_wconf 88' lang='lat' dir='ltr'><strong>Et</strong></span> <span class='ocrx_word' id='word_1_663' title='bbox 2457 2702 2572 2742; x_wconf 88' lang='lat' dir='ltr'><strong>cum</strong></span> <span class='ocrx_word' id='word_1_664' title='bbox 2597 2689 2894 2747; x_wconf 81' lang='lat' dir='ltr'><strong>invenissent</strong></span> <span class='ocrx_word' id='word_1_665' title='bbox 2920 2710 3034 2749; x_wconf 88' lang='lat' dir='ltr'><strong>eum</strong></span> <span class='ocrx_word' id='word_1_666' title='bbox 3061 2697 3236 2752; x_wconf 64' lang='lat' dir='ltr'><strong>turbat.</strong></span> <span class='ocrx_word' id='word_1_667' title='bbox 3281 2698 3419 2756; x_wconf 87' lang='lat' dir='ltr'><strong>Ecce</strong></span> <span class='ocrx_word' id='word_1_668' title='bbox 3448 2703 3773 2770; x_wconf 71' lang='lat' dir='ltr'><strong>praesentat‘</strong></span> 
     </span>
    </p>
   </div>
   <div class='ocr_carea' id='block_1_91' title="bbox 2197 2775 3774 2855">
    <p class='ocr_par' dir='ltr' id='par_1_91' title="bbox 2197 2775 3774 2855">
     <span class='ocr_line' id='line_1_91' title="bbox 2197 2775 3774 2855; baseline 0.016 -29"><span class='ocrx_word' id='word_1_669' title='bbox 2197 2787 2256 2827; x_wconf 92' lang='lat' dir='ltr'><strong>se</strong></span> <span class='ocrx_word' id='word_1_670' title='bbox 2294 2775 2494 2843; x_wconf 91' lang='lat' dir='ltr'><strong>turbis,</strong></span> <span class='ocrx_word' id='word_1_671' title='bbox 2535 2793 2566 2832; x_wconf 86' lang='lat' dir='ltr'><strong>a</strong></span> <span class='ocrx_word' id='word_1_672' title='bbox 2601 2780 2790 2850; x_wconf 92' lang='lat' dir='ltr'><strong>quibus</strong></span> <span class='ocrx_word' id='word_1_673' title='bbox 2820 2799 2879 2838; x_wconf 91' lang='lat' dir='ltr'><strong>se</strong></span> <span class='ocrx_word' id='word_1_674' title='bbox 2910 2786 3023 2855; x_wconf 89' lang='lat' dir='ltr'><strong>rapi</strong></span> <span class='ocrx_word' id='word_1_675' title='bbox 3051 2788 3330 2855; x_wconf 86' lang='lat' dir='ltr'><strong>timuerat,</strong></span> <span class='ocrx_word' id='word_1_676' title='bbox 3366 2801 3420 2846; x_wconf 91' lang='lat' dir='ltr'><strong>et</strong></span> <span class='ocrx_word' id='word_1_677' title='bbox 3454 2792 3507 2846; x_wconf 93' lang='lat' dir='ltr'><strong>in</strong></span> <span class='ocrx_word' id='word_1_678' title='bbox 3537 2805 3774 2851; x_wconf 87' lang='lat' dir='ltr'><strong>montem</strong></span> 
     </span>
    </p>
   </div>
   <div class='ocr_carea' id='block_1_92' title="bbox 2197 2864 3778 2958">
    <p class='ocr_par' dir='ltr' id='par_1_92' title="bbox 2197 2864 3778 2958">
     <span class='ocr_line' id='line_1_92' title="bbox 2197 2864 3778 2958; baseline 0.016 -40"><span class='ocrx_word' id='word_1_679' title='bbox 2197 2864 2418 2935; x_wconf 84' lang='lat' dir='ltr'><strong>fugerat.</strong></span> <span class='ocrx_word' id='word_1_680' title='bbox 2459 2867 2688 2927; x_wconf 86' lang='lat' dir='ltr'><strong>Omnino</strong></span> <span class='ocrx_word' id='word_1_681' title='bbox 2725 2875 3006 2932; x_wconf 83' lang='lat' dir='ltr'><strong>confirmat</strong></span> <span class='ocrx_word' id='word_1_682' title='bbox 3037 2889 3089 2934; x_wconf 89' lang='lat' dir='ltr'><strong>et</strong></span> <span class='ocrx_word' id='word_1_683' title='bbox 3127 2881 3354 2937; x_wconf 92' lang='lat' dir='ltr'><strong>insinuat</strong></span> <span class='ocrx_word' id='word_1_684' title='bbox 3394 2885 3628 2941; x_wconf 88' lang='lat' dir='ltr'><strong>nobisin</strong></span> <span class='ocrx_word' id='word_1_685' title='bbox 3656 2903 3778 2958; x_wconf 84' lang='lat' dir='ltr'><strong>my-</strong></span> 
     </span>
    </p>
   </div>
   <div class='ocr_carea' id='block_1_93' title="bbox 2197 2959 3775 3046">
    <p class='ocr_par' dir='ltr' id='par_1_93' title="bbox 2197 2959 3775 3046">
     <span class='ocr_line' id='line_1_93' title="bbox 2197 2959 3775 3046; baseline 0.014 -35"><span class='ocrx_word' id='word_1_686' title='bbox 2197 2959 2359 3013; x_wconf 87' lang='lat' dir='ltr'><strong>sterio</strong></span> <span class='ocrx_word' id='word_1_687' title='bbox 2385 2959 2524 3016; x_wconf 90' lang='lat' dir='ltr'><strong>dicta</strong></span> <span class='ocrx_word' id='word_1_688' title='bbox 2549 2979 2668 3019; x_wconf 91' lang='lat' dir='ltr'><strong>esse</strong></span> <span class='ocrx_word' id='word_1_689' title='bbox 2694 2966 2784 3020; x_wconf 91' lang='lat' dir='ltr'><strong>illa</strong></span> <span class='ocrx_word' id='word_1_690' title='bbox 2813 2969 3022 3035; x_wconf 91' lang='lat' dir='ltr'><strong>omnia;</strong></span> <span class='ocrx_word' id='word_1_691' title='bbox 3052 2977 3105 3025; x_wconf 90' lang='lat' dir='ltr'><strong>et</strong></span> <span class='ocrx_word' id='word_1_692' title='bbox 3132 2971 3267 3026; x_wconf 88' lang='lat' dir='ltr'><strong>facta</strong></span> <span class='ocrx_word' id='word_1_693' title='bbox 3293 2973 3346 3028; x_wconf 92' lang='lat' dir='ltr'><strong>in</strong></span> <span class='ocrx_word' id='word_1_694' title='bbox 3372 2990 3563 3046; x_wconf 88' lang='lat' dir='ltr'><strong>magno</strong></span> <span class='ocrx_word' id='word_1_695' title='bbox 3592 2992 3775 3032; x_wconf 88' lang='lat' dir='ltr'><strong>sacra-</strong></span> 
     </span>
    </p>
   </div>
   <div class='ocr_carea' id='block_1_94' title="bbox 2196 3057 3774 3139">
    <p class='ocr_par' dir='ltr' id='par_1_94' title="bbox 2196 3057 3774 3139">
     <span class='ocr_line' id='line_1_94' title="bbox 2196 3057 3774 3139; baseline 0.014 -35"><span class='ocrx_word' id='word_1_696' title='bbox 2196 3061 2409 3121; x_wconf 89' lang='lat' dir='ltr'><strong>mento,</strong></span> <span class='ocrx_word' id='word_1_697' title='bbox 2455 3065 2512 3110; x_wconf 93' lang='lat' dir='ltr'><strong>ut</strong></span> <span class='ocrx_word' id='word_1_698' title='bbox 2549 3057 2745 3128; x_wconf 91' lang='lat' dir='ltr'><strong>aliquid</strong></span> <span class='ocrx_word' id='word_1_699' title='bbox 2785 3061 3162 3130; x_wconf 84' lang='lat' dir='ltr'><strong>significarent.</strong></span> <span class='ocrx_word' id='word_1_700' title='bbox 3203 3064 3344 3123; x_wconf 86' lang='lat' dir='ltr'><strong>Ecce</strong></span> <span class='ocrx_word' id='word_1_701' title='bbox 3375 3076 3456 3122; x_wconf 90' lang='lat' dir='ltr'><strong>est</strong></span> <span class='ocrx_word' id='word_1_702' title='bbox 3483 3068 3573 3124; x_wconf 91' lang='lat' dir='ltr'><strong>ille</strong></span> <span class='ocrx_word' id='word_1_703' title='bbox 3601 3070 3688 3139; x_wconf 90' lang='lat' dir='ltr'><strong>qui</strong></span> <span class='ocrx_word' id='word_1_704' title='bbox 3717 3070 3774 3126; x_wconf 91' lang='lat' dir='ltr'><strong>in</strong></span> 
     </span>
    </p>
   </div>
   <div class='ocr_carea' id='block_1_95' title="bbox 2199 3147 3773 3229">
    <p class='ocr_par' dir='ltr' id='par_1_95' title="bbox 2199 3147 3773 3229">
     <span class='ocr_line' id='line_1_95' title="bbox 2199 3147 3773 3229; baseline 0.012 -31"><span class='ocrx_word' id='word_1_705' title='bbox 2199 3155 2431 3202; x_wconf 90' lang='lat' dir='ltr'><strong>montem</strong></span> <span class='ocrx_word' id='word_1_706' title='bbox 2468 3147 2675 3218; x_wconf 88' lang='lat' dir='ltr'><strong>fugerat</strong></span> <span class='ocrx_word' id='word_1_707' title='bbox 2713 3152 2933 3209; x_wconf 90' lang='lat' dir='ltr'><strong>turbas:</strong></span> <span class='ocrx_word' id='word_1_708' title='bbox 2967 3171 3145 3212; x_wconf 92' lang='lat' dir='ltr'><strong>nonne</strong></span> <span class='ocrx_word' id='word_1_709' title='bbox 3181 3173 3302 3213; x_wconf 92' lang='lat' dir='ltr'><strong>cum</strong></span> <span class='ocrx_word' id='word_1_710' title='bbox 3343 3159 3470 3229; x_wconf 90' lang='lat' dir='ltr'><strong>ipsis</strong></span> <span class='ocrx_word' id='word_1_711' title='bbox 3499 3162 3666 3218; x_wconf 87' lang='lat' dir='ltr'><strong>turbis</strong></span> <span class='ocrx_word' id='word_1_712' title='bbox 3695 3164 3773 3218; x_wconf 88' lang='lat' dir='ltr'><strong>lo-</strong></span> 
     </span>
    </p>
   </div>
   <div class='ocr_carea' id='block_1_96' title="bbox 2197 3236 3775 3320">
    <p class='ocr_par' dir='ltr' id='par_1_96' title="bbox 2197 3236 3775 3320">
     <span class='ocr_line' id='line_1_96' title="bbox 2197 3236 3775 3320; baseline 0.013 -32"><span class='ocrx_word' id='word_1_713' title='bbox 2197 3236 2408 3306; x_wconf 88' lang='lat' dir='ltr'><strong>quitur?</strong></span> <span class='ocrx_word' id='word_1_714' title='bbox 2437 3239 2593 3296; x_wconf 86' lang='lat' dir='ltr'><strong>Modo</strong></span> <span class='ocrx_word' id='word_1_715' title='bbox 2628 3251 2866 3312; x_wconf 89' lang='lat' dir='ltr'><strong>teneant,</strong></span> <span class='ocrx_word' id='word_1_716' title='bbox 2913 3248 3072 3304; x_wconf 91' lang='lat' dir='ltr'><strong>modo</strong></span> <span class='ocrx_word' id='word_1_717' title='bbox 3104 3264 3286 3320; x_wconf 86' lang='lat' dir='ltr'><strong>regem</strong></span> <span class='ocrx_word' id='word_1_718' title='bbox 3322 3250 3537 3308; x_wconf 87' lang='lat' dir='ltr'><strong>faciant.</strong></span> <span class='ocrx_word' id='word_1_719' title='bbox 3569 3253 3775 3309; x_wconf 84' lang='lat' dir='ltr'><strong>Etcum</strong></span> 
     </span>
    </p>
   </div>
   <div class='ocr_carea' id='block_1_97' title="bbox 2197 3327 3776 3416">
    <p class='ocr_par' dir='ltr' id='par_1_97' title="bbox 2197 3327 3776 3416">
     <span class='ocr_line' id='line_1_97' title="bbox 2197 3327 3776 3416; baseline 0.015 -37"><span class='ocrx_word' id='word_1_720' title='bbox 2197 3327 2496 3384; x_wconf 86' lang='lat' dir='ltr'><strong>invenissent</strong></span> <span class='ocrx_word' id='word_1_721' title='bbox 2521 3348 2633 3387; x_wconf 85' lang='lat' dir='ltr'><strong>eum</strong></span> <span class='ocrx_word' id='word_1_722' title='bbox 2657 3343 2794 3390; x_wconf 89' lang='lat' dir='ltr'><strong>trans</strong></span> <span class='ocrx_word' id='word_1_723' title='bbox 2822 3353 2978 3405; x_wconf 81' lang='lat' dir='ltr'><strong>mare,</strong></span> <span class='ocrx_word' id='word_1_724' title='bbox 3003 3340 3236 3396; x_wconf 72' lang='lat' dir='ltr'><strong>dixerunt</strong></span> <span class='ocrx_word' id='word_1_725' title='bbox 3260 3343 3308 3397; x_wconf 86' lang='lat' dir='ltr'><strong>ei</strong></span> <span class='ocrx_word' id='word_1_726' title='bbox 3328 3358 3346 3398; x_wconf 88' lang='lat'><strong><em>:</em></strong></span> <span class='ocrx_word' id='word_1_727' title='bbox 3368 3342 3549 3411; x_wconf 82' lang='lat' dir='ltr'><strong>Rabbi,</strong></span> <span class='ocrx_word' id='word_1_728' title='bbox 3571 3348 3776 3416; x_wconf 86' lang='lat' dir='ltr'><strong>quando</strong></span> 
     </span>
    </p>
   </div>
   <div class='ocr_carea' id='block_1_98' title="bbox 2198 3422 2539 3480">
    <p class='ocr_par' dir='ltr' id='par_1_98' title="bbox 2198 3422 2539 3480">
     <span class='ocr_line' id='line_1_98' title="bbox 2198 3422 2539 3480; baseline 0.021 -8"><span class='ocrx_word' id='word_1_729' title='bbox 2198 3422 2296 3474; x_wconf 79' lang='lat' dir='ltr'><strong>huc</strong></span> <span class='ocrx_word' id='word_1_730' title='bbox 2323 3426 2499 3479; x_wconf 87' lang='lat' dir='ltr'><strong>venisti</strong></span> <span class='ocrx_word' id='word_1_731' title='bbox 2513 3427 2539 3480; x_wconf 85' lang='lat'><strong>?</strong></span> 
     </span>
    </p>
   </div>
   <div class='ocr_carea' id='block_1_99' title="bbox 2270 3515 3774 3597">
    <p class='ocr_par' dir='ltr' id='par_1_99' title="bbox 2270 3515 3774 3597">
     <span class='ocr_line' id='line_1_99' title="bbox 2270 3515 3774 3597; baseline 0.014 -30"><span class='ocrx_word' id='word_1_732' title='bbox 2270 3515 2356 3569; x_wconf 83' lang='grc'><strong>10.</strong></span> <span class='ocrx_word' id='word_1_733' title='bbox 2399 3515 2494 3572; x_wconf 89' lang='lat' dir='ltr'><strong>Ille</strong></span> <span class='ocrx_word' id='word_1_734' title='bbox 2523 3528 2642 3588; x_wconf 89' lang='lat' dir='ltr'><strong>post</strong></span> <span class='ocrx_word' id='word_1_735' title='bbox 2670 3523 2908 3578; x_wconf 89' lang='lat' dir='ltr'><strong>miraculi</strong></span> <span class='ocrx_word' id='word_1_736' title='bbox 2937 3540 3326 3585; x_wconf 87' lang='lat' dir='ltr'><strong>sacramentum</strong></span> <span class='ocrx_word' id='word_1_737' title='bbox 3345 3572 3360 3597; x_wconf 95' lang='lat'><strong>,</strong></span> <span class='ocrx_word' id='word_1_738' title='bbox 3391 3540 3446 3587; x_wconf 89' lang='lat' dir='ltr'><strong>et</strong></span> <span class='ocrx_word' id='word_1_739' title='bbox 3473 3547 3774 3590; x_wconf 88' lang='lat' dir='ltr'><strong>sermonem</strong></span> 
     </span>
    </p>
   </div>
   <div class='ocr_carea' id='block_1_100' title="bbox 2199 3607 3774 3696">
    <p class='ocr_par' dir='ltr' id='par_1_100' title="bbox 2199 3607 3774 3696">
     <span class='ocr_line' id='line_1_100' title="bbox 2199 3607 3774 3696; baseline 0.017 -36"><span class='ocrx_word' id='word_1_740' title='bbox 2199 3607 2384 3677; x_wconf 86' lang='lat' dir='ltr'><strong>infert,</strong></span> <span class='ocrx_word' id='word_1_741' title='bbox 2415 3621 2470 3665; x_wconf 92' lang='lat' dir='ltr'><strong>ut</strong></span> <span class='ocrx_word' id='word_1_742' title='bbox 2497 3613 2540 3667; x_wconf 93' lang='lat' dir='ltr'><strong>si</strong></span> <span class='ocrx_word' id='word_1_743' title='bbox 2569 3614 2683 3670; x_wconf 87' lang='lat' dir='ltr'><strong>fieri</strong></span> <span class='ocrx_word' id='word_1_744' title='bbox 2714 3626 2914 3686; x_wconf 90' lang='lat' dir='ltr'><strong>potest,</strong></span> <span class='ocrx_word' id='word_1_745' title='bbox 2941 3621 3030 3690; x_wconf 92' lang='lat' dir='ltr'><strong>qui</strong></span> <span class='ocrx_word' id='word_1_746' title='bbox 3056 3624 3190 3692; x_wconf 88' lang='lat' dir='ltr'><strong>pasti</strong></span> <span class='ocrx_word' id='word_1_747' title='bbox 3213 3634 3354 3691; x_wconf 89' lang='lat' dir='ltr'><strong>sunt,</strong></span> <span class='ocrx_word' id='word_1_748' title='bbox 3387 3638 3687 3696; x_wconf 89' lang='lat' dir='ltr'><strong>pascantur,</strong></span> <span class='ocrx_word' id='word_1_749' title='bbox 3717 3640 3774 3686; x_wconf 90' lang='lat' dir='ltr'><strong>et</strong></span> 
     </span>
    </p>
   </div>
   <div class='ocr_carea' id='block_1_101' title="bbox 2197 3705 3778 3780">
    <p class='ocr_par' dir='ltr' id='par_1_101' title="bbox 2197 3705 3778 3780">
     <span class='ocr_line' id='line_1_101' title="bbox 2197 3705 3778 3780; baseline 0.016 -28"><span class='ocrx_word' id='word_1_750' title='bbox 2197 3715 2424 3769; x_wconf 89' lang='lat' dir='ltr'><strong>quorum</strong></span> <span class='ocrx_word' id='word_1_751' title='bbox 2450 3705 2657 3761; x_wconf 87' lang='lat' dir='ltr'><strong>satiavit</strong></span> <span class='ocrx_word' id='word_1_752' title='bbox 2678 3709 2900 3776; x_wconf 88' lang='lat' dir='ltr'><strong>panibus</strong></span> <span class='ocrx_word' id='word_1_753' title='bbox 2922 3721 3153 3780; x_wconf 90' lang='lat' dir='ltr'><strong>ventres,</strong></span> <span class='ocrx_word' id='word_1_754' title='bbox 3182 3716 3338 3771; x_wconf 89' lang='lat' dir='ltr'><strong>satiet</strong></span> <span class='ocrx_word' id='word_1_755' title='bbox 3364 3727 3418 3772; x_wconf 88' lang='lat' dir='ltr'><strong>et</strong></span> <span class='ocrx_word' id='word_1_756' title='bbox 3441 3720 3778 3778; x_wconf 86' lang='lat' dir='ltr'><strong>sermonibus</strong></span> 
     </span>
    </p>
   </div>
   <div class='ocr_carea' id='block_1_102' title="bbox 2198 3797 3778 3878">
    <p class='ocr_par' dir='ltr' id='par_1_102' title="bbox 2198 3797 3778 3878">
     <span class='ocr_line' id='line_1_102' title="bbox 2198 3797 3778 3878; baseline 0.014 -33"><span class='ocrx_word' id='word_1_757' title='bbox 2198 3803 2433 3860; x_wconf 87' lang='lat' dir='ltr'><strong>mentes;</strong></span> <span class='ocrx_word' id='word_1_758' title='bbox 2474 3797 2568 3852; x_wconf 91' lang='lat' dir='ltr'><strong>sed</strong></span> <span class='ocrx_word' id='word_1_759' title='bbox 2605 3799 2649 3853; x_wconf 90' lang='lat' dir='ltr'><strong>si</strong></span> <span class='ocrx_word' id='word_1_760' title='bbox 2693 3802 2926 3870; x_wconf 87' lang='lat' dir='ltr'><strong>capiunt.</strong></span> <span class='ocrx_word' id='word_1_761' title='bbox 2963 3803 3030 3858; x_wconf 87' lang='lat' dir='ltr'><strong>Et</strong></span> <span class='ocrx_word' id='word_1_762' title='bbox 3053 3806 3099 3860; x_wconf 93' lang='lat' dir='ltr'><strong>si</strong></span> <span class='ocrx_word' id='word_1_763' title='bbox 3129 3823 3234 3862; x_wconf 93' lang='lat' dir='ltr'><strong>non</strong></span> <span class='ocrx_word' id='word_1_764' title='bbox 3263 3809 3505 3878; x_wconf 90' lang='lat' dir='ltr'><strong>capiunt,</strong></span> <span class='ocrx_word' id='word_1_765' title='bbox 3536 3821 3778 3867; x_wconf 88' lang='lat' dir='ltr'><strong>sumatur</strong></span> 
     </span>
    </p>
   </div>
   <div class='ocr_carea' id='block_1_103' title="bbox 2196 3884 3780 3974">
    <p class='ocr_par' dir='ltr' id='par_1_103' title="bbox 2196 3884 3780 3974">
     <span class='ocr_line' id='line_1_103' title="bbox 2196 3884 3780 3974; baseline 0.016 -39"><span class='ocrx_word' id='word_1_766' title='bbox 2196 3884 2336 3952; x_wconf 90' lang='lat' dir='ltr'><strong>quod</strong></span> <span class='ocrx_word' id='word_1_767' title='bbox 2367 3901 2473 3940; x_wconf 90' lang='lat' dir='ltr'><strong>non</strong></span> <span class='ocrx_word' id='word_1_768' title='bbox 2500 3889 2774 3958; x_wconf 77' lang='lat' dir='ltr'><strong>capiunt’,</strong></span> <span class='ocrx_word' id='word_1_769' title='bbox 2802 3909 2868 3948; x_wconf 89' lang='lat' dir='ltr'><strong>ne</strong></span> <span class='ocrx_word' id='word_1_770' title='bbox 2904 3893 3198 3966; x_wconf 87' lang='lat' dir='ltr'><strong>fragmenta</strong></span> <span class='ocrx_word' id='word_1_771' title='bbox 3233 3911 3467 3969; x_wconf 88' lang='lat' dir='ltr'><strong>pereant.</strong></span> <span class='ocrx_word' id='word_1_772' title='bbox 3509 3902 3780 3974; x_wconf 85' lang='lat' dir='ltr'><strong>Loquatur</strong></span> 
     </span>
    </p>
   </div>
   <div class='ocr_carea' id='block_1_104' title="bbox 2197 3979 3774 4066">
    <p class='ocr_par' dir='ltr' id='par_1_104' title="bbox 2197 3979 3774 4066">
     <span class='ocr_line' id='line_1_104' title="bbox 2197 3979 3774 4066; baseline 0.013 -36"><span class='ocrx_word' id='word_1_773' title='bbox 2197 3989 2324 4044; x_wconf 86' lang='lat' dir='ltr'><strong>ergo</strong></span> <span class='ocrx_word' id='word_1_774' title='bbox 2343 4018 2358 4042; x_wconf 95' lang='lat'><strong>,</strong></span> <span class='ocrx_word' id='word_1_775' title='bbox 2388 3986 2443 4031; x_wconf 89' lang='lat' dir='ltr'><strong>et</strong></span> <span class='ocrx_word' id='word_1_776' title='bbox 2465 3979 2759 4037; x_wconf 88' lang='lat' dir='ltr'><strong>audiamus.</strong></span> <span class='ocrx_word' id='word_1_777' title='bbox 2787 3983 3068 4056; x_wconf 80' lang='lat' dir='ltr'><strong>Respondit</strong></span> <span class='ocrx_word' id='word_1_778' title='bbox 3096 3988 3248 4044; x_wconf 82' lang='lat' dir='ltr'><strong>Jesus</strong></span> <span class='ocrx_word' id='word_1_779' title='bbox 3266 4032 3282 4060; x_wconf 90' lang='lat'><strong>,</strong></span> <span class='ocrx_word' id='word_1_780' title='bbox 3314 4003 3359 4046; x_wconf 76' lang='lat' dir='ltr'><strong>et</strong></span> <span class='ocrx_word' id='word_1_781' title='bbox 3385 3995 3512 4048; x_wconf 76' lang='lat' dir='ltr'><strong>dixit</strong></span> <span class='ocrx_word' id='word_1_782' title='bbox 3536 4011 3554 4048; x_wconf 90' lang='lat'><strong><em>:</em></strong></span> <span class='ocrx_word' id='word_1_783' title='bbox 3577 3996 3736 4051; x_wconf 78' lang='lat' dir='ltr'><strong>Amen</strong></span> <span class='ocrx_word' id='word_1_784' title='bbox 3754 4039 3774 4066; x_wconf 88' lang='lat'><strong>,</strong></span> 
     </span>
    </p>
   </div>
   <div class='ocr_carea' id='block_1_105' title="bbox 2196 4071 3774 4161">
    <p class='ocr_par' dir='ltr' id='par_1_105' title="bbox 2196 4071 3774 4161">
     <span class='ocr_line' id='line_1_105' title="bbox 2196 4071 3774 4161; baseline 0.016 -43"><span class='ocrx_word' id='word_1_785' title='bbox 2196 4083 2341 4121; x_wconf 89' lang='lat' dir='ltr'><strong>amen</strong></span> <span class='ocrx_word' id='word_1_786' title='bbox 2374 4071 2486 4124; x_wconf 87' lang='lat' dir='ltr'><strong>dico</strong></span> <span class='ocrx_word' id='word_1_787' title='bbox 2519 4073 2654 4128; x_wconf 88' lang='lat' dir='ltr'><strong>vobis</strong></span> <span class='ocrx_word' id='word_1_788' title='bbox 2673 4115 2687 4140; x_wconf 98' lang='lat'><strong>,</strong></span> <span class='ocrx_word' id='word_1_789' title='bbox 2718 4078 2940 4146; x_wconf 62' lang='lat' dir='ltr'><strong>queritis</strong></span> <span class='ocrx_word' id='word_1_790' title='bbox 2969 4098 3067 4148; x_wconf 84' lang='lat' dir='ltr'><strong>me,</strong></span> <span class='ocrx_word' id='word_1_791' title='bbox 3105 4099 3206 4138; x_wconf 91' lang='lat' dir='ltr'><strong>non</strong></span> <span class='ocrx_word' id='word_1_792' title='bbox 3241 4087 3361 4157; x_wconf 85' lang='lat' dir='ltr'><strong>quia</strong></span> <span class='ocrx_word' id='word_1_793' title='bbox 3391 4087 3583 4142; x_wconf 84' lang='lat' dir='ltr'><strong>vidistis</strong></span> <span class='ocrx_word' id='word_1_794' title='bbox 3607 4091 3774 4161; x_wconf 89' lang='lat' dir='ltr'><strong>signa,</strong></span> 
     </span>
    </p>
   </div>
   <div class='ocr_carea' id='block_1_106' title="bbox 2196 4162 3774 4248">
    <p class='ocr_par' dir='ltr' id='par_1_106' title="bbox 2196 4162 3774 4248">
     <span class='ocr_line' id='line_1_106' title="bbox 2196 4162 3774 4248; baseline 0.016 -35"><span class='ocrx_word' id='word_1_795' title='bbox 2196 4162 2283 4214; x_wconf 86' lang='lat' dir='ltr'><strong>sed</strong></span> <span class='ocrx_word' id='word_1_796' title='bbox 2308 4164 2424 4227; x_wconf 88' lang='lat' dir='ltr'><strong>quia</strong></span> <span class='ocrx_word' id='word_1_797' title='bbox 2450 4166 2789 4222; x_wconf 82' lang='lat' dir='ltr'><strong>ntanducaslis</strong></span> <span class='ocrx_word' id='word_1_798' title='bbox 2817 4187 2880 4224; x_wconf 81' lang='lat' dir='ltr'><strong>ea:</strong></span> <span class='ocrx_word' id='word_1_799' title='bbox 2903 4173 3117 4241; x_wconf 86' lang='lat' dir='ltr'><strong>panibus</strong></span> <span class='ocrx_word' id='word_1_800' title='bbox 3143 4177 3283 4231; x_wconf 88' lang='lat' dir='ltr'><strong>meis.</strong></span> <span class='ocrx_word' id='word_1_801' title='bbox 3316 4179 3538 4248; x_wconf 86' lang='lat' dir='ltr'><strong>Propter</strong></span> <span class='ocrx_word' id='word_1_802' title='bbox 3560 4198 3774 4237; x_wconf 87' lang='lat' dir='ltr'><strong>carnem</strong></span> 
     </span>
    </p>
   </div>
   <div class='ocr_carea' id='block_1_107' title="bbox 2197 4258 3775 4338">
    <p class='ocr_par' dir='ltr' id='par_1_107' title="bbox 2197 4258 3775 4338">
     <span class='ocr_line' id='line_1_107' title="bbox 2197 4258 3775 4338; baseline 0.014 -31"><span class='ocrx_word' id='word_1_803' title='bbox 2197 4270 2282 4309; x_wconf 90' lang='lat' dir='ltr'><strong>me</strong></span> <span class='ocrx_word' id='word_1_804' title='bbox 2311 4258 2568 4325; x_wconf 65' lang='lat' dir='ltr'><strong>quaeritis,</strong></span> <span class='ocrx_word' id='word_1_805' title='bbox 2601 4275 2704 4314; x_wconf 90' lang='lat' dir='ltr'><strong>non</strong></span> <span class='ocrx_word' id='word_1_806' title='bbox 2733 4273 2949 4333; x_wconf 88' lang='lat' dir='ltr'><strong>pr0pter</strong></span> <span class='ocrx_word' id='word_1_807' title='bbox 2972 4267 3238 4335; x_wconf 91' lang='lat' dir='ltr'><strong>spiritum.</strong></span> <span class='ocrx_word' id='word_1_808' title='bbox 3278 4269 3446 4338; x_wconf 84' lang='lat' dir='ltr'><strong>Quam</strong></span> <span class='ocrx_word' id='word_1_809' title='bbox 3483 4273 3630 4328; x_wconf 90' lang='lat' dir='ltr'><strong>multi</strong></span> <span class='ocrx_word' id='word_1_810' title='bbox 3667 4289 3775 4330; x_wconf 90' lang='lat' dir='ltr'><strong>non</strong></span> 
     </span>
    </p>
   </div>
   <div class='ocr_carea' id='block_1_108' title="bbox 2195 4349 3776 4419">
    <p class='ocr_par' dir='ltr' id='par_1_108' title="bbox 2195 4349 3776 4419">
     <span class='ocr_line' id='line_1_108' title="bbox 2195 4349 3776 4419; baseline 0.013 -21"><span class='ocrx_word' id='word_1_811' title='bbox 2195 4357 2438 4415; x_wconf 63' lang='lat' dir='ltr'><strong>quaerunt</strong></span> <span class='ocrx_word' id='word_1_812' title='bbox 2479 4349 2695 4418; x_wconf 88' lang='lat' dir='ltr'><strong>Jesum,</strong></span> <span class='ocrx_word' id='word_1_813' title='bbox 2742 4354 2845 4409; x_wconf 91' lang='lat' dir='ltr'><strong>nisi</strong></span> <span class='ocrx_word' id='word_1_814' title='bbox 2881 4364 2939 4410; x_wconf 92' lang='lat' dir='ltr'><strong>ut</strong></span> <span class='ocrx_word' id='word_1_815' title='bbox 2972 4356 3077 4412; x_wconf 89' lang='lat' dir='ltr'><strong>illis</strong></span> <span class='ocrx_word' id='word_1_816' title='bbox 3116 4358 3273 4414; x_wconf 86' lang='lat' dir='ltr'><strong>faciat</strong></span> <span class='ocrx_word' id='word_1_817' title='bbox 3311 4361 3446 4416; x_wconf 88' lang='lat' dir='ltr'><strong>bene</strong></span> <span class='ocrx_word' id='word_1_818' title='bbox 3483 4363 3776 4419; x_wconf 87' lang='lat' dir='ltr'><strong>secundum</strong></span> 
     </span>
    </p>
   </div>
   <div class='ocr_carea' id='block_1_109' title="bbox 2199 4441 3774 4520">
    <p class='ocr_par' dir='ltr' id='par_1_109' title="bbox 2199 4441 3774 4520">
     <span class='ocr_line' id='line_1_109' title="bbox 2199 4441 3774 4520; baseline 0.011 -27"><span class='ocrx_word' id='word_1_819' title='bbox 2199 4441 2431 4509; x_wconf 84' lang='lat' dir='ltr'><strong>tempus!</strong></span> <span class='ocrx_word' id='word_1_820' title='bbox 2457 4441 2608 4497; x_wconf 85' lang='lat' dir='ltr'><strong>Alius</strong></span> <span class='ocrx_word' id='word_1_821' title='bbox 2632 4446 2899 4515; x_wconf 86' lang='lat' dir='ltr'><strong>negotium</strong></span> <span class='ocrx_word' id='word_1_822' title='bbox 2921 4447 3098 4515; x_wconf 88' lang='lat' dir='ltr'><strong>habet,</strong></span> <span class='ocrx_word' id='word_1_823' title='bbox 3127 4451 3316 4520; x_wconf 77' lang='lat' dir='ltr'><strong>quaerit</strong></span> <span class='ocrx_word' id='word_1_824' title='bbox 3336 4452 3774 4510; x_wconf 86' lang='lat' dir='ltr'><strong>intercessionem</strong></span> 
     </span>
    </p>
   </div>
   <div class='ocr_carea' id='block_1_110' title="bbox 2195 4529 3774 4616">
    <p class='ocr_par' dir='ltr' id='par_1_110' title="bbox 2195 4529 3774 4616">
     <span class='ocr_line' id='line_1_110' title="bbox 2195 4529 3774 4616; baseline 0.013 -33"><span class='ocrx_word' id='word_1_825' title='bbox 2195 4529 2546 4600; x_wconf 90' lang='lat' dir='ltr'><strong>clericorum;</strong></span> <span class='ocrx_word' id='word_1_826' title='bbox 2571 4536 2704 4591; x_wconf 91' lang='lat' dir='ltr'><strong>alius</strong></span> <span class='ocrx_word' id='word_1_827' title='bbox 2735 4540 2990 4607; x_wconf 89' lang='lat' dir='ltr'><strong>premitur</strong></span> <span class='ocrx_word' id='word_1_828' title='bbox 3012 4555 3040 4594; x_wconf 91' lang='lat' dir='ltr'><strong>a</strong></span> <span class='ocrx_word' id='word_1_829' title='bbox 3067 4544 3394 4612; x_wconf 89' lang='lat' dir='ltr'><strong>potentiore,</strong></span> <span class='ocrx_word' id='word_1_830' title='bbox 3425 4546 3554 4616; x_wconf 89' lang='lat' dir='ltr'><strong>fugit</strong></span> <span class='ocrx_word' id='word_1_831' title='bbox 3578 4547 3643 4602; x_wconf 92' lang='lat' dir='ltr'><strong>ad</strong></span> <span class='ocrx_word' id='word_1_832' title='bbox 3681 4562 3774 4602; x_wconf 84' lang='lat' dir='ltr'><strong>ec-</strong></span> 
     </span>
    </p>
   </div>
   <div class='ocr_carea' id='block_1_111' title="bbox 2196 4621 3776 4708">
    <p class='ocr_par' dir='ltr' id='par_1_111' title="bbox 2196 4621 3776 4708">
     <span class='ocr_line' id='line_1_111' title="bbox 2196 4621 3776 4708; baseline 0.011 -33"><span class='ocrx_word' id='word_1_833' title='bbox 2196 4621 2442 4688; x_wconf 87' lang='lat' dir='ltr'><strong>clesiam;</strong></span> <span class='ocrx_word' id='word_1_834' title='bbox 2474 4625 2609 4680; x_wconf 90' lang='lat' dir='ltr'><strong>alius</strong></span> <span class='ocrx_word' id='word_1_835' title='bbox 2638 4643 2734 4696; x_wconf 91' lang='lat' dir='ltr'><strong>pro</strong></span> <span class='ocrx_word' id='word_1_836' title='bbox 2763 4643 2822 4683; x_wconf 90' lang='lat' dir='ltr'><strong>se</strong></span> <span class='ocrx_word' id='word_1_837' title='bbox 2849 4629 2960 4684; x_wconf 89' lang='lat' dir='ltr'><strong>vult</strong></span> <span class='ocrx_word' id='word_1_838' title='bbox 2989 4633 3294 4689; x_wconf 87' lang='lat' dir='ltr'><strong>interveniri</strong></span> <span class='ocrx_word' id='word_1_839' title='bbox 3321 4636 3459 4705; x_wconf 90' lang='lat' dir='ltr'><strong>apud</strong></span> <span class='ocrx_word' id='word_1_840' title='bbox 3483 4653 3606 4692; x_wconf 89' lang='lat' dir='ltr'><strong>eum</strong></span> <span class='ocrx_word' id='word_1_841' title='bbox 3635 4637 3776 4708; x_wconf 91' lang='lat' dir='ltr'><strong>apud</strong></span> 
     </span>
    </p>
   </div>
   <div class='ocr_carea' id='block_1_112' title="bbox 2195 4719 3775 4801">
    <p class='ocr_par' dir='ltr' id='par_1_112' title="bbox 2195 4719 3775 4801">
     <span class='ocr_line' id='line_1_112' title="bbox 2195 4719 3775 4801; baseline 0.016 -37"><span class='ocrx_word' id='word_1_842' title='bbox 2195 4727 2351 4781; x_wconf 90' lang='lat' dir='ltr'><strong>quem</strong></span> <span class='ocrx_word' id='word_1_843' title='bbox 2390 4730 2574 4783; x_wconf 90' lang='lat' dir='ltr'><strong>parum</strong></span> <span class='ocrx_word' id='word_1_844' title='bbox 2625 4719 2769 4773; x_wconf 88' lang='lat' dir='ltr'><strong>valet</strong></span> <span class='ocrx_word' id='word_1_845' title='bbox 2792 4739 2804 4773; x_wconf 89' lang='lat'><strong>:</strong></span> <span class='ocrx_word' id='word_1_846' title='bbox 2829 4721 2918 4776; x_wconf 92' lang='lat' dir='ltr'><strong>ille</strong></span> <span class='ocrx_word' id='word_1_847' title='bbox 2955 4724 3059 4790; x_wconf 91' lang='lat' dir='ltr'><strong>sic,</strong></span> <span class='ocrx_word' id='word_1_848' title='bbox 3093 4725 3182 4780; x_wconf 90' lang='lat' dir='ltr'><strong>ille</strong></span> <span class='ocrx_word' id='word_1_849' title='bbox 3207 4727 3313 4793; x_wconf 80' lang='lat' dir='ltr'><strong>sic;</strong></span> <span class='ocrx_word' id='word_1_850' title='bbox 3346 4728 3596 4800; x_wconf 88' lang='lat' dir='ltr'><strong>impletur</strong></span> <span class='ocrx_word' id='word_1_851' title='bbox 3637 4747 3775 4801; x_wconf 90' lang='lat' dir='ltr'><strong>quo-</strong></span> 
     </span>
    </p>
   </div>
   <div class='ocr_carea' id='block_1_113' title="bbox 2199 4805 3775 4892">
    <p class='ocr_par' dir='ltr' id='par_1_113' title="bbox 2199 4805 3775 4892">
     <span class='ocr_line' id='line_1_113' title="bbox 2199 4805 3775 4892; baseline 0.014 -35"><span class='ocrx_word' id='word_1_852' title='bbox 2199 4805 2324 4860; x_wconf 92' lang='lat' dir='ltr'><strong>tidie</strong></span> <span class='ocrx_word' id='word_1_853' title='bbox 2348 4808 2540 4863; x_wconf 88' lang='lat' dir='ltr'><strong>talibus</strong></span> <span class='ocrx_word' id='word_1_854' title='bbox 2568 4811 2813 4866; x_wconf 90' lang='lat' dir='ltr'><strong>ecclesia.</strong></span> <span class='ocrx_word' id='word_1_855' title='bbox 2852 4813 2944 4867; x_wconf 80' lang='lat' dir='ltr'><strong>Vix</strong></span> <span class='ocrx_word' id='word_1_856' title='bbox 2974 4817 3230 4885; x_wconf 72' lang='lat' dir='ltr'><strong>quaeritur</strong></span> <span class='ocrx_word' id='word_1_857' title='bbox 3256 4818 3416 4874; x_wconf 80' lang='lat' dir='ltr'><strong>Jesus</strong></span> <span class='ocrx_word' id='word_1_858' title='bbox 3444 4831 3658 4892; x_wconf 89' lang='lat' dir='ltr'><strong>propter</strong></span> <span class='ocrx_word' id='word_1_859' title='bbox 3680 4823 3775 4878; x_wconf 84' lang='lat' dir='ltr'><strong>Je—</strong></span> 
     </span>
    </p>
   </div>
   <div class='ocr_carea' id='block_1_114' title="bbox 2195 4899 3778 4986">
    <p class='ocr_par' dir='ltr' id='par_1_114' title="bbox 2195 4899 3778 4986">
     <span class='ocr_line' id='line_1_114' title="bbox 2195 4899 3778 4986; baseline 0.01 -32"><span class='ocrx_word' id='word_1_860' title='bbox 2195 4913 2335 4954; x_wconf 89' lang='lat' dir='ltr'><strong>sum.</strong></span> <span class='ocrx_word' id='word_1_861' title='bbox 2383 4899 2621 4965; x_wconf 64' lang='lat' dir='ltr'><strong>Quaeritis</strong></span> <span class='ocrx_word' id='word_1_862' title='bbox 2650 4919 2758 4970; x_wconf 87' lang='lat' dir='ltr'><strong>me,</strong></span> <span class='ocrx_word' id='word_1_863' title='bbox 2804 4921 2904 4958; x_wconf 88' lang='lat' dir='ltr'><strong>non</strong></span> <span class='ocrx_word' id='word_1_864' title='bbox 2949 4907 3068 4976; x_wconf 88' lang='lat' dir='ltr'><strong>quia</strong></span> <span class='ocrx_word' id='word_1_865' title='bbox 3113 4909 3303 4964; x_wconf 85' lang='lat' dir='ltr'><strong>vidistis</strong></span> <span class='ocrx_word' id='word_1_866' title='bbox 3340 4914 3518 4982; x_wconf 87' lang='lat' dir='ltr'><strong>signa,</strong></span> <span class='ocrx_word' id='word_1_867' title='bbox 3547 4914 3636 4968; x_wconf 88' lang='lat' dir='ltr'><strong>sed</strong></span> <span class='ocrx_word' id='word_1_868' title='bbox 3655 4916 3778 4986; x_wconf 83' lang='lat' dir='ltr'><strong>quia</strong></span> 
     </span>
    </p>
   </div>
   <div class='ocr_carea' id='block_1_115' title="bbox 2197 4994 3778 5078">
    <p class='ocr_par' dir='ltr' id='par_1_115' title="bbox 2197 4994 3778 5078">
     <span class='ocr_line' id='line_1_115' title="bbox 2197 4994 3778 5078; baseline 0.011 -33"><span class='ocrx_word' id='word_1_869' title='bbox 2197 4994 2538 5048; x_wconf 86' lang='lat' dir='ltr'><strong>manducastis</strong></span> <span class='ocrx_word' id='word_1_870' title='bbox 2564 5013 2626 5050; x_wconf 80' lang='lat' dir='ltr'><strong>ea:</strong></span> <span class='ocrx_word' id='word_1_871' title='bbox 2648 4998 2864 5068; x_wconf 85' lang='lat' dir='ltr'><strong>panibus</strong></span> <span class='ocrx_word' id='word_1_872' title='bbox 2888 5001 3028 5054; x_wconf 84' lang='lat' dir='ltr'><strong>meis.</strong></span> <span class='ocrx_word' id='word_1_873' title='bbox 3056 5001 3351 5071; x_wconf 85' lang='lat' dir='ltr'><strong>Operamini</strong></span> <span class='ocrx_word' id='word_1_874' title='bbox 3375 5021 3476 5059; x_wconf 92' lang='lat' dir='ltr'><strong>non</strong></span> <span class='ocrx_word' id='word_1_875' title='bbox 3501 5006 3664 5062; x_wconf 83' lang='lat' dir='ltr'><strong>cibum</strong></span> <span class='ocrx_word' id='word_1_876' title='bbox 3690 5009 3778 5078; x_wconf 84' lang='lat' dir='ltr'><strong>qui</strong></span> 
     </span>
    </p>
   </div>
   <div class='ocr_carea' id='block_1_116' title="bbox 2198 5085 3779 5164">
    <p class='ocr_par' dir='ltr' id='par_1_116' title="bbox 2198 5085 3779 5164">
     <span class='ocr_line' id='line_1_116' title="bbox 2198 5085 3779 5164; baseline 0.011 -26"><span class='ocrx_word' id='word_1_877' title='bbox 2198 5085 2344 5154; x_wconf 89' lang='lat' dir='ltr'><strong>perit,</strong></span> <span class='ocrx_word' id='word_1_878' title='bbox 2366 5088 2454 5140; x_wconf 89' lang='lat' dir='ltr'><strong>sed</strong></span> <span class='ocrx_word' id='word_1_879' title='bbox 2478 5089 2564 5157; x_wconf 89' lang='lat' dir='ltr'><strong>qui</strong></span> <span class='ocrx_word' id='word_1_880' title='bbox 2590 5100 2844 5158; x_wconf 84' lang='lat' dir='ltr'><strong>permanet</strong></span> <span class='ocrx_word' id='word_1_881' title='bbox 2868 5092 2920 5145; x_wconf 90' lang='lat' dir='ltr'><strong>in</strong></span> <span class='ocrx_word' id='word_1_882' title='bbox 2945 5093 3098 5147; x_wconf 85' lang='lat' dir='ltr'><strong>vitam</strong></span> <span class='ocrx_word' id='word_1_883' title='bbox 3121 5103 3380 5150; x_wconf 65' lang='lat' dir='ltr'><strong>(sternam.</strong></span> <span class='ocrx_word' id='word_1_884' title='bbox 3412 5098 3662 5164; x_wconf 69' lang='lat' dir='ltr'><strong>Quaeritis</strong></span> <span class='ocrx_word' id='word_1_885' title='bbox 3687 5115 3779 5156; x_wconf 83' lang='lat' dir='ltr'><strong>me</strong></span> 
     </span>
    </p>
   </div>
   <div class='ocr_carea' id='block_1_117' title="bbox 2198 5180 3775 5260">
    <p class='ocr_par' dir='ltr' id='par_1_117' title="bbox 2198 5180 3775 5260">
     <span class='ocr_line' id='line_1_117' title="bbox 2198 5180 3775 5260; baseline 0.012 -30"><span class='ocrx_word' id='word_1_886' title='bbox 2198 5187 2411 5247; x_wconf 89' lang='lat' dir='ltr'><strong>propter</strong></span> <span class='ocrx_word' id='word_1_887' title='bbox 2435 5180 2592 5247; x_wconf 89' lang='lat' dir='ltr'><strong>aliud,</strong></span> <span class='ocrx_word' id='word_1_888' title='bbox 2627 5185 2847 5254; x_wconf 63' lang='lat' dir='ltr'><strong>quaerite</strong></span> <span class='ocrx_word' id='word_1_889' title='bbox 2872 5200 2958 5240; x_wconf 90' lang='lat' dir='ltr'><strong>me</strong></span> <span class='ocrx_word' id='word_1_890' title='bbox 2981 5196 3199 5257; x_wconf 90' lang='lat' dir='ltr'><strong>propter</strong></span> <span class='ocrx_word' id='word_1_891' title='bbox 3225 5205 3330 5246; x_wconf 89' lang='lat' dir='ltr'><strong>me.</strong></span> <span class='ocrx_word' id='word_1_892' title='bbox 3361 5189 3604 5260; x_wconf 90' lang='lat' dir='ltr'><strong>Seipsum</strong></span> <span class='ocrx_word' id='word_1_893' title='bbox 3632 5193 3775 5249; x_wconf 89' lang='lat' dir='ltr'><strong>enim</strong></span> 
     </span>
    </p>
   </div>
   <div class='ocr_carea' id='block_1_118' title="bbox 2197 5268 3777 5350">
    <p class='ocr_par' dir='ltr' id='par_1_118' title="bbox 2197 5268 3777 5350">
     <span class='ocr_line' id='line_1_118' title="bbox 2197 5268 3777 5350; baseline 0.011 -28"><span class='ocrx_word' id='word_1_894' title='bbox 2197 5268 2432 5325; x_wconf 89' lang='lat' dir='ltr'><strong>insinuat</strong></span> <span class='ocrx_word' id='word_1_895' title='bbox 2454 5271 2611 5326; x_wconf 89' lang='lat' dir='ltr'><strong>istum</strong></span> <span class='ocrx_word' id='word_1_896' title='bbox 2640 5275 2837 5342; x_wconf 89' lang='lat' dir='ltr'><strong>cibum,</strong></span> <span class='ocrx_word' id='word_1_897' title='bbox 2867 5277 3006 5345; x_wconf 92' lang='lat' dir='ltr'><strong>quod</strong></span> <span class='ocrx_word' id='word_1_898' title='bbox 3033 5279 3086 5331; x_wconf 92' lang='lat' dir='ltr'><strong>in</strong></span> <span class='ocrx_word' id='word_1_899' title='bbox 3116 5283 3570 5350; x_wconf 87' lang='lat' dir='ltr'><strong>consequentibus</strong></span> <span class='ocrx_word' id='word_1_900' title='bbox 3592 5283 3777 5340; x_wconf 91' lang='lat' dir='ltr'><strong>illuce-</strong></span> 
     </span>
    </p>
   </div>
   <div class='ocr_carea' id='block_1_119' title="bbox 2197 5360 3767 5443">
    <p class='ocr_par' dir='ltr' id='par_1_119' title="bbox 2197 5360 3767 5443">
     <span class='ocr_line' id='line_1_119' title="bbox 2197 5360 3767 5443; baseline 0.011 -30"><span class='ocrx_word' id='word_1_901' title='bbox 2197 5360 2316 5414; x_wconf 89' lang='lat' dir='ltr'><strong>scit.</strong></span> <span class='ocrx_word' id='word_1_902' title='bbox 2352 5362 2508 5428; x_wconf 82' lang='lat' dir='ltr'><strong>Quem</strong></span> <span class='ocrx_word' id='word_1_903' title='bbox 2547 5363 2716 5419; x_wconf 79' lang='lat' dir='ltr'><strong>Filius</strong></span> <span class='ocrx_word' id='word_1_904' title='bbox 2742 5366 2958 5420; x_wconf 78' lang='lat' dir='ltr'><strong>hominis</strong></span> <span class='ocrx_word' id='word_1_905' title='bbox 3000 5368 3138 5423; x_wconf 88' lang='lat' dir='ltr'><strong>dabit</strong></span> <span class='ocrx_word' id='word_1_906' title='bbox 3189 5370 3343 5424; x_wconf 84' lang='lat' dir='ltr'><strong>vobis.</strong></span> <span class='ocrx_word' id='word_1_907' title='bbox 3383 5371 3767 5443; x_wconf 79' lang='lat' dir='ltr'><strong>Exspectabas,</strong></span> 
     </span>
    </p>
   </div>
   <div class='ocr_carea' id='block_1_120' title="bbox 2197 5455 3772 5536">
    <p class='ocr_par' dir='ltr' id='par_1_120' title="bbox 2197 5455 3772 5536">
     <span class='ocr_line' id='line_1_120' title="bbox 2197 5455 3772 5536; baseline 0.01 -26"><span class='ocrx_word' id='word_1_908' title='bbox 2197 5455 2377 5522; x_wconf 89' lang='lat' dir='ltr'><strong>credo,</strong></span> <span class='ocrx_word' id='word_1_909' title='bbox 2407 5457 2596 5512; x_wconf 89' lang='lat' dir='ltr'><strong>iterum</strong></span> <span class='ocrx_word' id='word_1_910' title='bbox 2619 5473 2782 5528; x_wconf 89' lang='lat' dir='ltr'><strong>panes</strong></span> <span class='ocrx_word' id='word_1_911' title='bbox 2810 5459 3130 5518; x_wconf 89' lang='lat' dir='ltr'><strong>manducare</strong></span> <span class='ocrx_word' id='word_1_912' title='bbox 3146 5505 3164 5532; x_wconf 94' lang='lat'><strong>,</strong></span> <span class='ocrx_word' id='word_1_913' title='bbox 3191 5464 3386 5522; x_wconf 88' lang='lat' dir='ltr'><strong>iterum</strong></span> <span class='ocrx_word' id='word_1_914' title='bbox 3409 5466 3772 5536; x_wconf 83' lang='lat' dir='ltr'><strong>discumbere,</strong></span> 
     </span>
    </p>
   </div>
   <div class='ocr_carea' id='block_1_121' title="bbox 2260 5640 3674 5716">
    <p class='ocr_par' dir='ltr' id='par_1_121' title="bbox 2260 5640 3674 5716">
     <span class='ocr_line' id='line_1_121' title="bbox 2260 5640 3674 5716; baseline 0.007 -29"><span class='ocrx_word' id='word_1_915' title='bbox 2260 5642 2443 5716; x_wconf 54' lang='lat' dir='ltr'><strong>fsuxta</strong></span> <span class='ocrx_word' id='word_1_916' title='bbox 2464 5640 2784 5716; x_wconf 80' lang='lat' dir='ltr'><strong>Er._t_.ugd._et</strong></span> <span class='ocrx_word' id='word_1_917' title='bbox 2807 5649 2944 5714; x_wconf 66' lang='lat' dir='ltr'><strong>ven.,</strong></span> <span class='ocrx_word' id='word_1_918' title='bbox 2973 5649 3291 5716; x_wconf 69' lang='lat' dir='ltr'><strong>repraasentet.</strong></span> <span class='ocrx_word' id='word_1_919' title='bbox 3356 5651 3413 5695; x_wconf 78' lang='grc' dir='ltr'><strong>Μ.</strong></span> <span class='ocrx_word' id='word_1_920' title='bbox 3528 5706 3539 5716; x_wconf 46' lang='grc'><em>,</em></span> <span class='ocrx_word' id='word_1_921' title='bbox 3660 5705 3674 5716; x_wconf 49' lang='grc'><strong>.</strong></span> 
     </span>
    </p>
   </div>
   <div class='ocr_carea' id='block_1_122' title="bbox 2259 5699 3775 5770">
    <p class='ocr_par' dir='ltr' id='par_1_122' title="bbox 2259 5699 3775 5770">
     <span class='ocr_line' id='line_1_122' title="bbox 2259 5699 3775 5770; baseline 0.006 -23"><span class='ocrx_word' id='word_1_922' title='bbox 2259 5705 2285 5770; x_wconf 57' lang='grc' dir='ltr'><strong>ξ</strong></span> <span class='ocrx_word' id='word_1_923' title='bbox 2304 5699 2526 5770; x_wconf 46' lang='lat' dir='ltr'><strong>plerique</strong></span> <span class='ocrx_word' id='word_1_924' title='bbox 2547 5699 2672 5770; x_wconf 56' lang='lat' dir='ltr'><strong>nisi:</strong></span> <span class='ocrx_word' id='word_1_925' title='bbox 2703 5710 2762 5770; x_wconf 48' lang='grc' dir='ltr'><strong>ἦε</strong></span> <span class='ocrx_word' id='word_1_926' title='bbox 2784 5703 2829 5754; x_wconf 81' lang='lat' dir='ltr'><strong>si</strong></span> <span class='ocrx_word' id='word_1_927' title='bbox 2847 5699 2940 5753; x_wconf 87' lang='lat' dir='ltr'><strong>non</strong></span> <span class='ocrx_word' id='word_1_928' title='bbox 2961 5699 3169 5770; x_wconf 78' lang='lat' dir='ltr'><strong>capiunt,</strong></span> <span class='ocrx_word' id='word_1_929' title='bbox 3191 5715 3379 5770; x_wconf 85' lang='lat' dir='ltr'><strong>sumant</strong></span> <span class='ocrx_word' id='word_1_930' title='bbox 3410 5706 3539 5770; x_wconf 86' lang='lat' dir='ltr'><strong>quod</strong></span> <span class='ocrx_word' id='word_1_931' title='bbox 3561 5705 3775 5770; x_wconf 78' lang='lat' dir='ltr'><strong>capiunt.</strong></span> 
     </span>
    </p>
   </div>
   <div class='ocr_carea' id='block_1_123' title="bbox 2195 5763 3775 5877">
    <p class='ocr_par' dir='ltr' id='par_1_123' title="bbox 2195 5763 3775 5877">
     <span class='ocr_line' id='line_1_123' title="bbox 2195 5763 3775 5875; baseline 0.006 -62"><span class='ocrx_word' id='word_1_932' title='bbox 2195 5763 2648 5875; x_wconf 34' lang='lat' dir='ltr'><strong>Sedfor‘te‘melius</strong></span> <span class='ocrx_word' id='word_1_933' title='bbox 2671 5764 2752 5835; x_wconf 61' lang='lat' dir='ltr'><strong>alii</strong></span> <span class='ocrx_word' id='word_1_934' title='bbox 2797 5774 2933 5819; x_wconf 84' lang='lat' dir='ltr'><strong>tres:</strong></span> <span class='ocrx_word' id='word_1_935' title='bbox 2954 5763 3073 5822; x_wconf 69' lang='grc' dir='ltr'><strong>ειέί</strong></span> <span class='ocrx_word' id='word_1_936' title='bbox 3115 5763 3209 5821; x_wconf 76' lang='lat' dir='ltr'><strong>nan</strong></span> <span class='ocrx_word' id='word_1_937' title='bbox 3244 5763 3453 5839; x_wconf 67' lang='lat' dir='ltr'><strong>capitati,</strong></span> <span class='ocrx_word' id='word_1_938' title='bbox 3479 5763 3668 5822; x_wconf 73' lang='lat' dir='ltr'><strong>sumant</strong></span> <span class='ocrx_word' id='word_1_939' title='bbox 3688 5780 3775 5836; x_wconf 68' lang='lat' dir='ltr'><strong>qm</strong></span> 
     </span>
     <span class='ocr_line' id='line_1_124' title="bbox 2197 5837 3000 5877; baseline 0 0"><span class='ocrx_word' id='word_1_940' title='bbox 2197 5837 2368 5877; x_wconf 76' lang='lat' dir='ltr'><strong>cuman</strong></span> <span class='ocrx_word' id='word_1_941' title='bbox 2392 5861 2407 5877; x_wconf 93' lang='lat'><strong>.</strong></span> <span class='ocrx_word' id='word_1_942' title='bbox 2993 5873 3000 5877; x_wconf 91' lang='lat'>_</span> 
     </span>
    </p>
   </div>
  </div>
