4118 6498
503 434 642 497 I603
1417 433 1488 492 IN
1522 427 1801 490 JOANNIS
1838 421 2300 488 EVANGBLIUM,
2341 420 2396 478 S.
2437 423 2803 484 AUGUSTlNl
3623 431 3765 496 1604

503 554 654 626 perit,
681 552 770 610 sed
787 553 874 625 qui
891 560 1148 624 permanet
1165 553 1220 608 in
1239 550 1396 606 vitam
1423 555 1680 604 (sternam.
1705 545 1845 616 Ergo
1874 551 1930 598 et
1947 538 2084 608 illud

506 661 697 704 manna
749 646 854 701 hoc
900 645 1256 718 signiﬁcabat,
1305 651 1362 698 et
1403 641 1490 696 illa
1537 637 1716 694 omnia
1761 637 1910 706 signa
1964 647 2084 688 mea

501 749 674 800 erant.
703 739 862 812 Signa
889 755 1008 796 mea
1033 736 1326 802 dilexistis;
1359 733 1448 806 qui
1475 731 1912 803 signiﬁcabatur,
1946 741 2079 784 con-

495 831 770 888 temnitis?
817 831 935 886 Non
970 845 1097 902 ergo
1129 828 1340 900 Moyses
1381 824 1527 882 dedit
1557 838 1748 896 panem
1791 821 1860 878 de
1884 821 2022 877 caelo
2065 835 2080 874 :

501 926 643 984 Deus
673 924 764 979 dat
805 937 1015 995 panem.
1059 921 1164 978 Sed
1206 934 1364 990 quem
1403 915 1641 990 panem?
1683 915 1820 972 forte
1855 909 2084 968 manna?

500 1017 642 1086 Non,
679 1016 774 1072 sed
799 1029 990 1086 panem
1011 1027 1172 1086 quem
1196 1011 1512 1082 signiﬁcavit
1535 1023 1748 1074 manna,
1779 1007 1954 1078 ipsum
1975 1001 2083 1060 sci-

503 1111 626 1166 licet
647 1110 932 1165 Dominum
951 1106 1156 1164 Jesum.
1179 1103 1338 1160 Pater
1357 1121 1494 1160 meus
1513 1101 1602 1157 dat
1626 1101 1760 1158 vobis
1785 1116 1966 1171 panem
1991 1112 2078 1152 ve-

499 1221 634 1260 rum.
661 1203 825 1258 Panis
853 1202 986 1258 enim
1011 1200 1112 1256 Dei
1147 1210 1220 1256 est
1259 1200 1347 1272 qui
1375 1198 1632 1254 descendit
1655 1197 1720 1251 de
1735 1194 1860 1250 coelo
1882 1235 1898 1260 ,
1927 1203 1974 1248 et
1996 1191 2088 1246 dat

501 1298 654 1350 vitam
679 1295 886 1350 mundo.
912 1293 1166 1350 Dixerunt
1187 1308 1305 1364 ergo
1335 1291 1402 1344 ad
1427 1307 1544 1346 eum
1570 1304 1588 1343 :
1617 1287 1870 1360 Domine;
1905 1285 1972 1338 da
1991 1300 2085 1338 no-

500 1387 574 1440 bis
593 1402 785 1456 semper
803 1401 986 1456 panem
1011 1385 1162 1439 hunc.
1191 1382 1470 1452 Quomodo
1499 1381 1692 1436 mulier
1713 1379 1802 1436 illa
1833 1376 2072 1433 Samori-é

501 1484 645 1542 tana,
667 1476 753 1532 cui
773 1475 974 1530 dictum
1001 1482 1108 1542 est,
1131 1474 1233 1540 Qui
1253 1473 1426 1528 biberit
1449 1472 1514 1528 de
1537 1473 1632 1526 hac
1653 1487 1804 1538 aqua,
1829 1485 1930 1524 non
1955 1469 2086 1522 sitiet

501 1583 759 1640 unquam;
801 1565 1054 1624 continuo
1099 1567 1188 1622 illa
1230 1566 1522 1622 secundum
1561 1580 1756 1635 corpus
1781 1561 2081 1632 accipiens,

500 1659 598 1716 sed
625 1668 802 1716 tamen
827 1673 1016 1714 carere
1041 1659 1330 1730 indigentia
1357 1658 1562 1721 volens,
1589 1655 1672 1710 Da
1691 1655 1845 1720 mihi,
1879 1653 2082 1723 inquit,

501 1750 738 1818 Domine,
759 1751 822 1806 de
839 1752 936 1806 hac
955 1767 1092 1822 aqua
1111 1769 1130 1808 .'
1151 1749 1230 1806 sic
1253 1760 1308 1804 et
1325 1750 1432 1814 isti,
1464 1746 1704 1814 Domine,
1727 1747 1796 1800 da
1815 1744 1958 1800 nobis
1987 1759 2083 1816 pa-

499 1859 612 1896 nem
631 1842 788 1907 Itane,-
809 1841 898 1913 qui
919 1855 1016 1896 nos
1041 1840 1264 1907 reﬁciat,
1295 1854 1394 1896 nec
1421 1839 1656 1895 deﬁciat.

573 1933 660 1986 Μ.
701 1931 842 1986 Dixit
865 1939 1038 1986 autem
1057 1936 1128 1986 eis
1151 1929 1304 1986 Iesus
1329 1946 1348 1984 :
1369 1929 1480 2002 Ego
1499 1947 1612 1984 sum
1641 1929 1785 2000 panis
1811 1929 1924 1982 vita:
1948 1941 1966 1982 :
1995 1927 2084 1998 qui

501 2023 628 2076 venit
647 2023 720 2075 ad
741 2037 840 2087 me,
861 2037 964 2076 non
985 2021 1204 2086 esuriet;
1229 2030 1276 2074 et
1309 2021 1393 2090 qui
1415 2019 1572 2074 credit
1597 2021 1650 2074 in
1677 2035 1756 2074 me
1777 2059 1793 2085 ,
1826 2034 1928 2074 non
1951 2018 2084 2072 sitiet

499 2130 738 2184 unquam.
772 2113 871 2180 Qui
899 2113 1030 2168 venit
1055 2113 1122 2166 ad
1145 2129 1244 2180 me,
1270 2113 1371 2168 hoc
1397 2121 1478 2168 est
1502 2113 1644 2184 quod
1665 2113 1760 2180 ait,
1793 2121 1842 2166 et
1867 2113 1951 2184 qui
1973 2127 2083 2165 cre-

499 2207 572 2260 dit
593 2209 645 2260 in
669 2222 783 2272 me;
822 2214 876 2262 et
901 2205 1042 2276 quod
1071 2206 1236 2274 dixit,
1267 2223 1368 2260 non
1395 2207 1578 2262 esuriat
1598 2247 1614 2274 ,
1645 2205 1749 2261 hoc
1775 2205 2082 2276 intelligen-

495 2297 626 2352 dum
655 2305 757 2364 est,
779 2313 877 2350 non
899 2298 1029 2352 sitiet
1055 2313 1300 2368 unquam.
1325 2297 1562 2367 Utroque
1591 2298 1736 2352 enim
1757 2297 1846 2352 illa
1875 2297 2079 2366 signiti-

497 2395 649 2444 catur
672 2397 870 2444 aeterna
897 2389 1136 2454 satietas,
1159 2389 1243 2444 ubi
1265 2389 1412 2443 nulla
1433 2397 1516 2444 est
1537 2399 1764 2458 egestas.
1799 2389 1992 2444 Panem
2017 2389 2083 2444 de

497 2480 634 2536 cmlo
659 2479 1012 2543 desideratis;
1039 2488 1160 2534 ante
1177 2494 1270 2534 vos
1289 2479 1514 2548 habetis,
1530 2491 1584 2536 et
1601 2496 1708 2536 non
1729 2479 2081 2536 manducetis.

500 2571 606 2628 Sed
619 2571 728 2626 dixi
755 2570 892 2626 vobis
916 2612 932 2639 ,
975 2572 1098 2644 quia
1137 2581 1184 2626 et
1217 2572 1410 2626 vidistis
1435 2588 1546 2639 me,
1575 2579 1622 2626 et
1647 2588 1750 2626 non
1769 2571 2078 2626 credidistis.

497 2662 606 2718 Sed
633 2676 740 2718 non
768 2662 887 2718 ideo
912 2677 1012 2734 ego
1049 2663 1304 2734 populum
1349 2662 1576 2733 perdidi.
1617 2661 1886 2733 Numquid
1937 2662 2082 2718 enim

497 2753 783 2810 inﬁdelitas
827 2762 1004 2810 vestra
1029 2753 1194 2810 ﬁdem
1225 2754 1320 2809 Dei
1347 2754 1622 2808 evaeuavit
1649 2754 1824 2823 (Rom.
1851 2769 1943 2820 ιιι,
1981 2753 2081 2824 '5)?

498 2844 631 2900 Vide
653 2845 796 2900 enim
823 2845 963 2916 quod
983 2847 1223 2916 sequitur
1251 2863 1266 2899 :
1301 2846 1462 2902 Omne
1483 2847 1619 2916 quod
1639 2845 1726 2900 dat
1747 2847 1871 2900 mihi
1901 2845 2078 2916 Pater,

495 2934 566 2990 ad
593 2951 673 2990 me
698 2937 893 3002 ueniet;
937 2945 987 2990 et
1019 2937 1240 3008 eumqui
1277 2937 1469 2991 uenerit
1505 2937 1573 2990 ad
1611 2953 1722 3000 me,
1755 2953 1856 2990 non
1879 2938 2082 3006 ejiciam

493 3029 658 3102 (aras.
699 3027 868 3094 Quale
893 3036 976 3082 est
1003 3027 1146 3082 intus
1171 3027 1304 3082 illud
1329 3067 1346 3096 ,
1391 3027 1534 3082 unde
1565 3043 1674 3083 non
1703 3027 1876 3083 exitur
1901 3027 2082 3084 foras?

495 3118 742 3190 ﬂagtium
769 3120 1074 3188 penetrale,
1121 3128 1178 3176 et
1216 3119 1368 3176 dulce
1396 3129 1682 3176 secretum.
1735 3121 1780 3175 Ο
1815 3131 2080 3176 secretum

493 3212 616 3268 sine
645 3211 826 3276 taedio,
855 3213 974 3268 sine
999 3213 1354 3268 amaritudine
1385 3213 1640 3268 malarum
1671 3214 2077 3282 cogitationum,

495 3305 612 3360 sine
637 3305 1062 3374 interpellatione
1101 3305 1450 3360 tentationum
1489 3313 1548 3360 et
1581 3303 1862 3360 dolorum!
1891 3305 2080 3362 Nonne

495 3397 626 3454 illud
653 3407 918 3454 secretum
943 3407 1028 3454 est
1065 3411 1176 3468 quo
1205 3398 1423 3452 intrabit
1455 3397 1544 3452 ille
1565 3439 1581 3464 ,
1630 3397 1714 3452 cui
1737 3398 1975 3452 dicturus
1999 3407 2080 3452 est

493 3490 750 3548 Dominus
773 3504 932 3546 servo
959 3490 1096 3544 bene
1121 3490 1332 3554 merito,
1364 3489 1518 3544 Intra
1539 3489 1592 3542 in
1605 3489 1852 3560 gaudium
1873 3489 2082 3551 Domini

497 3582 571 3636 tui
595 3581 814 3653 (lauit.
843 3595 974 3649 xxv,
995 3581 1122 3652 25)?

565 3673 656 3730 15.
695 3669 772 3728 Et
809 3689 928 3728 sua
961 3672 1052 3742 qui
1102 3673 1262 3727 variet
1289 3672 1358 3726 ad
1385 3687 1498 3739 nu,
1550 3683 1652 3726 non
1681 3671 1886 3743 ejiciam
1915 3675 2075 3743 foras.

495 3766 632 3834 Quia
677 3766 918 3822 ducendi
959 3765 1026 3820 de
1071 3766 1198 3820 calo
1221 3797 1238 3831 ι
1291 3779 1392 3820 non
1438 3772 1494 3818 ut
1541 3764 1728 3834 faciam
1771 3766 2080 3821 voluntatem

491 3877 682 3928 manu.
699 3861 794 3916 sed
810 3859 1116 3914 solum
1137 3859 1248 3930 ejus
1273 3858 1362 3928 qui
1383 3857 1520 3912 misit
1543 3873 1640 3910 me.
1661 3857 1786 3912 Ideo
1799 3871 1928 3928 ergo
1955 3873 2078 3913 eum

491 3955 584 4025 qui
606 3956 786 4010 veniet
809 3951 878 4008 ad
898 3959 972 4020 te.
995 3951 1302 4021 nmejieies
1329 3950 1494 4015 foras,
1521 3951 1644 4020 quia
1661 3950 1988 4006 descendisti
2007 3951 2078 4006 de

491 4045 672 4111 omlo,
708 4059 816 4101 nos:
849 4043 1026 4098 facere
1049 4043 1380 4098 voluntatem
1405 4049 1580 4106 tuam,
1621 4042 1714 4098 sed
1745 4041 2074 4098 voluntatem

491 4137 612 4208 ejus
650 4135 824 4207 quite
851 4135 1030 4190 misit?
1073 4133 1326 4204 Magnum
1369 4134 1788 4188 sacramentum!
1843 4134 2076 4189 Obsecro

491 4243 624 4294 vos,
651 4228 814 4284 sitiml
839 4227 1151 4298 pulsemus;
1193 4234 1348 4281 exeat
1369 4224 1438 4280 ad
1463 4239 1562 4280 nos
1585 4225 1782 4294 aliquid
1806 4224 1950 4295 quod
1977 4239 2076 4280 nos

492 4331 696 4395 μηδι,
720 4322 1010 4378 secundum
1031 4319 1174 4392 quod
1203 4331 1300 4375 nus
1327 4319 1640 4375 delectavit.
1668 4319 1914 4390 Magnum
1945 4319 2074 4376 illud

491 4421 548 4470 et
565 4413 724 4469 dulce
749 4419 1016 4470 secretum
1045 4429 1061 4466 :
1089 4411 1190 4476 Qui
1215 4411 1373 4465 ueniet
1389 4409 1461 4464 ad
1479 4427 1580 4465 me.
1613 4411 1839 4465 Attende
1855 4451 1870 4477 ,
1893 4419 2069 4466 atten-

492 4505 594 4572 de.
621 4515 682 4562 et
719 4505 1000 4575 appet-do:
1029 4504 1132 4571 Qui
1167 4503 1422 4558 enlisted
1462 4519 1572 4567 me,
1623 4519 1726 4558 non
1763 4503 1960 4574 ejiciam
1990 4509 2073 4576 fo-

487 4615 598 4654 ns.
624 4599 784 4668 Ergo,
811 4598 898 4667 qui
917 4597 1092 4662 satist,
1111 4595 1304 4666 inquit,
1317 4603 1424 4648 non
1449 4595 1650 4665 eiiciam
1681 4597 1836 4662 foras.
1857 4594 2072 4660 Quare?

489 4691 630 4757 Quid
647 4690 878 4746 Medulli
905 4689 968 4744 de
989 4689 1136 4754 cubo,
1165 4703 1267 4742 non
1293 4695 1350 4742 ut
1365 4688 1552 4756 faciam
1571 4687 1878 4740 uoluntatem
1891 4702 2071 4754 meam,

487 4783 582 4838 sed
603 4782 910 4837 uoluntatem
933 4781 1052 4851 ejus
1077 4779 1166 4850 qui
1205 4779 1338 4832 misit
1367 4794 1462 4832 me.
1507 4777 1626 4846 Ipsa
1653 4786 1736 4832 est
1759 4793 1888 4848 ergo
1911 4793 2073 4834 causa

491 4887 656 4944 quare
685 4887 792 4928 non
813 4871 1000 4940 eiiciat:
1019 4885 1148 4926 eum
1175 4869 1323 4924 teras
1351 4869 1440 4938 qui
1457 4869 1602 4924 sonit
1627 4869 1694 4922 ad
1719 4877 1790 4936 te,
1817 4870 1940 4939 quia
1965 4885 2074 4924 non

491 4963 816 5018 voluntatem
841 4969 986 5016 tuam
1013 4959 1190 5015 facere
1213 4959 1534 5014 descendisti
1563 4959 1629 5014 de
1661 4961 1798 5016 coelo
1817 4999 1833 5024 ,
1863 4959 1956 5014 sed
1980 4976 2076 5016 vo-

487 5052 750 5110 luntatem
777 5051 894 5121 ejus
937 5051 1028 5120 qui
1075 5058 1128 5104 te
1172 5050 1357 5104 misit?
1407 5047 1544 5118 Ipsa.
1599 5049 1736 5118 Quid
1789 5051 2074 5120 qumrimus

487 5151 672 5200 utrum
702 5142 815 5212 ipsa
835 5141 945 5196 sit?
969 5141 1088 5210 Ipsa
1107 5148 1210 5206 est,
1235 5140 1348 5209 ipse
1371 5140 1622 5210 loquitur.
1665 5139 1780 5194 Non
1804 5143 1946 5196 enim
1969 5157 2070 5198 no-

489 5233 575 5290 bis
599 5232 678 5288 l‘as
707 5241 788 5286 est
814 5229 956 5284 aliud
981 5231 1240 5300 suspicari
1269 5244 1426 5298 quam
1457 5230 1725 5298 loquitur:
1761 5231 1860 5296 Qui
1886 5235 2072 5288 venerit

493 5323 659 5378 πάνυ
675 5357 694 5390 ,
715 5337 824 5376 mn
847 5321 1048 5391 ejiciam
1069 5323 1228 5391 foras.
1251 5319 1318 5372 Et
1347 5319 1498 5388 quasi
1523 5335 1794 5388 quaereres
1811 5361 1828 5388 ,
1851 5323 2067 5390 Quare?

491 5413 630 5478 Quia
655 5429 756 5466 non
769 5412 884 5466 uerti
915 5413 1080 5483 facere
1099 5410 1403 5463 uoluntatem
1431 5425 1592 5462 nteant
1609 5449 1628 5474 ,
1659 5410 1746 5464 sed
1768 5414 2069 5470 voluntatem

489 5504 604 5575 ejus
625 5503 712 5574 qui
740 5502 875 5556 misit
903 5518 1006 5556 me.
1063 5500 1250 5556 Timeo
1279 5513 1346 5554 ne
1384 5497 1526 5553 foras
1563 5509 1838 5570 prepteres
1881 5506 2072 5564 exierit

491 5594 668 5650 anima
698 5607 728 5646 a
755 5593 896 5659 Deo,
941 5591 1063 5662 quia
1101 5589 1328 5660 superba
1359 5599 1506 5656 erat;
1551 5590 1660 5645 imo
1705 5608 1813 5648 non
1864 5595 2067 5654 dubito.

479 5687 754 5758 Scriptum
781 5695 864 5741 est
885 5685 1046 5748 enim,
1079 5683 1290 5736 Initium
1309 5683 1470 5736 omnis
1487 5686 1677 5753 peccati
1701 5689 1965 5756 superbia;
1993 5699 2067 5759 et,

481 5778 704 5838 Initium
727 5777 976 5848 superbia:
1003 5774 1220 5828 hominis
1247 5783 1535 5844 apostatare
1573 5793 1604 5828 a
1633 5775 1761 5832 Deo.
1803 5778 2068 5850 Scriptum

487 5881 570 5935 est
589 5916 607 5946 ,
637 5873 849 5932 ﬁrmum
877 5881 958 5931 est
975 5914 992 5944 ,
1013 5884 1196 5928 verum
1222 5877 1323 5924 εει.
1359 5872 1557 5932 Deinde
1579 5873 1704 5946 quid
1731 5872 1798 5930 de
1825 5876 2057 5947 superbo

2192 537 2383 594 dicitur
2407 541 2648 608 mortali,
2693 544 2932 602 accincto
2956 547 3144 617 pannis
3165 547 3348 606 carnis
3369 587 3385 618 ,
3438 565 3769 623 prmgravato

2191 631 2426 700 pondere
2441 635 2680 703 corporis
2703 639 3084 708 corruptibilis,
3101 649 3156 696 et
3179 649 3356 696 tamen
3381 645 3654 702 extollenti
3683 663 3766 716 se,

2191 731 2247 780 et
2273 725 2607 783 obliviscenti
2639 745 2742 799 qua
2781 731 2918 800 pelle
2947 734 3170 790 vestitus
3217 735 3322 802 sit,
3373 737 3500 808 quid
3543 739 3594 796 ei
3641 741 3771 798 dicit

2189 815 2460 890 Scriptura
2479 820 2501 874 ?
2529 819 2664 886 Quid
2682 824 2904 892 superbit
2930 833 3064 880 terra
3087 837 3136 880 et
3157 827 3318 883 cinis?
3347 829 3484 894 Quid
3501 834 3774 902 superbit!

2191 907 2342 964 Dicat
2363 911 2484 980 quid
2501 914 2744 984 superbit.
2775 915 3024 980 Quoniam
3053 917 3104 972 in
3125 919 3224 972 vita
3243 935 3340 974 sua
3357 924 3569 993 projecit
3591 925 3773 980 intima

2189 1017 2283 1057 sua
2313 1001 2498 1076 (Eccli.
2527 1021 2558 1060 x
2579 1045 2592 1070 ,
2619 1007 2718 1074 15,
2747 1007 2836 1074 14,
2853 1007 3076 1082 9et10).
3107 1009 3242 1077 Quid
3267 1021 3350 1068 est
3367 1055 3382 1078 ,
3405 1015 3646 1085 profecit,
3667 1017 3774 1074 nisi

2190 1107 2354 1164 porro
2403 1095 2562 1166 iecit?
2613 1097 2728 1154 Hoc
2771 1109 2856 1154 est
2897 1099 3048 1156 exire
3095 1100 3260 1158 foras.
3311 1105 3520 1160 Etenim
3573 1107 3772 1166 intrare
3819 1143 3826 1150 -

2189 1186 2364 1254 intro,
2391 1199 2646 1260 appetere
2667 1191 2884 1258 intima;
2913 1194 3174 1264 projicere
3209 1195 3392 1251 intima
3411 1239 3428 1263 ,
3461 1197 3604 1254 foras
3622 1201 3774 1258 exire

2189 1286 2291 1334 est.
2325 1279 2512 1336 lntima
2537 1284 2744 1354 projicit
2769 1287 3048 1356 superbus,
3085 1288 3266 1344 intima
3294 1291 3498 1360 appetit
3527 1292 3768 1351 humilis.

2189 1369 2246 1428 Si
2273 1374 2522 1443 superbia
2549 1377 2812 1446 ejieimur,
2843 1377 3142 1436 humilitate
3165 1382 3518 1454 regredimur.

2263 1464 2350 1520 l6.
2389 1465 2562 1536 Caput
2607 1469 2844 1536 omnitun
2883 1474 3188 1530 morborum
3225 1475 3478 1546 superbia
3505 1485 3618 1544 est,
3647 1481 3772 1550 quia

2187 1567 2350 1652 caput
2371 1559 2613 1652 omnium
2643 1573 2980 1652 peccatorum
3003 1567 3270 1636 superbia.
3298 1567 3533 1624 Medicus
3561 1572 3774 1641 quando
3811 1635 3820 1652 ι

2189 1649 2556 1718 aegritudinem
2585 1651 2836 1722 discutit,
2865 1647 2910 1709 si
2931 1666 3078 1711 curet
3099 1657 3240 1728 quod
3269 1675 3364 1729 per
3388 1661 3618 1731 aliquam
3643 1679 3778 1719 can--

2187 1752 2302 1794 sam
2331 1739 2526 1798 factum
2557 1755 2640 1800 est
2659 1785 2676 1811 ,
2707 1755 2764 1800 et
2781 1745 2952 1816 ipsam
2969 1763 3184 1804 causam
3211 1767 3314 1822 qua
3333 1751 3530 1808 factum
3556 1763 3640 1810 est
3663 1771 3772 1814 non

2189 1843 2378 1900 curet,
2415 1833 2484 1890 ad
2531 1845 2740 1908 tempus
2787 1839 2998 1896 videtur
3037 1841 3266 1910 mederi,
3311 1859 3474 1900 causa
3518 1857 3772 1905 manente

2185 1927 2406 1984 morbus
2447 1930 2724 1998 repetitur.
2755 1929 2914 1986 Verbi
2959 1933 3164 2002 gratia,
3217 1937 3526 2004 expressius
3565 1937 3670 1994 hoc
3685 1939 3774 1995 di-

2188 2033 2304 2074 cam
2333 2036 2348 2072 :
2377 2020 2570 2076 hunwr
2613 2022 2668 2076 in
2701 2035 2926 2092 corpore
2953 2025 3188 2082 scabiem
3215 2027 3304 2082 vel
3347 2029 3524 2086 ulcera
3557 2032 3766 2103 gignit;

2189 2111 2245 2166 in
2289 2127 2518 2183 corpore
2535 2113 2598 2170 ﬁt
2643 2127 2832 2186 magna
2883 2117 3074 2184 febris,
3106 2128 3162 2174 et
3195 2136 3302 2176 non
3345 2137 3541 2192 parvus
3565 2125 3766 2182 dolor:

2185 2203 2508 2260 exhibentur
2535 2207 2778 2276 quaedam
2795 2209 3181 2266 medicamenta
3209 2229 3330 2284 qua:
3353 2216 3585 2272 scabiem
3619 2231 3772 2274 eom-
3849 2267 3854 2274 .

2187 2307 2407 2366 poscant
2451 2307 2506 2354 et
2545 2298 2807 2356 fervorem
2849 2302 2996 2358 illum
3039 2305 3232 2361 ulceris
3275 2307 3490 2376 sedent;
3517 2318 3576 2366 et
3611 2311 3769 2368 adhi-

2185 2388 2382 2446 bentur
2409 2397 2464 2444 et
2514 2391 2798 2460 proﬁciunt
2829 2412 2842 2448 :
2875 2393 3025 2450 vides
3071 2395 3343 2453 hominem
3379 2401 3468 2470 qui
3499 2401 3598 2457 luit
3623 2403 3770 2459 ulce-

2185 2495 2342 2536 rosus
2361 2491 2416 2538 et
2439 2483 2712 2540 scabiosus
2733 2525 2750 2553 ,
2799 2495 3078 2554 sanatum;
3127 2489 3220 2544 sed
3265 2492 3390 2561 quia
3439 2492 3630 2550 humor
3675 2496 3770 2553 ille

2187 2587 2292 2627 non
2323 2573 2524 2642 ejectus
2547 2583 2660 2640 est,
2689 2591 2872 2631 rursus
2897 2577 2963 2632 ad
2993 2577 3144 2634 ulcus
3169 2579 3392 2636 reditur.
3428 2583 3770 2652 Cognoscens

2185 2663 2288 2718 hoc
2309 2663 2582 2732 medicus,
2611 2675 2798 2737 purgat
2826 2667 3133 2735 humorem,
3161 2669 3394 2726 detrahit
3425 2687 3642 2730 causam
3665 2717 3680 2741 ,
3711 2683 3770 2732 et

2185 2755 2330 2808 nulla
2351 2765 2512 2810 erunt
2537 2756 2731 2812 ulcera.
2768 2757 2916 2814 Unde
2941 2758 3174 2814 abundat
3211 2761 3498 2831 iniquitas?
3539 2765 3642 2821 Per
3675 2781 3768 2822 su-

2187 2845 2444 2914 perbiam.
2473 2845 2610 2901 Cura
2653 2848 2956 2918 superbiam
2973 2889 2991 2915 ,
3029 2857 3084 2904 et
3111 2850 3250 2906 nulla
3273 2853 3376 2907 erit
3401 2853 3670 2925 iniquitas.
3696 2856 3772 2914 Ut

2185 2951 2313 3006 ergo
2341 2951 2500 2992 causa
2543 2939 2778 2992 omnium
2813 2939 3122 2996 morborum
3159 2953 3456 3008 curaretur,
3491 2945 3544 3000 id
3571 2955 3654 3002 est
3671 2961 3770 3003 su-

2187 3027 2402 3096 perbia,
2454 3026 2730 3084 descendit
2771 3039 2826 3084 ct
2875 3030 3090 3088 humilis
3133 3032 3308 3090 factus
3329 3045 3414 3092 est
3457 3035 3622 3093 Filius
3647 3039 3765 3096 Dei.

2185 3116 2322 3184 Quid
2361 3119 2604 3188 superbis
2627 3160 2644 3184 ,
2685 3119 2880 3175 homo?
2921 3123 3062 3178 Deus
3093 3126 3310 3194 propter
3337 3137 3390 3182 te
3427 3127 3644 3184 humilis
3681 3129 3768 3186 fa-

2185 3217 2304 3262 ctus
2327 3217 2426 3264 est.
2459 3209 2688 3266 Puderet
2723 3220 2774 3266 te
2801 3211 3026 3268 fortasse
3065 3215 3260 3270 imitari
3297 3215 3550 3272 humilem
3589 3219 3766 3275 homi-

2185 3315 2306 3356 nem
2323 3343 2340 3368 ,
2365 3301 2552 3357 saltem
2579 3303 2786 3358 imitare
2811 3304 3066 3362 humilem
3089 3307 3276 3362 Deum.
3303 3309 3459 3364 Venit
3485 3311 3652 3368 Filius
3667 3312 3766 3369 Dei

2183 3393 2238 3450 in
2267 3393 2512 3464 homine,
2543 3403 2598 3450 et
2623 3395 2839 3452 humilis
2859 3397 3028 3454 factus
3057 3409 3180 3454 est:
3219 3403 3525 3472 praecipitur
3571 3405 3666 3460 tibi
3703 3415 3766 3462 ut
3851 3399 3866 3420 '

2185 3486 2260 3540 sis
2291 3485 2540 3552 humilis,
2587 3502 2694 3542 non
2743 3489 2838 3542 tibi
2881 3490 3184 3560 praecipitur
3223 3501 3280 3548 ut
3319 3507 3384 3548 ex
3423 3495 3638 3551 homine
3665 3496 3768 3553 fias

2183 3591 2348 3648 pernis
2373 3595 2385 3632 :
2411 3579 2500 3636 ille
2523 3580 2666 3636 Deus
2689 3583 2858 3636 factus
2875 3592 2958 3638 est
2977 3583 3170 3650 homo;
3199 3593 3278 3650 tu,
3297 3585 3477 3652 homo,
3499 3603 3766 3659 cognosce

2181 3670 2306 3738 quia
2354 3685 2414 3726 es
2461 3671 2622 3728 homo
2655 3689 2668 3724 :
2699 3681 2807 3728 tota
2833 3674 3104 3730 humilitas
3131 3685 3218 3732 tua
3243 3717 3260 3742 ,
3289 3686 3346 3732 ut
3372 3693 3662 3748 cognoscas
3687 3691 3762 3738 te.

2183 3759 2327 3831 Ergo
2347 3763 2468 3832 quia
2495 3763 2842 3819 humilitatem
2861 3764 3018 3820 docet
3037 3767 3176 3822 Deus
3191 3807 3206 3830 ,
3231 3767 3386 3836 dixit,
3411 3769 3533 3824 Non
3547 3773 3657 3826 uati
3677 3775 3764 3843 fa-

2179 3869 2296 3907 cere
2320 3854 2628 3908 voluntatem
2655 3871 2852 3922 meum,
2897 3857 2986 3910 sed
3013 3856 3124 3926 ejus
3161 3855 3468 3914 uoluntatem
3493 3861 3582 3928 qui
3627 3863 3764 3918 misit

2181 3959 2279 3998 me.
2326 3944 2452 4000 Ηωο
2497 3945 2640 4000 enim
2677 3947 3070 4002 commendatio
3093 3946 3402 4004 humilitatis
3429 3961 3532 4004 est.
3558 3951 3764 4021 Superv-

2179 4033 2268 4090 bia
2296 4035 2492 4106 quippe
2533 4036 2660 4092 facit
2703 4035 3028 4092 voluntatem
3081 4053 3265 4105 suam;
3313 4039 3584 4098 humilitas
3635 4043 3766 4099 facit

2181 4127 2504 4182 voluntatem
2537 4129 2650 4183 Dei.
2703 4128 2824 4184 ideo
2865 4131 2950 4200 qui
2977 4131 3045 4184 ad
3071 4149 3148 4186 me
3173 4135 3358 4188 venerit
3377 4173 3394 4200 ,
3429 4149 3534 4188 non
3561 4135 3764 4205 ejiciam

2179 4222 2340 4292 (oras.
2371 4219 2583 4288 Quare?
2613 4221 2742 4284 Quia
2773 4237 2873 4275 non
2897 4223 3007 4276 ueni
3033 4227 3197 4292 facere
3221 4226 3524 4280 voluntatem
3558 4243 3718 4280 meant
3736 4267 3758 4296 ,

2175 4311 2268 4365 sed
2288 4312 2596 4365 voluntatem
2619 4313 2727 4382 ejus
2757 4313 2841 4382 qui
2863 4314 2996 4366 misit
3019 4331 3116 4368 me.
3143 4315 3366 4372 Humilis
3397 4316 3550 4382 veni,
3579 4317 3760 4372 humi-

2179 4401 2383 4456 litatem
2415 4403 2608 4456 docere
2647 4402 2796 4468 veni,
2837 4404 3090 4472 magister
3129 4404 3444 4460 humilitatis
3471 4406 3591 4462 veni
3623 4422 3636 4458 :
3665 4407 3758 4476 qui

2177 4494 2246 4548 ad
2273 4509 2358 4547 me
2401 4492 2578 4558 venit,
2627 4493 2991 4562 incorporatur
3031 4493 3197 4560 mihi;
3241 4495 3334 4564 qui
3367 4495 3432 4550 ad
3459 4510 3546 4550 me
3573 4496 3757 4564 venit,

2179 4584 2394 4638 humilis
2425 4585 2521 4648 fit;
2549 4583 2637 4653 qui
2659 4583 2786 4636 mihi
2809 4583 3071 4650 adhaeret,
3099 4583 3312 4640 humilis
3329 4587 3434 4640 erit
3459 4586 3618 4656 ;quia
3646 4601 3756 4646 non

2179 4675 2302 4730 facit
2329 4675 2654 4728 voluntatem
2677 4689 2858 4742 suam,
2885 4675 2980 4730 sed
3011 4674 3136 4741 Dei;
3168 4684 3222 4730 et
3247 4676 3368 4732 ideo
3392 4692 3498 4732 non
3515 4679 3760 4748 ejicietur

2177 4764 2319 4820 iuras
2337 4804 2353 4830 ,
2385 4764 2508 4834 quia
2533 4780 2654 4818 cum
2681 4765 2942 4834 superbus
2971 4774 3147 4832 esset,
3185 4767 3454 4836 projectus
3481 4779 3564 4824 est
3591 4769 3754 4824 foras.

2249 4857 2337 4911 17.
2378 4856 2510 4910 Vide
2555 4857 2646 4912 illa
2691 4857 2944 4912 interiora
2993 4859 3354 4914 commendari
3405 4861 3461 4914 in
3495 4860 3705 4916 Psalmo
3735 4877 3754 4916 :

2177 4945 2304 5002 Filii
2331 4958 2494 5000 autem
2514 4948 2772 5002 hominum
2787 4950 2838 5002 in
2849 4950 3154 5020 protectione
3175 4949 3376 5004 alarum
3404 4961 3607 5006 tuarum
3634 4968 3758 5024 spe-

2175 5039 2376 5092 rabunt.
2411 5038 2540 5092 Vide
2561 5039 2683 5108 quid
2711 5039 2780 5092 sit
2807 5039 2886 5094 ire
2917 5039 3090 5106 intro,
3133 5042 3250 5094 vide
3273 5039 3396 5110 quid
3427 5041 3494 5096 sit
3521 5042 3588 5096 ad
3613 5043 3758 5098 illius

2175 5131 2559 5200 protectionem
2589 5131 2872 5200 confugero
2891 5172 2908 5198 ,
2934 5131 3053 5186 vide
3077 5131 3202 5202 quid
3225 5133 3296 5187 sit
3323 5135 3484 5190 etiam
3501 5135 3598 5190 sub
3626 5150 3756 5192 ver-
3795 5131 3798 5136 ’

2177 5223 2304 5280 bera
2351 5225 2513 5294 patris
2555 5239 2770 5279 currere
2812 5241 2826 5276 :
2871 5225 3102 5294 ﬂagellat
3144 5227 3286 5280 enim
3329 5243 3542 5282 omnem
3585 5227 3754 5284 ﬁlium

2177 5332 2334 5387 quem
2366 5317 2570 5384 recipit.
2600 5315 2722 5370 Filii
2743 5327 2909 5372 autem
2959 5317 3219 5372 hominum
3264 5321 3354 5374 sub
3401 5322 3613 5393 tegmine
3639 5322 3754 5376 ala-

2173 5429 2288 5466 rum
2317 5420 2514 5464 tuarum
2541 5409 2828 5480 sperabunt.
2855 5411 2928 5464 Et
2953 5411 3076 5480 quid
3105 5421 3186 5466 est
3205 5413 3387 5467 intus?
3416 5412 3724 5468 Incbriubun

2177 5513 2260 5560 tur
2286 5505 2348 5558 ab
2376 5502 2595 5556 ubertate
2614 5503 2791 5556 domus
2813 5512 2931 5558 tute.
2949 5502 3081 5558 Cum
3113 5506 3322 5560 miseris
3355 5506 3520 5570 intro,
3545 5507 3721 5562 intran

2174 5604 2256 5652 tes
2283 5597 2332 5651 in
2353 5594 2601 5666 gaudium
2627 5595 2830 5648 Domini
2860 5597 2974 5660 sui;
3007 5597 3380 5650 inebriabuutur
3429 5599 3492 5650 ab
3531 5597 3746 5654 ubertat.

2175 5691 2352 5746 domus
2393 5699 2528 5752 ωας,
2582 5697 2628 5742 et
2669 5696 2884 5740 torrente
2931 5689 3200 5758 uoluptatis
3246 5699 3346 5743 tuas
3391 5691 3587 5761 potabis
3639 5707 3748 5748 eos.

2176 5784 2426 5851 Quoniam
2453 5783 2591 5853 apud
2621 5792 2670 5836 te
2691 5792 2762 5834 est
2787 5783 2900 5848 fons
2929 5783 3060 5836 vita’.
3093 5783 3208 5836 Non
3239 5783 3364 5836 foris
3385 5794 3532 5837 extra
3559 5793 3632 5848 te,
3651 5799 3748 5842 seu

2175 5878 2317 5934 intus
2343 5876 2482 5947 apud
2511 5885 2593 5943 te,
2619 5875 2690 5932 ibi
2713 5883 2797 5930 est
2819 5874 2935 5930 fons
2961 5878 3098 5930 vitae.
3135 5876 3200 5928 Et
3219 5877 3272 5932 in
3292 5877 3480 5932 lumine
3500 5887 3582 5932 tuo
3602 5879 3714 5933 uide
