4118 6494
329 408 469 483 1605

329 527 497 582 ﬁmus
526 536 716 578 tamen.
751 519 1018 576 Praetende
1063 518 1458 577 misericordiam
1482 529 1622 575 tuam
1643 520 1909 576 scientibus

328 627 376 673 te
395 657 414 684 ,
446 627 492 672 et
509 615 771 688 justitiam
799 623 940 669 tuam
979 613 1058 668 his
1082 613 1168 685 qui
1191 623 1324 669 recto
1364 622 1480 668 sunt
1503 614 1672 668 corde.
1699 613 1800 682 Qui
1825 629 1914 669 se-

325 723 566 786 quuntur
595 711 920 767 voluntatem
946 710 1158 766 Domini
1180 711 1296 777 sui,
1326 725 1433 765 non
1461 717 1763 781 quaerentes
1787 725 1912 775 sua,

321 804 426 862 sed
465 818 586 874 qua:
605 801 817 858 Domini
839 800 966 858 ,ἰείη
990 799 1221 870 Christi,
1258 801 1360 872 ipsi
1405 808 1528 858 sunt
1552 801 1684 856 recti
1719 800 1912 868 corde,

323 896 465 967 ipsis
507 910 616 952 non
663 903 1070 950 cornutovesttur
1128 892 1316 963 pedes.
1361 891 1538 948 Bonus
1583 893 1727 950 enim
1775 892 1914 948 Deus

321 986 494 1042 [aut
521 986 669 1040 rectis
696 984 869 1040 cordo.
899 984 1010 1040 Mei
1031 993 1233 1051 autem,
1261 984 1432 1055 inquit
1473 983 1592 1052 ille,
1625 1000 1751 1055 pm
1777 1000 1914 1040 eoat-

321 1079 448 1134 utoti
483 1086 606 1132 sunt
649 1076 823 1148 pedes.
863 1075 1081 1143 Quare?
1127 1075 1260 1142 Quia
1285 1075 1519 1130 zelauit'tt
1549 1075 1909 1146 peccatoribus,

320 1188 507 1242 passus
539 1180 866 1242 peccatorum
905 1171 1105 1225 intuens
1150 1168 1320 1242 (Psal.
1377 1185 1560 1237 Lxxu,
1595 1170 1726 1241 t5).
1776 1170 1914 1240 Ergo

328 1263 530 1334 quibus
549 1263 724 1319 bonus
745 1270 831 1318 est
858 1263 1037 1330 Deus,
1059 1262 1162 1318 nisi
1210 1261 1369 1318 rectis
1409 1261 1602 1319 corde?
1624 1260 1757 1316 Nam
1784 1260 1911 1318 mihi

322 1364 470 1410 torto
497 1354 662 1410 corde
695 1353 967 1427 displicuit
1014 1354 1174 1410 Deus.
1221 1353 1395 1422 Quare
1436 1353 1736 1424 displicuit?
1781 1353 1912 1421 Quia

320 1445 473 1502 dedit
503 1446 810 1502 felicitatem
831 1446 994 1501 malis
1028 1462 1042 1498 :
1075 1452 1130 1504 et
1154 1445 1281 1501 ideo
1303 1453 1621 1502 nutaverant
1650 1446 1779 1501 mihi
1815 1461 1912 1516 pa-

315 1540 450 1606 dcs,
480 1540 636 1610 quasi
664 1539 782 1596 sine
815 1553 978 1596 causa
1005 1539 1290 1596 scrvissem
1322 1539 1452 1595 Deo.
1480 1539 1606 1595 Ideo
1633 1554 1760 1609 ergo
1808 1538 1912 1596 mei

316 1649 464 1704 pene
484 1633 743 1688 commoti
768 1641 895 1688 sunt
919 1633 1102 1703 pedes,
1132 1632 1258 1704 quia
1284 1648 1394 1688 non
1423 1631 1500 1688 l‘ui
1529 1641 1703 1689 rectus
1728 1633 1909 1690 corde.

315 1725 461 1792 Quid
491 1733 576 1780 est
599 1739 728 1795 ergo
751 1733 930 1780 rect-us
956 1724 1116 1779 corde
1134 1724 1414 1794 ?Sequens
1443 1723 1767 1779 voluntatem
1795 1724 1910 1779 Dei.

317 1818 476 1874 Felix
489 1827 579 1873 est
593 1818 702 1885 ille,
716 1817 922 1872 laborat
941 1818 1026 1872 ille
1044 1835 1062 1871 ι
1081 1816 1170 1872 ille
1190 1816 1328 1872 male
1347 1816 1471 1870 vivit
1490 1823 1540 1870 et
1558 1814 1686 1871 felix
1705 1825 1809 1883 est,
1823 1817 1912 1872 ille

315 1911 462 1981 μω
489 1910 622 1964 vivit
649 1918 704 1965 et
722 1910 945 1964 laborat.
973 1908 1091 1964 Non
1127 1907 1430 1977 indignetur
1465 1907 1608 1978 juste
1641 1907 1830 1962 vivens
1859 1917 1913 1963 et

314 2004 602 2067 “unus;
632 2003 775 2056 intus
798 2000 960 2056 habet
993 1999 1134 2070 quod
1159 1999 1283 2054 felix
1313 1999 1398 2054 ille
1428 2014 1535 2054 non
1570 1999 1731 2054 habet
1758 2016 1771 2052 :
1803 2014 1909 2054 non

315 2114 452 2169 ergo
477 2099 742 2164 tristctur,
772 2111 880 2151 non
906 2103 1226 2160 macerctur,
1253 2109 1359 2148 non
1382 2092 1616 2148 deﬁciat.
1645 2092 1794 2148 Felix
1821 2093 1910 2149 ille

315 2191 484 2246 habet
517 2190 634 2261 ipse
657 2205 845 2245 aurum
887 2189 940 2244 in
970 2203 1115 2253 arca,
1144 2186 1242 2242 iste
1267 2187 1434 2241 Deum
1474 2185 1527 2240 in
1561 2187 1905 2241 conscientia.

311 2281 586 2352 Gnuspara
630 2296 769 2335 mmc
796 2295 986 2336 aurum
1015 2287 1070 2334 et
1097 2279 1295 2344 Deum,
1339 2293 1521 2333 arcam.
1546 2286 1600 2334 et
1625 2278 1907 2333 conscien-

314 2377 470 2431 tias.
530 2375 621 2430 ille
664 2373 794 2428 illud
837 2371 1000 2426 habet
1031 2369 1174 2442 quod
1217 2370 1376 2440 perit,
1401 2378 1458 2425 et
1483 2369 1552 2424 ibi
1585 2369 1738 2425 habet
1771 2370 1910 2426 unde

312 2469 495 2539 perit;
527 2466 628 2521 iste
653 2467 816 2522 Deum
849 2464 1042 2531 habet,
1071 2463 1158 2533 qui
1189 2463 1365 2534 perire
1394 2478 1498 2518 non
1527 2471 1734 2532 potest,
1761 2471 1814 2517 et
1838 2462 1909 2516 ibi

309 2561 490 2616 hbet
524 2560 664 2614 unde
691 2559 886 2614 auferri
907 2573 1013 2614 non
1040 2566 1219 2628 potest
1243 2575 1258 2611 :
1287 2556 1380 2612 sed
1408 2557 1542 2612 sisit
1580 2566 1757 2611 rectus
1791 2571 1910 2610 cor-

308 2652 412 2717 de;
442 2662 577 2707 tunc
615 2651 758 2706 etum
799 2650 1000 2716 intrat,
1029 2657 1214 2704 etnon
1237 2648 1364 2704 exit.
1397 2647 1521 2702 Ideo
1551 2648 1638 2703 ille
1668 2647 1794 2718 quid
1828 2648 1909 2701 di-

307 2745 513 2800 cebat?
541 2743 796 2809 Quoniam
813 2743 954 2814 apud
982 2750 1030 2796 te
1056 2751 1128 2796 est
1153 2744 1270 2811 {om
1296 2742 1408 2795 vita:
1440 2757 1458 2795 :
1488 2756 1592 2794 non
1617 2739 1758 2809 apud
1786 2757 1904 2795 nos.

310 2837 444 2894 Ideo
494 2839 698 2892 intrare
738 2836 996 2891 debemus
1035 2843 1092 2889 ut
1135 2834 1413 2900 vivamus,
1442 2848 1547 2888 non
1577 2833 1727 2903 quasi
1756 2832 1908 2888 nobis

308 2931 570 2987 sufﬁcere
602 2940 658 2986 ut
687 2945 986 3000 pereamus,
1019 2945 1124 2984 non
1146 2928 1300 2998 quasi
1319 2927 1388 2982 de
1417 2935 1599 2981 nostro
1641 2927 1778 2982 velle
1823 2941 1910 2982 sa-

305 3024 438 3077 tiari
467 3031 532 3078 ut
570 3035 876 3078 amamus
905 3039 917 3074 :
946 3020 1039 3076 sed
1065 3036 1133 3075 os
1152 3019 1222 3074 ad
1247 3019 1417 3089 ipsum
1443 3018 1642 3073 fontem
1675 3033 1870 3088 ponere
1889 3061 1904 3086 ,

307 3116 404 3170 Ibi
431 3129 578 3183 aqua
613 3128 722 3168 non
757 3112 958 3168 delicit.
987 3111 1122 3179 Quia
1163 3111 1332 3164 voluit
1359 3125 1456 3164 suo
1485 3110 1707 3165 consilio
1731 3109 1909 3164 vivere

309 3208 496 3262 Adam
516 3248 532 3273 ,
555 3214 615 3260 et
640 3205 820 3274 lapsus
838 3213 922 3258 est
947 3219 1042 3273 per
1069 3219 1192 3258 eum
1217 3203 1304 3272 qui
1349 3212 1475 3258 ante
1521 3202 1786 3258 ceciderat
1814 3218 1909 3269 per

305 3300 655 3368 superbiam,
698 3299 788 3368 qui
831 3297 880 3352 ei
925 3297 1144 3352 calicem
1188 3295 1356 3366 ipsius
1380 3297 1640 3365 superbiae
1660 3297 1909 3366 propina-

309 3393 413 3447 vit.
441 3391 585 3458 Quia
610 3404 742 3459 ergo
766 3388 904 3458 apud
927 3398 975 3442 te
1000 3399 1071 3442 est
1093 3393 1206 3460 [om
1233 3388 1344 3441 vita:
1363 3429 1379 3455 ,
1435 3396 1481 3440 et
1519 3388 1572 3440 in
1598 3386 1787 3441 lumine
1823 3396 1908 3441 tuo

305 3483 602 3539 videbimus
649 3483 859 3546 tamen;
903 3481 1046 3535 intus
1091 3480 1370 3545 bibamus,
1417 3479 1559 3534 intus
1611 3479 1904 3533 videamus.

305 3575 497 3643 Quare
516 3574 662 3630 enim
689 3573 810 3628 inde
833 3574 1031 3628 exitum
1058 3571 1178 3626 est?
1205 3571 1342 3625 Audi
1358 3585 1524 3641 quare
1551 3588 1566 3626 :
1597 3569 1718 3624 Non
1743 3570 1907 3624 ueniat

311 3667 445 3720 mihi
471 3683 564 3735 pes
589 3665 852 3734 superbiae.
887 3665 1032 3734 Ergo
1063 3663 1150 3717 ille
1194 3662 1359 3728 exiit,
1399 3665 1482 3716 cui
1526 3663 1671 3717 venit
1698 3678 1791 3732 pes
1820 3678 1907 3717 su-

309 3758 539 3827 perbia.
569 3755 802 3810 Ostende
823 3754 1082 3824 quiaideo
1109 3753 1258 3808 exiit.
1289 3752 1357 3806 Et
1383 3769 1562 3807 manus
1589 3762 1907 3824 peccatorum

311 3867 426 3904 un
462 3857 696 3903 nouant
741 3865 820 3902 nte
857 3864 875 3903 :
912 3856 1125 3917 propter
1164 3846 1356 3914 pedem
1400 3845 1682 3914 superbiae.
1731 3845 1906 3912 Quare

311 3942 420 3997 hoc
436 3941 607 3996 dicis?
630 3941 716 3995 lbi
742 3941 1026 3996 ceciderunt
1053 3957 1226 3994 omnes
1248 3939 1333 4009 qui
1371 3950 1639 4010 cperantar
1667 3941 1905 4009 iniquita-

309 4045 435 4088 tem.
465 4034 568 4090 Ubi
599 4033 941 4088 ceciderunt?
969 4034 1035 4087 lu
1058 4033 1178 4102 ipsa
1195 4032 1464 4101 superbia.
1491 4031 1708 4102 Expulsi
1747 4040 1865 4085 sunt
1886 4073 1902 4098 ,

311 4143 406 4182 asc
431 4133 704 4198 patuerunt
732 4135 870 4180 stare
904 4124 1080 4195 (Psal.
1103 4139 1261 4179 xxxv
1280 4163 1295 4189 ,
1346 4124 1524 4194 8-15).
1567 4123 1622 4179 Si
1661 4138 1788 4194 ergo
1817 4137 1906 4177 su-

308 4219 506 4293 perbia
524 4219 730 4288 cupidis
754 4231 850 4274 ea
871 4218 966 4288 qui
992 4230 1102 4272 non
1128 4225 1413 4287 potuerunt
1440 4225 1616 4282 stare;
1634 4215 1905 4272 humilitas

311 4312 649 4377 luti-omittit,
673 4312 766 4382 qui
788 4311 992 4380 possint
1036 4310 1086 4364 in
1119 4318 1432 4378 perpetuum
1463 4317 1624 4364 stare.
1658 4309 1781 4364 ideo
1819 4316 1904 4364 et-

309 4406 460 4460 enim
490 4405 586 4458 ille
623 4404 720 4474 qui
750 4403 910 4470 dixit,
936 4401 1279 4456 Εωωιιωὸωπ
1306 4417 1420 4455 ossa
1443 4401 1744 4468 lmmiliata;
1765 4417 1904 4469 prae-

312 4495 470 4559 diail,
495 4493 710 4549 Audiui
721 4493 994 4548 audebis
1010 4491 1390 4547 multationem
1410 4499 1456 4544 et
1482 4491 1707 4545 [mitium
1730 4489 1902 4562 (Psal.

312 4605 374 4656 ι,
402 4590 520 4661 10)»
547 4589 684 4655 Quid
707 4588 1040 4653 est,de
1061 4587 1213 4641 utea?
1241 4585 1521 4640 Audiendo
1543 4593 1595 4640 te
1617 4585 1738 4640 felix
1763 4600 1900 4652 sum,

312 4682 388 4738 de
407 4695 546 4738 voco
568 4691 655 4736 tua
686 4679 815 4735 felix
837 4693 993 4745 sum;
1027 4677 1429 4734 “nitus-bibendo
1457 4676 1578 4732 felix
1608 4692 1748 4732 sum.
1779 4677 1906 4734 Ideo

313 4787 425 4829 non
451 4773 587 4828 cado
607 4815 632 4838 ,.
649 4773 771 4827 ideo
795 4771 1118 4826 multqu
1145 4787 1260 4826 ossa
1287 4771 1552 4824 humilium
1580 4787 1600 4825 :
1632 4771 1759 4826 ideo
1777 4772 1904 4826 ami—

313 4879 404 4920 cus
427 4864 606 4935 sponsi
623 4872 743 4930 stat,
770 4872 818 4918 et
839 4863 987 4916 audit-
1007 4877 1123 4916 euat
1155 4860 1208 4934 (.l
1213 4877 1331 4916 catt.
1362 4877 1419 4916 tu
1439 4901 1454 4926 ,
1476 4861 1606 4931 29);
1638 4861 1759 4916 ideo
1775 4870 1901 4931 stat,

311 4960 438 5030 quia
465 4958 634 5012 audit.
668 4959 747 5012 De
768 4957 1030 5011 interiore
1047 4954 1196 5015 fonte
1222 4955 1388 5020 bibit,
1416 4955 1537 5010 ideo
1565 4963 1682 5011 stat.
1709 4955 1790 5011 Illi
1815 4957 1903 5027 qui

310 5050 606 5106 noluerunt
632 5048 702 5104 de
725 5049 984 5104 interiore
1021 5048 1236 5114 bibere,
1262 5047 1330 5101 ibi
1363 5047 1903 5120 ucidcrunt;e.epulsi

310 5151 432 5195 sum
448 5183 462 5205 ,
486 5156 580 5194 rm:
600 5149 872 5210 patuerant
897 5147 1051 5192 me.

249 5226 252 5227 ⁷
385 5234 478 5289 18.
523 5234 720 5288 Doctor
741 5233 924 5304 itaque
958 5231 1274 5287 humilitatis
1306 5231 1451 5287 venit
1475 5245 1582 5287 non
1610 5231 1788 5290 facere
1811 5247 1905 5289 vo-

313 5327 578 5382 luntatem
621 5339 803 5389 am,
833 5324 930 5381 sed
949 5325 1276 5380 volitantem
1300 5324 1418 5394 ejus
1446 5325 1536 5396 qui
1562 5326 1707 5381 misit
1733 5327 1900 5380 illum.

313 5420 610 5475 Veniamus
629 5420 696 5473 ad
715 5433 868 5485 eum,
921 5417 1182 5473 intremus
1206 5418 1272 5472 ad
1295 5431 1416 5473 eum
1432 5459 1448 5485 ,
1501 5418 1906 5489 incorporemur

316 5513 401 5578 ei,
434 5521 491 5566 ut
517 5526 618 5566 nec
638 5524 736 5566 nos
756 5510 1012 5565 faciamus
1035 5510 1361 5565 voluntatem
1392 5517 1626 5563 nostram
1649 5550 1665 5576 ,
1697 5509 1790 5565 sed
1813 5525 1908 5565 vo-

315 5606 579 5661 luntatem
612 5602 706 5660 Dei
739 5623 752 5656 :
781 5608 967 5659 etnon
998 5615 1096 5658 nos
1115 5603 1296 5673 ejiciet
1322 5602 1486 5665 foras,
1512 5603 1631 5672 quin
1663 5602 1902 5657 membra

313 5697 435 5768 eius
471 5712 690 5761 sumus,
717 5697 838 5767 quia
868 5704 1023 5765 caput
1049 5706 1294 5750 nostrum
1319 5710 1438 5749 esse
1470 5694 1639 5747 voluit
1663 5694 1905 5749 docendo

318 5790 695 5845 humilitatem.
725 5789 806 5844 Ad
827 5799 1122 5844 extremum
1146 5831 1160 5854 ,
1185 5791 1356 5858 ipsum
1382 5788 1559 5841 audite
1584 5791 1907 5846 comicum-

319 5889 427 5936 tem
451 5898 467 5936 ι
506 5879 685 5944 Venite
711 5881 777 5936 ad
808 5897 908 5951 me,
934 5881 1019 5953 qui
1047 5880 1284 5937 laboratis
1313 5890 1359 5936 et
1384 5879 1579 5936 onerati
1603 5880 1720 5935 estis
1753 5894 1774 5938 .'
1803 5881 1903 5938 tol-

1407 367 1858 462 .TRACTATUS
1893 391 2085 459 XXVI.
2123 401 2352 465 CAPUT
2389 404 2480 463 vr.

3460 418 3602 479 1606

2021 520 2107 577 lite
2120 523 2306 596 jugum
2333 542 2500 582 meum
2523 542 2675 600 super
2709 543 2794 585 vos
2811 570 2828 598 ,
2879 538 2926 586 et
2960 531 3186 590 discitea
3226 552 3306 594 me
3330 537 3448 614 quia
3467 544 3602 602 mitis

2019 631 2130 670 sum
2162 628 2208 670 et
2249 618 2451 676 humilis
2475 624 2655 689 corde;
2679 634 2732 680 et
2757 640 2878 681 cum
2904 625 3008 683 hoc
3033 628 3354 699 didiceritis,
3383 635 3600 694 invenie-

2021 709 2083 764 tis
2109 712 2326 783 requiem
2344 716 2608 773 animabus
2636 722 2811 776 vestris
2835 721 3052 794 (Matth.
3076 741 3158 792 xx,
3176 727 3440 802 28et29),
3456 728 3600 788 unde

2019 815 2129 858 non
2152 804 2436 874 ejiciamini
2462 808 2642 864 foras:
2679 813 2800 881 quia
2851 813 3085 870 descendi
3122 817 3185 872 de
3216 819 3376 885 creto,
3400 837 3501 876 non
3539 833 3596 878 ut

2019 895 2208 964 faciam
2228 897 2535 955 voluntatem
2556 918 2719 958 meam
2735 943 2756 972 ,
2779 905 2867 960 sed
2894 907 3198 964 voluntatem
3223 911 3332 984 ejus
3350 914 3436 985 qui
3465 915 3600 970 misit

2017 1001 2130 1052 me;
2159 987 2508 1048 humilitatem
2533 991 2700 1050 doceo
2717 1036 2740 1063 ,
2761 995 2825 1051 ad
2849 1013 2940 1053 me
2963 1000 3148 1056 venire
3167 1016 3274 1056 non
3297 1011 3473 1072 potest
3495 1005 3596 1060 nisi

2017 1077 2253 1136 humilis.
2297 1081 2415 1139 Non
2461 1084 2627 1140 mittit
2662 1085 2805 1142 foras
2849 1088 2954 1144 nisi
3001 1092 3251 1162 superbia
3286 1111 3301 1149 :
3331 1097 3598 1166 quomodo

2017 1170 2126 1226 exit
2147 1170 2289 1226 foras
2309 1173 2404 1244 qui
2417 1183 2598 1231 servat
2623 1177 2969 1235 humilitatem
2987 1223 3002 1250 ,
3027 1192 3085 1237 ct.
3105 1198 3212 1240 non
3238 1185 3430 1242 labitur
3451 1203 3482 1242 a
3508 1204 3600 1246 ve-

2017 1267 2214 1324 ritate?
2243 1269 2388 1327 Dicta
2419 1281 2542 1327 sunt
2571 1283 2772 1344 quanta
2812 1276 2919 1332 diei
2968 1289 3256 1349 potuerunt
3280 1280 3348 1338 de
3371 1283 3599 1341 abscono

2017 1359 2129 1415 dite
2171 1375 2365 1431 sensu,
2411 1362 2601 1420 fratres
2626 1383 2644 1421 :
2672 1367 2801 1422 satis
2833 1368 2974 1424 enim
3008 1369 3093 1426 hic
3118 1371 3246 1428 latet
3272 1389 3498 1443 sensus,
3541 1385 3597 1434 et

2017 1451 2198 1506 nescio
2225 1461 2398 1508 utrum
2428 1457 2676 1526 congruis
2703 1458 2882 1513 verbis
2909 1474 2940 1512 a
2966 1475 3052 1516 me
3079 1462 3150 1516 sit
3169 1461 3514 1536 depromptae
3540 1477 3598 1523 et

2017 1544 2351 1614 exsculptns,
2377 1561 2543 1616 quare
2573 1547 2693 1604 ideo
2716 1563 2824 1603 nou
2850 1549 3030 1618 ejiciat
3063 1551 3207 1608 foras
3227 1554 3318 1624 qui
3345 1555 3490 1612 venit
3526 1558 3596 1613 ad

2017 1631 2186 1698 illum,
2219 1635 2340 1703 quia
2363 1652 2468 1691 non
2493 1638 2637 1693 venit
2659 1638 2830 1694 facere
2850 1641 3178 1697 voluntatem
3197 1658 3368 1712 suam,
3386 1647 3478 1702 sed
3497 1662 3594 1704 vo-

2013 1722 2268 1778 luntatem
2292 1725 2406 1797 ejus
2435 1729 2526 1797 qui
2565 1729 2717 1784 misit
2740 1745 2883 1786 eum.

2090 1817 2177 1871 19.
2224 1816 2346 1873 Ηωσ
2369 1829 2444 1873 est
2469 1831 2666 1887 autem,
2715 1823 2920 1892 inquit,
2952 1825 3185 1880 uoluntas
3221 1827 3330 1899 ejus
3354 1828 3440 1900 qui
3464 1831 3598 1886 misit

2015 1924 2093 1962 me
2115 1907 2316 1977 Patris,
2344 1921 2397 1963 ut
2416 1929 2560 1967 anime
2575 1915 2709 1984 quod
2735 1916 2868 1970 dedit
2897 1918 3021 1970 milii
3043 1959 3062 1982 ,
3082 1936 3183 1973 non
3205 1922 3409 1990 perdant
3437 1941 3500 1978 ex
3517 1942 3593 1982 ea.

2013 1999 2136 2070 ipse
2163 2003 2235 2058 illi
2255 2003 2407 2060 datus
2435 2015 2546 2073 est,
2575 2007 2665 2076 (iui
2682 2018 2859 2062 servat
2877 2008 3268 2082 humilitatem;
3297 2013 3436 2070 hunc
3457 2017 3597 2072 acci-

2017 2091 2091 2161 pit
2123 2111 2136 2148 :
2166 2094 2256 2163 qui
2295 2111 2402 2149 non
2442 2107 2619 2152 servat
2661 2099 3048 2168 humilitatem,
3079 2102 3233 2174 longe
3261 2112 3344 2160 est
3365 2121 3398 2160 a
3426 2107 3595 2178 magi-

2011 2192 2126 2240 stro
2147 2185 2479 2242 humilitatis.
2515 2189 2582 2244 Ut
2601 2207 2747 2246 omne
2772 2192 2907 2261 quod
2931 2193 3069 2246 dedit
3095 2195 3239 2262 mihi,
3257 2213 3356 2250 non
3385 2199 3596 2268 perdant

2013 2292 2076 2331 ea:
2100 2295 2176 2330 eo.
2210 2278 2300 2332 Sic
2320 2296 2418 2333 non
2439 2289 2509 2334 est
2532 2280 2764 2335 voluntas
2789 2283 2842 2335 in
2861 2293 3128 2352 conspectu
3149 2285 3319 2340 Patris
3335 2289 3514 2357 uestri,
3542 2298 3598 2343 ut

2014 2378 2181 2437 pereat
2204 2373 2331 2423 unus
2354 2370 2416 2424 de
2441 2371 2642 2443 pusillis
2660 2372 2788 2426 istis.
2820 2375 2896 2429 De
2922 2377 3250 2432 tumentibus
3274 2387 3448 2448 potest
3475 2396 3599 2450 per-

2012 2459 2122 2525 ire,
2154 2461 2220 2515 de
2243 2462 2450 2532 pusillis
2478 2463 2612 2517 nihil
2637 2463 2777 2534 perit
2806 2481 2818 2517 :
2853 2465 2979 2536 quia
2997 2467 3096 2520 nisi
3121 2469 3318 2539 [ueritis
3344 2471 3472 2525 sicut
3500 2489 3598 2543 pu-

2011 2551 2157 2605 sillus
2177 2552 2267 2605 iste
2285 2594 2300 2618 ,
2334 2570 2435 2607 non
2457 2553 2706 2608 intrabitis
2731 2555 2780 2608 in
2809 2572 3018 2626 regnum
3037 2558 3278 2614 malorum
3299 2559 3408 2630 (Id.
3430 2577 3563 2618 xvut
3578 2604 3597 2632 ,

2014 2646 2102 2711 14,
2140 2647 2218 2719 Α).
2257 2647 2415 2701 Omne
2455 2649 2590 2718 quod
2631 2648 2768 2702 dedit
2795 2650 2920 2703 mihi
2962 2649 3134 2717 Pater,
3165 2669 3266 2706 non
3303 2655 3513 2725 perdam
3539 2671 3600 2711 ea;

2013 2753 2104 2802 eo;
2129 2739 2215 2792 sed
2242 2741 2548 2795 resuscitabo
2571 2740 2702 2794 illud
2729 2743 2779 2795 in
2800 2743 3068 2798 nouissima
3087 2744 3188 2801 die.
3209 2745 3395 2802 Videte
3413 2763 3600 2819 quem-

2013 2830 2300 2886 admodum
2331 2843 2383 2886 et
2408 2832 2495 2886 hic
2519 2834 2784 2902 geminam
2825 2835 2970 2899 illam
3019 2839 3464 2894 resurrectionem
3503 2840 3600 2898 de-

2011 2924 2196 2980 lineet.
2240 2926 2338 2992 Qui
2362 2928 2492 2980 vertit
2519 2928 2588 2980 ad
2613 2945 2690 2980 me
2707 2969 2722 2996 ,
2752 2928 2914 2982 modo
2937 2929 3168 2999 resurgit
3192 2930 3406 2987 humilis
3430 2933 3598 2990 factus

1990 3003 2066 3072 'in
2094 3017 2348 3071 membris
2379 3019 2511 3072 meis
2541 3037 2552 3072 :
2586 3017 2680 3072 sed
2720 3029 2776 3074 et
2811 3021 3116 3074 resuscitabo
3157 3038 3274 3075 eum
3307 3024 3360 3076 in
3398 3024 3599 3078 nouissi-

2015 3127 2095 3164 mo
2112 3110 2220 3174 die,
2243 3111 2534 3165 secundum
2561 3127 2798 3168 carnem.
2831 3111 2957 3165 Haec
2979 3122 3048 3166 est
3079 3115 3208 3167 enim
3238 3115 3470 3170 voluntas
3492 3116 3600 3172 Pa-

2013 3204 2106 3258 tris
2129 3205 2225 3258 mei
2249 3207 2338 3274 qus"
2363 3205 2498 3258 misit
2521 3221 2636 3271 me,
2685 3212 2740 3257 ut
2780 3205 2944 3258 omnis
2989 3205 3075 3274 qui
3119 3205 3248 3260 uidet
3281 3205 3504 3275 Filium,
3551 3217 3600 3263 et

2012 3294 2170 3347 credit
2188 3294 2242 3348 in
2270 3312 2403 3360 eum,
2434 3294 2611 3348 lmbaat
2631 3296 2784 3348 vitam
2809 3305 3089 3360 latet-naut;
3113 3306 3160 3350 et
3181 3313 3277 3367 ego
3295 3301 3598 3356 resuscitabo

2013 3399 2126 3439 eum
2151 3386 2205 3440 in
2233 3386 2500 3440 novissimo
2545 3388 2645 3440 die.
2676 3385 2933 3456 Superius
2961 3388 3122 3453 dixit,
3157 3388 3259 3456 Qui
3301 3391 3447 3445 audit
3490 3408 3600 3446 uer-

2012 3477 2129 3532 bum
2156 3495 2320 3532 metu»
2343 3520 2358 3543 ,
2417 3489 2464 3532 et
2504 3480 2659 3533 credit
2705 3480 2751 3533 ei
2794 3480 2880 3549 qui
2905 3481 3038 3535 misit
3061 3497 3140 3534 nte
3163 3497 3182 3535 :
3212 3483 3372 3538 modo
3398 3493 3597 3552 autem,

2016 3570 2116 3637 Qui
2149 3571 2279 3624 uidet
2310 3570 2529 3635 Filium,
2576 3581 2626 3624 et
2653 3572 2808 3625 credit
2843 3572 2896 3625 in
2930 3589 3062 3626 sum.
3095 3572 3207 3626 Non
3239 3573 3406 3640 dixit,
3444 3575 3602 3632 Videt

2012 3663 2237 3730 Filium},
2267 3675 2322 3720 et
2351 3665 2518 3719 credit
2545 3665 2596 3718 in
2623 3665 2871 3721 Patrem:
2900 3665 3001 3720 hoc
3031 3675 3114 3722 est
3131 3667 3272 3721 enim
3301 3666 3524 3725 credere
3543 3671 3600 3726 in

2011 3753 2208 3808 Filium
2225 3796 2240 3819 ,
2264 3755 2406 3824 quod
2428 3764 2482 3810 et
2505 3759 2558 3810 in
2582 3755 2814 3810 Patrem.
2845 3757 2980 3825 Quia
3003 3757 3128 3810 sicut
3155 3758 3301 3812 habet
3331 3759 3486 3814 Pater
3518 3761 3597 3815 ui-

2011 3855 2116 3898 tam
2143 3847 2195 3900 in
2223 3848 2518 3918 actitatipso,
2543 3851 2616 3900 sic
2645 3847 2782 3901 dedit
2811 3858 2855 3901 et
2885 3849 3022 3902 Filio
3046 3851 3198 3902 vitam
3226 3851 3408 3905 habere
3435 3853 3488 3907 in
3511 3870 3595 3908 se-

2010 3937 2220 4008 metipso
2253 3937 2428 4010 (Joatt.
2457 3953 2491 3992 v
2515 3978 2530 4005 ,
2555 3938 2648 4006 24,
2673 3938 2788 4010 26).
2820 3938 2889 3994 Ut
2907 3940 3074 3996 omnis
3091 3943 3181 4012 qui
3204 3943 3336 3997 uidet
3356 3942 3554 3998 Filium
3577 3985 3593 4012 ,

2011 4039 2058 4084 et
2078 4029 2232 4084 credit
2259 4030 2314 4084 is
2339 4046 2454 4085 eunt
2481 4071 2496 4096 ,
2527 4030 2710 4084 habent
2743 4032 2903 4085 vitam
2935 4043 3178 4087 auratam
3201 4050 3220 4088 :
3247 4034 3516 4090 credendo
3543 4045 3598 4093 et

2013 4122 2338 4178 transeundo
2381 4123 2448 4177 ad
2493 4123 2686 4189 vitam,
2736 4132 2988 4193 tanquam
3022 4124 3191 4193 prima
3238 4126 3328 4180 illa
3359 4142 3598 4185 resurre-

2009 4216 2204 4272 ctione.
2239 4215 2309 4270 Et
2335 4215 2458 4286 quia
2487 4230 2593 4270 non
2623 4225 2714 4272 est
2747 4215 2892 4282 sola,
2928 4224 2974 4270 et
3004 4217 3312 4274 suscitabo
3333 4236 3426 4291 ego
3449 4237 3594 4291 um,

2009 4309 2214 4380 inquit,
2244 4309 2298 4364 in
2327 4310 2600 4364 bellissime
2615 4309 2726 4364 diu
3274 4312 3296 4326 ⁶

2486 4434 2896 4504 TRACTATUS
2933 4434 3123 4501 XXVI.

2007 4560 2084 4618 Ab
2105 4578 2161 4616 eo
2181 4561 2315 4634 quod
2341 4560 2582 4632 scriptum
2605 4568 2699 4627 est,
2718 4560 3120 4616 Murmurabant
3157 4575 3284 4631 ergo
3310 4562 3480 4620 Judtei
3530 4565 3597 4621 de

2080 4655 2194 4720 illo,
2216 4654 2336 4724 quia
2360 4651 2599 4718 dixisset,
2614 4652 2725 4723 Ego
2736 4667 2854 4706 sum
2872 4651 3022 4721 panis
3039 4652 3126 4723 qui
3144 4651 3211 4708 de
3227 4654 3363 4709 caelo
3376 4654 3599 4710 descen-

2081 4744 2171 4810 di;
2199 4759 2353 4814 usque
2373 4743 2439 4796 ad
2467 4742 2540 4809 id,
2570 4743 2670 4809 Qui
2716 4742 3000 4798 mandueat
3041 4743 3184 4800 hunc
3211 4759 3424 4815 panem,
3454 4745 3596 4800 vivet

2081 4839 2436 4894 inteternum.
2465 4833 2593 4906 Cap.
2645 4851 2718 4903 vn,
2762 4835 2797 4906 ᾗ
2822 4875 2836 4890 .
2866 4833 3054 4918 ιρι-ξε).

2081 4952 2134 5006 1.
2179 4950 2312 5006 Cum
2354 4950 2610 5006 Dom-inus
2651 4959 2832 5004 noster
2868 4949 3024 5005 Jesus
3056 4948 3320 5018 Christus,
3360 4950 3503 5004 sicut
3534 4939 3593 5004 in

2009 5043 2295 5117 Evangelio
2333 5059 2453 5099 eu
2482 5044 2773 5114 legeretur,
2813 5042 3134 5110 audivimus,
3165 5057 3354 5114 panem
3387 5057 3446 5098 se
3474 5034 3625 5098 esse

2007 5138 2252 5206 dixisset,
2282 5137 2374 5209 qui
2401 5137 2472 5193 de
2502 5136 2641 5192 celo
2669 5135 2962 5202 descendit,
2997 5143 3460 5190 murmuraverunt
3492 5134 3604 5195 13-.

2008 5233 2130 5299 dmi,
2161 5241 2216 5288 et
2238 5231 2504 5298 dixerunt,
2537 5228 2724 5286 Nonne
2741 5230 2822 5285 hic
2843 5237 2915 5285 est
2939 5227 2977 5283 1
2980 5247 3093 5285 esus
3111 5229 3248 5297 ﬁlius
3263 5227 3482 5299 Ioseph,
3505 5246 3592 5284 cu-

1999 5325 2090 5396 jus
2118 5342 2212 5379 nos
2250 5324 2476 5378 novimus
2503 5332 2696 5394 patrem
2730 5332 2778 5377 et
2801 5321 3050 5376 matrem?
3079 5320 3341 5386 Quomodo
3366 5337 3485 5394 ergo
3511 5322 3594 5378 hic

2009 5417 2156 5482 dicit,
2183 5416 2315 5480 Quia
2339 5415 2572 5470 descendi
2596 5415 2657 5469 de
2676 5414 2836 5469 calo?
2859 5413 2949 5468 Isti
2976 5427 3006 5468 a
3029 5427 3167 5484 pane
3184 5412 3250 5469 de
3278 5414 3416 5470 calo
3436 5415 3594 5487 longe

2009 5516 2182 5575 erant,
2207 5522 2308 5564 nec
2342 5519 2464 5563 eum
2503 5507 2708 5563 esurire
2743 5514 3020 5561 noverant.
3050 5505 3253 5562 Fauces
3276 5507 3452 5562 cordis
3474 5509 3592 5562 lan-

2007 5601 2196 5672 guidas
2227 5600 2522 5665 habebant,
2553 5598 2767 5654 auribus
2796 5599 2993 5667 apertis
3031 5597 3181 5653 surdi
3225 5607 3407 5663 erant,
3441 5599 3589 5654 vide-

2009 5695 2137 5750 bant
2166 5704 2219 5748 et
2245 5693 2371 5748 caeci
2399 5694 2628 5748 stabant.
2657 5691 2815 5746 Panis
2840 5692 3038 5762 quippe
3078 5693 3177 5749 iste
3202 5691 3469 5748 interioris
3496 5691 3588 5748 ho—

2008 5787 2166 5840 minis
2195 5787 2382 5855 quterit
2410 5786 2638 5839 esuriem
2669 5801 2682 5837 :
2711 5782 2854 5838 unde
2881 5784 2988 5840 alio
3019 5785 3136 5839 loco
3165 5783 3310 5847 dicit,
3342 5781 3593 5853 Beatiqstt

2015 5881 2239 5935 esuriant
2261 5887 2308 5936 et
2337 5878 2509 5935 sitiunt
2534 5878 2812 5943 iustitiam.
2847 5878 3087 5948 quoniam
3107 5877 3205 5950 ipsi
3236 5873 3594 5931 saturabuntur
