4082 6472
1654 210 1696 231 r-z
1707 209 1746 231 ,δ’
1761 207 1784 222 οη
1791 211 1822 225 vi

555 331 694 394 16οἹ
1045 325 1072 367 ’ζ
1086 344 1091 350 ⁸
1113 328 1257 390 1‘":

554 444 763 519 (Matth.
787 457 840 507 v,
862 439 939 515 6).
959 439 1220 498 Justitiam
1245 449 1372 494 vero
1393 429 1544 490 nobis
1565 450 1683 491 esse
1702 434 1968 490 Christum
1993 434 2131 488 Pau-

552 555 634 597 lus
659 537 931 609 apostolus
955 535 1082 591 dicit
1109 534 1151 605 (l
1173 532 1288 588 Cor.
1318 548 1356 598 ι,
1392 528 1505 601 50).
1537 530 1614 583 Ac
1643 543 1737 598 per
1767 529 1866 584 hoc
1892 528 1981 598 qui
2008 543 2131 582 esu-

551 636 623 690 rit
646 634 788 688 hunc
817 647 1030 702 panem,
1059 627 1258 684 esuriat
1279 623 1570 695 justitiam;
1607 622 1701 677 sed
1727 623 1985 692 justitiam
2014 637 2135 691 qua:

552 727 621 782 de
674 725 811 782 caelo
854 721 1149 786 descendit,
1196 716 1453 788 justitiam
1499 731 1657 787 quam
1704 715 1794 770 dat
1838 715 1999 782 Deus,
2029 729 2134 768 non

553 833 711 888 quam
737 815 838 872 sibi
868 815 991 870 facit
1015 813 1197 867 homo.
1222 810 1277 864 Si
1302 807 1442 865 enim
1465 809 1665 863 nullam
1691 809 1789 888 sibi
1810 807 1972 862 homo
1993 808 2133 862 face-

552 887 634 963 ret
659 907 948 977 justitiam,
981 918 1086 957 non
1117 901 1319 956 diceret
1347 898 1487 954 idem
1515 887 1788 968 apostolus
1811 898 1877 953 de
1899 897 2096 952 Judzeis
2115 937 2132 964 ,

551 997 853 1068 Ignorantes
879 995 1010 1050 enim
1034 993 1130 1047 Dei
1159 991 1432 1064 justitiam,
1464 998 1509 1044 et
1535 1007 1678 1044 suam
1701 992 1917 1043 uolentes
1951 989 2135 1042 consti-

552 1098 706 1152 tuere,
728 1087 943 1159 justitite
970 1083 1067 1137 Dei
1090 1100 1191 1137 non
1220 1092 1336 1137 sunt
1360 1082 1570 1152 subjecti
1597 1080 1769 1153 (Rom.
1802 1097 1863 1147 x,
1896 1081 1976 1150 '5).
2009 1080 2136 1136 Inde

554 1187 706 1234 erant
729 1177 816 1231 isti
836 1175 923 1245 qui
944 1189 1133 1245 panem
1161 1173 1227 1228 de
1251 1173 1388 1228 casio
1407 1172 1816 1228 descendentem
1844 1188 1948 1227 non
1982 1173 2135 1227 intel-

555 1271 806 1340 ligebant,
843 1268 965 1338 quia
989 1281 1082 1322 sua
1108 1265 1311 1337 justitia
1340 1267 1557 1322 saturati
1577 1307 1592 1332 ,
1617 1265 1875 1336 justitiam
1903 1266 1996 1321 Dei
2028 1281 2133 1320 non

553 1359 875 1416 esurtebant.
901 1357 1036 1426 Quid
1059 1365 1142 1412 est
1167 1358 1289 1423 hoc,
1317 1357 1518 1427 justitia
1538 1356 1635 1411 Dei
1663 1363 1716 1411 et
1729 1356 1930 1426 justitia
1959 1356 2132 1410 homi-

553 1451 669 1507 nis?
696 1449 905 1506 iustitia
937 1449 1031 1504 Dei
1057 1449 1142 1503 hic
1161 1449 1375 1516 dicitur,
1407 1463 1511 1503 non
1540 1464 1640 1518 qua
1667 1447 1841 1517 justus
1866 1454 1948 1501 est
1968 1447 2130 1510 Deus,

550 1541 647 1598 sed
677 1557 833 1612 quam
870 1540 961 1595 dat
988 1539 1188 1594 homini
1228 1539 1403 1607 Deus,
1435 1547 1493 1593 ut
1528 1538 1705 1609 justus
1743 1538 1811 1592 sit
1838 1538 1997 1592 homo
2038 1553 2134 1608 per

552 1634 741 1689 Deum.
769 1633 898 1698 Quae
923 1638 1099 1686 autem
1128 1641 1242 1684 erat
1278 1630 1485 1685 illorum
1518 1630 1755 1700 justitia?
1783 1629 1894 1697 Qua
1933 1629 1998 1683 de
2025 1629 2133 1682 suis

551 1725 748 1778 virilms
781 1721 1213 1792 praesumebant,
1244 1727 1299 1775 et
1343 1720 1495 1790 quasi
1525 1721 1833 1790 impletores
1862 1720 2017 1790 Legis
2050 1734 2136 1774 se-

549 1818 694 1884 ipsos
711 1830 778 1868 ex
804 1828 898 1867 sua
927 1813 1120 1867 virtute
1139 1811 1404 1867 dicebant.
1426 1811 1593 1866 Nemo
1614 1820 1790 1867 autem
1816 1811 2004 1880 implet
2034 1806 2136 1865 Le-

550 1922 692 1978 gem,
720 1904 821 1960 nisi
846 1920 1002 1974 quem
1034 1903 1295 1973 adjuverit
1335 1904 1500 1973 gratia
1523 1945 1537 1969 ,
1567 1903 1619 1958 id
1654 1913 1736 1958 est
1775 1903 1924 1973 panis
1953 1903 2040 1973 qui
2067 1902 2134 1957 de

550 1998 689 2053 caelo
715 1995 1011 2051 descendit.
1050 1993 1200 2065 Legis
1237 1995 1378 2049 enim
1411 1993 1697 2064 plenitudo,
1724 1995 2046 2064 compendio
2077 2003 2134 2048 ut

548 2089 624 2142 ait
642 2087 948 2157 Apostolus,
978 2086 1199 2140 charitas
1227 2095 1297 2141 est
1319 2085 1429 2158 (1d.
1460 2102 1576 2151 xm,
1600 2086 1689 2157 10)
1719 2105 1732 2141 :
1764 2087 1997 2142 charitas
2025 2103 2131 2142 non

549 2177 787 2242 nummi,
816 2176 910 2232 sed
947 2177 1075 2240 Dei;
1109 2175 1338 2230 charitas
1372 2191 1476 2230 non
1519 2184 1694 2242 terrae,
1724 2192 1828 2231 non
1864 2177 2006 2242 caeli,
2037 2177 2132 2232 sed

549 2271 666 2340 ejus
690 2269 778 2339 qui
801 2267 928 2323 fecit
946 2268 1141 2324 cmlum
1159 2277 1213 2323 et
1237 2277 1452 2323 terram.
1483 2267 1639 2323 Unde
1664 2269 1760 2322 ista
1786 2269 2016 2323 charitas
2039 2269 2134 2323 ho-

550 2363 712 2418 mini?
757 2361 931 2431 Ipsum
957 2360 1234 2414 audiamus
1263 2377 1277 2414 :
1309 2359 1542 2416 Charitas
1563 2402 1577 2423 ,
1606 2361 1795 2431 inquit,
1826 2361 1918 2414 Dei
1947 2361 2135 2430 ili/fusa

547 2465 620 2511 est
646 2456 698 2510 in
727 2455 958 2510 cordibus
986 2457 1168 2511 nostris
1195 2472 1283 2526 per
1323 2455 1574 2526 Spiritum
1617 2465 1843 2510 sanctum
1873 2457 1957 2526 qui
1986 2456 2135 2510 datus

547 2558 620 2603 est
648 2548 788 2604 nobis
830 2548 947 2621 (Id.
979 2565 1032 2615 v,
1061 2548 1148 2619 5).
1181 2549 1407 2603 Daturus
1442 2562 1568 2617 ergo
1596 2549 1852 2603 Dominus
1879 2548 2132 2617 Spiritum

548 2650 810 2704 sanctum,
842 2639 974 2694 dixit
993 2655 1050 2694 se
1079 2654 1271 2711 panem
1307 2639 1396 2708 qui
1423 2639 1489 2693 de
1515 2639 1652 2693 coelo
1682 2622 1976 2700 descendit,
2008 2638 2136 2693 hor-

549 2739 667 2785 tans
692 2738 752 2785 ut
786 2730 1064 2785 credamus
1090 2730 1145 2784 in
1174 2744 1318 2784 eum.
1349 2730 1583 2784 Credere
1608 2731 1750 2784 enim
1777 2730 1830 2783 in
1859 2745 2001 2794 eum,
2032 2729 2135 2784 hoc

549 2831 633 2880 est
661 2823 982 2878 manducare
1005 2838 1194 2893 panem
1224 2823 1423 2876 vivum.
1455 2821 1555 2888 Qui
1590 2821 1778 2888 credit,
1809 2822 2131 2882 manducat:

552 2916 888 2971 invisibiliter
927 2917 1225 2986 saginatur,
1278 2915 1400 2985 quia
1437 2915 1771 2970 invisibiliter
1815 2916 2131 2970 renascitur.

553 3009 732 3064 Infans
768 3009 911 3064 intus
937 3017 1035 3076 est,
1072 3022 1241 3064 novus
1281 3009 1422 3062 intus
1450 3017 1533 3062 est
1561 3027 1574 3062 :
1605 3007 1692 3062 ubi
1717 3008 2036 3076 novellatur,
2063 3009 2134 3064 ibi

548 3101 792 3156 satiatur.

622 3191 679 3247 2.
719 3191 855 3262 Quid
895 3205 1022 3262 ergo
1047 3190 1238 3246 talibus
1264 3190 1718 3245 murmurantibus
1746 3190 2022 3258 respondit
2043 3190 2136 3245 Je-

553 3285 685 3340 sus?
732 3283 906 3338 Nolite
933 3299 1247 3338 murmurare
1272 3283 1339 3336 ad
1371 3283 1599 3336 invicem.
1629 3282 1900 3351 Tanquam
1929 3282 2131 3350 dicens,

551 3375 674 3433 Scio
702 3391 867 3446 quare
894 3391 1000 3430 non
1027 3376 1295 3436 esuriatis,
1324 3384 1374 3428 et
1405 3376 1561 3428 istum
1594 3389 1782 3442 panem
1810 3390 1913 3428 non
1944 3375 2138 3429 intelli-

549 3470 686 3541 gatis
713 3483 884 3539 neque
907 3468 1174 3538 quaeratis.
1223 3467 1398 3520 Nolite
1437 3482 1750 3519 murmurare
1776 3466 1843 3518 ad
1884 3467 2093 3519 invicem
2116 3484 2135 3521 :

553 3577 697 3615 nemo
727 3569 886 3630 potest
926 3560 1092 3612 venire
1112 3560 1178 3611 ad
1199 3575 1296 3624 me,
1323 3558 1420 3611 nisi
1446 3556 1601 3610 Pater
1627 3558 1712 3626 qui
1738 3558 1870 3610 misit
1899 3574 1995 3620 me,
2029 3567 2134 3611 tra-

549 3655 680 3708 xerit
705 3670 840 3708 eum.
883 3652 1070 3722 Magna
1105 3655 1288 3722 gratiae
1325 3650 1750 3706 commendatio!
1796 3650 1963 3704 Nemo
1993 3652 2138 3707 venit

549 3747 652 3803 nisi
673 3755 886 3801 tractus.
917 3745 1086 3813 Quem
1119 3744 1292 3799 trahat
1318 3753 1370 3799 et
1412 3759 1568 3814 quem
1601 3759 1704 3796 non
1740 3743 1934 3806 trahat,
1973 3759 2136 3812 quare

550 3839 701 3894 illum
727 3837 900 3892 trahat
925 3847 978 3891 et
1008 3837 1156 3891 illum
1183 3851 1288 3890 non
1322 3836 1528 3900 trahat,
1564 3835 1668 3889 noli
1701 3835 1838 3888 velle
1863 3835 2132 3904 judicare,

549 3930 595 3983 si
621 3944 727 3982 non
753 3929 832 3982 vis
853 3943 1055 3983 errare.
1079 3927 1255 3982 Semel
1282 3927 1484 3994 accipe,
1509 3935 1560 3978 et
1591 3926 1825 3994 iutellige
1855 3944 1867 3978 :
1899 3925 2133 3980 nondum

549 4018 850 4074 traheris‘?
876 4034 966 4072 ora
990 4027 1046 4071 ut
1072 4017 1322 4070 traharis.
1360 4017 1504 4083 Quid.
1526 4015 1612 4068 hic
1638 4016 1884 4077 dicimus,
1915 4015 2136 4070 fratres?

552 4107 610 4164 Si
644 4107 904 4161 trahimur
930 4106 994 4159 ad
1023 4105 1315 4171 Christum,
1342 4120 1469 4174 ergo
1494 4105 1641 4158 inviti
1681 4105 1979 4170 credimus;
2010 4120 2137 4174 ergo

549 4199 802 4254 violentia
837 4198 1134 4263 adhibetur,
1173 4212 1278 4250 non
1325 4197 1570 4249 voluntas
1607 4195 1883 4248 excitatur.
1935 4195 2136 4251 Intrare

550 4291 830 4362 quisquam
857 4288 1137 4344 ecclesiam
1161 4296 1338 4358 potest
1367 4286 1579 4352 nolens,
1607 4284 1861 4340 accedere
1883 4286 1948 4339 ad
1965 4287 2135 4367 altare

549 4391 729 4454 potest
753 4383 959 4448 nolens,
991 4381 1234 4451 accipere
1259 4380 1659 4436 Sacramentum
1692 4388 1867 4449 potest
1909 4381 2128 4436 nolens:

550 4475 770 4532 credere
793 4489 899 4529 non
917 4481 1092 4545 potest
1118 4474 1220 4528 nisi
1240 4473 1445 4527 volens.
1478 4472 1532 4526 Si
1555 4487 1779 4540 corpore
1805 4471 2131 4539 crederetur,

552 4568 706 4622 ﬁeret
734 4568 785 4621 in
816 4565 1161 4622 nolentibus:
1191 4564 1298 4618 sed
1325 4579 1428 4617 non
1455 4577 1678 4632 corpore
1702 4562 1955 4616 creditur.
1987 4564 2132 4633 Apo-

551 4659 744 4714 stolum
777 4658 900 4712 audi
937 4676 949 4712 :
982 4657 1143 4711 Corde
1169 4656 1390 4710 creditur
1421 4655 1487 4707 ad
1507 4655 1781 4726 justitiam.
1805 4655 1872 4708 Et
1898 4654 2022 4724 quid
2050 4669 2134 4709 se-

551 4753 769 4823 quitur?
803 4750 902 4804 Ore
926 4759 1090 4804 autem
1110 4749 1356 4820 confessio
1386 4749 1443 4816 ﬁt
1469 4747 1535 4800 ad
1560 4745 1774 4800 salutem
1803 4744 1912 4817 (Id.
1937 4761 1989 4809 x,
2016 4745 2130 4818 10).

549 4845 628 4900 De
655 4843 832 4898 radice
856 4841 1032 4895 cordis
1058 4841 1224 4910 surgit
1258 4840 1358 4893 ista
1385 4837 1668 4892 confessio.
1714 4835 2012 4906 Aliquando
2033 4852 2132 4891 au-

549 4935 632 4989 dis
659 4932 1023 4994 conﬁtenlem,
1050 4939 1104 4983 et
1128 4929 1303 4984 nescis
1327 4927 1630 4982 credentem
1654 4929 1696 4979 ³.
1721 4925 1824 4980 Sed
1848 4942 1944 4981 nec
1969 4927 2131 4982 debes

549 5040 740 5080 vocare
785 5023 1142 5086 conﬁtentem,
1195 5036 1350 5090 quem
1395 5018 1603 5088 judicas
1646 5033 1753 5072 non
1798 5018 2126 5075 credentem.

551 5120 664 5176 lloc
702 5131 784 5176 est
821 5120 962 5175 enim
990 5117 1256 5177 conﬁteri,
1290 5117 1467 5171 dicere
1495 5115 1635 5185 quod
1667 5117 1828 5173 habes
1856 5119 1906 5171 in
1932 5119 2126 5175 corde:

550 5215 594 5268 si
621 5223 798 5269 autem
826 5213 967 5268 aliud
996 5213 1047 5266 in
1078 5210 1238 5266 corde
1263 5209 1426 5264 habes
1445 5249 1460 5273 ,
1493 5208 1631 5262 aliud
1662 5207 1826 5273 dicis;
1855 5211 2086 5280 loqueris
2109 5253 2125 5278 ,

553 5320 661 5358 non
684 5305 972 5359 conﬁteris.
997 5303 1127 5358 Cum
1151 5316 1279 5371 ergo
1305 5301 1359 5354 in
1383 5299 1648 5358 Christum
1678 5299 1836 5354 corde
1859 5302 2127 5369 credatur,

550 5394 690 5462 quod
722 5410 879 5448 nemo
912 5395 1095 5462 utique
1124 5391 1253 5447 facit
1288 5391 1514 5457 invitus,
1543 5390 1632 5460 qui
1675 5399 1848 5445 autem
1883 5393 2126 5459 trahitur,

552 5491 800 5552 tauquam
831 5485 1024 5540 invitus
1058 5485 1173 5556 cogi
1201 5481 1442 5548 videtur;
1482 5482 1749 5552 quomodo
1787 5483 1939 5539 istam
1966 5485 2127 5541 solvi-

617 5639 632 5668 ¹
659 5639 796 5696 Euui,
818 5651 909 5701 non
931 5641 1154 5692 traheris.
1180 5650 1307 5701 Mss,
1328 5638 1776 5701 nondumtraheris.

548 5702 737 5811 πλιιὲηρ
757 5700 864 5749 Bad.
891 5709 943 5751 et
957 5709 1032 5750 Er.
1059 5704 1254 5763 addunt,
1277 5700 1416 5752 vocas
1438 5700 1751 5768 conﬁtentem,
1773 5704 1821 5753 et
1835 5701 1989 5753 neseis
2019 5715 2127 5755 cre-

1485 321 1555 378 IN
1581 319 1857 379 JOANNIS
1895 317 2363 404 EVANGELIUM,
2405 321 2464 378 S.
2505 321 2874 383 AUGUSTINI

3668 335 3812 398 £008

2238 451 2357 490 mus
2381 437 2748 506 qumstionem,
2783 437 2949 492 Nemo
2977 439 3105 494 venit
3127 441 3195 495 ad
3211 458 3289 497 me
3309 443 3408 498 nisi
3432 445 3589 502 Pater
3611 451 3696 520 qui
3716 452 3816 507 mi-

2238 529 2304 580 sit
2329 545 2425 594 me,
2458 530 2665 582 traxerit
2690 530 2834 583 eum?

2308 621 2362 675 5.
2402 621 2457 675 Si
2489 621 2737 687 trahitur,
2763 622 2836 676 ait
2873 621 3083 693 aliquis,
3111 623 3306 680 invitus
3331 627 3494 683 venit.
3521 629 3576 685 Si
3620 632 3814 690 invitus

2239 711 2404 778 venit,
2435 727 2533 768 nec
2553 711 2748 776 credit;
2781 713 2824 766 si
2856 727 2960 766 nou
2986 713 3173 779 credit,
3206 731 3302 771 nec
3329 721 3498 773 venit.
3531 720 3642 776 Non
3669 724 3815 780 enim

2237 803 2304 856 ad
2327 802 2592 858 Christum
2619 802 2939 858 ambulando
2961 805 3248 872 currimus,
3273 807 3366 861 sed
3387 809 3651 865 credendo
3674 830 3687 866 :
3713 829 3816 870 nec

2238 898 2386 944 motu
2397 891 2657 960 corporis,
2671 891 2762 947 sed
2775 893 3048 948 voluntate
3059 895 3232 950 cordis
3245 896 3700 953 accedimusteo
3717 899 3809 953 illa

2236 981 2430 1037 mulier
2448 997 2565 1052 quae
2587 983 2844 1039 ﬁmbriam
2871 985 3066 1055 tetigit,
3085 989 3252 1054 magis
3272 987 3452 1058 tetigit
3468 1002 3626 1058 quam
3651 993 3806 1044 turba

2237 1091 2355 1146 quae
2380 1079 2588 1146 pressit.
2608 1079 2730 1134 Ideo
2752 1079 3005 1135 Dominus
3024 1080 3184 1147 dixit,
3212 1080 3337 1145 Quis
3361 1097 3442 1136 me
3463 1084 3622 1151 tetigit
3651 1083 3803 1154 (Luc.

2233 1182 2348 1234 vui,
2369 1167 2557 1239 44-46)
2574 1171 2675 1225 ?Et
2697 1170 2947 1226 mirantes
2961 1171 3226 1241 discipuli,
3247 1171 3496 1227 dixerunt
3517 1189 3532 1227 :
3555 1173 3742 1228 Turba:
3761 1185 3811 1229 te

2233 1263 2593 1330 comprimunt,
2616 1274 2664 1317 et
2688 1266 2836 1332 dicis,
2862 1265 2987 1331 Quis
3008 1281 3089 1319 me
3108 1266 3306 1337 tetigit?
3325 1265 3392 1322 Et
3413 1267 3501 1322 ille
3519 1267 3803 1336 repetivit:

2231 1352 2417 1426 Tetigit
2443 1372 2520 1409 me
2543 1357 2745 1424 aliquis.
2777 1358 2868 1412 Illa
2899 1359 3101 1429 tangit,
3135 1359 3285 1414 turba
3317 1361 3535 1429 premit.
3561 1361 3696 1427 Quid
3722 1371 3807 1416 est

2233 1447 2410 1517 tetigit,
2435 1447 2534 1502 nisi
2557 1448 2818 1504 credidit?
2833 1449 2987 1505 Unde
3010 1459 3066 1504 et
3087 1451 3292 1506 mulieri
3322 1451 3398 1506 illi
3416 1460 3538 1522 post
3554 1467 3802 1508 resurre-

2229 1536 2456 1592 ctionem
2488 1537 2620 1592 dixit
2649 1538 2845 1594 volenti
2869 1553 2930 1596 se
2961 1541 3172 1596 mittere
3199 1542 3262 1596 ad
3289 1543 3450 1612 pedes
3480 1543 3596 1612 ejus
3623 1562 3635 1598 :
3671 1543 3803 1598 Noli

2227 1643 2307 1681 me
2334 1637 2570 1699 tangere;
2607 1630 2832 1684 nondum
2857 1631 2990 1686 enim
3029 1633 3236 1687 ascendi
3265 1636 3332 1687 ad
3363 1633 3571 1690 Patrem
3611 1636 3796 1707 (Joan.

2226 1732 2316 1784 xx,
2349 1711 2454 1788 Π).
2489 1718 2638 1786 Quod
2667 1720 2847 1787 vides,
2878 1721 2980 1776 hoc
3009 1723 3178 1777 solum
3211 1739 3299 1779 me
3323 1740 3442 1781 esse
3472 1736 3656 1796 putas;
3688 1730 3796 1784 noli

2238 1831 2324 1872 me
2351 1825 2582 1885 tangere.
2611 1815 2749 1882 Quid
2773 1817 2887 1871 est?
2909 1816 3018 1871 Hoc
3048 1817 3218 1872 solum
3241 1833 3325 1872 me
3350 1831 3469 1873 esse
3495 1825 3650 1886 putas
3673 1815 3813 1886 quod

2238 1907 2332 1962 tibi
2361 1922 2610 1977 appareo,
2645 1907 2753 1962 noli
2791 1907 2868 1962 sic
2896 1907 3154 1962 credere:
3186 1909 3285 1962 hoc
3315 1915 3417 1976 est,
3449 1907 3573 1961 Noli
3601 1924 3678 1962 me
3703 1915 3816 1960 tan-

2236 2013 2383 2070 gere;
2437 1998 2661 2052 nondum
2715 1999 2848 2052 enim
2898 2000 3102 2052 ascendi
3153 2001 3220 2052 ad
3264 1998 3502 2064 Patrem;
3558 2000 3654 2054 tibi
3708 2014 3814 2054 non

2237 2090 2471 2156 ascendi,
2493 2106 2612 2145 nam
2638 2091 2760 2146 inde
2776 2105 3043 2161 nunquam
3070 2092 3287 2145 recessi.
3322 2091 3378 2144 ln
3407 2100 3547 2146 terra
3567 2106 3673 2146 non
3700 2099 3818 2146 tan-

2235 2185 2392 2256 gebat
2428 2193 2678 2248 stantem,
2707 2183 2975 2254 quomodo
3015 2193 3256 2254 tangeret
3285 2183 3350 2238 ad
3384 2184 3595 2240 Patrem
3632 2198 3820 2238 ascen-

2237 2277 2486 2332 dentem?
2513 2276 2600 2332 Sic
2625 2285 2834 2341 tamen,
2871 2278 2948 2331 sic
2981 2291 3040 2331 se
3068 2279 3211 2346 tangi
3238 2276 3404 2330 voluit
3440 2295 3453 2330 :
3484 2276 3560 2330 sic
3589 2277 3819 2346 tangitur

2237 2371 2303 2425 ab
2329 2370 2406 2424 eis
2426 2385 2453 2422 a
2481 2370 2672 2440 quibus
2698 2370 2834 2425 bene
2885 2369 3132 2439 tangitur,
3178 2369 3469 2424 ascendens
3492 2369 3556 2424 ad
3582 2368 3818 2436 Patrem,

2238 2478 2457 2518 mancus
2485 2477 2603 2516 cum
2631 2463 2808 2526 Patre,
2836 2462 3054 2531 aequalis
3076 2462 3237 2516 Patri.

2307 2559 2359 2610 4.
2403 2556 2528 2610 lude
2553 2564 2606 2610 ct
2626 2555 2713 2611 hic
2749 2555 2794 2610 si
2817 2556 3072 2623 advertis,
3104 2555 3268 2609 Nemo
3295 2557 3424 2609 venit
3465 2555 3533 2608 ad
3560 2571 3674 2621 me,
3721 2555 3820 2610 nisi

2238 2666 2382 2720 quem
2409 2648 2562 2702 Pater
2581 2649 2860 2701 attraxerit.
2884 2647 2999 2702 Noli
3022 2655 3074 2701 te
3099 2647 3332 2716 cogitare
3358 2645 3577 2701 invitum
3604 2646 3741 2701 trahi
3761 2647 3780 2678 ί
3804 2665 3820 2702 :

2238 2740 2465 2794 trahitur
2491 2741 2698 2794 animus
2719 2747 2774 2794 et
2797 2753 2998 2793 amore.
3031 2738 3140 2792 Nec
3167 2738 3354 2793 timere
3377 2737 3632 2793 debemus
3656 2753 3724 2792 ue
3751 2737 3821 2793 ab

2238 2831 2544 2888 hominibus
2571 2836 2660 2904 qui
2691 2836 2849 2890 verba
2881 2833 3236 2904 perpendunt,
3265 2842 3318 2888 et
3338 2849 3368 2887 a
3399 2833 3559 2888 rebus
3586 2833 3822 2887 maxime

2239 2924 2432 2979 divinis
2458 2925 2814 2996 intelligendis
2841 2927 2999 2997 longe
3034 2925 3227 2980 remoti
3269 2932 3421 2992 sunt,
3450 2925 3505 2978 in
3532 2925 3634 2979 hoc
3676 2923 3825 2979 Scri-

2239 3024 2511 3086 pturarum
2541 3027 2842 3072 sanctarum
2866 3019 3174 3088 evangelico
3197 3017 3362 3072 verbo
3392 3016 3612 3071 forsitan
3642 3029 3826 3085 repre-

2240 3107 2555 3174 hendamur,
2585 3120 2637 3164 et
2663 3109 2869 3163 dicatur
2893 3110 3068 3175 nobis,
3109 3107 3389 3175 Quomodo
3415 3106 3685 3162 voluntate
3703 3120 3826 3161 cre—

2239 3201 2326 3264 do,
2353 3203 2396 3256 si
2420 3203 2639 3256 trahor?
2665 3203 2776 3274 Ego
2800 3203 2924 3258 dico
2955 3223 2969 3258 :
2999 3219 3186 3273 parum
3233 3211 3314 3258 est
3342 3202 3633 3268 voluntate,
3656 3200 3822 3256 etiam

2240 3295 2508 3363 voluptate
2530 3296 2776 3348 traheris.
2805 3295 2940 3363 Quid
2962 3303 3045 3349 est
3067 3295 3204 3349 trahi
3231 3294 3535 3363 voluptate?
3562 3291 3829 3346 Delectare

2238 3387 2290 3440 in
2310 3385 2548 3450 Domino,
2569 3397 2615 3439 et
2631 3386 2767 3439 dabit
2785 3387 2871 3439 tibi
2891 3387 3152 3456 petitiones
3172 3385 3338 3439 cordis
3359 3385 3430 3437 tui
3449 3383 3618 3455 (Psal.
3641 3398 3824 3448 xxxvr,

2239 3479 2274 3532 4
2295 3476 2336 3549 ).
2369 3477 2462 3531 Est
2486 3477 2727 3546 quaedam
2755 3478 2996 3546 voluptas
3020 3476 3216 3542 cordis,
3245 3476 3327 3530 cui
3356 3476 3508 3545 panis
3550 3473 3718 3529 dulcis
3744 3483 3830 3528 est

2241 3567 2329 3623 ille
2354 3568 2606 3623 cmlestis.
2630 3567 2796 3622 Porro
2816 3569 2859 3622 si
2888 3577 3055 3637 poetae
3083 3567 3262 3622 dicere
3291 3567 3456 3632 licuit,
3489 3565 3702 3620 «Trahit
3729 3578 3826 3618 sua

2246 3680 2265 3712 ι
2302 3676 2567 3731 quemque
2593 3662 2836 3730 voluptas
2872 3678 2892 3712 ι
2928 3659 3102 3734 (Virg.
3135 3659 3315 3731 Eclog.
3340 3658 3430 3726 2);
3463 3673 3567 3712 non
3595 3656 3830 3712 necessi-

2240 3763 2348 3818 tas,
2393 3754 2484 3806 sed
2528 3753 2804 3822 voluptas;
2853 3767 2956 3806 non
3003 3752 3288 3822 obligatio,
3342 3751 3435 3805 sed
3491 3749 3823 3804 delectatio:

2241 3856 2438 3916 quanto
2472 3846 2658 3900 fortius
2685 3861 2780 3900 nos
2811 3845 2989 3900 dicere
3016 3844 3274 3899 debemus
3305 3842 3438 3898 trahi
3466 3841 3733 3896 hominem
3758 3840 3830 3895 ad

2241 3939 2531 3998 Christum,
2555 3938 2641 4006 qui
2686 3936 2976 3991 delectatur
3001 3935 3255 4000 veritate,
3285 3933 3579 3989 delectatur
3596 3932 3832 3987 beatitu-

2241 4027 2364 4081 dine
2390 4069 2403 4091 ,
2431 4028 2722 4080 delectatur
2745 4025 2945 4096 justitia
2965 4065 2980 4089 ,
3005 4025 3299 4080 delectatur
3323 4023 3641 4092 sempiterna
3681 4020 3791 4076 vita
3810 4063 3827 4087 ,

2239 4117 2378 4187 quod
2428 4126 2592 4171 totum
2631 4116 2873 4171 Christus
2911 4116 3028 4171 est?
3073 4116 3156 4172 An
3183 4131 3310 4171 vero
3355 4115 3551 4170 habent
3586 4114 3831 4182 corporis

2241 4225 2428 4264 sensus
2458 4213 2753 4279 voluptates
2779 4225 2922 4275 suas,
2953 4219 3006 4264 et
3025 4210 3234 4264 animus
3252 4207 3516 4263 deseritur
3533 4221 3563 4258 a
3583 4206 3831 4274 volupta-

2242 4301 2382 4354 tibus
2411 4301 2553 4354 suis?
2579 4301 2632 4354 Si
2655 4299 2862 4355 animus
2886 4315 2991 4354 non
3014 4300 3174 4355 habet
3200 4299 3496 4368 voluptates
3515 4311 3659 4364 suas,
3683 4295 3831 4352 unde

2241 4394 2450 4461 dicitur,
2487 4395 2608 4448 Filii
2632 4405 2795 4447 autem
2835 4394 3112 4458 hominum,
3142 4393 3233 4447 sub
3261 4391 3474 4461 tegmine
3493 4391 3691 4445 alarum
3715 4398 3832 4444 tua-

2239 4503 2354 4540 rum
2373 4491 2640 4558 sperabunt
2663 4501 2681 4539 :
2707 4484 3083 4539 inebriabuntur
3101 4486 3164 4538 ab
3191 4484 3414 4538 ubertate
3441 4484 3617 4538 domus
3637 4491 3757 4548 tute,
3782 4492 3832 4536 et

2241 4587 2454 4631 torrente
2471 4577 2738 4645 voluptatis
2763 4585 2862 4629 tua:
2889 4575 3080 4646 potabis
3103 4591 3187 4628 eos
3207 4590 3226 4640 ;
3253 4578 3491 4647 quoniam
3517 4574 3657 4645 apud
3684 4583 3730 4627 te
3753 4583 3831 4628 est

2241 4673 2354 4738 fons
2370 4670 2500 4731 uitw,
2523 4679 2569 4721 et
2590 4669 2641 4721 in
2665 4668 2852 4721 lumine
2871 4675 2959 4720 tuo
2979 4666 3255 4720 uidebimus
3272 4665 3438 4719 lumen
3459 4664 3629 4735 (Psal.
3647 4679 3826 4729 xxxv,

2239 4760 2428 4829 8-10)?
2453 4761 2526 4814 Da
2556 4766 2818 4814 amantem
2839 4801 2853 4823 ,
2895 4766 2951 4814 et
2978 4758 3140 4813 sentit
3168 4756 3308 4827 quod
3333 4756 3472 4810 dico.
3509 4755 3580 4808 Da
3609 4753 3831 4810 deside-

2237 4858 2464 4917 rantem,
2488 4851 2554 4906 da
2580 4850 2904 4906 esurientem
2921 4852 2963 4915 ⁸,
2987 4850 3052 4903 da
3081 4848 3136 4903 in
3167 4849 3266 4902 ista
3288 4847 3570 4902 solitudine
3591 4847 3832 4917 peregri-

2237 4954 2450 4999 nantem
2481 4952 2639 5012 atque
2666 4943 2952 5007 sitientem,
2978 4949 3032 4994 et
3061 4940 3260 4995 fontem
3297 4949 3512 4994 aeternae
3530 4939 3712 5007 patria
3738 4952 3834 4992 suo

2238 5037 2525 5107 spirantem
2542 5053 2553 5089 :
2573 5034 2638 5089 da
2655 5035 2834 5100 talem,
2851 5041 2907 5090 et
2921 5034 3020 5088 scit
3034 5033 3156 5102 quid
3171 5032 3362 5088 dicam.
3383 5031 3436 5086 Si
3451 5040 3624 5086 autem
3639 5028 3834 5100 frigido

2240 5131 2450 5199 loquor,
2468 5127 2638 5182 nescit
2652 5126 2776 5196 quid
2793 5126 3000 5197 loquor.
3030 5125 3183 5179 Tales
3210 5132 3361 5178 erant
3389 5123 3472 5177 isti
3492 5123 3579 5192 qui
3603 5122 3828 5177 invicem

2239 5220 2660 5276 murmurabant.
2681 5217 2854 5281 Pater,
2869 5217 3057 5286 inquit,
3080 5232 3224 5286 quem
3241 5215 3464 5277 traxerit,
3488 5215 3617 5268 venit
3640 5214 3707 5267 ad
3727 5231 3828 5270 me.

2307 5312 2361 5368 5.
2400 5311 2536 5379 Quid
2567 5319 2649 5364 est
2690 5318 2886 5376 autem,
2929 5307 3086 5362 Pater
3110 5324 3254 5378 quem
3291 5307 3535 5370 traxerit;
3559 5321 3678 5360 cum
3709 5306 3830 5374 ipse

2236 5405 2479 5461 Christus
2506 5403 2718 5458 trahat?
2742 5401 2918 5468 Quare
2943 5399 3107 5456 voluit
3130 5399 3331 5465 dicere,
3362 5397 3517 5452 Pater
3538 5413 3686 5467 quem
3709 5391 3839 5450 ινα-⁸

2299 5583 2316 5612 ¹
2341 5588 2447 5630 Mss.
2473 5577 2671 5642 plures:
2698 5575 2846 5642 Nolite
2867 5574 3073 5642 cogitare
3093 5572 3438 5642 innitunttralti
3456 5570 3669 5621 invitian.

2299 5645 2319 5674 ¹
2354 5635 2596 5704 Plerique
2615 5649 2741 5704 Mss,
2781 5639 2848 5687 da
2878 5635 3166 5704 ferventem.
3203 5635 3443 5704 Pauloque
3483 5642 3594 5704 post
3635 5644 3830 5704 omnes,

2235 5707 2453 5827 231%,,
2468 5695 2633 5763 n'escit,
2657 5702 2840 5749 habent
2876 5695 2976 5748 ita:
3002 5698 3049 5749 si
3086 5704 3246 5748 autem
3267 5695 3445 5760 frigido
3478 5695 3666 5759 loquor,
3704 5695 3828 5756 quid
