4082 6476
374 466 506 530 1611

375 598 573 643 aeterna
613 591 840 641 mortem
881 575 1204 651 assumpsit,
1237 577 1341 630 vita
1367 583 1563 628 aeterna
1591 567 1726 624 mori
1752 563 1952 627 voluit;

380 682 476 738 sed
501 680 568 736 de
595 691 706 748 tuo,
738 693 842 734 non
869 677 937 732 de
962 692 1059 730 suo
1086 690 1099 728 :
1131 671 1334 739 accepit
1358 681 1387 721 a
1413 676 1466 722 te
1485 707 1499 729 ,
1543 663 1632 720 ubi
1659 668 1946 748 morerctm

372 788 470 845 pro
507 784 577 830 te.
621 745 704 827 Ab
741 765 1044 825 hominibus
1072 764 1456 845 enimq‘carnem
1499 763 1820 826 assumpsit,
1863 747 1959 810 sed

370 843 480 922 non
516 877 665 920 more
708 861 1002 918 hominum.
1044 854 1176 911 Nam
1214 843 1422 908 Patrem
1466 849 1668 905 habens
1709 847 1760 902 in
1798 845 1956 911 caelo,

373 965 602 1015 manem
633 956 792 1028 elegit
827 955 882 1009 in
921 961 1060 1008 terra
1095 969 1108 1004 :
1136 958 1191 1004 et
1217 946 1326 1002 illic
1347 955 1503 1000 natus
1531 943 1646 998 sine
1678 945 1876 1004 matre,
1904 943 1960 992 et
2013 944 2023 1023 3,

372 1047 464 1106 hic
505 1047 621 1106 sine
649 1048 828 1103 Patre.
883 1040 1185 1111 Assumpsit
1212 1053 1340 1110 ergo
1366 1038 1470 1093 vita
1497 1042 1746 1100 mortem,
1771 1040 1830 1085 ut
1854 1029 1961 1084 vita

373 1141 643 1197 occideret
666 1145 913 1194 mortem.
939 1133 1074 1190 Nam
1102 1131 1188 1205 qui
1215 1131 1268 1184 in
1293 1146 1373 1183 me
1397 1126 1586 1192 credit,
1626 1123 1797 1210 inquit
1819 1163 1835 1190 ,
1863 1120 1959 1173 Ιια-

375 1234 452 1288 bet
480 1233 635 1286 vitam
674 1237 914 1284 aeternam
944 1242 964 1281 :
989 1241 1094 1280 non
1125 1221 1265 1294 quod
1295 1229 1438 1291 patet
1463 1262 1477 1286 ,
1525 1213 1616 1274 sed
1644 1211 1794 1303 quod,
1812 1214 1959 1267 latet.

371 1324 492 1381 Vita
509 1327 648 1380 enim
670 1330 867 1378 aeterna
893 1318 1208 1375 Verbum:in
1224 1316 1468 1386 principio
1491 1321 1593 1367 erat
1615 1309 1753 1382 apud
1773 1301 1958 1373 Deum,

372 1430 422 1475 et
457 1420 594 1473 Deus
637 1425 745 1470 erat
781 1413 998 1470 Verbum
1023 1423 1068 1467 et
1105 1411 1205 1465 vita
1239 1419 1344 1464 erat
1375 1409 1462 1462 tua:
1501 1405 1759 1459 hominum
1801 1399 1960 1473 (Ibid.
2021 1403 2054 1470 QE;

371 1513 428 1578 2,
457 1512 532 1582 4).
565 1511 684 1579 lpse
706 1508 816 1564 vita
843 1514 1064 1569 aeterna,
1091 1501 1237 1558 dedit
1266 1507 1320 1556 et
1337 1498 1486 1555 carni
1510 1501 1770 1565 snsceptae
1798 1491 1966 1582 vitam
2002 1491 2041 1574 ’.ι

2073 1583 2241 1637 altare
2284 1583 2378 1638 Dei
2406 1585 2448 1638 ³.
2495 1583 2838 1640 Sacramenta
2885 1585 2975 1640 illa
3021 1585 3272 1641 fuerunt:
3303 1585 3354 1642 in
3395 1589 3559 1658 signis
3582 1588 3662 1643 di-

2026 1671 2046 1715 δ
2072 1689 2225 1728 versa
2259 1682 2412 1742 sunt;
2462 1677 2514 1730 in
2542 1691 2602 1731 re
2628 1692 2746 1746 quae
2774 1676 3101 1746 signiﬁcatur
3129 1679 3272 1748 paria
3317 1689 3460 1733 sunt.
3513 1679 3661 1749 Apo-

2074 1766 2270 1821 stolum
2299 1765 2418 1821 audi
2450 1785 2463 1821 :
2491 1766 2630 1821 Nolo
2653 1768 2784 1822 enim
2804 1785 2909 1834 vos,
2938 1768 3144 1838 inquit,
3175 1769 3432 1841 ignorare,
3453 1769 3660 1840 fratres,

2035 1865 2037 1868 ⁴
2074 1860 2193 1930 quia
2239 1869 2404 1930 patres
2429 1863 2588 1916 nostri
2618 1877 2788 1916 omnes
2821 1861 2912 1916 sub
2951 1861 3081 1915 nube
3123 1866 3356 1933 fuerunt,
3410 1874 3454 1916 et
3492 1880 3664 1917 omnes

371 1581 652 1660 aeternam.
702 1597 834 1656 Mori
865 1597 1044 1665 venit,
1069 1596 1162 1652 sed
1189 1595 1274 1649 die
1302 1593 1459 1648 tertio
1484 1585 1794 1645 resurrexit.
1824 1581 1966 1639 Inter

373 1697 610 1752 Verbum
651 1685 944 1762 suscipiens
969 1729 987 1758 ,
1035 1699 1090 1746 et
1125 1699 1342 1745 carnem
1385 1689 1749 1755 resurgentem
1775 1721 1790 1747 ,
1820 1692 1967 1733 mors

373 1787 545 1843 media
570 1792 883 1854 consumpta
914 1789 1018 1840 est.
1428 1861 1432 1866 Α

452 1879 540 1932 ll.
575 1875 688 1948 Ego
709 1891 841 1940 sum,
871 1874 1062 1944 inquit,
1092 1871 1238 1944 panis
1257 1869 1391 1924 vitaz.
1421 1861 1487 1922 Et
1505 1865 1648 1921 unde
1676 1861 1753 1918 illi
1782 1870 1968 1932 super-

373 1947 635 2024 biebant‘l
668 1967 848 2021 Patres
877 1966 1025 2021 vestri
1045 2008 1059 2031 ,
1102 1964 1307 2034 inquit,
1347 1960 1775 2015 'manducaverunt
1798 1959 1849 2010 in
1877 1955 1968 2008 de—
2003 1947 2007 1961 ⁵

374 2072 509 2117 serto
529 2077 738 2128 manna,
763 2070 809 2115 et
829 2060 1010 2113 mortui
1033 2067 1166 2112 sunt.
1197 2047 1334 2122 Quid
1359 2061 1443 2109 est
1471 2051 1611 2107 unde
1643 2046 1969 2119 snperbitis?

377 2151 814 2206 Manducaverunt
835 2166 1023 2202 manna
1043 2189 1058 2214 ,
1091 2157 1137 2201 et
1164 2146 1350 2199 mortui
1374 2152 1510 2198 sunt.
1541 2141 1717 2210 Quare
1741 2137 1968 2194 mandu—

375 2255 672 2313 caverunt,
703 2253 759 2302 et
782 2243 977 2299 mortui
1006 2241 1170 2297 sunt?
1195 2240 1331 2307 Quia
1359 2236 1501 2308 quod
1531 2235 1819 2299 videbant,
1850 2245 1967 2285 cre-

379 2340 580 2395 debant
613 2357 627 2393 :
656 2337 796 2408 quod
829 2351 935 2391 non
963 2334 1247 2399 videbant,
1294 2344 1399 2386 non
1433 2321 1819 2398 intelligebant.
1846 2319 1972 2378 ideo

378 2444 561 2506 patres
583 2433 767 2498 vestri,
795 2433 914 2501 quia
946 2429 1146 2483 similes
1171 2425 1298 2482 eStis
1326 2424 1537 2479 illorum
1569 2422 1608 2474 ί.
1641 2415 1772 2474 Nam
1800 2431 1970 2487 quan-

380 2537 496 2583 tum
523 2525 772 2600 pertinet,
802 2523 996 2579 fratres
1024 2521 1149 2585 mei,
1175 2519 1242 2575 ad
1268 2525 1495 2573 mortem
1523 2517 1682 2569 istam
1706 2509 1972 2566 visibilem

379 2630 436 2678 et
471 2619 827 2691 corporalem,
859 2615 1114 2688 numquid
1140 2630 1236 2669 nos
1268 2629 1373 2668 non
1415 2610 1672 2665 morimur
1700 2607 1789 2676 qui
1818 2619 1971 2659 man-

379 2715 639 2771 ducamus
691 2727 880 2783 panem
929 2710 996 2766 de
1037 2708 1173 2764 coelo
1218 2701 1666 2761 descendentem?
1713 2699 1802 2754 Sic
1849 2704 1974 2752 sunt

379 2809 573 2865 mortui
603 2805 802 2868 etilli,
843 2800 1293 2875 quemadmodum
1325 2813 1424 2852 nos
1465 2810 1647 2851 sumus
1689 2790 1972 2854 morituri;

381 2909 638 2972 quantum
669 2897 896 2964 attinet,
925 2902 983 2950 ut
1010 2891 1157 2958 dixi,
1205 2891 1270 2946 ad
1295 2896 1521 2944 mortem
1551 2885 1710 2955 hujus
1737 2881 1975 2953 corporis

378 2991 645 3047 visibilem
677 2999 834 3059 atque
865 2985 1156 3042 carnalem.
1209 2983 1476 3051 Quantum
1521 2988 1696 3033 autem
1745 2975 1976 3046 pertinet

379 3086 446 3140 ad
476 3085 618 3138 illam
665 3089 918 3146 mortem,
952 3079 1018 3133 de
1046 3091 1149 3148 qua
1190 3079 1356 3130 terret
1394 3073 1671 3133 Dominus,
1699 3084 1802 3139 qua
1832 3083 1976 3122 mor-

380 3180 458 3234 tui
475 3187 597 3232 sunt
617 3185 798 3247 patres
817 3174 1038 3228 istorum
1057 3185 1072 3234 ;
1100 3165 1438 3224 manducavit
1457 3176 1648 3222 manna
1671 3171 1724 3216 et
1743 3161 1972 3231 Moyses,

381 3269 721 3326 manducavit
761 3279 953 3321 manna
1006 3273 1059 3319 et
1093 3264 1269 3317 Aaron
1296 3303 1310 3327 ,
1351 3256 1687 3312 manducavit
1710 3268 1901 3308 manna
1925 3260 1980 3307 et

383 3361 614 3418 Phincos
637 3402 653 3428 ,
704 3356 1161 3412 manducaverunt
1190 3353 1260 3406 ibi
1302 3337 1450 3404 multi
1480 3349 1568 3419 qui
1597 3345 1823 3401 Domino
1854 3343 1971 3413 pla-

386 3459 636 3519 cuerunt,
663 3457 714 3506 et
740 3447 935 3504 mortui
973 3456 1077 3501 non
1108 3451 1252 3500 sunt.
1291 3441 1512 3509 Quare?
1559 3440 1692 3508 Quia
1717 3437 1979 3491 visibilem

388 3545 569 3598 cibum
594 3540 942 3612 spiritualiter
970 3536 1371 3600 intellexerunt,
1403 3530 1746 3601 spiritualiter
1773 3528 1978 3583 esurie-

385 3643 533 3700 runt,
575 3631 924 3705 spiritualiter
948 3635 1324 3702 gustaverunt,
1365 3633 1424 3679 ut
1448 3623 1792 3692 spiritualiter
1816 3621 1980 3677 satia-

386 3735 596 3783 rentur.
623 3725 755 3780 Nam
787 3731 841 3779 et
862 3733 961 3777 nos
983 3714 1143 3775 hodie
1167 3716 1456 3788 accipimus
1475 3712 1737 3769 visibilem
1766 3712 1978 3768 cibum:

388 3821 483 3877 sed
510 3819 652 3875 aliud
684 3825 770 3874 est
789 3817 1219 3877 Sacramentum,
1261 3809 1401 3865 aliud
1431 3809 1602 3864 virtus
1629 3805 1979 3861 Saeramenti.

391 3913 562 3981 Quam
590 3909 744 3966 multi
773 3909 840 3965 de
867 3909 1022 3962 altari
1043 3905 1310 3975 accipiunt
1331 3910 1386 3956 et
1408 3901 1730 3965 moriuntUr,
1761 3906 1816 3953 et
1841 3897 1983 3950 acci-

389 4005 588 4075 piendo
620 3998 960 4056 moriuntur?
1003 3995 1158 4053 Unde
1193 3993 1322 4049 dicit
1353 3992 1637 4062 Apostolus
1657 4031 1672 4054 ,
1718 3985 1984 4042 Iudicium

391 4096 488 4150 sibi
511 4093 787 4146 manducat
814 4096 860 4143 et
895 4089 1014 4142 bibit
1043 4087 1083 4159 (Ι
1105 4084 1223 4141 Cor.
1259 4101 1308 4138 χι
1331 4127 1344 4146 ,
1374 4077 1490 4153 ‘29).
1533 4079 1648 4135 Non
1675 4078 1816 4134 enim
1849 4078 1981 4132 buc-

392 4187 526 4243 cella
550 4183 824 4238 Dominica
846 4189 1110 4234 venenum
1141 4169 1241 4229 fuit
1279 4171 1429 4229 ludat
1451 4173 1496 4225 ’³.
1529 4167 1599 4225 Et
1626 4179 1803 4224 tamen
1828 4181 1983 4223 acce-

394 4277 495 4348 pit,
527 4282 731 4331 etcum
771 4271 1011 4340 accepit,
1060 4270 1113 4322 in
1145 4279 1267 4321 eum
1312 4263 1554 4317 inimicus
1580 4259 1798 4316 intravit
1832 4277 1845 4314 :
1877 4273 1983 4348 non

400 4347 522 4440 quia
550 4367 752 4422 malum
789 4362 1029 4432 accepit,
1077 4358 1173 4413 sed
1221 4355 1344 4427 quia
1387 4353 1584 4408 bonum
1630 4351 1770 4407 male
1815 4347 1987 4406 malus

395 4462 625 4531 accepit.
653 4458 841 4514 Videte
866 4465 992 4524 ergo
1010 4493 1026 4520 ,
1065 4449 1280 4515 fratres,
1305 4457 1500 4518 panem
1529 4443 1800 4501 coelestem
1826 4443 1986 4514 spiri-

403 4555 620 4610 tualiter
647 4549 986 4613 manducate,
1015 4541 1373 4600 innocentiam
1397 4535 1463 4593 ad
1490 4537 1660 4593 altare
1688 4545 1984 4607 apportate.

404 4648 634 4702 Peccata
665 4642 763 4696 etsi
799 4647 922 4695 sunt
947 4635 1285 4707 quotidiana,
1313 4632 1393 4687 vel
1414 4639 1524 4685 non
1564 4630 1670 4684 sint
1692 4627 1984 4684 mortifera.

409 4740 707 4807 Antequam
731 4733 798 4789 ad
823 4733 986 4786 altare
1008 4727 1293 4793 accedatis,
1323 4723 1579 4779 attendite
1607 4721 1732 4792 quid
1758 4719 1946 4776 dicatis
1971 4738 1985 4774 :

405 4830 615 4885 Dimitte
642 4826 783 4882 nobis
811 4824 975 4878 debita
999 4831 1196 4886 nostra,
1220 4820 1347 4873 sicut
1368 4824 1416 4872 et
1458 4831 1548 4870 nos
1575 4814 1869 4868 dimittimus
1897 4814 1990 4867 de-

405 4921 645 4978 bitoribus
669 4918 855 4974 nostris
888 4913 1177 4988 {(Ma’uhm
1197 4955 1212 4980 ,
1252 4906 1364 4982 12).
1401 4907 1627 4962 Dimittis
1651 4946 1666 4972 ,
1698 4905 1993 4960 dimittetur

407 5017 505 5072 tibi
538 5034 551 5070 :
583 5027 802 5071 securus
829 4986 1025 5066 accede
1045 5048 1059 5072 ,
1092 5006 1246 5077 panis
1274 5011 1377 5069 est,
1418 5017 1524 5056 non
1554 5010 1840 5055 venenum.
1883 4997 1993 5053 Sed

402 5109 527 5165 vide
551 5109 596 5163 si
619 5105 843 5164 dimittis
874 5121 888 5158 :
919 5115 1045 5156 nam
1085 5101 1127 5156 si
1174 5109 1281 5153 non
1322 5094 1546 5151 dimittis
1569 5136 1584 5163 ,
1631 5093 1908 5159 mentiris,
1938 5098 1994 5146 et

407 5206 457 5259 ei
483 5202 747 5268 mentiris,
769 5205 927 5272 quem
952 5207 1063 5252 n0n
1077 5189 1238 5250 fallis.
1257 5183 1466 5247 Mentiri
1491 5184 1604 5245 Deo
1625 5198 1794 5260 potes,
1823 5185 1994 5242 Deum

419 5297 604 5353 (altare
629 5309 737 5351 non
769 5303 940 5365 potes.
979 5283 1143 5346 Novit
1170 5287 1259 5342 ille
1283 5286 1405 5357 quid
1435 5294 1554 5356 agat
1583 5283 1626 5338 ³.
1668 5284 1813 5338 Intus
1837 5289 1888 5336 te
1911 5280 1994 5334 vi-

416 5388 531 5453 det,
575 5387 718 5443 intus
744 5394 799 5443 te
824 5383 1114 5449 examinat,
1145 5380 1289 5435 intus
1322 5377 1565 5449 inspicit,
1603 5376 1745 5429 intus
1771 5371 1992 5444 judicat,

413 5482 560 5537 intus
607 5487 698 5533 aut
738 5477 973 5545 damnat,
1017 5482 1108 5529 aut
1150 5481 1390 5530 comunt.
1424 5469 1609 5525 Patres
1646 5477 1820 5524 autem
1865 5466 1997 5520 isto-

479 5593 496 5624 ι
532 5590 680 5641 uictu
699 5587 872 5639 decem
890 5596 998 5639 Ms.
1019 5588 1228 5648 additur,
1253 5591 1298 5636 et
1312 5580 1582 5648 inﬁdelium
1597 5578 1806 5647 filiorum
1826 5575 2002 5635 inlide-

616 5664 685 5702 ιι.

616 5664 685 5702 es.

417 5655 728 5785 ω’ἒῖῖϐθὰ.
750 5738 850 5780 Am.
876 5737 930 5781 et
957 5743 1130 5782 omnes
1148 5739 1253 5780 Mss.
1277 5733 1333 5778 At
1351 5733 1429 5777 Er.
1462 5734 1514 5778 ct
1544 5733 1674 5786 tov.,
1711 5733 1867 5774 {tame
1889 5726 2003 5772 buc-

418 5797 554 5913 cetl‘té
567 5793 810 5850 Domitian
831 5805 1061 5846 meum
1083 5793 1172 5857 fuit
1193 5800 1335 5843 Juaa.’
1355 5789 1380 5842 1'
1423 5796 1540 5840 Vide
1569 5800 1734 5851 supra,
1777 5792 1930 5835 Tract.
1954 5787 2002 5845 6,

418 5875 470 5913 n.
558 5899 570 5912 .

417 5875 470 5916 ιι.
497 5875 570 5913 ιε).

484 5947 507 5980 ⁸
529 5953 602 5996 Er.
629 5952 682 5997 et
695 5952 827 6008 bov.,
845 5955 963 6009 agas
983 5955 1002 5995 :
1024 5940 1378 6006 refragantibus
1401 5938 1545 5992 editis
1572 5936 1678 5987 aliis
1695 5941 1748 5987 et
1771 5939 1877 5984 Im.

1301 461 1368 516 1N
1404 441 1680 514 JOANNIS
1719 432 2187 510 EVANGELIUM,
2228 442 2286 500 s.
2330 437 2694 501 AUGUSTINI

2063 562 2212 614 rum|
2233 603 2249 626 ,
2280 560 2331 615 id
2357 569 2465 627 est,
2499 553 2621 615 mali
2653 569 2828 630 patres
2873 557 3129 616 malorum
3151 603 3166 629 ,
3199 553 3438 616 inﬁdeles
3482 573 3658 631 patres

3519 437 3655 504 ltili

2065 651 2356 709 inﬁdelium
2385 694 2400 720 ,
2455 659 2877 708 murmUratores
2934 661 3110 722 patres
3175 661 3652 709 murmuratorum.

2064 744 2197 800 Nam
2217 743 2284 801 de
2298 745 2440 800 nulla
2456 761 2512 800 re
2532 746 2700 816 magis
2722 743 3002 801 Dominum
3019 745 3306 802 offendisse
3321 746 3410 803 ille
3431 747 3659 818 populus

2067 841 2240 896 dictus
2269 848 2371 908 est,
2405 855 2562 912 quam
2593 847 2774 896 contra
2804 835 2969 896 Deum
3015 841 3417 897 murmurando.
3450 839 3577 898 ideo
3605 853 3660 924 et

2070 933 2330 989 Dominus
2358 949 2452 990 eos
2480 933 2666 990 volens
2694 933 2976 994 ostendere
3002 935 3184 991 talium
3225 935 3363 991 ﬁlios
3381 978 3396 1003 ,
3437 934 3563 991 hinc
3590 933 3657 991 ad

2069 1042 2162 1084 eos
2191 1029 2354 1099 coepit
2387 1048 2401 1085 :
2438 1028 2574 1095 Quid
2601 1030 2927 1085 murmurans
2946 1029 3000 1083 in
3031 1029 3272 1100 invicem,
3302 1038 3657 1085 murmurato-

2069 1136 2192 1186 res,
2222 1119 2317 1174 ﬁlii
2356 1123 2849 1178 murmuratorum?
2897 1120 3080 1177 Patres
3115 1123 3261 1177 vestri
3296 1140 3483 1178 manna
3512 1141 3658 1177 nian-

2071 1212 2376 1266 ducaverunt
2401 1255 2415 1280 ,
2467 1223 2513 1268 et
2560 1215 2745 1268 mortui
2791 1223 2954 1269 sunt:
2984 1230 3088 1269 non
3130 1213 3254 1285 quia
3297 1215 3496 1270 malum
3545 1223 3660 1272 erat

2070 1320 2286 1371 manna,
2319 1305 2410 1362 sed
2437 1309 2555 1377 quia
2585 1307 2721 1362 male
2745 1306 3221 1363 manducaverunt.

2143 1397 2230 1452 12.
2263 1397 2359 1452 llic
2397 1409 2468 1452 est
2511 1401 2655 1470 panis
2684 1401 2769 1471 qui
2806 1401 2868 1453 de
2889 1401 3011 1454 caelo
3051 1401 3323 1455 descendit.
3368 1399 3520 1457 ilunc
3563 1418 3661 1473 pa-

2073 1504 2197 1544 nem
2251 1489 2566 1562 signiﬁcavit
2619 1507 2850 1559 manna,
2915 1493 3056 1547 hunc
3099 1508 3289 1562 panem
3345 1491 3663 1564 signiﬁcavit

2075 1969 2216 2005 mare
2249 1953 2589 2020 transierunt,
2631 1962 2678 2008 et
2714 1970 2883 2007 omnes
2912 1953 2965 2006 in
2995 1952 3206 2024 Moysen
3237 1952 3257 1984 ³
3286 1953 3522 2024 baptizati
3548 1963 3664 2008 sunt

2075 2044 2130 2098 in
2160 2043 2290 2098 nube
2326 2054 2371 2098 et
2399 2046 2450 2098 in
2476 2045 2640 2112 mari,
2689 2051 2735 2098 et
2774 2061 2946 2099 omnes
2973 2039 3199 2099 eamdem
3231 2061 3394 2098 escam
3421 2041 3664 2116 spiritua-

2080 2134 2177 2190 lem
2199 2137 2644 2190 manducaverunt.
2673 2135 3013 2206 Spiritualem
3040 2137 3219 2207 utique
3238 2137 3513 2202 eamdem;
3542 2154 3663 2194 nam

2037 2241 2039 2244 ‘
2078 2231 2412 2299 corporalem
2459 2227 2718 2298 alteram,
2761 2229 2886 2301 quia
2925 2227 2999 2285 illi
3037 2247 3230 2285 manna
3254 2273 3269 2299 ,
3324 2246 3421 2285 nos
3475 2230 3662 2286 aliud:

2080 2323 2413 2392 spiritualem
2441 2339 2568 2378 vero
2592 2364 2606 2388 ,
2640 2339 2798 2393 quam
2831 2338 2949 2378 nos.
2979 2322 3085 2379 Sed
3115 2334 3294 2394 patres
3318 2323 3526 2390 nostri,
3559 2340 3666 2379 non

2081 2424 2261 2485 patres
2288 2414 2499 2470 illorum
2529 2433 2542 2468 :
2573 2416 2765 2486 quibus
2793 2431 2891 2469 nos
2918 2416 3121 2470 similes
3151 2433 3335 2471 sumus
3355 2459 3368 2484 ,
3404 2432 3506 2471 non
3543 2417 3666 2488 qui-

2080 2507 2180 2561 bus
2210 2506 2280 2560 illi
2312 2507 2510 2562 similes
2551 2507 2780 2561 fuerunt.
2833 2505 2902 2562 Et
2930 2507 3165 2579 adjungit
3196 2527 3207 2562 :
3242 2502 3310 2562 Et
3335 2526 3503 2564 omnes
3531 2527 3669 2564 eum-

2083 2600 2199 2655 dem
2229 2611 2402 2670 potum
2427 2601 2742 2673 spiritualem
2776 2601 3019 2655 biberunt.
3054 2603 3207 2656 Aliud
3237 2603 3310 2658 illi
3335 2645 3348 2666 ,
3376 2605 3516 2658 aliud
3540 2620 3665 2670 nos;

2085 2693 2179 2748 sed
2208 2693 2386 2763 specie
2412 2693 2627 2759 visibili,
2657 2693 2799 2763 quod
2825 2704 3004 2749 tamen
3045 2693 3145 2749 hoc
3176 2694 3315 2750 idem
3351 2695 3672 2765 signiﬁcaret

2084 2786 2281 2841 virtute
2324 2787 2588 2856 Spirituali
2620 2785 2666 2839 ".
2723 2786 3000 2852 Quomodo
3029 2787 3170 2842 enim
3214 2787 3439 2841 eumdem
3463 2790 3672 2857 potum?

2083 2877 2357 2944 Bibcbant,
2409 2879 2612 2948 inquit,
2658 2877 2718 2931 de
2751 2875 3004 2948 spirituali
3045 2888 3277 2947 sequente
3311 2888 3450 2948 petra
3481 2894 3500 2931 :
3531 2889 3673 2950 petra

2085 2983 2252 3027 autem
2283 2982 2386 3026 erat
2415 2969 2644 3027 Christus
2677 2971 2717 3043 (l
2748 2970 2863 3028 Cor.
2900 2989 2935 3026 x
2961 3015 2975 3039 ,
3008 2967 3149 3044 1-4).
3181 2971 3306 3027 inde
3335 2974 3481 3043 panis
3502 3015 3516 3036 ,
3551 2972 3674 3029 inde

2085 3074 2263 3135 potus.
2316 3063 2470 3117 Petra
2513 3062 2759 3117 Christus
2808 3062 2859 3117 in
2903 3063 3084 3132 signo,
3131 3079 3290 3117 verus
3332 3063 3570 3117 Christus
3618 3063 3673 3118 in

2084 3156 2265 3211 Verbo
2294 3164 2348 3210 et
2378 3155 2428 3208 in
2455 3171 2634 3210 carne.
2687 3151 2753 3209 Et
2781 3155 3046 3226 quomodo
3085 3151 3370 3210 biberunt?
3415 3155 3673 3210 Percussa

2089 3257 2174 3303 est
2217 3255 2364 3317 petra
2391 3247 2458 3303 de
2489 3248 2635 3318 virga
2661 3245 2743 3302 bis
2777 3241 2963 3320 (Num.
2998 3265 3069 3302 xx
3095 3291 3108 3316 ,
3139 3243 3227 3319 ll)
3265 3267 3276 3300 :
3309 3252 3519 3317 gemina
3547 3264 3671 3318 per-

2088 3343 2268 3395 cussio
2292 3384 2305 3408 ,
2335 3340 2439 3395 duo
2467 3341 2605 3410 ligna
2633 3340 2805 3395 crucis
2836 3340 3115 3411 signiﬁcat.
3153 3337 3250 3394 Hic
3278 3350 3348 3394 est
3376 3356 3501 3412 ergo
3529 3341 3674 3412 panis

2089 3433 2151 3486 de
2180 3434 2302 3486 cwlo
2330 3432 2660 3499 descendens,
2710 3440 2765 3484 ut
2805 3434 2847 3485 si
2883 3433 2993 3503 quis
3035 3432 3407 3486 manducauerit
3445 3449 3506 3486 ea:
3528 3434 3671 3504 ipso,

2090 3543 2191 3580 non
2225 3527 2490 3579 moriatur.
2538 3523 2643 3579 Sed
2685 3521 2825 3594 quod
2851 3525 3079 3594 pertinet
3104 3524 3169 3580 ad
3210 3526 3454 3580 virtutem
3481 3523 3673 3580 Sacra.

2090 3617 2292 3682 menti,
2336 3633 2440 3671 non
2474 3615 2613 3686 quod
2643 3616 2874 3685 pertinet
2909 3614 2975 3670 ad
3002 3613 3205 3671 visibile
3232 3615 3631 3672 Saeramentum
3659 3634 3672 3672 :

2091 3709 2181 3780 qui
2209 3710 2490 3764 manducat
2513 3710 2671 3775 intus,
2698 3724 2803 3763 non
2825 3706 2988 3776 foris;
3009 3708 3098 3780 qui
3119 3709 3402 3764 manducat
3423 3711 3476 3765 in
3491 3709 3672 3778 corde,

2091 3818 2198 3857 non
2224 3802 2313 3871 qui
2338 3802 2530 3870 premit
2556 3801 2733 3856 dente.

2167 3895 2254 3950 l3.
2293 3893 2402 3967 Ego
2429 3914 2539 3950 sum
2568 3896 2714 3966 panis
2740 3896 2898 3964 vivus,
2927 3897 3014 3966 qui
3040 3897 3102 3951 de
3124 3897 3246 3952 calo
3268 3898 3523 3952 descendi.
3552 3897 3675 3953 ideo
3721 3947 3758 3970 ,ι

2095 3988 2248 4042 vivus
2274 4030 2289 4056 ,
2337 3989 2459 4058 quia
2499 3988 2565 4042 de
2594 3988 2730 4043 cmlo
2755 3988 3026 4043 descendi.
3060 3989 3137 4043 De
3160 3990 3297 4045 ccelo
3321 3989 3598 4046 descendit
3624 4000 3678 4045 et

2092 4093 2288 4134 manna
2323 4096 2337 4133 :
2370 4077 2464 4134 sed
2493 4095 2684 4134 manna
2715 4079 2896 4134 umbra
2925 4089 3039 4135 erat
3061 4121 3075 4146 ,
3119 4081 3220 4136 iste
3251 4083 3450 4138 veritas
3484 4092 3583 4138 est.
3613 4083 3679 4137 Si

2093 4171 2205 4241 quis
2243 4169 2614 4224 manducauerit
2649 4187 2711 4224 ea:
2743 4171 2836 4224 hoc
2871 4189 3033 4242 pane,
3074 4175 3198 4226 vivet
3235 4175 3289 4226 in
3323 4185 3564 4228 (sternunt
3594 4183 3679 4228 :et

2098 4263 2244 4334 panis
2273 4277 2418 4331 quem
2448 4279 2535 4333 ego
2558 4261 2706 4330 dabo,
2736 4281 2852 4317 caro
2869 4281 2977 4317 mea
3000 4274 3071 4320 est
3091 4282 3182 4337 pro
3207 4266 3385 4320 mundi
3412 4267 3531 4320 vita.
3565 4265 3678 4320 Hoc

2098 4353 2314 4424 quando
2344 4362 2561 4423 caperet
2589 4369 2713 4409 caro
2737 4397 2752 4423 ,
2803 4351 2944 4426 quod
2984 4355 3115 4411 dixit
3150 4373 3375 4428 panem,
3422 4361 3678 4414 carnem?

2098 4445 2332 4502 Vocatur
2361 4459 2486 4503 caro
2511 4489 2526 4517 ,
2577 4445 2718 4517 quod
2761 4463 2866 4501 non
2910 4447 3051 4518 capit
3079 4464 3204 4505 caro
3234 4467 3246 4503 :
3280 4458 3333 4505 et
3363 4450 3481 4505 ideo
3511 4453 3680 4522 magis

2096 4552 2205 4596 non
2232 4539 2372 4610 capit
2400 4555 2525 4596 caro
2543 4581 2558 4607 ,
2592 4540 2712 4611 quia
2739 4549 2957 4596 vocatur
2979 4558 3124 4597 caro.
3175 4543 3286 4597 Hoc
3315 4548 3456 4598 enim
3483 4544 3681 4599 exhor-

2098 4640 2358 4700 ruerunt,
2403 4631 2506 4686 hoc
2535 4629 2601 4686 ad
2631 4647 2689 4688 se
2731 4632 2953 4687 multum
2983 4649 3100 4689 esse
3126 4631 3375 4690 dixerunt
3394 4675 3412 4703 ,
3440 4634 3542 4689 hoc
3575 4652 3682 4690 non

2097 4739 2256 4796 posse
2280 4723 2392 4779 ﬁeri
2420 4733 2757 4793 putaverunt.
2783 4721 2914 4779 Caro
2935 4743 3044 4779 mea
3061 4736 3154 4794 est,
3184 4727 3372 4798 inquit,
3396 4744 3486 4799 pro
3506 4727 3684 4781 mundi

2097 4818 2218 4868 vita.
2267 4811 2471 4868 Norunt
2495 4811 2679 4870 ﬁdeles
2721 4830 2914 4885 corpus
2937 4815 3152 4884 Christi,
3191 4817 3235 4872 si
3264 4832 3456 4887 corpus
3486 4817 3682 4879 Christi

2099 4925 2219 4966 esse
2267 4921 2371 4965 non
2425 4913 2708 4982 negligant.
2763 4910 2919 4966 Fiant
2970 4926 3162 4980 corpus
3199 4911 3438 4979 Christi,
3493 4912 3538 4967 si
3585 4927 3684 4966 vo-

2099 5005 2216 5060 lunt
2263 5005 2441 5062 vivere
2479 5005 2547 5060 de
2592 5003 2790 5074 Spiritu
2842 5003 3059 5058 Christi.
3128 5006 3202 5060 De
3246 5004 3437 5076 spiritu
3483 5001 3687 5060 Christi

2101 5117 2208 5158 non
2259 5103 2418 5168 vivit,
2475 5099 2576 5155 nisi
2628 5115 2820 5169 corpus
2873 5099 3066 5153 Christi
3098 5098 3140 5152 ⁵.
3203 5097 3522 5168 lntelligite,
3576 5097 3690 5153 fra-

2168 5238 2185 5303 f
2208 5241 2285 5287 Er.
2307 5236 2462 5303 Lugd.
2476 5243 2591 5287 Ven.
2617 5243 2669 5303 et
2687 5242 2796 5303 boy.
2819 5244 2926 5303 pro,
2947 5230 3330 5303 mandarint,
3351 5239 3482 5298 ergo.
3545 5235 3607 5282 Ι.

2167 5301 2189 5370 ξ
2209 5267 2591 5370 Ϊκέὲῧῗᾶίεὶἕὲἐ
3224 5267 3330 5295 “””
3349 5267 3488 5370 ῘῘἼ
3546 5267 3563 5366 ἶ

2168 5362 2189 5394 ι
2210 5347 2461 5428 eam
2474 5347 2903 5428 hausimus
2923 5359 3053 5428 ωβεο,
3070 5356 3120 5428 in
3143 5347 3665 5428 nurse-.Aliirlsri‘xm
3695 5397 3703 5412 ν

2102 5423 2157 5477 ιη
2181 5418 2406 5493 κουρεῖς
2837 5422 2907 5493 es
2929 5420 3010 5493 at
3031 5418 3262 5493 itiner-
3286 5419 3343 5493 ξς.
3369 5418 3676 5493 essetne?

2105 5480 2927 5555 stomo'ititerprete,vt(tarresatttes
2950 5483 2996 5533 to
3032 5480 3431 5555 Mduseiscilicet
3466 5483 3606 5554 Moysi
3631 5481 3686 5555 ti-

2104 5550 2283 5599 dentes
2303 5549 2550 5610 Israclitze,
2569 5551 2658 5600 sub
2683 5549 2813 5597 nube
2841 5553 2891 5595 et
2903 5557 2999 5610 per
3031 5556 3164 5610 mare
3201 5549 3294 5593 iter
3317 5549 3691 5610 nigrcssisuut,

2105 5613 2213 5674 ipso
2238 5621 2517 5674 praeeunte:
2535 5605 2590 5660 ac
2609 5613 2679 5660 sic
2699 5621 2807 5669 nos,
2830 5605 2925 5670 qui
2937 5608 2988 5655 in
3003 5606 3238 5656 Christum
3255 5606 3519 5656 metientes
3534 5605 3692 5666 bapti-

2106 5687 2268 5737 mmur
2293 5676 2655 5737 priesignaruut.

2172 5735 2194 5765 ι
2217 5727 2382 5807 ξίρἸίτ.
2402 5727 2556 5807 tingit.
2585 5741 2636 5807 et
2660 5741 2800 5807 ven?
2817 5729 2909 5807 sed
2931 5727 3278 5807 specieﬁsityi
3309 5728 3503 5794 quidem
3534 5734 3698 5781 tamen

2107 5793 3134 5868 meaemegmwwwenww-
3199 5799 3279 5868 με,
3471 5857 3480 5866 .

2110 5861 2388 5979 ch'dtzltnnes
2561 5857 2622 5910 de
2656 5858 2835 5922 Spiritu
2855 5857 3033 5910 Christi
3050 5871 3143 5908 non
3165 5857 3299 5918 vivet,
3322 5857 3417 5908 nisi
3436 5857 3499 5908 sit
3520 5867 3700 5921 corpus

2267 5936 2300 5973 ι.
