4118 6538
368 484 509 548 Nil?)

363 619 479 665 tres
522 605 664 673 mei,
709 596 833 675 quid
862 594 1111 658 dixerim.
1142 591 1315 659 Homo
1340 617 1434 668 es,
1480 609 1538 663 et
1579 602 1820 674 spiritum
1851 600 1946 655 ha-

362 700 462 755 bes
482 741 500 767 ,
542 706 594 752 et
619 710 811 768 corpus
839 688 1025 749 habes.
1071 692 1325 765 Spiritum
1353 690 1475 749 dico
1507 709 1624 765 quae
1650 693 1826 748 anima
1853 709 1952 748 vo-

361 804 548 859 catur,
594 805 698 860 qua
722 795 931 843 constat
956 785 1097 855 quod
1128 785 1290 843 homo
1331 800 1392 842 es
1423 803 1437 839 :
1469 792 1683 843 constas
1710 786 1852 845 enim
1882 801 1950 842 ex

360 884 540 938 anima
564 892 619 937 et
644 892 889 951 corpore.
922 874 1100 933 Habes
1129 877 1307 948 itaque
1334 875 1574 947 spiritum
1602 874 1944 945 invisibilem,

357 986 557 1044 corpus
583 966 811 1025 visibile.
855 964 952 1024 Dic
978 965 1108 1023 mihi
1130 967 1255 1039 quid
1284 983 1353 1024 ex
1384 983 1489 1038 quo
1517 966 1659 1022 vivat
1687 984 1701 1020 :
1731 964 1947 1037 spiritus

356 1074 485 1121 tuus
522 1061 649 1118 vivit
674 1077 742 1127 ex
768 1075 994 1131 corpore
1018 1067 1111 1114 tuo
1128 1102 1144 1129 ,
1171 1075 1240 1115 an
1264 1074 1457 1131 corpus
1488 1066 1637 1114 tuum
1664 1074 1728 1114 ex
1756 1055 1944 1129 spiritu

356 1159 486 1215 tuo?
534 1152 840 1226 Respondet
866 1154 1041 1210 omnis
1066 1152 1157 1225 qui
1184 1151 1315 1208 vivit
1342 1171 1354 1207 :
1388 1150 1475 1225 qui
1500 1162 1679 1208 autem
1707 1146 1811 1207 hoc
1834 1167 1943 1206 non

352 1259 539 1323 potest
578 1246 905 1322 respondere
927 1291 943 1315 ,
990 1246 1172 1303 nescio
1196 1245 1241 1303 si
1270 1246 1399 1302 vivit
1427 1265 1455 1303 ε,
1480 1244 1605 1318 quid
1651 1240 1940 1318 respondet

350 1343 534 1401 omnis
553 1342 643 1415 qui
665 1340 826 1397 vivit?
851 1342 1058 1413 Corpus
1088 1340 1268 1411 utique
1296 1355 1472 1395 meum
1499 1338 1633 1393 vivit
1659 1338 1725 1394 de
1752 1339 1942 1409 spiritu

349 1454 502 1495 meo.
529 1437 622 1493 Vis
652 1452 779 1508 ergo
808 1444 863 1491 et
880 1444 935 1490 tu
967 1435 1143 1489 vivere
1159 1432 1224 1490 de
1245 1430 1444 1506 Spiritu
1471 1426 1707 1487 Christi?
1737 1428 1793 1485 in
1823 1446 1945 1486 cor-

348 1545 487 1601 pore
513 1538 632 1586 esto
659 1527 877 1584 Christi.
919 1526 1185 1596 Numquid
1216 1525 1357 1581 enim
1388 1540 1581 1594 corpus
1609 1539 1784 1578 meum
1812 1522 1942 1577 vivit

348 1622 420 1677 de
441 1621 634 1692 spiritu
665 1619 795 1675 tuo?
833 1616 1005 1673 Meum
1037 1617 1163 1672 vivit
1188 1616 1255 1672 de
1282 1616 1469 1687 spiritu
1512 1630 1660 1681 meo,
1704 1622 1759 1668 et
1790 1622 1938 1667 tuum

344 1712 417 1769 de
460 1722 573 1767 tuo.
617 1709 731 1767 Non
777 1717 954 1781 potest
994 1711 1174 1763 vivere
1216 1722 1408 1778 corpus
1451 1700 1687 1770 Christi,
1736 1705 1841 1760 nisi
1872 1703 1938 1761 de

345 1804 556 1875 Spiritu
595 1801 812 1858 Christi.
867 1799 992 1856 Inde
1032 1809 1117 1856 est
1156 1798 1297 1871 quod
1338 1813 1611 1870 exponens
1635 1796 1786 1853 nobis
1810 1811 1939 1867 apo-

342 1898 520 1952 stolus
546 1896 745 1953 Paulus
769 1894 910 1949 hunc
939 1908 1150 1964 panem,
1184 1890 1325 1946 Unus
1356 1891 1534 1964 panis,
1564 1889 1753 1962 inquit,
1780 1907 1937 1945 unum

341 2009 531 2065 corpus
571 1990 721 2047 multi
758 2007 936 2044 sumus
960 1987 1006 2062 (Ι
1037 1986 1156 2042 Cor.
1186 2003 1253 2055 Χ,
1290 1984 1400 2059 l7).
1458 1984 1502 2040 Ο
1532 1985 1933 2040 Sacramentum

340 2084 597 2156 pietatis!
641 2099 676 2139 0
714 2083 923 2153 signum
961 2081 1215 2136 unitatis!
1257 2094 1291 2134 ο
1320 2078 1589 2134 vinculum
1628 2076 1931 2132 charitatis!

346 2179 449 2246 Qui
485 2178 594 2233 vult
619 2177 798 2231 vivere
822 2218 837 2242 ,
887 2174 1047 2230 habet
1087 2172 1176 2228 ubi
1206 2170 1376 2238 vivat,
1424 2168 1583 2225 habet
1609 2168 1748 2225 unde
1770 2168 1931 2225 vivat.

337 2271 603 2338 Accedat,
631 2269 835 2336 credat,
872 2269 888 2300 ¹
917 2285 931 2333 ;
961 2266 1360 2337 incorporetur,
1392 2272 1450 2317 ut
1476 2258 1784 2318 vivilicetur.
1816 2259 1933 2316 Non

335 2365 603 2422 abhoreat
626 2378 656 2417 a
682 2375 937 2432 compage
952 2357 1335 2423 membrorum,
1355 2371 1462 2410 non
1487 2355 1556 2410 sit
1578 2364 1734 2426 putre
1758 2370 1932 2410 mem-

333 2456 498 2512 brum
526 2455 670 2527 quod
701 2453 934 2509 resecari
966 2460 1235 2507 mereatur
1256 2492 1272 2519 ,
1300 2465 1406 2504 non
1451 2448 1520 2504 sit
1555 2446 1837 2504 distortum
1867 2444 1935 2503 de

332 2564 445 2620 quo
476 2549 825 2605 erubescatur
856 2565 870 2601 :
899 2546 968 2600 sit
987 2542 1288 2615 pulchrum,
1311 2536 1382 2597 sit
1401 2551 1602 2613 aptum,
1626 2540 1695 2597 sit
1713 2556 1929 2608 sanum;

332 2642 544 2699 Intereat
576 2640 819 2710 corpori,
861 2639 1001 2694 vivat
1032 2638 1140 2693 Deo
1178 2637 1245 2693 de
1274 2637 1386 2694 Deo
1420 2656 1433 2692 :
1462 2652 1603 2692 nunc
1644 2634 1850 2692 laboret
1877 2634 1932 2692 in

331 2745 503 2802 terra,
531 2742 787 2804 utpostea
819 2740 1001 2802 regnet
1028 2730 1079 2785 in
1101 2730 1259 2786 ctelo.

407 2827 500 2883 14.
553 2824 842 2897 Litigabant
889 2839 1006 2896 ergo
1038 2819 1212 2877 Judan'
1257 2820 1325 2875 ad
1374 2821 1619 2884 invicem,
1670 2818 1933 2876 dicentes:

331 2919 608 2986 Quomodo
628 2927 789 2990 potest
812 2917 893 2971 hic
915 2932 1117 2970 carnem
1138 2931 1283 2968 suam
1307 2913 1447 2968 nobis
1468 2913 1591 2968 dare
1618 2913 1686 2967 ad
1711 2915 1930 2968 mandu-

327 3012 599 3069 candum?
624 3011 923 3082 Liligabant
951 3010 1131 3079 utique
1153 3007 1217 3062 ad
1252 3005 1477 3063 invicem
1504 3049 1520 3073 ,
1551 3008 1801 3078 quoniam
1835 3023 1930 3078 pa-

327 3121 457 3162 nem
489 3104 791 3159 concordiae
831 3119 939 3158 non
979 3101 1375 3172 intelligebant,
1416 3117 1516 3157 nec
1539 3118 1751 3157 sumere
1781 3101 1929 3157 vole-

325 3198 462 3253 bant
489 3215 504 3252 :
534 3213 659 3252 nam
681 3196 770 3267 qui
798 3194 1117 3250 manducauit
1146 3190 1308 3249 talem
1339 3208 1529 3264 panem
1550 3236 1565 3261 ,
1595 3209 1700 3247 non
1722 3193 1930 3264 litigant

326 3296 396 3345 ad
420 3291 685 3356 invicem;
722 3290 972 3361 quoniam
1001 3306 1129 3344 unus
1166 3289 1319 3360 panis
1338 3329 1354 3355 ,
1386 3305 1542 3341 unum
1571 3305 1755 3359 corpus
1786 3288 1930 3343 multi

325 3401 529 3455 sanius.
561 3384 630 3438 Et
652 3398 744 3453 per
774 3382 916 3438 hunc
953 3382 1076 3453 facit
1115 3379 1253 3436 Deus
1294 3381 1443 3436 unius
1462 3381 1599 3436 modi
1623 3380 1849 3435 habitare
1875 3382 1929 3435 in

327 3480 484 3533 domo
509 3476 685 3546 (Psal.
716 3492 886 3544 uvu,
922 3476 1000 3547 7).

388 3573 497 3631 15.
535 3568 691 3638 Quod
739 3580 915 3626 autem
955 3568 1022 3626 ad
1068 3569 1294 3625 invicem
1335 3568 1600 3640 litigantes
1644 3578 1924 3639 quaerunt,

326 3663 605 3735 quomodo
633 3664 801 3734 possit
824 3662 1079 3721 Dominus
1116 3676 1330 3718 carnem
1357 3676 1510 3718 suam
1539 3660 1668 3715 dare
1686 3659 1754 3716 ad
1778 3677 1926 3715 man-

326 3753 636 3810 ducandum
658 3796 675 3822 ,
705 3769 813 3809 non
837 3754 1014 3809 statim
1042 3752 1262 3808 audiunt
1289 3771 1301 3805 :
1343 3751 1438 3807 sed
1477 3752 1650 3807 adhuc
1687 3754 1767 3808 eis
1789 3751 1923 3808 dici-

326 3856 440 3913 tur,
471 3848 651 3912 Amen,
680 3862 824 3900 amen
846 3845 958 3900 dico
980 3845 1144 3910 vobis,
1167 3844 1266 3899 nisi
1288 3842 1710 3897 manducaveritis
1726 3859 1927 3898 carnem

329 3938 461 4004 Filii
486 3936 734 4006 hominis,
775 3949 820 3993 et
848 3936 1064 3993 biberitis
1093 3938 1202 4008 ejus
1229 3936 1521 4007 sanguinem
1542 3977 1560 4004 ,
1591 3953 1691 3989 non
1720 3932 1924 3989 habebi-

327 4026 396 4085 tis
420 4031 579 4084 vitam
606 4029 659 4082 in
689 4029 844 4084 vobis.
862 4027 1141 4096 Quomodo
1175 4026 1389 4098 quidem
1432 4025 1639 4089 edatur,
1680 4034 1734 4080 et
1775 4026 1924 4098 quis-

328 4136 458 4177 nam
486 4120 677 4176 modus
701 4121 773 4176 sit
797 4117 1152 4175 manducandi
1184 4118 1342 4173 istum
1385 4134 1604 4189 panem,
1637 4118 1920 4189 ignoratis;

328 4223 706 4270 verumtamen
758 4211 859 4268 nisi
898 4211 1315 4267 ntanducaveritis
1350 4228 1551 4265 carnem
1592 4208 1717 4264 Filii
1757 4212 1921 4266 homi-

330 4307 442 4375 nis,
489 4316 538 4361 et
585 4306 803 4361 bibet-itis
843 4306 953 4377 ejus
994 4306 1309 4377 sanguinem,
1352 4321 1453 4359 non
1494 4305 1732 4363 habebitis
1772 4307 1924 4360 vitam

330 4399 387 4452 in
427 4399 590 4453 vobis.
630 4397 755 4452 llaec
790 4413 896 4452 non
934 4397 1115 4466 utique
1152 4393 1528 4463 cadaveribus,
1562 4396 1655 4451 sed
1695 4396 1923 4451 viventi-

330 4489 434 4547 bus
468 4489 805 4561 loquebatur.
840 4488 1026 4555 Unde,
1067 4504 1134 4544 ne
1178 4487 1332 4542 istam
1371 4488 1528 4542 vitam
1571 4488 1923 4560 intelligentes

331 4591 391 4639 et
416 4584 488 4638 de
512 4582 616 4638 hac
650 4598 710 4638 re
746 4581 1048 4654 litigarem,
1079 4589 1290 4638 secutus
1323 4581 1596 4651 adjunxit,
1633 4582 1733 4648 Qui
1775 4579 1922 4637 maii-

333 4674 491 4728 dmst
532 4690 700 4727 meam
740 4689 961 4737 carnem,
992 4681 1037 4726 et
1072 4672 1189 4726 bibit
1224 4689 1385 4726 meum
1429 4674 1743 4744 sanguinem,
1778 4674 1924 4727 habet

331 4770 491 4837 οἰωρι
509 4776 770 4822 «sternam.
797 4766 942 4820 llanc
961 4780 1089 4836 ergo
1110 4781 1213 4821 non
1237 4765 1416 4832 habet,
1436 4765 1525 4836 qui
1554 4767 1710 4821 istum
1735 4782 1923 4836 panem

333 4874 444 4914 non
454 4858 763 4924 manducat,
778 4872 876 4912 nec
892 4857 1050 4912 istum
1068 4857 1376 4928 sanguinem
1396 4856 1525 4911 bibit
1549 4874 1561 4909 :
1584 4873 1707 4913 nam
1729 4867 1928 4929 tempo-

331 4952 503 5007 ralem
522 4948 683 5007 vitam
701 4950 816 5004 sine
836 4948 926 5003 illo
942 4947 1136 5004 habere
1157 4948 1398 5004 homines
1416 4959 1656 5018 possunt,
1672 4960 1924 5006 teternam

333 5057 465 5099 vero
493 5041 713 5097 omnino
750 5055 856 5095 non
909 5047 1147 5110 possunt.
1196 5039 1294 5107 Qui
1337 5055 1463 5110 ergo
1505 5055 1611 5095 non
1642 5041 1925 5096 manducat

333 5138 451 5207 ejus
481 5150 697 5193 caruerit
716 5176 734 5204 ,
762 5150 867 5192 nec
888 5134 1021 5190 bibit
1048 5134 1165 5203 ejus
1190 5136 1524 5204 sanguinem,
1557 5151 1662 5190 non
1691 5136 1850 5191 habet
1869 5136 1923 5191 in

334 5244 392 5284 se
412 5230 580 5282 vitam
609 5245 623 5281 :
652 5236 712 5283 et
734 5227 827 5298 qui
854 5225 1138 5283 manducat
1160 5225 1275 5296 ejus
1299 5241 1542 5292 carnem,
1570 5235 1625 5283 et
1653 5228 1785 5282 bibit
1806 5228 1923 5297 ejus

335 5321 685 5394 sanguinem,
718 5320 879 5375 habet
922 5320 1104 5375 vitam.
1152 5319 1234 5375 Ad
1282 5327 1563 5390 utrumque
1612 5329 1788 5374 autem
1833 5336 1922 5376 ω·-

336 5412 568 5482 spondet
591 5411 733 5483 quod
758 5410 913 5477 dixit,
939 5420 1200 5466 retentam.
1228 5408 1343 5465 Non
1372 5409 1442 5464 ita
1471 5418 1554 5465 est
1575 5410 1626 5464 in
1654 5410 1755 5465 hac
1778 5425 1920 5476 esca,

338 5519 500 5574 quam
520 5502 887 5560 sustentandae
913 5501 1073 5572 hujus
1100 5501 1406 5573 temporalis
1427 5501 1548 5554 vita:
1570 5516 1729 5557 causa
1754 5504 1922 5554 sumi-

337 5612 479 5652 mus.
505 5595 641 5653 Nam
669 5597 762 5669 qui
785 5612 904 5653 eam
925 5610 1032 5652 non
1057 5595 1365 5667 sumpserit,
1394 5610 1501 5649 non
1520 5595 1700 5649 vivet:
1721 5610 1820 5649 nec
1849 5604 1925 5649 ta-

335 5702 462 5745 men
481 5690 572 5760 qui
592 5704 711 5744 eam
742 5688 1046 5759 sumpserit,
1065 5688 1223 5743 vivet.
1246 5686 1391 5745 Fieri
1410 5688 1553 5741 enim
1582 5694 1755 5754 potest
1772 5695 1825 5741 ut
1842 5702 1925 5743 se-

339 5797 451 5851 u»,
476 5782 565 5837 vel
586 5782 810 5850 morbo.
840 5782 927 5841 uel
946 5782 1132 5852 aliquo
1169 5796 1328 5847 casu,
1368 5779 1586 5851 plurimi
1605 5788 1663 5835 et
1688 5795 1776 5850 qut
1805 5794 1924 5834 eam

335 5898 420 6012 ως
448 5896 1011 6010 ιέῗὰθοθωητεάαι,
1037 5895 1368 5961 uiuatbtneo,
1406 5898 1468 5948 de
1492 5904 1621 5957 Deo;
1654 5907 1918 5960 mpure

323 5995 437 6030 δ”)

1467 440 1878 547 TnAcl‘A'ms
1915 479 2103 545 XXVI.
2144 488 2371 549 CAPUT
2411 492 2501 550 v1.

3500 454 3641 565 τιςιὶ

2068 608 2391 677 sumpserint
2416 606 2729 664 moriantur.
2752 602 2812 665 In
2833 609 2934 668 hoc
2950 625 3081 667 vero
3106 609 3227 668 cibo
3242 619 3300 670 et
3320 623 3469 686 potu,
3494 617 3543 671 id
3562 622 3642 677 est

2060 712 2281 769 corpore
2309 708 2362 755 et
2390 702 2644 773 sanguine
2673 698 2911 770 Domini,
2945 721 3050 760 non
3076 706 3147 762 ita
3176 714 3275 763 est.
3308 707 3439 764 Nam
3469 716 3525 766 et
3553 714 3642 783 qui

2058 805 2175 845 eam
2216 808 2321 847 non
2353 795 2542 861 sumit,
2567 813 2672 854 non
2702 796 2863 854 habet
2891 794 3051 855 vitam
3081 808 3175 858 :et
3197 801 3285 875 qui
3313 817 3429 859 eam
3456 805 3644 877 sumit,

2058 883 2213 939 habet
2252 884 2443 953 vitam,
2470 897 2525 943 et
2552 889 2686 945 hanc
2723 892 2903 963 utique
2947 903 3223 949 asternam.
3272 894 3425 955 Hunc
3463 897 3644 971 itaque

2052 974 2230 1030 cibum
2258 986 2311 1033 et
2339 988 2518 1050 potum
2551 983 2858 1038 societatem
2912 982 3023 1040 vult
3064 984 3287 1058 intelligi
3315 989 3556 1061 corporis
3587 998 3641 1045 et

2051 1069 2412 1127 membrorum
2454 1088 2701 1141 suorum,
2743 1076 2883 1147 quod
2936 1087 3019 1133 est
3067 1088 3247 1134 sancta
3299 1080 3637 1139 Ecclesia'in

2050 1160 2439 1227 prmdestinatis
2467 1173 2521 1220 et
2547 1166 2748 1221 vocatis
2767 1210 2781 1235 ,
2810 1177 2862 1222 et
2882 1166 3183 1239 justiﬁcatis
3206 1213 3221 1239 ,
3253 1180 3305 1227 et
3329 1170 3639 1245 gloriﬁcalis

2049 1254 2264 1317 sanctis,
2291 1263 2344 1308 et
2371 1254 2609 1312 fidelibus
2633 1258 2768 1328 ejus.
2800 1258 3034 1328 Quorum
3056 1262 3281 1333 primum
3305 1261 3413 1335 jam
3439 1258 3634 1324 factum

2046 1351 2156 1408 est,
2190 1344 2240 1398 id
2271 1355 2385 1412 est,
2415 1347 2811 1417 praedestiuatio
2844 1369 2856 1405 :
2886 1352 3175 1408 secundum
3221 1363 3276 1411 et
3314 1354 3522 1413 tertium
3554 1354 3633 1413 l'a-

2045 1442 2188 1488 ctum
2217 1444 2317 1502 est,
2346 1446 2400 1491 et
2431 1439 2512 1505 lit,
2545 1449 2598 1494 et
2623 1439 2732 1508 fiet,
2763 1440 2814 1495 id
2839 1451 2948 1507 est,
2978 1443 3181 1498 vocatio
3206 1453 3258 1500 et
3283 1440 3592 1515 justiﬂcatio
3618 1465 3631 1501 :

2044 1533 2289 1593 quartum
2319 1544 2447 1584 vero
2484 1546 2628 1586 nunc
2656 1528 2708 1586 in
2736 1547 2831 1602 spe
2857 1542 2971 1599 est,
3004 1534 3054 1588 in
3094 1550 3156 1591 re
3194 1544 3370 1601 autem
3395 1537 3631 1595 futurum

2044 1627 2157 1684 est,
2191 1620 2239 1673 id
2268 1631 2342 1675 est
2371 1663 2384 1689 ,
2413 1622 2747 1694 gloriﬁcatio.
2792 1624 2959 1696 Hujus
2989 1627 3064 1682 rei
3107 1624 3507 1685 Sacramentum
3528 1674 3545 1700 ,
3578 1626 3631 1688 id

2041 1719 2144 1776 est,
2168 1711 2383 1768 unitatis
2412 1715 2652 1787 corporis
2681 1726 2733 1772 et
2762 1715 3032 1787 sanguinis
3060 1717 3261 1775 Christi
3288 1720 3476 1778 alicubi
3496 1737 3630 1793 quo-

2041 1802 2196 1868 tidie,
2239 1805 2431 1862 alicubi
2474 1809 2633 1863 certis
2684 1809 2973 1865 intervallis
3017 1807 3223 1866 dierum
3266 1812 3318 1867 in
3361 1813 3630 1872 dominica

2041 1908 2222 1948 mensa
2266 1907 2613 1967 praeparatur,
2656 1908 2711 1955 et
2747 1898 2813 1954 de
2842 1915 3026 1954 mensa
3065 1900 3331 1959 dominica
3373 1902 3630 1975 sumitur;

2039 1984 2356 2055 quibusdam
2385 1987 2450 2043 ad
2479 1991 2659 2057 vitam,
2683 1990 2996 2062 quihusdam
3023 1992 3088 2048 ad
3109 1993 3328 2050 exitium
3354 2013 3368 2051 :
3391 2012 3478 2052 res
3503 2012 3633 2053 vero

2040 2080 2153 2149 ipsa
2181 2081 2333 2152 cujus
2375 2093 2763 2140 sacramentum
2792 2095 2901 2151 est,
2931 2088 3071 2141 omni
3100 2087 3302 2144 homini
3341 2089 3406 2146 ad
3433 2093 3628 2163 vitam,

2040 2170 2171 2225 nulli
2201 2171 2266 2227 ad
2294 2173 2514 2229 exitium
2533 2216 2547 2240 ,
2576 2177 2896 2248 quicumque
2922 2178 3036 2249 ejus
3068 2181 3334 2253 particeps
3358 2180 3538 2239 fuerit.

2041 2350 2053 2359 ⁸
2111 2266 2197 2321 16.
2226 2264 2303 2322 Ne
2327 2278 2504 2324 autem
2534 2281 2777 2339 putarent
2808 2271 2885 2329 sic
2910 2273 2961 2326 in
2995 2273 3098 2327 isto
3124 2272 3244 2328 cibo
3270 2285 3323 2330 et
3353 2285 3477 2348 potu
3500 2294 3628 2350 pro-

2037 2359 2173 2413 mitti
2204 2359 2364 2415 vitam
2402 2372 2686 2429 aeternam,
2722 2372 2779 2416 ut
2808 2364 2895 2434 qui
2925 2380 3040 2419 eam
3071 2377 3373 2435 sumerent,
3400 2368 3508 2439 jam
3531 2386 3631 2427 nec

2038 2465 2261 2521 corpore
2311 2462 2673 2519 morerentur;
2725 2454 2847 2510 huic
2888 2457 3194 2527 cogitationi
3246 2458 3492 2530 dignatus
3547 2472 3631 2518 est

2039 2556 2339 2600 occurrere.
2386 2542 2516 2599 Nam
2563 2561 2682 2601 cum
2736 2545 2993 2615 dixisset,
3049 2547 3147 2617 Qui
3175 2553 3442 2608 manducat
3468 2571 3629 2609 meam

2038 2650 2270 2701 carnem,
2313 2645 2358 2690 et
2402 2637 2519 2693 bibit
2572 2656 2739 2693 meum
2769 2642 3092 2711 sanguinem,
3138 2640 3285 2699 habet
3305 2647 3457 2702 vitam
3484 2658 3631 2705 mter-

2036 2742 2193 2791 nam;
2239 2728 2493 2783 continuo
2536 2729 2793 2801 subjecit,
2843 2731 2913 2786 Et
2955 2750 3046 2807 ego
3085 2737 3390 2792 resuscitabo
3436 2756 3549 2793 eum
3574 2741 3627 2795 in

2037 2821 2304 2875 novissimo
2327 2822 2423 2875 die.
2471 2821 2541 2877 Ut
2568 2822 2759 2879 habeat
2806 2826 3018 2905 interim
3063 2826 3352 2891 secundum
3380 2830 3623 2903 spiritum

2033 2914 2195 2967 vitam
2211 2922 2464 2969 aeternam
2491 2914 2542 2969 in
2565 2915 2767 2987 requie,
2788 2933 2905 2987 qua:
2931 2927 3234 2974 sanctorum
3254 2922 3471 2991 spiritus
3499 2937 3621 2979 sus-

2035 3007 2159 3075 cipit
2190 3026 2202 3061 :
2234 3004 2374 3078 quod
2417 3017 2593 3063 autem
2640 3007 2705 3062 ad
2746 3024 2941 3079 corpus
2991 3011 3205 3077 attinet,
3243 3029 3343 3069 nec
3372 3014 3488 3084 ejus
3513 3018 3619 3071 vita

2034 3105 2230 3152 interna
2280 3097 2575 3167 fraudetur,
2604 3096 2700 3155 sed
2743 3100 2797 3156 in
2847 3102 3240 3159 resurrectione
3283 3114 3622 3162 mortuorum

2037 3188 2326 3245 novissimo
2348 3191 2453 3248 die.

2108 3281 2195 3336 l7.
2238 3279 2366 3336 Caro
2387 3282 2518 3336 enim
2540 3298 2652 3337 mea
2671 3326 2686 3351 ,
2713 3284 2877 3355 inquit
2899 3328 2913 3352 ,
2945 3301 3056 3340 vere
3075 3296 3146 3341 est
3170 3287 3328 3354 cibus,
3351 3296 3397 3343 ct
3420 3292 3627 3363 sanguis

2032 3389 2172 3427 meus
2195 3389 2307 3428 vere
2341 3383 2415 3427 est
2452 3384 2616 3445 potus.
2664 3372 2797 3429 Cum
2825 3376 2965 3431 enim
3001 3376 3119 3433 cibo
3146 3388 3198 3453 et
3222 3389 3350 3452 potu
3381 3378 3432 3436 id
3459 3396 3625 3459 appe~

2035 3471 2143 3519 tant
2184 3463 2454 3531 homines,
2500 3474 2557 3522 ut
2609 3482 2712 3523 non
2761 3469 3030 3535 esuriant,
3072 3487 3239 3543 neque
3279 3472 3493 3542 sitiant;
3523 3475 3625 3533 hoc

2031 3559 2290 3611 veraciter
2315 3572 2420 3611 non
2453 3565 2669 3627 praestat
2690 3557 2791 3613 nisi
2824 3559 2923 3614 iste
2952 3560 3103 3615 cibus
3129 3569 3182 3616 et
3209 3572 3362 3632 potus
3382 3608 3397 3632 ,
3421 3567 3625 3636 quieos

2030 3664 2060 3704 a
2082 3650 2272 3721 quibus
2291 3650 2540 3718 sumitur,
2564 3651 2893 3708 immortales
2913 3661 2964 3708 et
2985 3654 3411 3726 incorruptibiles
3438 3659 3563 3717 facit
3578 3664 3621 3730 ',

2031 3744 2081 3797 id
2112 3753 2195 3799 est
2213 3742 2438 3799 societas
2464 3744 2577 3814 ipsa
2614 3753 2916 3800 sanctorum
2936 3787 2951 3813 ,
2991 3744 3077 3802 ubi
3110 3764 3216 3819 pax
3244 3751 3348 3805 erit
3370 3759 3424 3806 et
3450 3755 3622 3810 unitas

2030 3837 2184 3904 plena
2215 3844 2373 3907 atque
2413 3833 2663 3906 perfecta.
2710 3836 2998 3908 Pr0pterea
3036 3838 3230 3911 quippe
3251 3884 3266 3909 ,
3296 3844 3431 3898 sicut
3459 3846 3619 3901 etiam

2028 3936 2151 3982 ante
2187 3942 2287 3981 nos
2332 3928 2431 3982 hoc
2475 3926 2849 3983 intellexerunt
2890 3928 3135 3986 homines
3180 3928 3304 4001 Dei,
3363 3932 3619 3991 Dominus

2029 4029 2212 4075 noster
2233 4020 2390 4075 Jesus
2405 4018 2656 4076 Christus
2698 4035 2893 4093 corpus
2937 4029 2991 4078 et
3042 4024 3351 4096 sanguinem
3386 4043 3539 4083 suum
3566 4030 3620 4087 in

2028 4115 2107 4169 eis
2126 4114 2284 4169 rebus
2299 4112 2712 4181 commendavit,
2731 4132 2847 4185 quae
2873 4116 2938 4171 ad
2959 4132 3117 4172 unum
3149 4114 3343 4191 aliquid
3371 4120 3621 4193 redigun-

2027 4214 2114 4260 tur
2141 4220 2207 4261 ex
2232 4205 2433 4261 multis.
2457 4205 2696 4277 Namque
2716 4206 2858 4262 aliud
2877 4207 2930 4262 in
2953 4225 3114 4264 unum
3144 4226 3209 4265 ex
3237 4211 3414 4266 multis
3441 4217 3620 4284 granis

2028 4300 2191 4354 conlit
2224 4316 2237 4353 :
2268 4299 2407 4353 aliud
2449 4300 2502 4354 in
2548 4316 2708 4354 unum
2753 4316 2818 4355 ex
2860 4301 3040 4356 multis
3078 4302 3243 4358 acinis
3268 4304 3487 4360 conﬂuit
3519 4304 3618 4379 (α).

2100 4394 2186 4448 18.
2232 4394 2465 4464 Denique
2484 4395 2597 4464 jam
2630 4395 2847 4465 exponit
2885 4398 3152 4468 quomodo
3175 4399 3227 4454 id
3255 4396 3351 4455 ﬁat
3376 4402 3516 4473 quod
3542 4403 3622 4459 lo-

2027 4485 2226 4554 quitur,
2256 4492 2308 4539 et
2332 4484 2457 4555 quid
2486 4487 2555 4540 sit
2584 4486 2901 4563 manducare
2929 4504 3123 4559 corpus
3143 4489 3292 4561 ejus,
3323 4502 3377 4549 et
3409 4497 3623 4567 sangui-

2027 4593 2150 4631 nem
2200 4578 2401 4632 bibere.
2456 4577 2557 4644 Qui
2596 4581 2867 4634 niauducat
2913 4598 3116 4638 carnem
3154 4602 3348 4656 meam,
3399 4597 3446 4644 et
3500 4592 3622 4646 bibit

2027 4685 2191 4722 meum
2214 4669 2507 4740 sanguinem
2524 4712 2536 4735 ,
2564 4671 2615 4723 in
2652 4689 2729 4725 me
2766 4682 2964 4742 manet,
2992 4686 3040 4730 et
3065 4692 3154 4748 ego
3177 4678 3228 4732 in
3255 4678 3367 4735 illo.
3403 4680 3513 4737 Hoc
3539 4695 3621 4738 est

2028 4774 2156 4828 ergo
2184 4760 2501 4815 manducare
2531 4762 2673 4815 illam
2704 4778 2882 4818 eseam
2905 4806 2920 4831 ,
2947 4774 3001 4821 et
3028 4767 3171 4821 illum
3199 4768 3380 4826 bibere
3405 4780 3612 4843 potum,

2029 4850 2081 4905 in
2104 4851 2315 4906 Christo
2341 4867 2585 4918 manere,
2617 4861 2671 4908 et
2709 4854 2854 4908 illum
2886 4866 3189 4913 manentem
3226 4859 3276 4914 in
3315 4876 3373 4915 se
3401 4861 3614 4916 habere.

2029 4943 2106 4997 Ac
2136 4958 2231 5011 per
2265 4942 2365 4996 hoc
2394 4944 2482 5013 qui
2512 4958 2617 4998 non
2650 4956 2828 5000 manet
2860 4945 2912 5001 in
2938 4947 3178 5015 Christo,
3202 4959 3258 5006 et
3285 4952 3335 5005 in
3372 4968 3476 5021 quo
3509 4966 3615 5005 non

2029 5041 2208 5089 manet
2232 5030 2497 5102 Christus,
2522 5036 2703 5105 procul
2728 5036 2889 5092 dubio
2914 5054 3012 5094 nec
3036 5041 3320 5097 manducat
3349 5041 3618 5115 [spiritua-

2030 5125 2169 5200 liter]
2197 5142 2411 5184 carnem
2450 5129 2599 5199 ejus,
2628 5144 2729 5185 nec
2752 5129 2884 5185 bibit
2924 5123 3042 5203 ej’us
3076 5135 3425 5205 sanguinem,
3464 5133 3617 5208 {licet

2028 5220 2313 5275 carnaliter
2338 5230 2391 5275 et
2414 5221 2689 5276 visibililer
2710 5232 2921 5293 premat
2939 5223 3183 5280 dentibus
3204 5224 3610 5283 Sacramentum

2029 5313 2267 5382 corporis
2303 5322 2357 5367 et
2393 5313 2662 5382 sanguinis
2688 5314 2885 5369 Christi
2908 5313 2968 5387 :]
3004 5316 3097 5370 sed
3148 5317 3316 5387 magis
3354 5326 3516 5375 tame
3540 5324 3615 5377 rei

2030 5405 2432 5462 Sacramentum
2472 5407 2537 5461 ad
2572 5407 2826 5478 judicium
2877 5407 2977 5462 sibi
3027 5407 3312 5465 manducat
3349 5421 3403 5466 et
3448 5412 3614 5483 bibit,

2029 5499 2150 5569 quia
2178 5498 2481 5553 immundus
2531 5499 2868 5570 praesumpsit
2903 5499 2969 5553 ad
3002 5499 3200 5557 Christi
3229 5504 3488 5562 accedere
3515 5504 3617 5562 Sa-

2029 5598 2337 5656 cramenta,
2384 5605 2501 5661 quae
2540 5589 2731 5658 aliquis
2782 5604 2888 5645 non
2934 5590 3090 5662 digne
3130 5594 3331 5663 sumit,
3380 5596 3481 5652 nisi
3525 5600 3618 5669 qui

2017 5674 2262 5736 mundus
2301 5691 2413 5748 est;
2456 5680 2523 5737 de
2553 5682 2742 5751 quibus
2776 5680 2992 5751 dicitur,
3035 5681 3183 5741 Beati
3206 5688 3396 5745 mundo
3420 5688 3575 5745 corde

2033 5836 2533 6022 “ﬁﬁqc’iﬁm
2564 5897 2623 5947 ad
2646 5898 2901 5964 caecilium,
2929 5903 3070 5966 epist.
3110 5904 3190 5969 63,
3217 5913 3270 5958 et
3287 5905 3350 5957 ad
3386 5914 3621 5974 magnum,
