4082 6466
461 415 604 474 1615

460 532 700 609 quoniam
725 528 823 601 ipsi
850 527 1014 587 Deum
1035 522 1270 585 videbunt
1289 523 1309 556 ί
1339 521 1551 594 (Matth.
1578 537 1634 587 v,
1661 519 1741 592 8).

533 627 621 681 19.
664 624 837 690 Sicut,
870 623 1064 694 inquit,
1092 620 1228 674 misit
1251 633 1328 672 me
1352 618 1517 671 vivens
1543 615 1715 683 Pater,
1742 623 1790 669 et
1812 631 1902 687 ego
1935 614 2044 670 vivo

459 726 666 790 prapter
692 714 936 779 Patrem;
970 721 1017 768 et
1034 711 1120 782 qui
1143 707 1412 764 manducat
1441 723 1519 762 me
1539 749 1554 774 ,
1583 715 1630 760 et
1656 707 1764 777 ipse
1780 707 1906 760 vivet
1929 722 2048 776 pro-

458 819 570 878 pter
590 825 686 862 me.
718 805 835 860 Non
864 805 940 860 ait
970 821 985 860 :
1011 803 1160 858 Sicut
1183 798 1444 854 manduco
1473 798 1708 866 Patrem,
1729 807 1784 854 et
1802 813 1901 869 ego
1928 798 2046 852 vive

456 910 675 972 propter
705 899 948 968 Patrem;
990 905 1044 950 et
1078 894 1168 965 qui
1198 891 1483 947 manducat
1508 906 1622 956 me,
1664 899 1719 946 et
1756 891 1871 962 ipse
1903 891 2048 945 vivet

455 1001 676 1066 propter
702 1007 809 1048 me.
842 990 956 1045 Non
983 987 1126 1044 enim
1160 985 1326 1041 Filius
1352 984 1758 1055 participatione
1791 981 1962 1037 Patris
1989 981 2048 1036 ﬁt

457 1085 669 1152 melior,
692 1084 780 1154 qui
809 1091 892 1137 est
917 1088 1070 1134 natus
1091 1077 1343 1149 aequalis;
1373 1078 1509 1132 sicut
1529 1074 1933 1146 participatione
1959 1071 2050 1128 Fi-

455 1176 516 1232 lii
541 1191 639 1247 per
661 1175 914 1230 unitatem
940 1171 1178 1240 corporis
1205 1169 1322 1239 ejus
1347 1177 1400 1224 et
1425 1167 1698 1238 sanguinis
1717 1209 1731 1233 ,
1775 1166 1915 1236 quod
1959 1166 2048 1220 illa

456 1267 805 1325 manducatio
829 1263 1135 1335 potatioque
1173 1259 1454 1330 signiﬁcat,
1487 1274 1586 1314 nos
1612 1259 1871 1319 ellicimur
1887 1260 1908 1290 ³
1933 1272 2048 1312 mc-

455 1360 639 1416 liores.
681 1357 922 1413 Vivimus
957 1369 1086 1425 ergo
1121 1368 1218 1408 nos
1249 1358 1466 1422 propter
1496 1352 1688 1421 ipsum,
1715 1349 2046 1404 manducan-

453 1458 537 1508 tes
564 1465 722 1516 eum;
767 1448 823 1503 id
859 1454 976 1512 est,
1018 1447 1190 1516 ipsum
1223 1442 1545 1513 accipientes
1570 1449 1825 1496 arternam
1849 1441 2044 1509 vitam,

453 1557 615 1615 quam
639 1556 748 1597 non
768 1539 1097 1595 habebamus
1120 1551 1186 1592 ex
1208 1535 1361 1590 nobis
1392 1553 1404 1589 :
1438 1535 1565 1588 vivit
1586 1541 1762 1588 autem
1790 1533 1902 1603 ipse
1924 1548 2047 1603 pro-

451 1643 573 1708 pter
599 1635 812 1690 Patrem
833 1673 847 1699 ,
881 1632 1075 1687 missus
1101 1629 1168 1684 ab
1194 1643 1292 1694 eo;
1337 1627 1457 1697 quia
1483 1626 1826 1695 semetipsum
1859 1625 2045 1680 exina-

452 1726 620 1793 nivit,
647 1725 818 1782 {actus
845 1723 1103 1778 obediens
1142 1735 1307 1790 usque
1331 1718 1398 1773 ad
1423 1728 1648 1773 mortem
1678 1717 1852 1773 crucis
1887 1716 2046 1790 (Plii-

453 1817 584 1890 lipp.
612 1833 686 1886 ιι,
715 1815 794 1887 8).
847 1815 904 1870 Si
945 1813 1087 1869 enim
1129 1811 1422 1867 secundum
1466 1809 1518 1864 id
1553 1809 1880 1880 accipimus,
1921 1807 2044 1862 Vivo

451 1918 661 1981 propter
699 1907 936 1973 Patrem,
976 1903 1118 1976 quod
1160 1903 1283 1957 alibi
1322 1902 1426 1966 ait,
1463 1899 1618 1956 Pater
1655 1902 1822 1972 major
1858 1916 1937 1954 me
1973 1909 2046 1954 est

453 2000 634 2072 (Joan.
666 2015 775 2065 xiv,
805 1997 936 2069 28);
967 1997 1104 2051 sicut
1127 2003 1181 2050 et
1219 2008 1318 2048 nos
1348 1993 1572 2048 vivimus
1593 2000 1812 2062 propter
1842 1991 2039 2060 ipsum,

452 2095 546 2165 qui
573 2092 747 2164 major
771 2099 852 2147 cst
883 2089 1036 2145 nobis
1066 2106 1080 2144 :
1115 2088 1217 2142 hoc
1255 2102 1320 2142 ex
1351 2101 1416 2142 eo
1443 2085 1584 2157 quod
1610 2086 1804 2140 missus
1827 2093 1935 2151 est,
1969 2083 2045 2138 fa-

451 2194 596 2243 ctum
635 2193 738 2241 est.
784 2182 966 2238 Missio
996 2181 1190 2251 quippe
1220 2179 1336 2249 ejus
1363 2177 1654 2234 cxinanitio
1683 2176 2045 2246 suimetipsius

450 2286 566 2347 est,
609 2286 662 2334 et
701 2277 885 2331 formae
908 2273 1116 2330 servilis
1142 2271 1380 2341 acceptio
1413 2288 1426 2325 :
1459 2269 1600 2342 quod
1625 2277 1770 2324 recte
1798 2266 2045 2338 intelligi-

452 2380 561 2438 tur,
589 2378 796 2426 servata
826 2368 986 2424 etiam
1010 2365 1131 2420 Filii
1157 2379 1277 2419 cum
1305 2363 1462 2418 Patre
1488 2362 1790 2432 mqualitate
1818 2368 2041 2414 naturai.

452 2463 622 2536 Major
658 2463 799 2519 enim
827 2469 909 2516 est
937 2459 1094 2515 Pater
1118 2458 1333 2512 homine
1361 2456 1503 2524 lilio,
1537 2456 1631 2510 sed
1657 2455 1913 2526 aequalem
1943 2453 2042 2508 ha-

451 2555 542 2613 bet
563 2555 730 2611 Deum
756 2553 948 2608 Filium
973 2569 985 2606 :
1010 2567 1130 2607 cum
1157 2550 1298 2605 idem
1325 2549 1438 2620 ipse
1459 2549 1528 2602 sit
1547 2557 1601 2603 et
1624 2548 1764 2602 Deus
1786 2555 1840 2603 et
1858 2546 2036 2614 homo,

450 2649 548 2705 Dei
593 2647 760 2702 Filius
785 2654 839 2701 et
867 2644 1098 2700 hominis
1123 2642 1262 2697 ﬁlius
1281 2683 1296 2709 ,
1343 2657 1480 2697 unus
1506 2640 1752 2696 Christus
1778 2640 1952 2696 Jesus.
1986 2638 2043 2694 In

448 2763 612 2821 quam
655 2747 971 2805 sententiam
1000 2745 1044 2799 si
1071 2753 1216 2799 recte
1241 2741 1572 2812 accipiuntur
1609 2739 1724 2794 haec
1748 2739 1906 2794 verba
1926 2779 1942 2804 ,
1970 2737 2041 2791 ita

448 2839 614 2905 dixit,
658 2837 804 2894 Sicut
828 2853 906 2890 me
929 2835 1066 2890 misit
1098 2835 1267 2888 vivens
1294 2831 1467 2897 Pater,
1498 2841 1544 2886 et
1572 2848 1662 2903 ego
1691 2830 1799 2884 vivo
1838 2838 2044 2899 propter

453 2928 693 2995 Patrem;
722 2937 770 2982 et
793 2928 879 2999 qui
901 2926 1174 2980 manducat
1200 2942 1304 2991 me,
1337 2933 1384 2977 et
1412 2924 1521 2995 ipse
1542 2923 1668 2977 vivet
1697 2931 1904 2994 propter
1928 2935 2044 2974 me:

446 3039 512 3081 ac
535 3024 581 3080 si
605 3023 832 3088 diceret,
865 3020 936 3077 Ut
961 3033 1058 3089 ego
1081 3019 1253 3073 vivam
1298 3025 1518 3086 propter
1562 3015 1774 3070 Patrem
1794 3055 1809 3078 ,
1843 3013 1894 3067 id
1926 3021 2038 3076 est,

446 3116 515 3172 ad
537 3115 688 3170 illum
710 3122 958 3184 tanquam
988 3111 1248 3179 majorem
1269 3107 1498 3164 referam
1521 3107 1684 3162 vitam
1705 3121 1902 3172 meam,
1929 3105 2042 3159 exi-

445 3207 648 3264 nanitio
677 3219 794 3261 mea
820 3203 964 3269 fecit,
995 3201 1047 3256 in
1078 3215 1178 3271 qua
1205 3215 1292 3255 me
1321 3199 1495 3264 misit;
1524 3207 1583 3252 ut
1607 3207 1791 3252 autem
1814 3196 2042 3266 quisque

444 3297 589 3354 vivat
613 3303 830 3366 propter
855 3307 960 3358 me,
991 3290 1321 3361 partieipatio
1344 3289 1466 3344 facit
1486 3303 1590 3358 qua
1616 3287 1901 3341 manducat
1927 3302 2036 3341 me.

447 3387 562 3459 Ego
589 3387 767 3458 itaque
795 3383 1103 3443 humiliatus
1128 3383 1250 3436 vivo
1277 3391 1495 3451 propter
1523 3381 1734 3434 Patrem
1753 3419 1770 3445 ,
1802 3377 1889 3433 ille
1919 3393 2041 3434 ere-

444 3490 564 3538 ctus
583 3479 712 3536 vivit
754 3487 971 3548 propter
994 3491 1101 3532 me.
1147 3475 1202 3531 Si
1228 3485 1408 3530 autem
1435 3475 1506 3529 ita
1535 3473 1735 3529 dictum
1761 3481 1872 3541 est,
1913 3470 2038 3526 Vivo

447 3580 652 3646 prapter
690 3569 930 3636 Patrem,
980 3568 1105 3640 quia
1156 3567 1269 3638 ipse
1314 3566 1383 3622 de
1422 3566 1546 3632 illo,
1582 3581 1688 3620 non
1715 3565 1805 3621 ille
1829 3563 1896 3620 de
1925 3565 2040 3636 ipso

443 3674 561 3734 est;
608 3666 724 3721 sine
747 3664 1066 3719 detrimento
1093 3661 1408 3732 aequalitatis
1431 3659 1632 3714 dictum
1661 3669 1762 3714 est.
1803 3658 1913 3714 Nec
1956 3667 2036 3713 ta-

441 3773 568 3817 men
597 3756 823 3812 dicendo
843 3797 857 3821 ,
899 3764 948 3809 et
985 3754 1072 3824 qui
1117 3753 1388 3807 manducat
1419 3769 1498 3806 me
1517 3795 1531 3818 ,
1559 3763 1608 3806 et
1635 3751 1744 3823 ipse
1766 3753 1891 3806 vivet
1918 3768 2040 3821 pro-

444 3859 556 3922 pter
582 3865 678 3915 me,
701 3846 944 3903 eamdem
971 3860 1122 3900 suam
1149 3854 1204 3900 et
1229 3853 1468 3900 nostram
1496 3843 1854 3914 mqualitatem
1877 3843 2043 3914 signi-

447 3939 651 4003 ﬁcavit;
683 3937 776 3992 sed
804 3937 1028 4007 gratiam
1059 3935 1367 3991 mediatoris
1395 3934 1649 3989 ostendit.

515 4030 606 4086 20.
650 4029 750 4083 Hic
792 4038 864 4082 est
913 4029 1057 4098 panis
1081 4028 1167 4097 qui
1213 4028 1276 4082 de
1318 4027 1442 4080 caelo
1473 4025 1728 4080 descendit
1761 4041 1780 4079 .°
1807 4034 1866 4080 ut
1891 4025 2038 4080 illum

444 4119 814 4176 manducando
841 4118 1080 4172 vivamus
1099 4157 1113 4182 ,
1158 4117 1282 4186 quia
1321 4125 1574 4172 teternam
1603 4117 1764 4170 vitam
1789 4131 1856 4171 ex
1884 4117 2037 4171 nobis

445 4212 644 4268 habere
673 4227 778 4264 non
806 4223 1108 4279 possumus.
1143 4206 1265 4260 Non
1285 4209 1447 4274 sicut,
1475 4207 1674 4276 inquit,
1698 4207 2037 4262 manducaue-

443 4314 562 4360 runt
590 4313 754 4375 patres
792 4302 938 4358 vestri
964 4317 1179 4364 manna,
1220 4308 1268 4352 et
1312 4299 1494 4352 mortui
1522 4306 1638 4352 sunt
1667 4313 1686 4352 :
1714 4299 1799 4369 qui
1825 4299 2042 4354 mandu-

447 4406 529 4452 cat
556 4397 688 4449 hunc
713 4410 909 4466 panem,
934 4393 1058 4447 vivet
1085 4393 1138 4445 in
1163 4400 1422 4446 aeternum.
1452 4389 1604 4456 Quod
1634 4405 1760 4460 ergo
1787 4389 1864 4444 illi
1893 4405 2040 4446 mor-

449 4488 528 4544 tui
557 4495 715 4554 sunt,
740 4487 812 4541 ita
831 4484 943 4540 vult
963 4483 1183 4554 intelligi
1204 4525 1218 4548 ,
1253 4491 1309 4537 ut
1335 4497 1439 4537 non
1468 4483 1647 4535 vivant
1674 4481 1725 4535 in
1753 4490 2034 4537 aeternum.

451 4579 585 4634 Nam
612 4577 979 4647 temporaliter
1001 4585 1055 4630 et
1083 4575 1136 4628 hi
1158 4573 1395 4644 profecto
1421 4573 1737 4641 morientur,
1770 4573 1859 4644 qui
1885 4572 2040 4628 Chri-

453 4680 594 4728 stum
626 4670 946 4725 mandncant
976 4686 988 4722 :
1021 4668 1115 4724 sed
1137 4669 1318 4723 vivunt
1341 4667 1393 4721 in
1419 4675 1678 4723 aeternum
1697 4708 1712 4732 ,
1740 4666 1861 4736 quia
1882 4666 2037 4723 Chri-

451 4772 568 4820 stus
595 4770 678 4820 est
700 4763 806 4817 vita
833 4768 1050 4816 aeterna.

918 4873 1326 4930 TRACTATUS
1361 4871 1572 4929 XXVII.

447 4972 524 5028 Ab
544 4989 601 5026 eo
617 4970 752 5042 quod
775 4970 1022 5042 scriptum
1048 4978 1140 5032 est,
1174 4967 1298 5021 Hasc
1318 4966 1451 5020 dixit
1477 4966 1528 5020 in
1555 4979 1822 5042 synagoga
1838 4964 2035 5042 docens

518 5036 739 5099 sabbato
774 5042 824 5095 in
865 5036 1270 5110 Capharnaum;
1317 5054 1474 5106 usque
1520 5036 1686 5101 adid,
1741 5037 1867 5110 llle_
1892 5036 2034 5110 enim

520 5115 812 5168 traditurus
843 5106 960 5166 erat
983 5126 1124 5175 eum,
1153 5125 1274 5162 cum
1300 5118 1443 5164 esset
1469 5123 1606 5162 unus
1634 5122 1701 5161 ex
1729 5106 2030 5162 duodecim.

519 5185 646 5254 Cap.
673 5201 744 5249 vr,
795 5184 829 5254 ᾗ
858 5223 869 5236 .
900 5181 1082 5237 60-72.

522 5277 576 5330 1.
619 5277 789 5332 Verba
837 5274 1045 5330 Domini
1089 5289 1151 5328 ex
1198 5271 1519 5340 Evangelio,
1573 5285 1690 5339 qua:
1727 5283 2034 5325 sermonem

508 5410 527 5440 ί
553 5409 626 5456 sic
650 5407 766 5457 editi
793 5407 1017 5467 quidam;
1043 5412 1091 5456 at
1113 5403 1399 5467 Mss.gnostri
1421 5414 1594 5467 omnes
1613 5401 1796 5467 habent
1816 5401 1910 5467 hoc
1929 5413 2032 5449 mo-

509 5423 527 5440 ¹
553 5423 626 5456 510
650 5423 766 5457 eum
829 5423 1017 5467 mnam;
1043 5423 1091 5456 at
1115 5423 1218 5454 MSS.
1247 5423 1399 5452 uosu‘t
1421 5423 1594 5451 υιιιιιιςδ
1613 5423 1796 5449 uanum.
1819 5423 1910 5449 ιιυυ
1929 5423 2029 5449 qu-

444 5472 538 5535 do:
567 5478 659 5535 nec
676 5423 934 5535 numquam
957 5481 1152 5518 carnem
1184 5466 1311 5535 ejus,
1344 5477 1430 5535 nec
1602 5462 1712 5535 ejus
1729 5463 2029 5535 sanguinem,

441 5531 630 5585 etiamsi
652 5537 796 5580 tanta:
819 5531 890 5580 rei
927 5523 1274 5580 sacramentum
1300 5523 1364 5576 ad
1387 5523 1629 5583 iudicium
1651 5523 1741 5574 sibi
1776 5523 2034 5574 manducet

442 5601 490 5648 et
511 5593 652 5644 bibat.
675 5589 820 5651 sicut,
843 5593 1009 5655 inquit,
1029 5589 1155 5642 misit
1169 5603 1256 5655 me
1265 5589 1425 5655 vivam
1439 5594 1596 5655 Pater,
1623 5595 1741 5645 etc.,
1759 5592 2032 5655 careatque

444 5657 609 5708 verbis
630 5649 842 5712 caeteris,
880 5649 1091 5718 qumbic
1123 5650 1304 5718 ansulis
1325 5649 1704 5718 concluduntur;
1737 5660 1848 5718 quze
1880 5649 2031 5697 verba

445 5719 578 5768 nullo
602 5719 746 5765 etiam
793 5730 821 5764 c
864 5715 966 5764 suis
1135 5715 1371 5764 contineri
1405 5717 1642 5762 testantur
1666 5715 2026 5758 tevarnienses:

446 5781 686 5831 habentur
730 5779 832 5841 ipsa
876 5778 925 5826 in
969 5776 1109 5825 Beda:
1152 5782 1204 5826 et
1245 5775 1428 5826 Alcuini
1467 5771 1828 5824 Commentariis
1881 5784 2031 5834 super

443 5853 588 5894 toann
595 5856 689 5891 ιιιιι.

511 5908 531 5938 ³
548 5912 606 5954 ω
627 5903 850 5954 omnibus
871 5900 978 5952 fere
997 5905 1127 5962 Mss,
1148 5911 1233 5950 nos
1253 5895 1410 5964 eﬂicit.

1374 406 1443 465 IN
1479 401 1758 464 JOANNIS
1795 385 2784 474 svaucsuuu,s;imcusr1m

3587 407 3726 466 1616

2157 518 2438 589 pristinum
2463 528 2880 593 consequuntur,
2903 520 3217 589 audivimus.
3265 521 3402 580 Hinc
3437 536 3615 581 sermo
3639 526 3735 584 de-

2152 614 2311 672 betur
2355 617 2575 674 auribns
2617 625 2672 674 et
2715 618 2983 675 mentibus
3006 620 3233 689 vestris,
3259 627 3314 677 et
3341 619 3603 677 hodierno
3627 620 3736 678 diei

2153 724 2260 765 non
2291 711 2626 780 importunus
2651 720 2733 768 est
2762 728 2776 766 :
2807 720 2892 768 est
2915 712 3059 768 enim
3102 712 3172 770 de
3218 727 3442 784 corpore
3485 713 3731 782 Domini,

2153 802 2296 872 quod
2323 801 2534 858 dicebat
2556 818 2614 860 se
2637 803 2766 860 dare
2793 803 2859 858 ad
2885 803 3309 860 manducandum
3339 814 3556 878 propter
3581 815 3736 862 aeter-

2153 907 2276 947 nam
2303 892 2483 948 vitam.
2514 893 2771 963 Exposuit
2793 901 2971 950 autem
2997 894 3212 950 modum
3240 896 3599 952 attributionis
3635 895 3739 952 hu-

2148 982 2237 1055 jus
2265 992 2320 1039 et
2345 983 2470 1039 doni
2497 985 2582 1040 sui
2599 1027 2613 1051 ,
2643 985 2908 1056 quomodo
2932 983 3084 1042 daret
3103 1001 3316 1042 carnem
3338 1001 3489 1042 suam
3515 986 3739 1041 mandu-

2152 1089 2305 1142 care,
2339 1075 2550 1143 dicens,
2604 1076 2703 1144 Qui
2748 1077 3022 1132 manducat
3059 1094 3262 1133 carnem
3305 1095 3504 1144 meam,
3537 1086 3586 1132 et
3623 1078 3742 1132 bibit

2151 1169 2447 1239 sanguinem
2467 1186 2650 1238 meum,
2681 1169 2734 1224 in
2762 1187 2840 1224 me
2864 1179 3050 1238 manet,
3068 1179 3116 1225 et
3137 1187 3231 1241 ego
3253 1171 3307 1225 in
3335 1171 3424 1225 illo
3456 1170 3634 1242 (Joan.
3661 1185 3736 1236 vr,

2152 1259 2266 1331 57).
2294 1258 2511 1330 Signum
2532 1261 2654 1331 quia
2683 1261 3018 1318 manducavit
3041 1272 3096 1319 et
3119 1262 3251 1318 bibit
3273 1262 3377 1318 hoc
3404 1270 3514 1330 est,
3547 1262 3592 1316 si
3622 1277 3739 1317 ma-

2151 1359 2244 1406 net
2270 1359 2324 1407 et
2347 1360 2610 1418 manetur,
2639 1352 2684 1407 si
2711 1351 2914 1408 habitat
2951 1361 3006 1408 et
3033 1352 3376 1419 inhabitatur,
3409 1352 3454 1408 si
3485 1352 3652 1407 haeret
3682 1360 3744 1408 ιιι

2150 1458 2259 1498 non
2299 1443 2575 1499 deseratur
2597 1444 2636 1498 ί.
2691 1443 2804 1498 Hoc
2821 1459 2950 1516 ergo
2997 1459 3097 1500 nos
3143 1443 3325 1500 docuit
3365 1452 3422 1499 ct
3468 1442 3744 1498 admonuit

2151 1536 2390 1607 mysticis
2418 1535 2596 1592 verbis
2622 1578 2636 1600 ,
2680 1544 2738 1590 ut
2787 1536 2956 1592 simus
2983 1534 3049 1592 'in
3093 1536 3210 1607 ejus
3249 1551 3474 1608 corpore
3500 1534 3600 1590 sub
3625 1535 3743 1607 ipso

2150 1629 2323 1698 capite
2371 1630 2422 1684 in
2471 1629 2734 1684 membris
2759 1629 2874 1699 ejus
2897 1670 2914 1698 ,
2958 1629 3180 1685 edentes
3204 1643 3423 1685 carnem
3453 1628 3570 1699 ejus
3589 1669 3604 1693 ,
3634 1643 3741 1682 non

2151 1719 2510 1790 relinquentes
2552 1720 2808 1775 unitatem
2861 1720 2994 1790 ejus.
3047 1719 3152 1776 Sed
3178 1722 3267 1791 qui
3293 1719 3515 1776 aderant
3554 1720 3738 1791 plures

2151 1827 2255 1866 non
2299 1812 2638 1883 intelligendo
2669 1812 3009 1868 scandalizati
3035 1821 3160 1868 sunt
3185 1830 3199 1867 :
3230 1828 3335 1868 non
3365 1813 3511 1870 enim
3537 1811 3742 1881 cogita-

2148 1905 2276 1960 bant
2314 1905 2428 1960 haec
2471 1905 2770 1975 audiendo,
2819 1905 2919 1961 nisi
2965 1921 3217 1974 carnem,
3264 1905 3408 1976 quod
3435 1905 3534 1975 ipsi
3561 1913 3734 1960 erant.

2148 1997 2434 2066 Apostolus
2461 2005 2640 2053 autem
2669 1998 2800 2053 dicit
2816 2006 2916 2068 ,‘et
2943 2013 3127 2054 verum
3150 1997 3309 2066 dicit,
3343 1997 3536 2068 Sapere
3555 2013 3738 2052 secun-

2148 2088 2270 2143 dum
2293 2105 2520 2162 carnem,
2566 2105 2700 2144 mors
2728 2099 2802 2143 est
2829 2087 3003 2162 (Rom.
3033 2105 3123 2144 Vlll
3142 2129 3158 2156 ,
3189 2089 3266 2159 6).
3317 2087 3546 2144 Carnem
3582 2103 3736 2143 suam

2147 2181 2239 2236 dat
2263 2182 2416 2237 nobis
2444 2183 2694 2237 Dominus
2737 2182 3061 2238 manducare
3084 2224 3100 2249 ,
3145 2191 3200 2237 et
3247 2197 3425 2252 sapere
3462 2181 3742 2236 secundum

2147 2291 2348 2329 carnem
2378 2291 2511 2329 mors
2535 2284 2646 2341 est;
2674 2290 2795 2330 cum
2818 2275 2886 2330 de
2906 2289 3068 2330 carne
3093 2289 3193 2329 sua
3212 2273 3387 2342 dicat,
3410 2273 3533 2344 quia
3560 2272 3632 2327 ibi
3659 2278 3745 2326 est

2146 2369 2255 2423 vita
2279 2379 2497 2424 aeterna.
2529 2368 2672 2440 Ergo
2700 2384 2797 2424 nec
2823 2384 3040 2424 carnem
3066 2367 3323 2424 debemus
3348 2380 3538 2437 sapere
3558 2379 3744 2422 secun-

2147 2461 2272 2516 dum
2300 2476 2516 2516 carnem
2537 2502 2551 2528 ,
2585 2461 2719 2515 sicut
2745 2461 2797 2514 in
2823 2459 2907 2514 his
2933 2460 3115 2515 verbis
3149 2476 3162 2514 :

2215 2552 2270 2606 2.
2314 2552 2464 2606 Multi
2493 2553 2661 2623 itaque
2685 2553 2984 2617 audientes;
3016 2567 3121 2606 non
3147 2567 3213 2608 ex
3251 2550 3480 2607 inimicis
3498 2592 3514 2619 ,
3555 2548 3650 2605 sed
3679 2563 3744 2603 ea:

2147 2644 2383 2714 dicipulis
2411 2646 2540 2714 ejus,
2567 2644 2801 2698 dixerunt
2826 2660 2845 2698 :
2871 2643 3046 2698 Durus
3071 2652 3142 2698 est
3169 2644 3250 2698 hic
3275 2657 3477 2707 sermo;
3505 2641 3616 2713 quis
3642 2657 3738 2712 po-

2149 2747 2241 2794 test
2279 2755 2392 2793 eum
2421 2739 2641 2792 audire?
2680 2737 2736 2793 Si
2762 2737 3001 2808 discipuli
3039 2737 3230 2792 durum
3261 2737 3557 2792 habuerunt
3582 2735 3744 2790 istum

2146 2846 2467 2897 sermonem,
2509 2829 2633 2901 quid
2659 2830 2900 2885 inimici?
2938 2830 3004 2884 Et
3034 2838 3210 2884 tamen
3241 2828 3319 2884 sic
3359 2826 3640 2897 oportebat
3683 2834 3742 2882 nt

2146 2926 2414 2982 diceretur
2442 2967 2456 2992 ,
2487 2925 2628 2997 quod
2680 2939 2785 2979 non
2827 2923 2895 2978 ab
2923 2923 3168 2978 omnibus
3197 2921 3602 2991 intelligeretur.
3639 2919 3740 2974 Se-

2145 3026 2351 3073 cretum
2381 3017 2474 3072 Dei
2506 3017 2739 3072 intentos
2775 3016 2935 3072 debet
2963 3015 3138 3071 facere
3158 3057 3174 3083 ,
3203 3030 3311 3070 non
3337 3013 3612 3069 adversos.
3651 3011 3744 3067 Isti

2145 3121 2320 3167 autem
2347 3111 2454 3166 cito
2503 3110 2847 3177 defecerunt,
2881 3109 3004 3164 talia
3032 3109 3284 3179 loquente
3307 3107 3532 3163 Domino
3568 3104 3740 3162 Iesu:

2144 3219 2250 3258 non
2279 3202 2622 3259 crediderunt
2646 3201 2846 3272 aliquid
2875 3215 3123 3272 magnum
3153 3200 3418 3256 dicentem
3440 3240 3454 3266 ,
3479 3207 3534 3254 et
3564 3197 3746 3253 verbis

2146 3294 2249 3348 illis
2275 3293 2504 3364 aliquam
2537 3294 2758 3364 gratiam
2789 3293 3220 3362 cooperientem;
3249 3290 3346 3348 sed
3373 3298 3529 3362 prout
3552 3291 3741 3346 voluc-

2145 3392 2270 3438 runt
2299 3384 2368 3438 ita
2396 3384 2794 3451 intellexerunt,
2812 3393 2865 3440 et
2885 3399 3035 3439 more
3056 3383 3351 3451 hominum,
3379 3383 3503 3453 quia
3535 3388 3744 3452 poterat

2143 3474 2319 3542 Jesns,
2349 3484 2440 3530 aut
2482 3475 2584 3531 hoc
2623 3475 2938 3545 disponebat
2965 3474 3142 3542 Jesus,
3180 3489 3397 3530 carnem
3431 3475 3551 3544 quia
3583 3472 3742 3528 indu-

2144 3575 2258 3623 tum
2298 3577 2414 3624 erat
2453 3567 2716 3636 Verbum,
2746 3568 2911 3624 veluti
2939 3569 3209 3624 concisam
3250 3568 3576 3624 distribuere
3617 3583 3743 3624 cre-

2143 3661 2390 3717 dentibus
2417 3661 2468 3716 in
2493 3676 2574 3718 se.
2615 3661 2788 3716 Durus
2830 3670 2926 3726 est,
2963 3663 3241 3733 inquiunt,
3271 3663 3358 3717 hic
3395 3678 3600 3729 sermo;
3626 3662 3741 3733 quis

2144 3763 2305 3823 potest
2333 3769 2446 3806 eum
2473 3753 2692 3807 audire?

2215 3849 2266 3904 3.
2311 3848 2491 3903 Sciens
2515 3858 2685 3902 autem
2712 3845 2866 3902 Iesus
2903 3847 3044 3917 apud
3084 3847 3406 3919 semetipsum
3434 3848 3554 3917 quia
3592 3862 3739 3901 mur-

2143 3948 2399 3993 murarent
2441 3940 2503 3992 de
2532 3955 2588 3992 eo
2614 3939 2850 4008 discipuli
2892 3940 3021 4010 ejus.
3061 3937 3149 3994 Sic
3183 3940 3326 3994 enim
3353 3939 3492 4008 apud
3532 3953 3591 3994 se
3637 3939 3741 3993 ista

2144 4031 2412 4099 dixerunt,
2441 4040 2499 4085 ut
2524 4031 2591 4086 ab
2622 4031 2712 4085 illo
2750 4045 2856 4085 non
2902 4029 3249 4098 audirentur;
3278 4029 3373 4086 sed
3400 4030 3488 4085 ille
3515 4029 3602 4100 qui
3642 4042 3741 4084 eos

2144 4131 2363 4178 noverat
2388 4123 2440 4177 in
2467 4123 2677 4192 seipsis,
2707 4121 2930 4177 audiens
2958 4121 3100 4193 apud
3121 4122 3484 4192 semetipsum,
3510 4134 3740 4191 respon-

2144 4214 2257 4281 dit,
2286 4222 2340 4270 et
2364 4215 2472 4282 ait,
2509 4212 2620 4268 Hoc
2661 4231 2747 4268 vos
2791 4214 3104 4268 scandalth
3134 4230 3154 4268 :
3180 4216 3301 4285 quia
3326 4213 3465 4282 dixi,
3505 4213 3738 4268 Carnem

2144 4321 2316 4362 meam
2345 4307 2415 4361 do
2456 4307 2604 4362 vobis
2633 4305 2956 4362 manducare
2977 4349 2990 4374 ,
3021 4315 3076 4363 et
3102 4308 3417 4378 sanguinem
3448 4321 3622 4361 meum
3657 4305 3738 4360 hi-

2141 4399 2291 4467 bere,
2322 4399 2424 4455 hoc
2446 4414 2541 4454 vos
2572 4415 2763 4469 nempe
2790 4398 3129 4454 scandalizat.
3160 4398 3220 4454 Si
3249 4414 3366 4469 ergo
3390 4397 3612 4452 videritis
3640 4394 3739 4450 Fi-

2144 4490 2268 4550 lium
2293 4491 2508 4546 hominis
2531 4492 2877 4545 ascendentem
2892 4490 2978 4544 ubi
2993 4499 3101 4545 erat
3128 4490 3312 4561 prius?
3332 4489 3467 4557 Quid
3488 4497 3569 4544 est
3591 4487 3737 4544 hoc?

2144 4582 2278 4637 Hinc
2319 4582 2483 4637 solvit
2521 4581 2662 4651 quod
2705 4581 2824 4636 illos
2867 4581 3138 4636 moverat?
3181 4581 3305 4636 hinc
3347 4581 3555 4652 aperuit
3589 4579 3736 4636 unde

2144 4673 2357 4730 fuerant
2385 4671 2769 4729 scandalizati?
2807 4672 2943 4728 Ilinc
2965 4673 3141 4743 plane,
3170 4672 3215 4728 si
3244 4672 3618 4742 intelligerent.
3647 4669 3737 4731 llli.

2144 4766 2287 4822 enim
2335 4763 2588 4834 putabant
2628 4779 2750 4820 eum
2796 4773 3133 4836 erogaturum
3178 4778 3372 4833 corpus
3412 4777 3596 4826 suum;
3638 4761 3734 4818 ille

2140 4865 2318 4912 autem
2337 4855 2471 4910 dixit
2488 4870 2546 4911 se
2570 4870 2914 4910 assensurum
2932 4857 2984 4910 in
3005 4856 3220 4920 caelum,
3240 4857 3422 4926 utique
3442 4856 3730 4926 integrum.

2141 4944 2270 5002 Cum
2319 4945 2540 5000 videritis
2589 4945 2783 5001 Filium
2825 4947 3041 5002 hominis
3088 4947 3434 5002 ascendentem
3485 4947 3570 5001 ubi
3622 4956 3735 5003 erat

2143 5039 2322 5109 prius;
2347 5048 2492 5094 certe
2521 5039 2603 5093 vel
2633 5048 2756 5093 tunc
2785 5038 3030 5095 videbitis
3057 5041 3181 5110 quia
3210 5055 3318 5096 non
3344 5055 3410 5096 eo
3439 5039 3599 5095 modo
3623 5053 3734 5110 quo

2141 5133 2358 5203 putatis,
2385 5141 2569 5204 erogat
2593 5147 2786 5204 corpus
2815 5149 3007 5201 suum;
3037 5142 3183 5189 certe
3207 5134 3290 5188 vel
3312 5141 3434 5188 tunc
3461 5132 3733 5202 intellige-

2139 5226 2208 5281 tis
2235 5226 2356 5297 quia
2384 5225 2552 5296 gratia
2581 5227 2697 5296 ejus
2723 5241 2828 5281 non
2852 5227 3182 5282 consumitur
3209 5227 3494 5282 morsibus.

2212 5317 2267 5372 4.
2307 5317 2374 5371 Ει
2397 5317 2473 5372 ait
2498 5335 2511 5371 :
2537 5316 2763 5388 Spiritus
2789 5327 2860 5372 est
2884 5317 2968 5387 qui
2994 5318 3228 5386 vivi/icat,
3253 5333 3371 5371 caro
3395 5335 3496 5372 non
3525 5317 3744 5389 prodest

2138 5410 2428 5481 quidquam.
2463 5410 2576 5465 Hoc
2595 5419 2878 5481 antequam
2899 5425 3253 5480 exponamus,
3277 5417 3336 5466 ut
3353 5412 3609 5466 Dominus
3625 5409 3735 5464 (ιο.

2140 5513 2265 5571 nat,
2299 5503 2426 5558 illud
2455 5519 2564 5558 non
2597 5504 2922 5573 negligenter
2967 5503 3390 5572 prmtereundum
3436 5511 3518 5558 est
3540 5544 3555 5568 ,
3583 5499 3735 5572 quod

2137 5595 2230 5661 ait,
2266 5595 2323 5650 Si
2365 5612 2485 5666 ergo
2513 5595 2733 5648 videritis
2774 5593 2970 5648 Filium
3000 5595 3215 5648 hominis
3252 5594 3599 5649 ascendentem
3641 5591 3734 5646 ubi

2139 5697 2246 5742 erat
2278 5689 2460 5758 prius?
2488 5686 2655 5741 Filius
2682 5685 2823 5741 enim
2856 5685 3084 5741 hominis
3111 5686 3384 5751 Christus,
3416 5701 3480 5741 ex
3517 5683 3734 5753 virgine

2093 5816 2099 5823 -
2140 5778 2321 5834 Maria.
2355 5779 2493 5847 Ergo
2521 5778 2656 5832 ﬁlius
2679 5777 2907 5832 hominis
2932 5777 3017 5834 hic
3034 5777 3197 5849 coepit
3218 5792 3338 5834 esse
3360 5778 3414 5832 in
3443 5786 3605 5841 terra,
3629 5773 3728 5831 ubi

2202 5895 2218 5925 ί
2244 5897 2319 5942 Er.
2345 5891 2486 5954 legit,
2508 5897 2554 5943 et
2573 5905 2668 5943 non
2688 5891 2951 5944 deseretur.
3015 5896 3072 5943 Ι.
3506 5909 3508 5911 ’
3553 5904 3556 5905 ⁷
3709 5921 3760 5966 λτει

3729 5953 3786 5980 ἓ-
