4118 6518
439 396 579 458 ιειτέ
1553 383 1962 442 TRACTATUS
1999 382 2214 439 XXV”.
2255 383 2487 444 CAPUT
2524 387 2612 444 Ἦ.

436 534 652 578 carnem
697 511 985 584 assumpsit
1009 525 1075 566 ex
1115 514 1275 562 terra.
1316 503 1468 562 Unde
1495 503 1801 574 pmphetice
1824 501 2023 556 dictum

435 623 572 680 erat,
601 610 796 666 Veritas
814 608 877 661 de
901 615 1035 660 terra
1053 610 1165 657 orta
1184 608 1255 654 est
1274 597 1497 671 (Psalm.
1521 591 1862 665 Lxxxtv,12).
1889 591 2025 659 Quid

435 704 540 762 sibi
567 717 694 773 ergo
718 699 832 755 vult
867 694 1012 767 quod
1039 693 1114 748 ait
1136 733 1152 760 ,
1181 689 1307 746 Cum
1332 688 1554 742 videritis
1580 685 1775 740 Filium
1811 683 2026 739 hominis

434 794 786 851 “euadentem
809 789 893 845 ubi
920 797 1024 844 erat
1054 784 1238 856 prius?
1280 781 1434 837 Nulla
1464 780 1605 834 enim
1631 788 1774 834 esset
1801 776 2024 848 quaastio

433 887 483 943 si
508 886 580 941 ita
605 884 846 949 dixisset,
878 881 939 936 Si
963 878 1184 934 videritis
1209 874 1403 928 Filium
1433 871 1530 926 Dei
1565 871 1913 926 ascendentem
1941 868 2024 923 ubi

433 988 547 1034 «at
571 979 712 1050 prius
731 977 759 1032 2
783 990 907 1030 cum
937 987 1063 1028 vero
1092 969 1285 1026 Filium
1317 965 1546 1022 hominis
1575 965 1707 1021 dixit
1733 963 2025 1019 ascenden-

431 1077 544 1125 tem
571 1068 660 1124 ubi
688 1075 803 1123 erat
839 1064 1016 1137 prius,
1045 1059 1301 1132 numquid
1333 1057 1500 1114 Filius
1534 1055 1766 1112 hominis
1804 1055 1855 1110 in
1885 1054 2024 1110 coelo

430 1169 553 1219 erat
580 1160 746 1230 prius,
773 1155 986 1229 quando
1015 1155 1069 1211 in
1102 1163 1239 1209 terra
1283 1166 1404 1207 esse
1443 1150 1647 1220 coepit?
1686 1148 1782 1203 llic
1811 1148 2023 1219 quidem

431 1255 588 1319 dixit,
619 1253 705 1308 ubi
723 1261 830 1307 erat
855 1251 1024 1323 prius,
1058 1246 1209 1319 quasi
1235 1255 1360 1301 tunc
1396 1260 1502 1298 non
1532 1243 1602 1299 ibi
1631 1251 1774 1299 esset
1813 1240 2023 1311 quando

430 1342 553 1402 haec
579 1343 913 1415 loquebatur.
953 1341 1072 1396 Alio
1097 1348 1274 1393 autem
1306 1336 1425 1391 loco
1448 1335 1558 1402 ait,
1597 1333 1762 1388 Nemo
1799 1332 2023 1387 ascendit

429 1437 484 1490 in
509 1436 712 1503 corium,
735 1434 834 1488 nisi
859 1432 946 1501 qui
965 1431 1026 1486 de
1046 1431 1169 1484 caelo
1192 1427 1465 1493 descendit,
1491 1424 1660 1480 Filius
1679 1425 1914 1490 hominis,
1936 1423 2022 1494 qui

428 1536 503 1581 est
529 1526 585 1580 in
613 1523 741 1581 calo
763 1522 940 1595 (Ioan.
966 1537 1045 1589 ιιι,
1066 1520 1155 1592 15)
1188 1537 1201 1574 :
1230 1535 1336 1574 non
1359 1518 1511 1586 dixit,
1535 1527 1670 1584 erat,
1691 1517 1804 1581 sed,
1832 1515 2018 1584 Filius,

428 1617 623 1688 inquit,
653 1615 871 1670 hominis
898 1614 984 1685 qui
1009 1621 1079 1669 est
1101 1614 1155 1666 in
1180 1611 1326 1666 caelo.
1367 1610 1427 1665 In
1448 1619 1588 1666 terra
1609 1610 1945 1680 loquebatur,
1967 1618 2021 1664 et

426 1707 482 1763 in
505 1709 644 1765 emlo
663 1722 722 1762 se
740 1721 860 1784 esse
875 1705 1101 1761 dicebat.
1134 1703 1205 1760 Et
1228 1718 1334 1758 non
1361 1703 1431 1757 ita
1457 1701 1621 1757 dixit:
1644 1701 1813 1756 Nemo
1832 1715 2022 1757 ascen-

427 1804 507 1860 dit
533 1805 585 1859 in
607 1802 825 1869 etnlum,
856 1800 960 1856 nisi
984 1800 1073 1870 qui
1098 1798 1166 1853 de
1201 1797 1340 1853 coelo
1368 1795 1663 1863 descendit,
1694 1794 1861 1849 Filius
1899 1794 2016 1863 Dei,

426 1896 520 1966 qui
545 1904 630 1951 est
669 1894 722 1949 in
755 1892 913 1949 caelo.
953 1890 1071 1959 Quo
1113 1888 1377 1960 pertinet,
1409 1887 1512 1942 nisi
1541 1895 1599 1940 ut
1640 1885 2016 1956 intelligamus,

423 1985 570 2059 quod
607 1986 769 2043 etiam
798 1982 1024 2056 pristino
1061 1995 1308 2037 sermone
1348 1977 1718 2036 commendavi
1758 1975 2018 2032 Charitati

423 2086 643 2142 vestrae,
669 2091 831 2131 unam
861 2088 1142 2146 personam
1182 2086 1303 2127 esse
1342 2070 1609 2126 Christum
1645 2069 1810 2124 Deum
1841 2077 1894 2123 et
1921 2067 2018 2124 ho-

422 2171 651 2238 minem,
677 2183 784 2222 non
811 2166 976 2232 duas;
1007 2181 1076 2220 ne
1111 2163 1246 2219 ﬁdes
1293 2170 1475 2218 nostra
1511 2177 1620 2215 non
1666 2159 1736 2214 sit
1761 2159 2013 2225 Trinitas,

421 2263 524 2320 sed
542 2260 908 2335 quaternitas?
930 2258 1176 2315 Christus
1194 2271 1323 2326 ergo
1341 2271 1475 2310 unus
1496 2265 1576 2309 est
1600 2271 1613 2306 :
1635 2251 1890 2320 Verbum,
1904 2251 2018 2306 ani-

421 2373 515 2413 ma
542 2365 598 2413 et
625 2370 750 2411 caro
777 2368 915 2409 unus
941 2352 1186 2408 Christus
1213 2367 1226 2404 :
1250 2349 1416 2405 Filius
1445 2347 1539 2402 Dei
1578 2355 1632 2402 et
1660 2346 1799 2400 illius
1838 2344 2014 2399 homi-

424 2451 512 2508 nis
539 2463 680 2505 unus
704 2446 970 2503 Christus.
1001 2444 1168 2500 Filius
1197 2441 1292 2497 Dei
1335 2455 1548 2510 semper
1567 2481 1582 2508 ,
1609 2437 1748 2493 illius
1784 2437 2015 2493 hominis

423 2558 494 2599 ex
514 2551 788 2611 tempore;
807 2547 984 2593 tamen
1011 2550 1146 2590 unus
1169 2533 1411 2589 Christus
1436 2530 1726 2586 secundum
1755 2529 2014 2594 unitatem

423 2647 689 2705 personae.
730 2630 788 2686 In
816 2629 955 2686 etelo
979 2635 1126 2694 erat,
1151 2624 1364 2697 quando
1403 2624 1459 2678 in
1497 2631 1638 2678 terra
1675 2619 2011 2690 loquebatur.

422 2725 514 2782 Sic
541 2733 660 2780 erat
687 2722 824 2778 [ilius
851 2720 1082 2776 hominis
1108 2718 1161 2773 in
1199 2717 1370 2782 caelo,
1403 2712 1670 2785 quomodo
1712 2711 1879 2766 Filius
1917 2710 2013 2766 Dei

422 2819 604 2876 eratin
624 2826 763 2874 terra
781 2832 796 2882 ;
814 2815 980 2870 Filius
997 2812 1089 2868 Dei
1105 2812 1158 2866 in
1176 2820 1316 2866 terra
1334 2809 1387 2863 in
1405 2815 1649 2878 suscepta
1666 2819 1848 2874 carne,
1871 2803 2012 2858 ﬁlius

423 2910 656 2966 hominis
680 2910 732 2964 in
757 2907 898 2964 ccelo
924 2905 977 2960 in
1007 2904 1210 2960 unitate
1239 2915 1506 2972 personae.

494 3004 548 3059 5.
589 3001 726 3071 Quid
749 3008 833 3056 est
859 3013 986 3069 ergo
1011 2995 1152 3067 quod
1179 2994 1437 3064 adjungit,
1468 2991 1692 3061 Spiritus
1716 2999 1786 3043 est
1818 2988 1907 3058 qui
1935 2989 2012 3042 vi-

421 3096 613 3164 vificat,
642 3109 760 3146 caro
789 3107 892 3146 non
932 3088 1133 3160 prodest
1161 3083 1476 3154 quidquam?
1505 3081 1750 3136 Dicamus
1777 3081 1826 3135 ei
1851 3079 2010 3152 (pati-

423 3196 511 3240 tur
529 3185 674 3240 cnim
695 3199 794 3238 nos
813 3197 918 3237 non
937 3177 1382 3242 contradicentes,
1401 3174 1496 3230 sed
1515 3189 1672 3228 nosse
1691 3171 2009 3244 cupientes):

421 3275 469 3332 0
495 3277 739 3342 Domine,
764 3273 1016 3345 magister
1043 3271 1184 3326 bone
1206 3311 1222 3337 ,
1243 3265 1510 3338 quomodo
1539 3282 1656 3318 caro
1681 3281 1783 3318 non
1813 3264 2012 3334 prodest

420 3370 717 3441 quidquam,
739 3382 860 3423 cum
888 3376 946 3422 tu
971 3364 1193 3432 dixeris,
1227 3361 1346 3416 Nisi
1369 3361 1478 3426 quis
1498 3357 1873 3413 manducauerit
1897 3374 2011 3411 car-

421 3479 536 3516 nem
564 3477 748 3526 meam,
777 3469 822 3512 et
843 3458 1018 3513 biberit
1045 3457 1340 3528 sanguinem
1370 3470 1533 3508 meum
1551 3493 1566 3520 ,
1604 3469 1705 3506 non
1736 3451 1932 3505 [rubebit
1956 3450 2010 3504 in

420 3569 478 3607 se
505 3553 700 3607 vitam?
724 3551 808 3606 An
838 3551 944 3605 vita
974 3564 1079 3603 non
1107 3546 1324 3618 prodest
1347 3545 1678 3616 quidquam?
1704 3553 1758 3599 et
1798 3551 2014 3613 propter

423 3644 551 3714 quid
576 3658 760 3698 sumus
778 3641 916 3713 quod
937 3655 1145 3708 sumus,
1173 3638 1349 3693 nisiut
1371 3637 1660 3693 habeamus
1680 3636 1842 3690 vitam
1858 3643 2014 3691 mter-

423 3753 571 3804 nam,
603 3752 760 3806 quam
789 3745 878 3790 tua
918 3748 1077 3790 carne
1105 3731 1414 3803 promittis?
1441 3729 1567 3801 quid
1610 3739 1691 3784 cst
1719 3744 1879 3799 ergo,
1912 3745 2013 3782 non

424 3829 626 3900 prodest
653 3828 922 3899 quidquam
964 3825 1122 3880 caro?
1150 3823 1265 3878 Non
1308 3821 1526 3893 prodest
1565 3820 1848 3891 quidquam
1874 3861 1888 3883 ,
1917 3819 2012 3874 sed

422 3920 694 3991 quomodo
724 3919 800 3974 illi
830 3917 1241 3974 intellexerunt:
1271 3928 1485 3968 carnem
1513 3911 1707 3982 quippe
1742 3911 1820 3966 sic
1858 3911 2012 3966 intel-

423 4011 675 4067 lexerunt
693 4053 707 4077 ,
729 4010 995 4082 quomodo
1021 4009 1072 4062 in
1101 4006 1360 4063 cadavere
1379 4004 1684 4069 dilaniatur,
1703 4013 1792 4058 aut
1817 4004 1867 4057 in
1895 4018 2010 4057 ma-

421 4104 560 4160 cello
579 4103 845 4170 venditur,
873 4118 977 4156 non
1000 4098 1266 4171 quomodo
1287 4098 1475 4170 spiritu
1496 4105 1788 4167 vegetatur.
1819 4097 2010 4151 Proin-

421 4195 493 4251 de
509 4196 587 4250 sic
605 4195 802 4252 dictum
817 4203 919 4260 est,
941 4193 1070 4248 Caro
1086 4209 1184 4246 non
1201 4190 1403 4262 prodest
1420 4189 1724 4260 quidquam;
1746 4189 2010 4260 quomodo

421 4285 624 4342 dictum
652 4293 752 4350 est,
783 4285 1007 4340 Scientia
1037 4283 1201 4352 inﬂat.
1246 4281 1363 4335 Jam
1390 4294 1516 4350 ergo
1551 4279 1806 4334 debemus
1836 4280 2012 4336 odisse

422 4378 738 4434 scientiam?
773 4377 945 4432 Absit.
986 4376 1054 4430 Et
1077 4374 1202 4445 quid
1228 4381 1341 4440 est,
1372 4373 1598 4427 Scientia
1633 4373 1816 4441 inﬂat?
1852 4373 2007 4441 Sola,

421 4471 542 4526 sine
581 4469 842 4526 charitate
867 4486 880 4522 :
907 4467 1028 4523 ideo
1056 4466 1327 4537 adjunxit,
1363 4465 1592 4520 Charitas
1635 4480 1749 4518 vero
1793 4465 2012 4536 wdi/icat

424 4562 446 4632 (
466 4561 485 4614 l
502 4562 618 4617 Cor.
634 4577 749 4628 vnt,
770 4560 842 4632 l).
872 4559 1022 4615 Adde
1043 4574 1169 4629 ergo
1190 4558 1424 4612 scicntizc
1444 4556 1776 4620 charitatem,
1799 4565 1851 4612 ct
1871 4559 2011 4614 utilis

422 4654 527 4709 erit
571 4652 824 4719 scientia;
868 4668 973 4707 non
1003 4668 1096 4720 per
1141 4666 1228 4716 se,
1274 4650 1368 4705 sed
1409 4665 1504 4719 per
1550 4650 1882 4705 charitatem.
1922 4650 2010 4708 Sic

423 4747 586 4803 etiam
610 4762 775 4815 nunc,
797 4762 916 4800 caro
939 4762 1039 4800 non
1066 4744 1266 4815 prodest
1286 4743 1578 4813 quidquam,
1609 4743 1700 4798 sed
1725 4744 1837 4798 sola
1856 4759 2010 4799 caro:

421 4841 642 4896 accedat
663 4840 884 4912 spiritus
907 4838 974 4894 ad
995 4853 1231 4904 carnem,
1260 4836 1526 4908 quomodo
1550 4837 1754 4892 accedit
1778 4837 2009 4894 charitas

420 4931 487 4986 ad
515 4932 815 4999 scientiam,
843 4940 899 4987 et
920 4929 1138 5000 prodest
1161 4929 1470 5000 plurimum.
1497 4927 1630 4982 Nam
1661 4929 1706 4982 si
1732 4944 1858 4984 caro
1877 4929 2008 4984 nihil

420 5022 719 5093 prodesset,
747 5021 984 5078 Verbum
1010 5035 1135 5075 caro
1159 5036 1265 5074 non
1300 5018 1482 5084 ﬁeret,
1513 5028 1571 5073 ut
1596 5018 1913 5075 inhabitarct
1953 5021 2006 5076 in

421 5115 597 5171 nobis.
637 5113 695 5170 Si
724 5129 820 5184 per
844 5127 1058 5168 carnem
1090 5111 1244 5166 nobis
1275 5111 1495 5165 multum
1521 5111 1718 5181 profuit
1739 5110 2002 5176 Christus,

419 5205 689 5276 quomodo
715 5219 840 5264 caro
869 5203 1000 5258 nihil
1034 5201 1290 5273 prodest?
1335 5200 1441 5256 Sed
1469 5215 1562 5272 per
1590 5216 1802 5256 carnem
1835 5203 2004 5272 Spiri-

419 5304 505 5351 tus
532 5296 728 5366 aliquid
755 5311 853 5366 pro
881 5294 1052 5350 salute
1080 5301 1262 5348 nostra
1280 5293 1404 5362 egit.
1435 5291 1571 5347 Caro
1589 5307 1678 5346 vas
1704 5292 1800 5347 fuit
1824 5310 1837 5359 ;
1864 5291 2006 5363 quod

423 5387 650 5444 habebat
677 5387 913 5453 attende,
943 5400 1048 5441 non
1078 5384 1219 5456 quod
1246 5394 1378 5439 erat.
1409 5384 1642 5454 Apostoli
1670 5384 1816 5438 missi
1845 5393 2000 5450 sunt;

421 5479 677 5549 numquid
712 5493 837 5534 caro
875 5477 1108 5548 ipsorum
1153 5475 1284 5530 nihil
1323 5474 1475 5529 nobis
1505 5473 1742 5544 profuit?
1779 5473 1833 5528 Si
1877 5489 2004 5530 caro

422 5571 795 5640 Apostolorum
833 5569 986 5624 nobis
1015 5567 1244 5638 profuit,
1272 5581 1400 5620 caro
1432 5565 1634 5619 Domini
1664 5565 1831 5635 potuit
1873 5565 2002 5620 nihil

420 5661 710 5734 prodesse?
730 5659 883 5717 Unde
907 5661 1048 5716 enim
1076 5659 1141 5714 ad
1162 5673 1259 5714 nos
1284 5673 1446 5713 sonus
1470 5659 1638 5724 verbi,
1660 5657 1759 5712 nisi
1787 5672 1881 5728 per
1906 5674 2000 5713 vo-

421 5769 537 5809 cem
558 5754 771 5810 carnis?
797 5754 936 5811 unde
960 5753 1292 5820 stilus,‘unde
1311 5751 1668 5824 conscriptio?
1693 5750 1797 5806 Ista
1821 5751 2000 5807 omnia

423 5859 579 5918 opera
607 5848 783 5906 carnis
812 5856 958 5917 sunt,
983 5848 1079 5906 sed
1105 5848 1334 5919 agitante
1358 5847 1547 5918 spiritu
1567 5854 1816 5917 tanquam
1840 5860 2000 5919 orga-

3572 405 3717 470 1618

2133 518 2260 558 num
2287 518 2458 558 suum.
2492 505 2717 574 Spiritus
2740 523 2867 580 ergo
2896 520 2968 566 est
3003 513 3092 585 qui
3127 516 3374 588 viviﬁcat,
3404 533 3523 577 caro
3547 533 3714 580 autem

2133 610 2233 649 non
2263 597 2463 665 prodest
2481 599 2753 670 quidquam
2772 616 2791 655 :
2819 601 2955 658 sicut
2975 605 3050 660 illi
3074 605 3453 669 intellexerunt
3473 629 3714 688 carnem,

2132 702 2241 743 non
2265 689 2342 743 sic
2365 704 2465 759 ego
2496 690 2565 746 do
2593 691 2661 746 ad
2688 694 3114 754 manducandum
3140 715 3356 759 carnem
3385 722 3579 762 meam.

2203 778 2257 835 6.
2297 778 2546 846 Proinde,
2578 779 2760 851 Verba,
2788 785 2978 857 inquit,
3007 805 3120 859 qua:
3141 807 3234 863 ego
3259 793 3457 853 locutus
3487 814 3600 854 sum
3625 816 3716 857 tto-

2133 868 2225 935 bis,
2255 869 2461 942 spiritus
2479 881 2526 925 et
2544 873 2645 926 vita
2664 884 2754 929 est.
2796 877 3035 935 Diximus
3060 882 3225 952 enim,
3246 885 3460 958 fratres,
3483 889 3586 950 hoc
3606 893 3716 950 Do-

2131 961 2333 1016 minum
2363 963 2767 1022 commendasse
2804 968 2856 1022 in
2883 971 3290 1032 manducatione
3324 981 3500 1036 carnis
3527 999 3638 1040 sua:
3663 995 3720 1042 et

2130 1053 2401 1156 potatione
2421 1055 2697 1156 sanguinis
2740 1059 2850 1124 sui,
2880 1069 2938 1115 ut
2963 1062 3016 1118 in
3045 1064 3137 1120 illo
3163 1082 3493 1141 maneamus,
3521 1083 3578 1130 et
3603 1075 3718 1146 ipse

2129 1144 2184 1243 in
2213 1144 2388 1200 nobis.
2421 1145 2694 1202 Manemus
2709 1158 2886 1206 autem
2916 1153 2971 1208 in
3000 1155 3110 1224 illo,
3128 1173 3248 1213 cum
3267 1175 3452 1219 sumus
3477 1144 3716 1224 membra

2129 1240 2281 1304 ejus:
2307 1246 2486 1292 manet
2512 1246 2690 1293 autem
2734 1240 2850 1310 ipse
2895 1243 2948 1298 in
2987 1247 3172 1315 nobis,
3202 1266 3325 1306 cum
3367 1269 3553 1314 sumus
3580 1268 3717 1315 tem-

2128 1327 2274 1395 plum
2305 1328 2441 1398 ejus.
2475 1329 2549 1386 Ut
2574 1340 2752 1388 autem
2780 1335 2946 1392 simus
2975 1342 3214 1399 membra
3239 1345 3378 1416 ejus,
3411 1351 3587 1409 unitas
3616 1369 3714 1412 nos

2127 1421 2482 1492 compaginat.
2506 1422 2577 1478 Ut
2601 1427 2936 1498 compaginet
2955 1433 3148 1502 unitas,
3172 1451 3289 1506 quae
3309 1438 3436 1497 facit
3463 1443 3564 1499 nisi
3584 1445 3716 1502 cha-

2130 1512 2296 1608 ritas?
2324 1513 2392 1568 Et
2411 1514 2650 1608 geharitasﬁ
2683 1518 2776 1573 Dei
2821 1520 3002 1578 unde?
3050 1525 3364 1596 Apostolum
3403 1534 3712 1608 interroga:

2126 1601 2381 1701 Charitas,
2409 1606 2598 1677 inquit,
2633 1607 2727 1663 Dei
2755 1610 2943 1680 diffusa
2974 1625 3046 1669 est
3069 1617 3124 1671 in
3147 1620 3380 1678 cordibus
3407 1630 3592 1684 nostris
3607 1601 3718 1701 per

2128 1698 2380 1795 Spiritum
2403 1712 2634 1795 sanctum
2656 1705 2743 1795 qui
2761 1705 2910 1762 datus
2935 1718 3007 1763 est
3033 1710 3175 1766 nobis
3194 1711 3372 1785 (Rom.
3391 1734 3444 1787 ν,
3471 1719 3548 1793 5).
3574 1698 3716 1795 Ergo

2125 1789 2350 1861 Spiritus
2371 1801 2442 1845 est
2467 1793 2554 1863 qui
2573 1794 2790 1864 viviﬁcat
2811 1812 2832 1851 .°
2855 1800 3074 1868 spiritus
3093 1805 3234 1858 enim
3256 1804 3383 1863 facit
3401 1789 3519 1866 viva
3540 1789 3716 1870 mem-

2122 1879 2240 1936 bra.
2279 1881 2389 1938 Nec
2414 1882 2534 1938 viva
2560 1886 2799 1942 membra
2827 1888 3046 1959 spiritus
3075 1893 3218 1963 facit,
3242 1896 3344 1952 nisi
3373 1914 3492 1970 quae
3520 1903 3576 1958 in
3596 1918 3715 1960 cor-

2123 1988 2254 2070 pore
2281 1977 2423 2070 quod
2448 1988 2660 2048 vegetat
2685 1980 2799 2051 ipse
2826 1983 3070 2053 spiritus,
3099 1987 3388 2048 invenerit.
3432 1994 3566 2052 Nam
3603 1999 3714 2070 spi-

2122 2067 2255 2122 ritus
2281 2069 2372 2163 qui
2395 2079 2478 2163 est
2497 2071 2558 2163 in
2589 2081 2640 2128 te
2659 2113 2674 2140 ,
2704 2089 2738 2128 ο
2765 2075 2926 2131 homo
2944 2119 2960 2146 ,
2982 2094 3089 2148 quo
3113 2093 3327 2141 constas
3349 2095 3407 2141 ut
3426 2087 3589 2145 homo
3613 2067 3712 2163 sis,

2121 2157 2376 2228 numquid
2405 2160 2636 2220 viviﬁcat
2666 2166 2964 2222 membrum
2989 2169 3131 2238 quod
3156 2184 3460 2244 separatum
3489 2157 3712 2240 invene;

2121 2249 2250 2304 rita
2272 2265 2433 2307 carne
2460 2255 2585 2309 tua?
2610 2255 2865 2325 Spiritum
2909 2267 3058 2318 tuum
3093 2263 3214 2322 dico
3255 2269 3487 2326 animam
3520 2283 3705 2331 tuam:

2120 2343 2297 2397 anima
2320 2353 2408 2398 tua
2429 2361 2535 2400 non
2558 2347 2788 2404 vivilicat
2804 2351 2905 2406 nisi
2928 2354 3165 2411 membra
3185 2372 3305 2429 qua:
3323 2371 3448 2417 sunt
3466 2363 3520 2418 in
3545 2380 3710 2424 carne

2120 2439 2253 2499 tua;
2284 2449 2447 2490 unum
2477 2437 2522 2490 si
2554 2437 2736 2507 tollas,
2778 2439 2891 2510 jam
2933 2458 3041 2499 non
3081 2446 3377 2505 viviﬁcatur
3421 2468 3488 2509 ex
3529 2456 3708 2514 anima

2122 2535 2232 2593 tua,
2263 2529 2388 2597 quia
2411 2529 2603 2586 unitati
2637 2533 2878 2602 corporis
2905 2535 2982 2590 tui
3011 2553 3118 2593 non
3147 2541 3442 2610 copulatur.
3484 2545 3612 2603 llazc
3630 2548 3712 2606 di-

2118 2628 2392 2711 cunturut
2416 2635 2655 2678 amemus
2693 2625 2982 2697 unitatem,
3015 2640 3070 2686 et
3109 2632 3390 2692 timeamus
3418 2643 3711 2711 separatio-

2118 2723 2266 2765 nem.
2291 2709 2430 2765 Nihil
2451 2714 2595 2768 enim
2616 2720 2692 2770 sic
2711 2716 2870 2774 debet
2887 2719 3174 2780 formidare
3193 2709 3708 2805 christiands,quam

2117 2805 2352 2874 separari
2379 2821 2409 2860 a
2438 2821 2661 2878 corpore
2703 2809 2916 2866 Christi.
2959 2813 3017 2868 Si
3042 2817 3182 2872 enim
3207 2831 3482 2890 separatur
3518 2842 3548 2880 a
3588 2841 3709 2883 cor-

2116 2912 2245 2967 pore
2263 2898 2478 2966 Christi,
2498 2915 2603 2955 non
2627 2909 2709 2956 est
2729 2903 3023 2960 membrum
3048 2908 3200 2977 ejus;
3228 2912 3271 2966 si
3297 2929 3402 2968 non
3430 2925 3513 2972 est
3532 2933 3708 2974 mem-

2118 2988 2271 3044 brum
2303 2991 2418 3060 ejus
2437 3035 2452 3059 ,
2483 3005 2590 3048 non
2621 3003 2899 3065 vegetatur
2923 2996 3122 3069 Spiritu
3152 3002 3268 3071 ejus
3297 3023 3311 3060 :
3351 3006 3586 3078 Quisquis
3609 3027 3708 3065 au-

2116 3090 2234 3150 tem,
2265 3083 2435 3154 inquit
2460 3084 2769 3156 Apostolus,
2796 3089 3048 3160 Spiritum
3067 3092 3254 3148 Christi
3277 3113 3380 3151 non
3408 3100 3556 3155 habet
3578 3141 3594 3167 ,
3625 3103 3708 3158 hic

2115 3191 2216 3228 non
2237 3185 2308 3230 est
2330 3178 2440 3246 ejus
2484 3174 2592 3249 (Id.
2613 3194 2724 3247 vnt,
2749 3179 2825 3250 9).
2859 3181 3086 3254 Spiritus
3109 3200 3238 3257 ergo
3264 3198 3336 3242 est
3359 3192 3445 3260 qui
3468 3193 3706 3264 viviﬁcat,

2116 3283 2236 3323 caro
2267 3279 2434 3322 autem
2465 3287 2567 3324 non
2597 3271 2798 3341 prodest
2823 3275 3116 3346 quidquam.
3167 3278 3331 3337 Verba
3357 3300 3470 3354 qua:
3510 3304 3600 3358 ego
3626 3289 3708 3344 lo-

2119 3372 2265 3418 cutus
2288 3380 2400 3416 sum
2429 3365 2595 3432 vobis,
2618 3367 2825 3436 spiritus
2849 3377 2895 3422 et
2919 3370 3020 3423 vita
3043 3381 3178 3426 sunt.
3205 3374 3340 3442 Quid
3370 3387 3470 3444 est,
3498 3381 3709 3449 spiritus

2117 3461 2163 3506 et
2183 3453 2282 3506 vita
2305 3455 2457 3508 sunt?
2481 3454 2836 3524 Spiritualitcr
2856 3459 3193 3531 intelligenda
3220 3475 3361 3520 sunt.
3394 3468 3708 3530 Intellexisti

2117 3544 2498 3613 spiritualiter?
2522 3547 2729 3617 spiritus
2753 3559 2802 3602 et
2834 3551 2936 3604 vita
2963 3565 3096 3608 sunt.
3139 3555 3449 3616 Intellexisti
3475 3564 3708 3620 carnali-

2119 3635 2229 3689 ter?
2244 3637 2402 3691 etiam
2428 3638 2506 3691 sic
2529 3638 2616 3692 illa
2637 3640 2846 3711 spiritus
2867 3652 2912 3696 et
2927 3644 3028 3697 vita
3045 3655 3181 3713 sunt,
3198 3649 3293 3703 sed
3317 3651 3409 3706 tibi
3429 3667 3536 3709 non
3557 3666 3706 3714 sunt.

2189 3727 2242 3779 7.
2283 3726 2389 3782 Sed
2416 3738 2532 3782 sunt
2560 3731 2767 3799 quidam
2790 3771 2805 3797 ,
2847 3733 3052 3804 inquit,
3082 3737 3134 3790 in
3153 3739 3290 3793 vobis
3325 3743 3413 3811 qui
3451 3761 3552 3798 non
3591 3765 3706 3802 cre-

2116 3818 2262 3873 dunt.
2292 3819 2408 3874 Non
2438 3820 2590 3887 dixit,
2622 3821 2754 3876 Sunt
2784 3825 2995 3892 quidam
3026 3827 3078 3880 in
3106 3829 3256 3885 vobis
3283 3832 3371 3902 qui
3403 3850 3506 3889 non
3545 3837 3703 3894 intel-

2114 3911 2280 3981 ligunt
2306 3927 2321 3976 ;
2351 3911 2446 3967 sed
2476 3927 2690 3969 causam
2719 3915 2867 3981 dixit,
2901 3933 3065 3987 quare
3084 3935 3189 3974 non
3216 3922 3529 3995 intelligant.
3562 3930 3702 3986 Sunt

2115 4001 2245 4056 enim
2260 4003 2464 4074 quidam
2478 4005 2529 4058 in
2547 4006 2684 4059 vobis
2696 4007 2782 4076 qui
2796 4024 2894 4061 non
2911 4011 3118 4064 credunt
3137 4029 3156 4077 ;
3171 4021 3225 4067 et
3247 4014 3367 4070 ideo
3383 4033 3487 4072 non
3508 4020 3705 4078 intelli-

2115 4105 2262 4167 gunt,
2282 4098 2401 4167 quia
2419 4113 2522 4152 non
2539 4099 2779 4154 credunt.
2800 4101 3061 4172 Propheta
3079 4107 3219 4160 cnim
3236 4107 3389 4178 dixit,
3410 4110 3529 4166 Nisi
3541 4115 3704 4169 credi-

2115 4191 2306 4256 deritis,
2326 4208 2424 4245 non
2440 4191 2727 4263 intelligetis
2750 4193 2799 4264 (1
2806 4195 2880 4247 sai
2889 4235 2898 4247 .
2914 4211 3006 4263 vn,
3024 4197 3054 4251 9
3071 4238 3085 4263 ,
3105 4215 3201 4252 sec.
3219 4200 3404 4274 LXX).
3422 4204 3524 4261 Per
3543 4207 3702 4266 ﬁdem

2115 4281 2445 4350 copulamur,
2470 4297 2563 4352 per
2583 4282 2903 4339 intellectum
2928 4287 3279 4346 viviﬁcamur.
3319 4293 3472 4351 Prius
3500 4297 3704 4356 haerea-

2114 4389 2233 4428 mus
2254 4389 2347 4444 per
2373 4373 2551 4442 ﬁdem,
2571 4384 2629 4429 ut
2648 4376 2715 4430 sit
2737 4377 2880 4447 quod
2904 4379 3202 4437 vivificetur
3224 4400 3320 4454 per
3346 4387 3700 4449 intellectum.

2115 4465 2246 4519 Nam
2276 4466 2364 4536 qui
2392 4482 2495 4520 non
2527 4466 2716 4535 lueret,
2746 4469 2983 4538 resistit;
3009 4473 3099 4542 qui
3127 4477 3344 4542 resistit,
3375 4495 3481 4535 non
3509 4482 3700 4539 credit.

2113 4555 2248 4609 Nam
2272 4556 2362 4626 qui
2402 4556 2632 4622 resistit,
2675 4560 2940 4627 quomodo
2981 4561 3313 4625 Yivilicatnr?
3348 4567 3699 4629 Adversarius

2115 4656 2195 4702 est
2212 4647 2358 4701 radio
2376 4648 2525 4714 lucis,
2545 4665 2648 4718 quo
2667 4653 3025 4720 penetrandus
3041 4666 3150 4711 est:
3169 4674 3274 4714 non
3296 4664 3488 4718 avertit
3506 4665 3697 4734 aciem,

2113 4737 2206 4792 sed
2229 4739 2422 4794 claudit
2443 4749 2696 4795 mentem.
2721 4741 2856 4796 Sunt
2875 4759 3002 4816 ergo
3025 4749 3229 4817 quidam
3247 4754 3334 4823 qui
3352 4771 3451 4808 non
3466 4757 3699 4815 credunt.

2115 4828 2344 4883 Crcdant
2366 4839 2418 4884 et
2443 4831 2707 4900 aperiant,
2731 4835 2975 4903 aperiant
3001 4847 3055 4892 et
3078 4839 3528 4900 illuminabuntur.
3553 4847 3703 4904 Scie-

2114 4920 2196 4974 bat
2219 4921 2350 4974 enim
2372 4921 2432 4974 ab
2457 4922 2602 4976 initio
2619 4923 2655 4978 Ι
2659 4941 2771 4979 esus
2793 4926 2878 4997 qui
2901 4937 3062 4983 essent
3090 4933 3360 5001 credentes,
3385 4946 3434 4990 et
3457 4939 3568 5007 quis
3598 4951 3703 4994 tra-

2113 5012 2310 5067 diturus
2333 5022 2455 5068 esset
2475 5031 2607 5069 eum.
2633 5013 2709 5070 lbi
2735 5017 2876 5072 enim
2901 5029 3014 5075 erat
3039 5031 3092 5076 et
3109 5021 3135 5077 .l
3145 5023 3290 5078 udas.
3322 5024 3453 5080 Nam
3478 5029 3698 5099 quidam

2111 5103 2451 5160 scandalizati
2476 5108 2747 5163 suntzille
2774 5118 2950 5165 autem
2986 5116 3180 5169 mansit
3203 5116 3270 5170 ad
3314 5117 3694 5194 insidiandum,

2111 5211 2221 5251 non
2251 5197 2316 5252 ad
2341 5198 2756 5268 intelligendum.
2789 5202 2855 5256 Et
2883 5204 3006 5273 quia
3033 5205 3153 5261 ideo
3182 5220 3468 5280 manserat,
3495 5231 3601 5271 non
3627 5217 3697 5273 de

2111 5286 2205 5342 illo
2233 5289 2396 5343 tacuit
2423 5289 2697 5345 Dominus.
2739 5290 2855 5348 Non
2884 5293 3030 5349 illum
3060 5299 3339 5368 expressit,
3366 5303 3460 5358 sed
3487 5321 3586 5362 nec
3614 5307 3695 5363 si-

2111 5379 2239 5446 luit;
2268 5391 2325 5434 nt
2352 5396 2538 5436 omnes
2577 5383 2856 5452 timerent,
2887 5387 3127 5455 quamvis
3155 5402 3291 5444 unus
3324 5395 3542 5464 periret.
3582 5399 3689 5457 Sed

2109 5483 2452 5544 posteaquam
2475 5475 2610 5530 dixit
2634 5486 2688 5531 et
2716 5476 2953 5532 distinxit
2977 5479 3254 5537 credentes
3284 5502 3313 5538 a
3339 5502 3444 5543 non
3465 5491 3695 5548 creden-

2110 5568 2270 5632 tibus,
2295 5569 2553 5638 expressit
2573 5585 2786 5624 causam
2816 5585 2979 5638 quare
3002 5587 3104 5626 non
3132 5575 3384 5632 credant‘:
3411 5579 3692 5653 Propterea

2111 5663 2217 5715 dimi
2243 5661 2398 5727 vobis,
2423 5663 2619 5733 inquit,
2649 5663 2766 5732 quia
2793 5679 2936 5716 nemo
2982 5675 3139 5734 potest
3167 5673 3333 5725 venire
3358 5674 3425 5727 ad
3453 5692 3561 5741 me,
3594 5679 3691 5733 nisi

2111 5756 2259 5827 fuerit
2291 5756 2334 5808 ei
2364 5754 2537 5809 datum
2565 5771 2597 5807 a
2637 5753 2793 5808 Patre
2829 5771 2956 5809 meo.
3000 5756 3140 5828 Ergo
3182 5773 3235 5815 et
3279 5764 3498 5822 credere
3537 5768 3693 5826 datur

2055 5871 2060 5876 ε
2111 5847 2264 5904 nobis
2289 5865 2303 5904 :
2324 5863 2428 5904 non
2457 5846 2600 5905 enim
2623 5846 2756 5908 nihil
2784 5856 2868 5906 est
2889 5849 3126 5908 credere.
3153 5853 3210 5913 Si
3237 5864 3412 5913 autem
3440 5873 3688 5935 magnum
