4118 6486
479 335 610 394 1619

467 451 668 532 aliquid
687 457 789 520 est,
811 448 986 524 gaude
999 449 1126 528 quia
1144 445 1435 512 credidisti,
1458 444 1555 502 sed
1573 441 1684 499 noli
1704 439 1886 498 extolli
1907 457 1919 493 :
1935 435 2064 510 quid

469 547 614 610 enim
643 543 810 604 babes
833 543 977 616 quod
997 558 1106 600 non
1129 539 1380 612 accepisti
1407 533 1593 614 (lCor.
1611 551 1690 604 tv,
1709 533 1765 608 7)
1788 535 1814 590 τ

539 637 596 695 8.
635 637 722 700 Ea:
747 636 843 692 hoc
877 634 1025 698 multi
1049 633 1414 708 discipulorum
1442 629 1550 701 ejus
1579 629 1807 682 abierunt
1831 636 1985 694 retro,
2015 635 2065 681 et

457 731 576 806 iam
599 746 700 790 non
719 744 835 786 cum
851 727 942 790 illo
962 725 1360 788 ambulaverunt.
1386 723 1628 780 Abierant
1651 729 1804 790 retro,
1827 721 1919 776 sed
1941 730 2061 794 post

467 831 738 892 satanam,
767 834 874 878 non
905 828 1024 892 post
1060 816 1349 876 Christum.
1387 813 1522 870 Nam
1562 813 1844 884 aliquando
1877 813 2058 868 Domi-

464 929 570 974 nus
593 914 839 972 Christus
865 913 1084 978 Petrum
1109 908 1396 984 appellavit
1423 916 1662 966 Satanam
1683 949 1698 974 ,
1727 907 1894 978 magis
1935 905 2059 976 quia

463 1009 680 1070 volebat
702 1007 1006 1086 praecedere
1029 1005 1314 1068 Dominum
1339 1018 1516 1078 suum,
1547 1011 1602 1058 et
1626 1001 1906 1062 consilium
1929 999 2060 1056 dare

463 1117 538 1162 ne
567 1111 871 1166 moreretur
896 1100 988 1166 ille
1009 1141 1026 1166 .
1054 1097 1147 1172 qui
1176 1103 1398 1154 venerat
1424 1105 1484 1152 ut
1511 1103 1834 1160 moreretur,
1865 1108 1934 1148 ne
1961 1107 2058 1148 nos

460 1193 520 1250 in
545 1203 805 1254 mteruum
827 1207 1204 1257 moraremur;
1233 1198 1286 1246 et
1311 1191 1388 1246 ait
1414 1187 1488 1244 illi
1514 1206 1528 1245 :
1553 1186 1684 1244 Redi
1711 1195 1822 1257 post
1849 1201 1946 1250 me,
1975 1201 2059 1242 δα-
2095 1249 2098 1252 ,
2127 1215 2134 1258 ς

463 1293 644 1360 lanas;
683 1301 784 1346 non
807 1284 942 1346 enim
968 1283 1107 1358 sapis
1133 1297 1246 1353 quae
1263 1277 1362 1342 Dei
1397 1287 1514 1334 sunt
1531 1320 1546 1344 ,
1587 1279 1673 1334 sed
1701 1293 1814 1349 qua
1839 1275 2056 1331 hominis

461 1385 580 1438 sunt
603 1375 813 1450 (Matth.
838 1390 948 1440 xvi,
968 1374 1086 1450 25).
1111 1372 1226 1436 Non
1253 1372 1400 1426 illum
1437 1369 1632 1442 repulit
1657 1377 1803 1426 retro
1828 1368 1908 1424 ire
1934 1379 2056 1438 post

460 1477 725 1538 Satanan),
753 1477 810 1524 et
833 1465 1119 1546 appellavit
1145 1473 1422 1530 satanam;
1449 1461 1545 1516 sed
1572 1460 1697 1516 fecit
1723 1468 1842 1530 post
1869 1474 1927 1513 se
1952 1459 2050 1527 ire,

379 1601 384 1604 -
461 1569 656 1624 utnon
683 1569 826 1618 esset
857 1569 1072 1622 satanas
1099 1556 1423 1618 ambulando
1453 1562 1574 1626 post
1613 1553 1918 1612 Dominum.
1959 1549 2054 1607 isti

459 1661 640 1716 autem
667 1653 746 1708 sic
773 1651 1045 1712 redierunt
1069 1659 1234 1715 retro,
1259 1646 1526 1720 quomodo
1549 1645 1616 1700 de
1639 1644 1951 1716 quibusdam
1974 1643 2053 1698 fe.

459 1747 619 1804 minis
665 1745 794 1810 dicit
819 1743 1107 1820 Apostolus
1135 1760 1148 1796 :
1192 1741 1440 1806 Quwdam
1475 1738 1608 1796 enim
1645 1753 1896 1792 conuersa
1936 1744 2053 1792 sunt

459 1849 592 1898 retro
611 1848 723 1912 post
741 1835 1009 1910 solonam(
1029 1835 1196 1892 lTim.
1217 1851 1270 1900 ν,
1295 1833 1406 1906 15).
1437 1831 1667 1892 Ulterius
1687 1845 1808 1886 cum
1831 1830 1920 1884 illo
1941 1844 2052 1886 non

455 1933 882 1992 ambulaverunt.
930 1931 1070 1988 Ecce
1097 1925 1309 2000 promisi
1335 1943 1366 1982 a
1393 1939 1620 1996 corpore
1665 1923 1828 1980 vitam
1867 1923 2049 1994 perdi-

459 2026 674 2094 derunt,
703 2025 824 2096 quia
855 2023 990 2082 forte
1017 2024 1070 2078 in
1095 2036 1321 2092 corpore
1349 2034 1450 2080 nec
1489 2017 1724 2076 fuerunt.
1773 2017 1912 2074 inter
1939 2033 2050 2074 non

456 2120 741 2176 credentes
765 2128 820 2174 et
845 2119 944 2190 ipsi
967 2115 1254 2188 deputandi
1271 2122 1414 2180 sunt,
1436 2111 1678 2184 quamvis
1699 2111 1944 2180 discipuli
1963 2110 2048 2166 di-

455 2223 724 2274 cerentur.
767 2212 1030 2272 Ahierunt
1057 2220 1224 2274 retro,
1253 2223 1358 2262 non
1385 2208 1562 2278 pauci,
1588 2205 1682 2262 sed
1719 2205 1892 2262 multi.
1938 2204 2050 2261 Hoc

453 2307 592 2370 forte
615 2307 814 2364 factum
835 2316 920 2366 εει
935 2305 1004 2360 ad
1023 2303 1462 2364 consolationem,
1487 2299 1736 2370 quoniam
1763 2297 2047 2370 aliquando

453 2401 713 2470 calatingit
739 2407 796 2460 ut
823 2398 968 2456 dicat
997 2397 1159 2454 homo
1185 2409 1391 2460 verum,
1420 2401 1476 2448 et
1497 2392 1638 2462 quod
1660 2391 1805 2458 dicit,
1829 2407 1939 2448 non
1957 2405 2048 2446 ca-

451 2493 648 2564 piatur,
677 2501 837 2564 atque
859 2490 936 2548 illi
965 2490 1056 2561 qui
1081 2489 1323 2555 audiunt,
1349 2485 1773 2546 scandalizentur
1797 2495 1850 2540 et
1873 2485 2046 2541 disce-

449 2585 598 2642 dant.
639 2583 870 2640 Paenitet
899 2591 1080 2640 autem
1121 2580 1392 2636 hominem
1433 2578 1634 2633 dixisse
1675 2577 1818 2646 quod
1857 2591 2045 2634 verum

452 2678 538 2726 est
559 2687 574 2728 :
596 2667 724 2726 dicit
748 2669 892 2726 enim
913 2667 1054 2738 apud
1075 2681 1136 2722 se
1165 2665 1326 2722 homo
1343 2705 1358 2728 ,
1385 2663 1504 2718 Non
1537 2663 1716 2724 debui.
1735 2664 1812 2718 sic
1831 2663 2009 2720 dicere
2025 2705 2038 2729 ,

451 2776 560 2816 non
591 2760 696 2816 hoc
738 2760 920 2816 dicere
956 2758 1138 2814 debui.
1173 2757 1313 2812 Ecce
1343 2755 1570 2810 Domino
1609 2754 1853 2824 contigit;
1889 2754 2040 2821 dixit,

450 2862 508 2910 et
535 2853 765 2926 perdidit
789 2852 1006 2918 multos,
1035 2849 1294 2906 remansit
1317 2848 1386 2903 ad
1412 2862 1632 2924 paucos.
1671 2847 1776 2902 Sed
1805 2863 1910 2900 non
1939 2857 2044 2902 tur-

447 2947 674 3004 babatur
701 2945 837 3016 ipse,
867 2947 990 3016 quia
1031 2943 1099 2998 ab
1139 2942 1292 2998 initio
1319 2949 1540 2998 noverat
1567 2949 1621 2998 et
1647 2941 1736 3012 qui
1761 2941 2042 2998 credentes

445 3045 650 3104 essent,
679 3045 732 3092 et
757 3036 847 3108 qui
875 3050 984 3090 non
1008 3033 1292 3092 credentes
1319 3049 1333 3086 :
1362 3047 1460 3090 nos
1489 3032 1536 3088 si
1561 3032 1714 3088 nobis
1746 3033 2035 3104 contingat,

445 3131 838 3204 perturbamur.
881 3128 1140 3186 Solatium
1167 3127 1222 3182 in
1249 3126 1475 3182 Domino
1503 3125 1856 3190 inveniamus,
1879 3133 1932 3180 et
1957 3135 2038 3180 ta-

447 3237 572 3280 men
601 3231 756 3278 caute
782 3221 945 3278 verba
971 3221 1230 3278 dicamus.

522 3313 577 3370 9.
617 3313 792 3386 Atque
837 3313 929 3368 ille
957 3311 1024 3368 ad
1061 3325 1258 3383 paucos
1305 3309 1396 3382 qui
1439 3317 1807 3365 remanserant
1837 3327 1850 3362 :
1883 3307 2029 3366 Dixit

445 3423 566 3482 ergo
583 3406 737 3464 Iesus
759 3407 1062 3472 duodecim;
1090 3407 1144 3462 id
1167 3415 1250 3462 est
1271 3404 1376 3460 illis
1399 3403 1678 3460 duodecim
1707 3405 1796 3474 qui
1826 3420 2038 3460 reman-

445 3511 668 3560 serunt:
695 3500 1034 3573 Numquid,“
1059 3515 1173 3567 nos,
1209 3499 1411 3569 inquit,
1443 3498 1594 3554 uultis
1635 3498 1754 3552 ire?
1781 3498 1894 3553 Non
1923 3499 2036 3556 dis-

443 3597 610 3656 cessit
633 3610 735 3654 nec
767 3594 948 3652 ludas.
991 3594 1098 3652 Sed
1141 3609 1308 3664 quare
1353 3593 1634 3658 manebat,
1661 3593 1888 3648 Domino
1925 3593 2034 3664 jam

445 3689 765 3761 apparebat;
795 3688 948 3744 nobis
974 3695 1156 3758 postea
1199 3684 1566 3742 manifestatus
1599 3693 1700 3740 est.
1735 3685 2036 3754 Respondit

443 3779 638 3838 Petrus
683 3795 783 3852 pro
825 3779 1106 3845 omnibus,
1141 3791 1280 3834 unus
1328 3792 1426 3847 pro
1471 3777 1686 3843 multis,
1716 3778 1890 3832 unitas
1939 3793 2035 3848 pro

444 3874 748 3932 universis:
775 3872 1052 3944 Respondit
1091 3887 1209 3943 ergo
1238 3871 1284 3924 ei
1328 3869 1508 3926 Simon
1539 3867 1722 3926 Petrus
1745 3885 1763 3924 :
1783 3869 2030 3938 Domine,

445 3965 514 4020 ad
537 3981 682 4036 quem
718 3964 940 4020 ibimus?
969 3962 1202 4033 Repellis
1227 3976 1326 4018 nos
1350 3977 1381 4016 a
1407 3970 1490 4028 te,
1521 3961 1586 4016 da
1615 3961 1770 4018 nobis
1799 3963 2028 4018 alterum

445 4064 520 4112 te.
549 4055 632 4110 Ad
653 4071 802 4126 quem
825 4055 1049 4110 ibimus?
1077 4055 1131 4110 Si
1155 4069 1188 4108 a
1215 4061 1272 4108 te
1297 4052 1614 4120 recedimus,
1642 4054 1706 4108 ad
1735 4069 1892 4124 quem
1931 4055 2034 4110 ibi-

446 4147 604 4204 mus?
636 4146 796 4202 Verba
821 4147 938 4204 vita
961 4157 1163 4204 (eterna:
1181 4146 1352 4200 habes.
1375 4143 1566 4202 Videte
1585 4146 2032 4216 quemadmodum

449 4238 642 4294 Petrus
661 4279 676 4308 ,
703 4237 868 4294 dante
899 4239 1044 4306 Deo,
1076 4245 1354 4296 recreante
1395 4236 1594 4308 Spiritu
1621 4249 1806 4294 sancto
1827 4281 1840 4304 ,
1875 4239 2031 4294 intel-

445 4329 598 4390 lexit.
631 4329 786 4388 Unde
807 4373 823 4398 ,
851 4329 954 4386 nisi
1000 4331 1120 4400 quia
1173 4329 1436 4386 credidit?
1483 4329 1646 4385 Verba
1681 4333 1794 4386 vita:
1833 4343 2035 4388 ωιενηω

449 4423 621 4480 habet.
651 4423 822 4478 Vitam
867 4423 1012 4490 enim
1049 4431 1304 4480 aeternam
1343 4421 1506 4478 habes
1549 4424 1602 4478 in
1646 4424 2032 4481 ministratione

445 4517 688 4588 corporis
713 4525 768 4572 et
793 4517 1072 4587 sanguinis
1093 4518 1190 4576 tui.
1221 4514 1292 4572 Et
1309 4533 1400 4572 nos
1421 4518 1750 4586 credidimus,
1772 4529 1820 4574 et
1840 4536 2030 4591 cogno-

445 4609 630 4666 uimus.
659 4607 778 4666 Non
809 4609 1190 4680 cognovimus,
1221 4617 1276 4666 et
1305 4610 1658 4678 credidimus,
1690 4612 1782 4668 sed
1812 4614 2032 4668 credidi-

445 4717 592 4768 mus,
619 4709 668 4758 et
695 4701 1038 4773 cognorimus.
1071 4699 1407 4758 Credidimus
1431 4703 1572 4758 enim
1603 4711 1660 4758 ut
1679 4719 2031 4775 cognoscere-

443 4809 606 4852 mus:
633 4809 756 4850 nam
798 4793 844 4850 si
876 4795 1024 4865 prius
1067 4809 1422 4864 cognoscere,
1465 4803 1520 4848 et
1563 4794 1756 4850 deinde
1807 4797 2029 4854 credere

443 4886 704 4944 vellemus
722 4927 737 4952 ,
789 4901 890 4942 nec
928 4901 1253 4958 cognoscere
1295 4900 1396 4942 nec
1441 4885 1662 4942 credere
1705 4888 2024 4944 valeremus.

443 4979 582 5048 Quid
624 4979 980 5048 credidimus,
1017 4987 1072 5038 et
1113 4978 1242 5048 quid
1285 4978 1668 5049 cognovimus?
1705 4981 1838 5046 Quia.
1881 4991 1936 5036 tu
1975 4999 2028 5038 es

441 5071 672 5126 Christus
703 5068 872 5124 Filius
903 5069 996 5126 Dei
1019 5087 1039 5136 ;
1067 5069 1118 5126 id
1139 5077 1246 5135 est,
1275 5069 1397 5140 quia
1440 5069 1550 5139 ipsa
1595 5069 1700 5126 vita
1745 5079 1942 5132 aeterna
1973 5083 2027 5128 tu

441 5179 502 5220 es
521 5205 536 5231 ,
569 5172 628 5222 et
655 5179 762 5219 non
789 5162 887 5218 das
913 5163 966 5218 in
989 5177 1151 5220 carne
1176 5171 1231 5220 et
1256 5163 1512 5234 sanguine
1537 5171 1626 5218 tuo
1653 5165 1754 5220 nisi
1783 5165 1923 5235 quod
1946 5183 2024 5223 es.

512 5255 602 5314 10.
643 5257 733 5312 Ait
775 5269 904 5326 ergo
940 5253 1200 5312 Dominus
1232 5253 1389 5312 Iesus
1413 5273 1426 5310 :
1453 5253 1642 5312 Nonne
1663 5273 1757 5326 ego
1783 5272 1866 5312 uos
1895 5259 2026 5312 duo-

441 5349 608 5402 decim
643 5348 770 5419 alegi
787 5391 802 5412 ,
825 5357 872 5404 et
899 5363 1032 5404 unus
1057 5363 1120 5410 es
1145 5345 1288 5403 vobis
1315 5347 1547 5402 diabolus
1575 5349 1687 5404 est?
1711 5349 1850 5419 Ergo
1868 5391 1882 5415 ,
1919 5349 2028 5406 Un-

443 5441 606 5496 decim
649 5441 778 5511 elegi
825 5440 1074 5498 diceret:
1106 5439 1174 5496 an
1203 5440 1420 5512 cligitur
1468 5449 1522 5496 et
1567 5441 1838 5510 diabolus,
1875 5453 1930 5500 et
1971 5445 2024 5500 in

439 5535 628 5592 electis
655 5541 742 5594 est
780 5533 1055 5592 diabolus?
1085 5531 1252 5590 Eleeti
1281 5535 1334 5588 in
1375 5533 1528 5590 laude
1557 5535 1732 5590 solent
1773 5535 1876 5592 dici
1913 5555 1928 5592 :
1957 5553 2023 5592 an

441 5632 645 5686 electus
669 5636 824 5684 estet
847 5627 982 5696 iste,
1006 5627 1074 5684 de
1109 5641 1218 5698 quo
1247 5625 1460 5682 nolente
1503 5632 1558 5682 et
1599 5627 1872 5682 nesciente
1913 5644 2026 5682 ma-

440 5735 604 5794 gnum
632 5719 828 5792 aliquid
854 5717 981 5776 boni
1001 5719 1190 5784 ﬂeret?
1213 5717 1328 5776 Hoc
1345 5727 1432 5776 est
1453 5720 1723 5790 proprium
1746 5721 1870 5788 Det;
1899 5736 2026 5780 eon-

442 5813 664 5876 trarium
687 5815 902 5887 iniquis.
923 5813 1076 5872 Sicut
1097 5813 1242 5872 enim
1259 5813 1432 5886 iniqui
1457 5811 1600 5872 male
1625 5821 1844 5872 utuntur
1866 5816 2023 5876 bonis

1375 327 1442 386 IN
1477 325 1754 384 JOANNIS
1790 315 2263 382 EVANGELIUM.
2299 324 2360 382 S.
2399 325 2768 386 AUGUSTINI

3621 339 3756 400 1620

2175 439 2426 510 operibus
2450 442 2575 510 Dei;
2607 445 2684 500 sic
2711 454 2896 502 contra
2918 441 3057 504 Deus
3081 447 3220 505 bene
3244 449 3409 506 utitur
3437 450 3591 510 malis
3617 470 3754 526 ope-

2173 533 2320 590 ribus
2351 534 2622 592 hominum
2647 537 2968 608 iniquorum.
2992 541 3158 608 Quam
3185 542 3383 598 bonum
3405 555 3488 600 est
3513 548 3754 609 membra

2171 627 2414 698 corporis
2459 629 2528 684 ita
2559 644 2711 698 esse,
2740 631 3183 702 quemadmodum
3219 633 3429 706 disponi
3465 653 3571 692 non
3622 655 3752 712 pos-

2171 729 2296 776 sunt
2343 721 2443 776 nisi
2495 723 2562 776 ab
2611 721 2815 778 artifice
2863 723 3002 782 Deo!
3033 723 3326 782 Petulantia
3375 738 3551 786 tamen
3593 749 3752 804 quam

2169 813 2310 868 male
2336 815 2500 868 utitur
2519 813 2719 870 oculis?
2745 815 2973 874 Fallacia
3001 834 3157 890 quam
3185 821 3322 876 male
3349 822 3516 878 utitur
3543 825 3754 898 lingua?

2171 906 2359 963 Falsus
2384 909 2533 963 testis
2560 926 2736 966 nonne
2766 909 2942 982 lingua
2969 927 3064 970 sua
3089 921 3143 968 et
3170 913 3400 970 animam
3425 931 3575 972 suam
3607 921 3752 988 prius

2169 1001 2434 1072 trucidat,
2463 1011 2516 1056 et
2559 1003 2782 1060 alterum
2821 1003 3016 1060 lmdere
3059 1019 3118 1060 se
3165 1016 3441 1080 perempto
3485 1014 3748 1066 conatur?

2167 1093 2303 1150 Male
2325 1093 2490 1150 utitur
2511 1093 2716 1166 lingua,
2747 1111 2846 1152 nec
2871 1095 2993 1152 ideo
3019 1097 3219 1154 malum
3250 1109 3331 1154 est
3351 1097 3539 1171 lingua
3573 1121 3584 1154 :
3616 1119 3744 1172 opus

2171 1186 2264 1240 Dei
2290 1193 2372 1240 est
2397 1185 2610 1258 lingua,
2635 1187 2731 1244 sed
2760 1187 2900 1244 bono
2941 1204 3103 1259 opere
3149 1190 3240 1246 Dei
3283 1193 3422 1250 male
3466 1197 3630 1250 utitur
3657 1197 3741 1254 illa

2129 1275 2421 1358 "nequitia.
2453 1279 2731 1358 Quomodo
2773 1290 2992 1337 utuntur
3033 1283 3257 1356 pedibus
3305 1287 3394 1356 qui
3423 1297 3643 1344 currunt
3681 1291 3748 1352 ad

2167 1307 2421 1347 ucqutuu.
2453 1307 2731 1358 υμυιιιυυυ
2775 1307 2992 1337 υιυιιιυι·
3033 1307 3257 1356 peuwus
3305 1307 3394 1356 qut
3423 1307 3643 1344 currunt
3681 1307 3748 1352 ad

2124 1307 2162 1428 Ι
2163 1371 2402 1425 scelera?
2447 1371 2714 1441 quomodo
2769 1384 2984 1430 utuntur
3035 1377 3278 1432 manibus
3326 1381 3646 1437 homicida)?
3693 1394 3748 1442 et

2163 1461 2270 1516 illis
2297 1463 2661 1534 adjacentihus
2687 1465 2979 1524 forinsecus
3002 1468 3157 1526 bonis
3177 1475 3436 1528 creaturis
3467 1475 3560 1531 Dei
3589 1493 3744 1547 quam

2161 1554 2300 1609 male
2331 1565 2548 1612 utuntur
2574 1557 2736 1612 mali?
2762 1560 2908 1614 Auro
2933 1559 3132 1632 judicia
3173 1575 3551 1636 corrumpunt,
3591 1567 3745 1626 iuno-

2160 1657 2350 1704 centes
2372 1650 2694 1718 Opprimunt.
2719 1649 2863 1706 Luce
2887 1653 2984 1708 ista
3013 1653 3136 1708 mali
3165 1655 3302 1710 male
3323 1665 3543 1712 utuntur
3569 1677 3582 1712 :
3607 1659 3744 1717 male

2165 1741 2392 1798 vivendo
2413 1742 2556 1798 enim
2589 1743 2746 1798 etiam
2771 1743 2940 1816 ipsam
2971 1745 3144 1802 lucem
3174 1763 3274 1818 qua
3305 1748 3518 1815 vident,
3551 1750 3616 1804 ad
3641 1752 3742 1806 mi-

2159 1831 2439 1890 nisterium
2484 1835 2744 1890 scelerum
2790 1851 3007 1892 suorum
3049 1847 3324 1908 usurpant.
3369 1839 3487 1896 lens
3511 1841 3654 1897 enim
3685 1851 3743 1898 ut

2157 1923 2317 1982 faciat
2341 1926 2536 1998 aliquid
2557 1927 2684 1981 mali
2708 1927 2907 1996 malus,
2936 1929 3112 1984 lucere
3138 1929 3240 1986 sibi
3259 1931 3370 1986 vult
3393 1947 3458 1986 ne
3483 1931 3738 2004 oli‘eudat,

2127 2085 2130 2088 ,
2158 2021 2248 2096 qui
2269 2021 2380 2092 jam
2408 2022 2550 2076 intus
2575 2021 2799 2078 offendit
2826 2032 2880 2078 et
2908 2023 3103 2078 cecidit
3130 2042 3143 2078 :
3175 2023 3313 2096 quod
3360 2027 3510 2082 timet
3539 2027 3590 2082 in
3618 2042 3742 2083 cor-

2159 2129 2320 2186 pore,
2347 2115 2455 2184 jam
2485 2114 2704 2170 incurrit
2729 2115 2780 2170 in
2802 2113 2982 2170 corde.
3011 2115 3269 2172 Omnibus
3291 2133 3416 2190 ergo
3447 2117 3600 2174 bonis
3623 2119 3737 2188 Dei,

2159 2225 2226 2266 ue
2253 2225 2348 2279 per
2375 2208 2578 2280 singula
2609 2223 2831 2264 currere
2875 2209 3089 2280 longum
3137 2211 3204 2268 sit
3229 2253 3242 2276 ,
3275 2211 3412 2266 male
3443 2212 3605 2268 utitur
3629 2229 3742 2268 ma-

2155 2302 2277 2360 lus:
2307 2312 2522 2372 contra,
2555 2305 2709 2360 malis
2755 2305 3030 2362 hominum
3087 2305 3348 2364 malorum
3393 2307 3529 2362 bene
3575 2309 3739 2362 utitur

2155 2395 2347 2452 bonus.
2381 2396 2448 2452 Et
2470 2396 2595 2468 quid
2623 2405 2728 2456 tam
2756 2396 2956 2452 bonum
2996 2413 3152 2468 quam
3187 2413 3319 2452 unus
3351 2397 3529 2453 Deus?
3555 2397 3738 2464 Quan-

2153 2487 2440 2558 doquidem
2467 2491 2581 2564 ipae
2607 2490 2864 2546 Dominus
2903 2489 3072 2558 dixit,
3103 2489 3267 2545 Nemo
3296 2491 3453 2546 bonus
3482 2491 3582 2546 nisi
3607 2509 3738 2546 unus

2153 2578 2294 2638 Deus
2333 2580 2544 2650 (Marc.
2577 2599 2608 2640 χ
2631 2623 2644 2649 ,
2671 2583 2737 2638 18
2759 2581 2802 2656 ).
2845 2583 3054 2650 Quanto
3085 2601 3210 2654 ergo
3236 2583 3322 2639 ille
3352 2585 3560 2654 melior,
3591 2595 3736 2640 tanto

2151 2673 2344 2730 melius
2370 2674 2534 2730 utitur
2558 2683 2611 2730 et
2638 2677 2792 2736 malis
2815 2677 3030 2734 nostris.
3063 2677 3196 2746 Quid
3226 2677 3358 2734 Juda
3383 2678 3570 2748 pejus?
3599 2679 3739 2736 lnter

2151 2778 2340 2824 omnes
2367 2765 2701 2824 adhaarentcs
2732 2767 2982 2838 Magistro
3005 2809 3018 2836 ,
3051 2769 3192 2826 inter
3231 2767 3547 2836 duodecim,
3577 2771 3737 2825 loculi

2149 2853 2224 2908 illi
2267 2856 2538 2910 commissi
2582 2865 2736 2926 sunt,
2767 2869 2822 2914 et
2858 2860 3181 2932 dispensatio
3217 2877 3508 2934 pauperum
3555 2861 3736 2916 distri-

2149 2945 2276 3000 buta
2305 2964 2319 3001 :
2345 2947 2582 3017 ingratus
2605 2959 2750 3004 tanto
2773 2950 3064 3018 beneﬁcio,
3089 2949 3277 3008 honori
3321 2963 3467 3008 tanto
3486 2994 3502 3020 ,
3531 2953 3736 3024 accepit

2147 3037 2466 3106 pecuniam,
2519 3038 2749 3108 perdidit
2788 3039 3049 3112 justitiam
3069 3055 3093 3096 ξ
3118 3041 3336 3097 tradidit
3381 3044 3543 3098 vitam
3585 3059 3732 3100 mor-

2149 3137 2298 3194 tuus;
2327 3144 2487 3200 quem
2517 3139 2574 3186 ut
2599 3129 2890 3200 discipulus
2917 3143 3132 3188 secutus
3154 3177 3166 3200 ,
3204 3145 3260 3188 ut
3289 3122 3532 3190 inimicus
3555 3151 3732 3206 perse-

2147 3227 2300 3276 cutus
2325 3229 2430 3276 est.
2473 3221 2665 3276 Totum
2713 3222 2814 3279 hoc
2844 3225 3041 3284 malum
3085 3225 3261 3294 ludar;
3294 3227 3387 3282 sed
3433 3229 3572 3284 malo
3617 3229 3732 3300 ejus

2145 3314 2282 3370 bene
2304 3329 2431 3370 usus
2453 3325 2533 3370 est
2559 3316 2832 3372 Dominus.
2857 3317 3017 3372 'l‘radi
3042 3334 3098 3374 se
3123 3321 3340 3392 pertulit
3363 3331 3418 3376 ut
3445 3323 3733 3379 redimeret

2145 3424 2264 3462 nos.
2293 3408 2431 3464 Ecce
2457 3408 2656 3462 malum
2676 3409 2824 3464 Juda:
2853 3412 2903 3464 in
2935 3411 3132 3466 bonum
3160 3427 3476 3468 conversum
3502 3425 3602 3469 est.
3631 3413 3732 3469 Sa-

2147 3509 2296 3554 tanas
2349 3508 2574 3570 quantos
2625 3509 2887 3573 martyres
2931 3512 3244 3574 persecutus
3273 3503 3390 3560 est?
3418 3503 3474 3561 Si
3518 3513 3734 3562 satanas

2145 3591 2512 3662 persequendo
2541 3601 2816 3660 cessaret,
2845 3593 3003 3648 hodie
3033 3604 3138 3648 tam
3167 3595 3454 3666 gloriosam
3477 3612 3730 3652 coronam

2143 3684 2312 3740 sancti
2363 3685 2634 3742 Laurentii
2682 3701 2790 3742 non
2837 3685 3250 3742 celebraremus.
3281 3685 3340 3744 Si
3389 3704 3516 3760 ergo
3563 3689 3730 3760 ipsius

2142 3775 2336 3832 diaboli
2365 3777 2518 3832 malis
2556 3777 2806 3848 operibus
2843 3777 2979 3834 bene
3025 3779 3186 3834 utitur
3215 3779 3356 3836 Deus
3381 3797 3395 3833 :
3420 3781 3562 3850 quod
3605 3779 3730 3837 facit

2141 3874 2343 3938 malus,
2391 3873 2528 3928 male
2575 3873 2805 3941 utendo,
2846 3874 2946 3928 sibi
2991 3885 3174 3940 nocet;
3209 3890 3316 3930 non
3360 3875 3584 3932 bonitati
3633 3875 3728 3932 Dei

2141 3963 2478 4020 contradicit.
2528 3963 2734 4020 Artifex
2781 3965 2872 4020 illo
2919 3966 3114 4030 utitur;
3147 3975 3200 4022 et
3241 3982 3463 4038 magnus
3503 3967 3723 4036 artifex,

2143 4055 2188 4110 si
2211 4055 2300 4108 illo
2322 4056 2396 4110 uti
2425 4069 2532 4110 non
2559 4065 2762 4122 nosset,
2793 4071 2893 4110 nec
2919 4071 3039 4110 eum
3066 4073 3184 4110 esse
3207 4058 3554 4126 permitteret.
3585 4057 3726 4128 Ergo

2141 4163 2274 4202 unus
2295 4163 2356 4202 ea:
2383 4148 2520 4202 vobis
2549 4147 2782 4202 diabolus
2807 4159 2900 4218 est,
2935 4149 3024 4214 ait,
3057 4165 3176 4204 cum
3203 4166 3302 4222 ego
3323 4165 3417 4208 vos
3442 4149 3724 4207 duodecim

2139 4239 2414 4310 elegerim.
2445 4240 2628 4294 Potest
2667 4249 2721 4296 et
2763 4241 2842 4296 sic
2890 4241 3107 4311 intelligi
3139 4241 3280 4312 quod
3327 4241 3432 4306 ait,
3459 4243 3723 4297 duodecim

2137 4333 2264 4402 elegi
2280 4373 2294 4398 ,
2325 4333 2448 4402 quia
2472 4342 2714 4388 sacratus
2740 4342 2822 4388 est
2851 4348 3125 4388 numerus.
3162 4332 3279 4388 Non
3304 4333 3443 4388 enim
3475 4335 3596 4406 quia
3623 4351 3722 4408 pe-

2137 4425 2226 4479 riit
2255 4423 2378 4480 inde
2399 4439 2570 4490 unus,
2599 4423 2720 4480 ideo
2739 4423 2882 4478 illius
2905 4425 3108 4480 numeri
3133 4423 3306 4478 bouor
3332 4423 3579 4496 demptus
3604 4435 3719 4480 est:

2137 4531 2260 4570 nam
2287 4516 2339 4570 iu
2369 4517 2540 4572 locum
2570 4516 2840 4586 pereuntis
2859 4557 2874 4580 ,
2901 4515 3037 4570 alius
3063 4515 3378 4584 subrogatus
3407 4527 3488 4572 est
3519 4517 3654 4592 (Act.
3679 4535 3719 4586 ι,

2135 4605 2249 4678 26).
2281 4607 2472 4662 Mansit
2522 4621 2776 4662 numerus
2820 4617 3192 4676 consecratus,
3225 4623 3483 4664 numerus
3518 4607 3723 4664 duode-

2133 4701 2354 4765 Iturius;
2387 4700 2508 4770 quia
2539 4715 2630 4770 per
2677 4700 2986 4754 universum
3035 4700 3321 4766 mundum,
3351 4699 3452 4756 hoc
3501 4711 3584 4758 est
3627 4718 3722 4772 per

2133 4801 2360 4866 quatuor
2395 4791 2642 4850 cardines
2666 4791 2881 4860 mundi,
2923 4791 3234 4846 Trinitatem
3276 4791 3485 4849 fuerant
3509 4809 3714 4848 atutun-

2134 4885 2332 4942 tiaturi.
2364 4883 2489 4940 Ideo
2521 4891 2602 4938 ter
2637 4883 2882 4954 quaterni
2913 4883 2952 4937 ί.
2977 4885 3046 4939 Se
3067 4898 3196 4956 ergo
3226 4885 3598 4940 exterminavit
3626 4885 3722 4940 Ju-

2132 4978 2261 5046 das,
2289 4992 2396 5032 non
2437 4975 2818 5030 duodenarium
2870 4991 3148 5032 numerum
3188 4975 3438 5032 violavit:
3470 4977 3582 5048 ipse
3625 4979 3721 5032 de-

2131 5068 2300 5130 seruit
2341 5075 2760 5138 prtnceptorem,
2790 5081 2912 5122 nam
2953 5066 3094 5122 Deus
3120 5067 3193 5121 illi
3217 5067 3465 5140 apposuit
3502 5083 3720 5124 succes-

2129 5176 2332 5220 sarem.

2205 5255 2292 5308 11.
2339 5251 2448 5308 Ηοε
2477 5257 2648 5306 totum
2677 5248 2817 5321 quod
2849 5249 3106 5305 Dominus
3136 5247 3203 5305 de
3228 5265 3390 5306 carne
3417 5257 3472 5305 et
3497 5249 3564 5305 de
3593 5264 3716 5304 san-

2131 5347 2290 5418 guine
2318 5360 2414 5402 suo
2442 5345 2654 5400 locutus
2681 5353 2792 5408 est,
2824 5352 2878 5398 et
2905 5342 3046 5414 quod
3087 5343 3140 5396 in
3182 5341 3298 5412 ejus
3326 5341 3716 5398 distributionis

2131 5440 2300 5508 gratia
2329 5439 2492 5492 vitam
2541 5435 2695 5492 nobis
2735 5434 2978 5506 promisit
3022 5444 3306 5503 aeternam,
3335 5443 3391 5490 et
3418 5433 3558 5504 quod
3587 5433 3716 5489 hinc

2131 5531 2298 5586 voluit
2327 5529 2548 5600 intelligi
2594 5527 3002 5584 manducatores
3045 5534 3098 5582 et
3139 5535 3408 5597 potatores
3441 5525 3619 5580 carnis
3661 5535 3716 5580 et

2133 5622 2407 5694 sanguinis
2447 5623 2556 5686 sui,
2589 5627 2648 5674 ut
2683 5619 2738 5674 in
2779 5618 2872 5674 illo
2915 5627 3164 5674 maneant
3188 5628 3242 5674 et
3269 5619 3384 5688 ipse
3411 5617 3464 5672 in
3491 5617 3592 5672 illis
3613 5659 3627 5686 ,
3661 5627 3718 5672 et

2123 5759 2356 5880 gnum
2392 5758 2646 5818 hactenus,
2687 5753 2802 5807 Ideo
2839 5760 2888 5808 et
2923 5754 3160 5819 om,
3195 5755 3516 5808 emendantur
3539 5755 3617 5806 hic
3655 5753 3716 5808 ad
