4118 6472
390 357 530 416 um
578 424 590 433 ,

379 467 542 552 quod
573 490 681 532 non
709 469 1087 527 intellexerunt
1116 462 1205 535 qui
1237 476 1342 515 non
1371 455 1742 516 crediderunt,
1769 455 1821 501 et
1844 440 1986 514 quod

397 569 699 646 splritualia’
742 563 1026 622 carnaliter
1059 554 1316 628 sapiendo
1363 546 1706 608 scandalizati
1757 549 1905 604 sunt,
1936 548 1992 594 et

400 631 548 738 q‘uod
599 662 677 718 eis
721 652 1094 714 scandalizatis
1137 658 1191 704 et
1231 644 1610 719 pereuntibus,
1639 631 1991 692 consolationi

404 726 668 814 Dominus
694 749 864 806 admit
889 747 908 782 ι
937 742 1211 813 discipulis
1231 740 1318 810 qui
1345 741 1736 792 remanserant,
1770 726 1836 782 ad
1859 738 1992 795 quos

406 847 716 922 probandos
740 838 1116 909 interrogavit,
1150 830 1414 902 Numquid
1439 837 1483 881 et
1506 843 1593 880 vos
1617 823 1766 877 uultis
1795 819 1914 874 ire?
1939 826 1996 870 ut

406 939 690 1012 responsio
741 930 1132 1007 permansionis
1178 940 1362 981 eorum
1407 923 1761 976 innotesceret
1809 910 1993 976 nobis;

411 1052 537 1092 nam
565 1033 655 1090 ille
683 1037 908 1088 noverat
939 1025 1062 1097 quia
1094 1021 1380 1078 manebant
1413 1035 1425 1072 :
1456 1015 1557 1069 hoc
1585 1027 1712 1081 ergo
1737 1019 1903 1065 totum
1931 1005 1997 1060 ad

409 1130 516 1185 hoc
558 1125 715 1182 nobis
742 1124 943 1188 valeat,
975 1113 1339 1178 dilectissimi,
1372 1120 1428 1164 ut
1455 1122 1670 1164 carnem
1711 1099 1908 1158 Christi
1949 1108 2003 1151 et

412 1220 731 1292 sanguinem
783 1212 983 1271 Christi
1036 1225 1142 1266 non
1191 1205 1412 1261 edamus
1456 1207 1658 1256 tantum
1708 1197 1760 1250 in
1807 1193 2000 1248 Sacra-

417 1325 635 1378 mento,
666 1311 808 1383 quod
855 1319 910 1365 et
955 1305 1106 1361 multi
1154 1302 1308 1366 mali;
1338 1297 1430 1354 sed
1476 1310 1642 1364 usque
1683 1290 1748 1344 ad
1790 1286 2003 1358 spiritus

417 1405 883 1480 participationem
915 1397 1293 1454 manducemus
1337 1400 1390 1446 ει
1418 1388 1659 1444 bibamus
1681 1426 1693 1448 ,
1727 1391 1782 1436 ut
1821 1379 1872 1433 in
1906 1379 2008 1432 Do-

417 1503 553 1560 mini
598 1513 825 1570 corpore
872 1504 1122 1563 tanquam
1166 1485 1402 1544 membra
1436 1492 1776 1541 maneamus,
1807 1481 1864 1527 ut
1893 1471 2008 1540 ejus

417 1598 614 1668 Spiritu
660 1602 988 1662 vegetemur,
1034 1595 1086 1640 et
1133 1599 1236 1636 non
1285 1577 1721 1635 seandalizemur,
1756 1568 1913 1623 etiam
1967 1565 2012 1618 si

421 1689 578 1744 multi
608 1685 769 1742 modo
797 1683 1072 1737 nobiscum
1099 1674 1423 1732 manducant
1448 1682 1500 1723 et
1529 1666 1717 1721 bibunt
1747 1670 2014 1730 tempora-

424 1785 550 1839 liter
578 1783 954 1842 Sacramenta,
988 1775 1075 1844 qui
1121 1769 1389 1826 habebunt
1430 1766 1480 1818 in
1527 1763 1631 1816 ﬁne
1675 1765 1873 1810 alterna
1905 1762 2017 1808 tor-

425 1885 630 1934 menta.
662 1873 820 1929 Modo
865 1870 1005 1924 enim
1051 1880 1245 1936 corpus
1289 1858 1482 1917 Christi
1528 1855 1750 1910 mixtum
1782 1857 1861 1906 est
1896 1857 2016 1901 tan-

424 1987 589 2043 quam
634 1986 686 2024 m
731 1981 853 2020 area
887 1983 898 2017 :
929 1961 1022 2018 sed
1069 1960 1215 2014 novit
1256 1953 1513 2009 Dominus
1540 1947 1628 2020 qui
1658 1952 1781 2000 sunt
1810 1940 1924 2010 ejus
1953 1937 2020 2009 (II

431 2065 568 2118 Tim.
607 2079 675 2130 ιι,
711 2059 824 2128 19).
857 2057 912 2112 Si
955 2065 1008 2109 tu
1052 2051 1191 2106 nosti
1229 2047 1351 2118 quid
1397 2045 1611 2097 trituras
1637 2080 1650 2103 ,
1684 2037 1805 2108 quia
1838 2031 1909 2086 ibi
1942 2037 2025 2085 est

426 2157 606 2211 latens
630 2165 828 2216 massa,
861 2162 959 2202 nec
984 2141 1251 2201 consumit
1282 2136 1544 2194 trituratio
1572 2129 1712 2210 quod
1741 2134 2025 2198 purgatura

427 2238 518 2304 est
557 2243 862 2306 vcntiiatio;
887 2241 1017 2295 certi
1059 2251 1274 2304 sumus,
1308 2232 1502 2286 fratres
1524 2269 1536 2292 ,
1566 2226 1688 2296 quia
1718 2237 1902 2277 omnes
1932 2216 2024 2287 qui

430 2353 623 2396 smnus
649 2337 702 2390 in
735 2348 959 2403 corpore
993 2327 1238 2392 Domini,
1266 2332 1320 2380 et
1346 2335 1621 2377 manemus
1653 2318 1704 2370 in
1735 2314 1824 2368 illo
1844 2355 1857 2378 ,
1890 2320 1942 2364 ut
1975 2320 2028 2363 et

433 2434 556 2503 ipse
581 2435 796 2484 maneat
821 2426 873 2480 in
906 2423 1080 2488 nobis,
1107 2421 1158 2474 in
1183 2420 1282 2474 hoc
1311 2415 1507 2472 saeculo
1529 2424 1750 2466 necesse
1773 2406 2029 2460 habemus

436 2537 611 2593 usque
640 2521 693 2575 in
740 2519 896 2572 linem
929 2517 1065 2570 inter
1092 2513 1276 2567 “malos
1323 2509 1525 2563 vivere.
1568 2504 1685 2558 Non
1730 2501 1871 2555 inter
1913 2498 2030 2552 illos

433 2591 562 2672 dico
579 2611 883 2682 malos,qui
907 2605 1278 2678 blasphemant
1297 2602 1564 2657 Christum
1595 2615 1607 2650 :
1636 2597 1740 2652 rari
1764 2593 1905 2648 enim
1922 2591 2033 2661 jam

443 2711 791 2768 inveniuntur
804 2706 893 2777 qui
911 2705 1085 2776 lingua
1102 2698 1492 2770 blasphemant,
1514 2692 1608 2748 sed
1629 2690 1779 2746 multi
1797 2687 1886 2757 qui
1904 2685 2030 2739 vita.

438 2803 677 2860 Necesse
702 2809 784 2855 est
802 2814 928 2870 ergo
948 2805 1004 2850 ut
1020 2796 1155 2850 inter
1175 2791 1296 2848 illos
1321 2801 1489 2859 usque
1516 2787 1568 2840 in
1592 2783 1754 2844 ﬁnem
1775 2781 2033 2834 vivamus.

519 2907 607 2963 12.
648 2905 753 2963 Sed
785 2903 912 2975 quid
939 2910 1020 2960 est
1047 2897 1188 2970 quod
1211 2897 1317 2963 ait,
1351 2895 1449 2966 Qui
1474 2897 1638 2944 manet
1662 2888 1714 2941 in
1737 2902 1843 2950 me,
1874 2891 1919 2938 et
1944 2898 2038 2954 ego

445 3004 504 3058 in
532 3005 620 3058 illo
653 3000 832 3071 (Joan.
861 3013 937 3062 γι,
968 2997 1054 3058 57,
1086 3001 1130 3048 et
1164 3007 1254 3053 xv,
1289 2987 1378 3062 5)?
1404 2984 1570 3060 Quid,
1602 2981 1701 3036 nisi
1733 2977 1871 3049 quod
1899 2991 2037 3028 mar-

453 3107 599 3172 tyres
623 3070 935 3160 audiebant,
965 3089 1063 3157 Qui
1093 3081 1475 3157 perseveraverit
1499 3092 1654 3150 usque
1682 3076 1733 3128 in
1757 3074 1928 3144 ﬁnem,
1962 3070 2042 3124 hic

450 3164 622 3248 salvus
650 3188 742 3245 erit
774 3184 983 3258 (Matth.
1014 3196 1161 3244 xxiv,
1197 3175 1324 3247 15)?
1349 3170 1628 3244 Quomodo
1656 3168 1851 3224 mansit
1879 3166 1928 3222 in
1954 3164 2045 3218 illo

452 3293 674 3342 sanctus
729 3277 1083 3340 Laurentius,
1117 3272 1267 3342 cujus
1309 3267 1468 3324 hodie
1499 3264 1633 3318 festa
1675 3258 2046 3316 celebramus"

454 3377 651 3442 Mansit
700 3388 866 3444 usque
893 3371 960 3432 ad
1007 3367 1388 3429 teutationem,
1419 3360 1616 3424 mansit
1645 3369 1812 3424 usque
1855 3352 1918 3412 ad
1971 3361 2050 3421 ty-

456 3469 732 3534 rannicam
779 3461 1247 3532 interrogationem
1271 3499 1286 3523 ,
1319 3453 1512 3516 mansit
1559 3464 1730 3520 usque
1759 3447 1823 3506 ad
1854 3443 2052 3502 acerri-

458 3580 605 3625 mam
658 3559 1157 3620 commutationem,
1192 3551 1388 3610 mansit
1429 3561 1597 3622 usque
1633 3544 1699 3604 ad
1730 3539 2056 3622 peremptio-

459 3674 589 3722 nam
617 3675 631 3716 :
666 3669 855 3726 parum
880 3662 981 3720 εει,
1013 3663 1180 3719 usque
1203 3644 1272 3704 ad
1295 3645 1580 3700 immanem
1607 3635 2056 3696 excruciationem

467 3749 685 3814 nupsit.
718 3747 835 3802 Non
861 3745 1006 3800 enim
1046 3740 1255 3798 occisus
1281 3745 1364 3796 est
1391 3735 1498 3791 cito
1519 3774 1532 3796 ,
1557 3734 1652 3794 sed
1679 3729 1946 3786 cruciatus
1971 3732 2059 3784 est

468 3843 525 3906 in
553 3843 675 3913 igne
705 3858 718 3893 :
747 3838 837 3896 diu
867 3837 1044 3894 vivere
1081 3830 1372 3903 permissus
1401 3837 1520 3888 eSt;
1551 3824 1659 3882 into
1699 3837 1804 3880 non
1845 3818 1935 3876 diu
1983 3816 2061 3868 vi-

470 3908 598 3998 vere
617 3931 918 4006 permissus
940 3935 1043 3994 est,
1074 3923 1167 3984 sed
1196 3920 1344 3980 tarde
1373 3917 1509 3978 mori
1542 3913 1847 3982 corupuIsus
1873 3917 1972 3965 est.
2003 3908 2061 3962 In

469 4029 565 4088 illa
595 4001 723 4096 ergo
751 4024 906 4098 longa
945 4025 1118 4082 morte
1139 4059 1151 4082 ,
1182 4015 1237 4070 in
1277 4011 1386 4068 illis
1424 4006 1707 4072 tormentis
1729 4047 1743 4070 ,
1767 4004 1886 4073 quia
1925 4001 2064 4062 bene

473 4094 891 4186 manduerverat
913 4121 970 4170 et
985 4113 1126 4174 bene
1148 4108 1379 4172 biberat,
1405 4111 1653 4174 tanquam
1681 4098 1768 4154 illa
1792 4112 1913 4152 esca
1936 4094 2065 4162 sagi-

480 4223 639 4274 natus
662 4217 721 4268 et
763 4209 855 4266 illo
893 4205 1060 4264 calice
1091 4201 1300 4262 ebrius,
1331 4203 1593 4258 tormenta
1623 4207 1730 4252 non
1755 4189 1940 4252 amisit.
1991 4186 2068 4240 lbi

480 4307 623 4364 enim
664 4311 778 4360 erat
816 4299 904 4376 qui
947 4296 1108 4362 dixit,
1140 4291 1366 4364 Spiritus
1401 4297 1476 4348 est
1527 4285 1612 4355 qui
1652 4284 1886 4352 uiri/ian.
1933 4279 2068 4335 Caro

477 4397 625 4458 enim
655 4371 877 4449 ardebat
897 4432 910 4458 ,
943 4388 1036 4445 sed
1084 4385 1302 4462 spiritus
1349 4382 1582 4438 annnam
1623 4375 1920 4448 vegctabat.
1953 4371 2070 4427 Non

481 4489 679 4554 cessit,
707 4495 766 4548 et
812 4486 865 4538 in
917 4495 1141 4551 regnum
1191 4475 1468 4534 successit.
1518 4471 1734 4531 Dixerat
1773 4475 1954 4524 autem
1993 4462 2074 4522 illi

488 4582 690 4654 Xystus
717 4585 922 4649 martyr
960 4583 1210 4642 sanctus,
1242 4569 1395 4638 cujus
1424 4566 1564 4622 diem
1609 4564 1795 4636 quinto
1833 4561 1904 4618 ab
1949 4558 2073 4612 hinc

489 4652 637 4734 retro
675 4675 761 4734 die
786 4670 1174 4728 celebravinms
1205 4685 1218 4720 :
1254 4684 1272 4717 ι
1309 4663 1426 4722 Noli
1467 4675 1702 4724 maerere
1726 4699 1740 4724 ,
1768 4655 1866 4716 ﬁli.
1899 4673 1918 4711 ι
1951 4652 2078 4722 Epi-

494 4784 690 4842 sconus
713 4767 1013 4834 .enim,erat
1039 4763 1124 4818 ille
1145 4803 1160 4826 ,
1191 4759 1293 4818 iste
1332 4757 1610 4816 diaconuS.
1649 4770 1666 4802 ι
1701 4749 1818 4808 Noli
1845 4759 2079 4804 mouere

491 4863 695 4934 inquit;
722 4857 964 4929 sequeris
1001 4871 1088 4914 me
1123 4861 1244 4925 post
1265 4850 1520 4907 triduum.
1556 4867 1576 4904 ›
1611 4844 1864 4904 Triduum
1901 4849 2080 4900 autem

491 4932 629 5012 .diiit
653 4951 889 5008 medium
932 4949 1072 5008 inter
1113 4944 1256 5006 diem
1298 4939 1559 5013 passionis
1603 4936 1770 5000 sancti
1817 4932 1996 5004 Xysu',
2029 4937 2083 4983 et

492 5046 639 5106 diem
683 5042 956 5100 hodierna:
1001 5037 1264 5110 passionis
1309 5033 1478 5092 sancti
1504 5027 1795 5088 Laurentii.
1829 5025 2084 5094 Triduum

500 5151 585 5195 est
625 5137 882 5195 medium.
927 5132 972 5190 0
1015 5130 1338 5190 consolatio!
1369 5141 1475 5188 non
1522 5125 1626 5187 ait,
1654 5121 1771 5178 Noli
1812 5133 2044 5180 marem
2065 5157 2078 5178 ,

504 5232 612 5294 iiii;
642 5229 850 5286 desinet
895 5224 1232 5298 persecutio,
1269 5229 1324 5278 et
1367 5231 1590 5278 securus
1631 5215 1740 5278 eris
1767 5231 1779 5268 :
1805 5211 1898 5268 sed
1919 5253 1934 5280 ,
1967 5208 2085 5266 Noli

502 5336 770 5398 nuerere;
804 5334 909 5392 quo
933 5332 1038 5387 ego
1080 5312 1354 5388 praecedo,
1386 5320 1439 5366 tu
1465 5307 1738 5378 sequeris;
1773 5319 1873 5364 nec
1889 5315 2089 5356 cense--

504 5416 648 5470 cutio
684 5424 769 5468 tua
795 5411 1074 5467 diflcrtur:
1101 5406 1330 5464 triduum
1371 5402 1605 5458 medium
1631 5399 1768 5464 erit,
1801 5406 1853 5451 et
1880 5409 2089 5450 mecum

508 5506 636 5564 eris.
671 5503 892 5576 Accepit
924 5500 1230 5565 oraculum,
1261 5496 1390 5552 vicit
1425 5492 1726 5556 diabolum,
1761 5487 2001 5558 pervenit
2023 5485 2092 5540 ad

513 5597 864 5669 triumphum.

581 5804 1808 5878 ‘siclu.mitivero,eomotatiomwdadftit.

1527 318 1938 386 TRACTATUS
1972 308 2212 370 XXVIII.
2251 305 2478 364 CAPUT
2503 301 2614 363 VII.

3537 297 3677 357 i623

2541 421 2952 480 TRACTATUS
2988 420 3227 478 XXVIII.

2099 547 2174 604 Ab
2205 565 2260 602 eo
2285 549 2394 602 loco
2415 544 2704 616 Evangelii,
2735 542 2800 596 Et
2828 549 2946 613 post
2971 540 3086 595 haec
3113 537 3418 593 ambulabat
3443 537 3598 593 Jesus
3624 537 3677 591 in

2173 640 2484 706 Galilaeam;
2517 655 2673 708 usque
2691 636 2759 690 ad
2791 633 2864 700 id,
2894 633 3059 688 Nemo
3079 641 3259 687 tamen
3289 630 3464 702 palam
3494 630 3685 700 loque-

2175 735 2334 789 batur
2367 733 2432 788 de
2462 748 2547 798 eo,
2580 740 2797 803 propter
2839 737 3039 784 metum
3068 725 3396 783 Judzeorum.
3416 722 3544 794 Cap.
3577 739 3644 778 vn
3666 767 3680 792 ,

2191 827 2440 899 7.1-15.

2183 964 2233 1017 ι.
2284 961 2343 1022 In
2394 960 2498 1020 ista
2542 957 2815 1028 Evangelii
2859 956 3127 1026 capitulo,
3160 954 3388 1022 fratres,
3433 952 3690 1010 Dominus

2112 1062 2297 1120 poster
2335 1051 2490 1110 Jesus
2527 1048 2770 1114 Christus
2805 1047 3096 1112 secundum
3126 1046 3395 1102 hominem
3436 1061 3496 1102 se
3524 1045 3693 1115 pluri-

2111 1165 2258 1216 mum
2289 1143 2681 1206 commendavit
2710 1141 2830 1204 tidei
2860 1152 3077 1206 nostrzn.
3106 1139 3316 1196 Etenim
3346 1153 3562 1208 semper
3589 1137 3693 1192 hoc

2113 1245 2221 1312 agit
2248 1242 2403 1304 dictis
2429 1248 2483 1295 et
2511 1238 2664 1302 factis
2704 1237 2845 1302 suis,
2876 1245 2934 1292 ut
2958 1237 3097 1292 Deus
3137 1234 3384 1296 credatur
3413 1243 3468 1288 et
3493 1233 3653 1286 homo
3679 1250 3691 1285 :

2117 1337 2260 1398 Deus
2287 1336 2374 1405 qui
2399 1350 2506 1390 nos,
2524 1333 2666 1398 fecit,
2687 1331 2846 1392 homo
2867 1331 2954 1400 qui
2981 1345 3079 1390 nos
3105 1329 3380 1400 quaesivit;
3410 1328 3551 1383 Deus
3573 1341 3697 1382 cum

2118 1431 2275 1486 Patre
2304 1443 2534 1496 semper,
2564 1425 2723 1487 homo
2744 1424 3016 1484 nobiscum
3039 1439 3105 1480 ex
3131 1431 3388 1491 tempore.
3413 1421 3527 1476 Non
3558 1422 3699 1477 enim

2120 1533 2386 1596 quaereret
2425 1537 2582 1592 quem
2613 1519 2839 1583 fecerat,
2870 1517 2970 1572 nisi
2997 1517 3147 1572 fieret
3175 1517 3286 1584 ipse
3315 1514 3455 1584 quod
3481 1514 3702 1570 fecerat.

2123 1619 2321 1676 Verum
2352 1615 2456 1672 hoc
2480 1620 2804 1670 mementote
2821 1651 2835 1675 ,
2862 1618 2916 1665 et
2944 1609 3010 1666 de
3049 1608 3296 1664 cordibus
3325 1605 3516 1663 vestris
3541 1605 3708 1660 nolite

2123 1713 2426 1777 dimittere,
2453 1708 2531 1768 sic
2579 1721 2700 1763 esse
2751 1703 3021 1762 Christum
3071 1701 3340 1757 hominem
3387 1700 3620 1766 factum,
3653 1706 3710 1752 ut

2125 1821 2231 1862 non
2253 1803 2518 1858 destiterit
2544 1801 2683 1856 Deus
2721 1812 2861 1856 esse.
2895 1796 3114 1851 Mauens
3134 1795 3278 1849 Deus
3304 1794 3508 1862 accepit
3536 1791 3710 1846 homi-

2127 1914 2272 1963 nem,
2297 1898 2386 1966 qui
2411 1895 2534 1950 fecit
2559 1892 2850 1949 hominem.
2875 1888 3097 1957 Quando
3118 1902 3248 1958 ergo
3276 1887 3426 1941 latuit
3453 1894 3509 1940 ut
3529 1885 3710 1949 homo,

2129 2005 2236 2048 nou
2282 1988 2570 2058 potentium
2622 1981 2918 2053 perdidisse
2946 1979 3209 2051 putandus
3249 1989 3363 2046 est,
3391 1977 3487 2034 sed
3527 1991 3713 2032 exem-

2129 2082 2277 2153 plum
2304 2076 2595 2138 inﬁrmitati
2632 2074 2944 2145 praebuisse.
2991 2071 3084 2130 Ille
3118 2070 3261 2126 enim
3305 2067 3520 2137 quando
3551 2065 3716 2121 voluit

2132 2174 2382 2230 detentus
2401 2178 2483 2232 est
2501 2210 2514 2235 ,
2547 2166 2764 2238 quando
2785 2165 2954 2226 voluit.
2977 2163 3185 2220 occisus
3211 2170 3314 2218 est.
3339 2161 3441 2218 Sed
3469 2159 3717 2230 quoniam

2134 2266 2312 2327 futura
2352 2271 2502 2325 erant
2547 2260 2788 2320 membra
2833 2257 2981 2328 ejus,
3010 2255 3061 2311 id
3105 2265 3188 2314 est
3231 2254 3412 2310 fideles
3455 2252 3602 2322 ejus,
3629 2251 3720 2320 qui

2137 2375 2242 2420 non
2290 2356 2548 2419 haberent
2594 2355 2737 2414 illam
2782 2359 3099 2421 potestatem
3141 2363 3300 2417 quam
3341 2345 3567 2402 habebat
3609 2345 3724 2412 ipsa

2138 2456 2279 2514 Deus
2307 2461 2524 2516 noster;
2547 2448 2689 2518 quod
2719 2446 2915 2504 latebat
2933 2485 2948 2510 .
2977 2443 3115 2514 (ιιιειι
3142 2457 3198 2499 se
3221 2449 3469 2510 tanquam
3499 2454 3565 2492 ne
3585 2438 3725 2491 occi-

2139 2547 2357 2604 deretur
2383 2540 2718 2606 occultabat,
2749 2537 2852 2598 hoc
2882 2535 3147 2596 indicabat
3177 2533 3376 2588 factura
3407 2544 3526 2584 esse
3555 2544 3726 2586 meni-

2137 2639 2236 2696 bra
2263 2653 2391 2700 sua,
2421 2635 2472 2693 in
2517 2633 2710 2702 quibus
2756 2630 2939 2698 utique
2982 2626 3240 2686 membris
3282 2624 3392 2680 suis
3439 2623 3553 2692 ipse
3591 2630 3724 2676 erat.

2140 2732 2258 2790 Non
2299 2729 2447 2786 enim
2477 2725 2721 2784 Christus
2752 2722 2804 2781 in
2831 2720 3004 2789 capite
3031 2728 3086 2776 et
3125 2735 3230 2774 non
3265 2718 3317 2771 in
3346 2729 3570 2784 corpore
3591 2754 3604 2776 ,
3635 2711 3731 2768 sed

2141 2820 2390 2880 Christus
2407 2826 2547 2875 totus
2568 2816 2621 2872 in
2646 2814 2819 2884 capite
2845 2820 2899 2870 et
2922 2812 2974 2868 in
2995 2823 3236 2874 corpore.
3256 2807 3406 2873 Quod
3421 2821 3548 2876 ergo
3564 2819 3733 2860 mem-

2143 2916 2240 2973 bra
2255 2913 2389 2984 ejus,
2408 2912 2523 2982 ipse
2545 2925 2560 2966 :
2579 2907 2719 2979 quod
2749 2912 2925 2963 autem
2947 2899 3082 2974 ipse,
3101 2916 3204 2956 non
3220 2899 3472 2956 continuo
3492 2898 3732 2953 membra

2147 3008 2282 3078 ejus.
2312 3005 2443 3062 Nam
2466 3003 2514 3062 si
2538 3018 2645 3060 non
2671 3000 2786 3069 ipse
2813 3005 2992 3055 essent
3015 2994 3254 3052 membra
3279 2992 3395 3063 ejus
3412 3033 3426 3057 ,
3459 3005 3564 3046 non
3584 2989 3733 3044 diee—

2148 3113 2274 3160 ret:
2310 3099 2500 3160 Saule,
2545 3097 2664 3166 quid
2708 3111 2788 3148 me
2829 3089 3136 3164 persequeris
3182 3088 3316 3159 (Aet.
3367 3102 3454 3152 ιιι,
3500 3083 3590 3157 4)⁴1
3618 3083 3736 3137 Νοιι

2152 3196 2296 3250 enim
2324 3192 2517 3249 Saulus
2555 3190 2764 3259 ipsum,
2791 3183 2887 3242 sed
2913 3182 3149 3238 membra
3179 3180 3294 3249 ejus
3315 3220 3328 3243 ,
3361 3177 3409 3232 id
3438 3185 3519 3232 est
3557 3175 3738 3230 fideles

2151 3287 2306 3357 ejus,
2335 3285 2388 3338 in
2435 3292 2575 3338 terra
2621 3275 3054 3349 persequebatur.
3099 3271 3280 3329 Noluit
3308 3267 3738 3331 tamen'diccre,

2155 3387 2370 3436 sanctos
2407 3389 2556 3436 meos
2577 3415 2591 3440 ,
2621 3386 2806 3427 servos
2835 3381 3018 3431 meos;
3042 3370 3314 3436 postremo
3342 3357 3704 3414 honorabilius
3724 3399 3739 3423 ,

2156 3473 2350 3528 fratres
2375 3483 2524 3524 meos
2552 3484 2568 3522 :
2596 3464 2689 3522 sed
2709 3504 2725 3529 ,
2755 3461 2840 3517 He
2858 3502 2872 3527 ,
2896 3459 2999 3516 hoc
3019 3466 3104 3512 est
3127 3454 3363 3522 membra
3394 3467 3532 3517 mea,
3553 3450 3745 3520 quibus

2158 3581 2262 3636 ego
2290 3579 2406 3617 sum
2432 3568 2610 3629 caput.

2231 3656 2287 3710 2.
2337 3654 2429 3708 liis
2455 3648 2754 3721 praedictis,
2785 3653 2913 3715 puto
2952 3655 3050 3697 nos
3097 3641 3150 3694 in
3177 3638 3281 3692 hoc
3331 3634 3569 3705 capitulo
3605 3631 3747 3705 quod

2161 3749 2324 3805 modo
2352 3748 2547 3801 lectum
2569 3753 2650 3797 est
2675 3785 2689 3806 ,
2736 3756 2842 3794 non
2883 3752 3003 3794 esse
3030 3737 3363 3794 laboraturos
3387 3748 3400 3785 :
3424 3744 3566 3799 sutpe
3604 3727 3748 3782 enim

2163 3841 2517 3912 signiﬁcatum
2545 3844 2625 3889 est
2650 3836 2704 3888 in
2726 3833 2918 3901 capite,
2950 3827 3097 3899 quod
3119 3826 3354 3881 futurum
3375 3830 3492 3878 erat
3530 3822 3584 3875 in
3629 3835 3750 3873 cor-

2167 3951 2315 4006 pore.
2348 3933 2472 3986 Post
2496 3931 2620 3995 Iuec,
2649 3927 2842 3997 inquit,
2871 3922 3160 3977 ambulabat
3184 3917 3336 3973 Iesus
3364 3917 3417 3970 in
3440 3915 3752 3970 Bottiaeam:

2166 4047 2269 4092 non
2295 4028 2425 4088 etaim
2450 4024 2641 4079 uolebat
2668 4023 2722 4074 in
2746 4018 2988 4074 Iudae-nt
3014 4015 3294 4082 antbulare,
3325 4013 3444 4082 quia
3464 4009 3751 4081 quazrebant

2170 4118 2474 4182 Μιδείάωὶ
2500 4116 2796 4184 interﬁcere.
2838 4111 2953 4166 Hoc
2992 4116 3077 4163 est
3113 4107 3254 4179 quod
3283 4105 3426 4168 dixi;
3457 4101 3748 4157 inﬁrmitati

2171 4223 2370 4272 nostras
2397 4210 2666 4281 praebebat
2701 4205 3023 4275 exetnplum.
3045 4201 3160 4256 Non
3190 4201 3305 4270 ipse
3331 4197 3634 4269 perdiderat
3662 4210 3758 4265 p0-

2175 4312 2443 4368 testatem,
2471 4301 2564 4356 sed
2597 4309 2832 4354 nostram
2861 4295 3238 4351 consolabatur
3262 4290 3623 4361 fragilitatem.
3648 4288 3758 4342 Fu-

2179 4414 2354 4452 turum
2377 4396 2520 4452 enim
2551 4399 2668 4449 erat
2690 4433 2705 4458 ,
2737 4400 2796 4446 ut
2822 4389 2953 4452 dixi,
2988 4396 3044 4445 ut
3064 4385 3254 4455 aliquis
3282 4382 3454 4438 ﬁdelis
3481 4381 3600 4452 ejus
3632 4381 3757 4434 abs-

2175 4489 2435 4546 conderet
2461 4502 2537 4550 se,
2568 4499 2637 4544 ne
2664 4499 2696 4537 a
2735 4479 3164 4552 persecutoribus
3203 4475 3566 4541 inveniretur;
3598 4482 3652 4527 et
3691 4489 3759 4527 ne

2183 4583 2258 4636 illi
2287 4595 2384 4650 pro
2411 4577 2635 4634 crimine
2679 4574 2999 4644 objieeretur
3038 4569 3338 4636 latibulum,
3390 4567 3663 4638 praecessit
3709 4566 3764 4618 in

2178 4675 2358 4744 capite
2381 4670 2522 4741 quod
2566 4669 2619 4722 in
2645 4666 2884 4725 membro
2919 4663 3346 4718 confirmaretur.
3388 4660 3479 4715 Sic
3515 4657 3656 4713 enim
3688 4655 3767 4709 di—

2179 4777 2329 4821 ctum
2368 4773 2468 4829 est,
2503 4759 2718 4816 Netebat
2740 4755 3007 4811 ambulare
3043 4756 3099 4808 in
3123 4753 3379 4819 Judaeum,
3411 4751 3531 4823 quia
3567 4763 3763 4817 qurere—

2185 4861 2304 4913 baut
2330 4853 2630 4910 eumJudm'
2647 4849 2875 4905 occidere
2901 4865 2921 4903 τ
2942 4846 3095 4918 quasi
3117 4861 3221 4900 non
3253 4840 3690 4914 possetClu'istus
3717 4846 3770 4891 et

2188 4951 2459 5006 ambulare
2495 4947 2630 5001 inter
2656 4945 2892 5010 .ludmos,
2920 4953 2974 4996 et
3000 4957 3105 4995 non
3128 4938 3300 4995 occidi
3324 4952 3354 4989 a
3375 4933 3589 4988 Iudaeis.
3622 4931 3769 4985 llaiic

2185 5048 2331 5106 enirn
2359 5042 2676 5114 potentiam,
2723 5036 2940 5110 quando
2981 5032 3168 5097 voluit,
3199 5025 3617 5086 demonstravit:
3646 5040 3771 5078 nam

2191 5156 2313 5199 eum
2337 5155 2459 5195 eum
2485 5138 2592 5207 jam
2608 5147 2887 5204 passurum
2915 5140 3096 5186 tenere
3115 5124 3345 5185 vellent,
3371 5119 3443 5172 ait
3461 5118 3582 5183 illis,
3612 5117 3769 5183 Quem

2193 5233 2457 5306 queritis?
2502 5227 2889 5300 Responderunt
2915 5240 2935 5278 :
2958 5221 3152 5276 Iesum.
3207 5214 3276 5269 Et
3313 5213 3401 5268 ille
3422 5228 3442 5267 :
3466 5211 3578 5281 Ego
3631 5225 3775 5270 sum;

2200 5344 2302 5384 non
2333 5342 2393 5382 se
2418 5323 2732 5384 occultans,
2765 5318 2857 5373 sed
2909 5313 3272 5369 manifestans.
3316 5307 3397 5362 Ad
3439 5321 3558 5362 earn
3600 5312 3775 5356 tamen

2199 5417 2680 5478 manilestationem
2724 5412 2798 5466 illi
2837 5425 2942 5466 non
2986 5405 3355 5469 substiterunt,
3391 5400 3483 5456 sed
3513 5396 3777 5453 redeuntes

2199 5525 2336 5571 retro
2363 5511 2644 5567 ceciderunt
2673 5506 2831 5578 (Joan
2859 5517 3004 5568 xvur,
3045 5497 3176 5570 4-6).
3203 5498 3273 5553 Et
3316 5507 3495 5552 tamen
3521 5491 3641 5564 quia
3675 5492 3780 5561 pati

2204 5614 2455 5673 venerat,
2477 5605 2855 5665 surrexerunt,
2879 5600 3190 5658 tenuerunt,
3208 5591 3271 5646 ad
3297 5591 3530 5660 judicem
3549 5585 3782 5640 adduxe-

2208 5710 2369 5767 runt,
2398 5708 2455 5754 et
2498 5693 2824 5752 occiderunt.
2869 5687 2974 5743 Sed
3008 5685 3136 5758 quid
3185 5682 3461 5739 fecerunt?
3510 5679 3661 5744 Quod
3713 5678 3782 5728 ait

2209 5795 2453 5868 quaedam
2477 5789 2779 5858 Scriptura,
2813 5781 2969 5838 Terra
2999 5780 3182 5834 tradita
3221 5788 3292 5832 est
3333 5777 3387 5830 in
3430 5788 3609 5828 manus
3645 5769 3789 5839 impii
