4118 6518
425 335 567 398 1625

429 448 552 521 (Job
571 463 646 517 ιι,
681 445 773 518 24)
802 462 817 503 :
844 459 971 503 caro
993 445 1117 503 data
1145 455 1228 504 est
1269 445 1323 502 in
1351 455 1670 517 potestatem
1693 443 1910 500 Iudaeis.
1943 446 2010 500 Et

423 542 532 600 hoc
555 550 862 615 propterea,
891 550 950 597 ut
973 541 1124 612 quasi
1153 539 1397 596 sacculus
1423 537 1882 606 conscinderetur,
1913 553 2010 592 un-

425 635 492 690 de
521 643 756 691 nostrum
785 634 1014 704 pretium
1037 641 1297 688 manaret.

493 729 549 786 5.
597 726 726 782 Erat
761 737 926 782 autem
977 727 1030 780 in
1085 725 1315 798 proximo
1369 725 1476 781 dies
1515 729 1672 794 festus
1706 723 2007 780 Iudaeorum

420 821 760 893 Scenopegia.
802 819 940 888 Quid
985 819 1053 874 sit
1085 817 1444 890 Scenopegia,
1481 817 1786 889 Scripturas
1811 819 1901 889 qui
1931 819 2008 874 le-

422 920 652 982 gerunt,
686 919 968 966 noverunt.
997 907 1286 964 Faciebant
1330 907 1418 964 die
1455 908 1592 966 festo
1643 909 2004 976 tabernacula,

417 1005 484 1058 ad
517 1001 914 1070 similitudinem
944 1000 1404 1056 tabernaculorum
1431 1001 1486 1056 in
1511 1000 1704 1071 quibus
1727 999 2004 1056 habitave-

417 1108 540 1154 rant
563 1112 684 1153 cum
703 1113 766 1152 ex
781 1095 1014 1166 Egypto
1035 1093 1212 1150 educti
1236 1095 1704 1165 peregrinarentur
1719 1094 1772 1148 in
1799 1107 2002 1169 eremo.

415 1188 522 1244 Iste
551 1199 666 1246 erat
691 1189 807 1244 dies
845 1187 1014 1243 festus
1033 1227 1047 1252 ,
1081 1201 1270 1257 magna
1297 1185 1627 1242 solemnitas.
1655 1183 2006 1262 Celebrabant

415 1280 519 1336 hoc
548 1280 716 1336 Judaei
736 1322 752 1348 ,
783 1280 928 1335 velut
953 1279 1356 1334 reminiscentes
1372 1275 1628 1334 beneﬁcia
1653 1276 1885 1344 Domini,
1913 1276 2006 1347 qui

415 1373 646 1428 occisuri
688 1380 841 1428 erant
889 1370 1192 1425 Dominum.
1233 1369 1346 1425 Hoc
1391 1383 1518 1440 ergo
1563 1367 1652 1424 die
1691 1367 1829 1424 festo
1859 1368 2005 1442 (quia

413 1465 595 1536 plures
623 1474 778 1520 erant
825 1463 940 1518 dies
978 1461 1132 1530 festi;
1165 1463 1243 1518 sic
1281 1462 1424 1518 enim
1463 1461 1836 1533 appellabatur
1863 1462 2004 1532 apud

413 1557 629 1613 Iudaeos
651 1555 766 1612 dies
795 1555 981 1622 festus,
1013 1565 1072 1610 ut
1099 1569 1204 1609 non
1235 1563 1378 1610 esset
1413 1552 1529 1609 dies
1554 1568 1720 1620 unus,
1766 1553 1860 1608 sed
1889 1553 2006 1623 plu-

415 1649 528 1719 res)
559 1648 722 1704 locuti
770 1656 894 1702 sunt
937 1651 1121 1719 fratres
1146 1647 1253 1716 ejus
1290 1645 1359 1700 ad
1396 1646 1682 1701 Dominum
1707 1645 2000 1701 Christum.

415 1742 628 1798 Fratres
648 1743 756 1814 ejus
790 1741 867 1796 sic
890 1741 1143 1811 accipite,
1174 1741 1310 1795 sicut
1335 1740 1505 1796 nostis
1534 1757 1548 1795 :
1579 1755 1685 1794 non
1715 1739 1858 1794 enim
1899 1753 2002 1794 no-

415 1851 542 1890 vum
591 1833 842 1904 estquod
873 1833 1084 1888 auditis.
1119 1831 1512 1902 Consanguinei
1541 1831 1761 1902 virginis
1799 1830 1999 1896 Mariae,

413 1927 610 1984 fratres
659 1926 868 1981 Domini
907 1924 1240 1980 dicebantur.
1267 1924 1396 1978 Erat
1421 1923 1563 1980 enim
1597 1921 2002 1978 consuetudinis

415 2021 811 2091 Scripturarum
832 2061 846 2084 ,
879 2019 1150 2088 appellare
1175 2016 1368 2072 fratres
1393 2015 1661 2086 quoslibet
1680 2015 2002 2086 consangui-

415 2129 549 2170 neos
573 2123 626 2170 et
659 2111 988 2183 cognationis
1018 2109 1364 2181 propinquos,
1411 2117 1467 2164 et
1512 2117 1663 2163 extra
1701 2123 1856 2163 usum
1908 2123 2005 2162 no-

414 2219 584 2264 strum
610 2249 625 2274 ,
663 2221 770 2260 non
817 2219 922 2274 quo
951 2218 1100 2258 more
1125 2217 1224 2259 nos
1243 2202 1531 2272 loquimur.
1557 2200 1691 2256 Nam
1711 2203 1834 2272 quis
1860 2201 2006 2258 dicat

415 2299 609 2354 fratres
637 2298 956 2352 avunculum
983 2304 1038 2351 et
1066 2295 1228 2349 filium
1257 2294 1497 2352 sororis?
1524 2293 1796 2366 Scriptura
1824 2303 2004 2350 tamen

415 2391 577 2446 etiam
621 2387 924 2459 hujusmodi
953 2387 1294 2456 cognationes
1335 2385 1527 2442 fratres
1569 2386 1820 2458 appellat.
1862 2385 1998 2441 Nam

415 2484 686 2541 Abraham
710 2491 763 2538 et
782 2482 884 2537 Lot
907 2479 1100 2536 fratres
1120 2488 1244 2535 sunt
1265 2479 1412 2544 dicti,
1436 2494 1556 2534 cum
1573 2487 1714 2535 esset
1736 2477 2004 2534 Abraham

414 2585 637 2650 patruus
647 2576 750 2631 Lot
767 2573 976 2646 (Cenat
993 2573 1083 2640 27,
1117 2573 1206 2640 5i,
1225 2587 1338 2639 xm,
1357 2572 1410 2639 8,
1431 2581 1478 2628 et
1495 2588 1606 2638 XIV,
1625 2571 1716 2643 14)
1732 2589 1744 2626 :
1759 2571 2006 2636 etLaban

417 2681 473 2724 et
495 2669 657 2724 Jacob
677 2667 871 2722 fratres
903 2672 1028 2721 sunt
1059 2664 1213 2730 dicti,
1245 2679 1368 2720 eum
1392 2673 1536 2720 esset
1559 2664 1740 2720 Laban
1765 2679 2003 2719 avuncu-

414 2760 500 2813 lus
527 2757 691 2814 Jacob
716 2756 825 2830 (Id.
859 2773 1044 2823 xxvut,
1073 2757 1131 2824 2,
1157 2765 1204 2810 et
1223 2771 1378 2824 xxtx,
1427 2756 1516 2823 10,
1544 2755 1657 2828 15).
1706 2756 1840 2811 Cum
1876 2772 2006 2828 ergo

414 2849 612 2904 auditis
637 2847 832 2904 fratres
876 2847 1116 2914 Domini,
1144 2847 1324 2902 Marias
1363 2847 1594 2918 cogitate
1629 2847 2005 2918 consanguini-

415 2950 584 2996 tatem
609 2982 625 3008 ,
647 2955 753 2994 non
783 2941 974 2994 iterum
1003 2939 1258 3009 parientis
1279 2939 1441 2994 ullam
1461 2940 1827 3011 propaginem.
1857 2939 2006 2996 Sicut

415 3033 562 3088 enim
585 3033 640 3088 in
667 3033 912 3104 sepulcro
935 3032 1028 3088 ubi
1053 3033 1284 3103 positum
1305 3042 1388 3088 est
1415 3047 1608 3104 corpus
1629 3034 1874 3097 Domini,
1903 3049 2005 3089 nec

416 3133 574 3181 antea
615 3139 716 3180 nec
743 3133 927 3196 postea
969 3133 1211 3180 mortuus
1249 3123 1444 3195 jacuit;
1493 3123 1572 3178 sic
1610 3134 1790 3180 uterus
1821 3123 2002 3179 Mariae

415 3233 522 3274 nec
546 3227 702 3271 antea
729 3231 828 3271 nec
853 3225 1038 3286 postea
1056 3215 1341 3286 quidquam
1363 3215 1588 3270 morlale
1611 3216 1878 3286 concepit.

488 3311 545 3365 4.
597 3308 835 3364 Diximus
890 3307 1082 3363 fratres
1125 3307 1216 3378 qui
1271 3306 1502 3374 fuerint;
1549 3307 1828 3363 audiamus
1874 3308 2002 3378 quid

418 3401 669 3456 dixerint.
704 3398 886 3454 Transi
907 3399 1042 3465 hinc,
1087 3407 1133 3452 et
1175 3399 1303 3454 vade
1327 3399 1382 3454 in
1407 3397 1664 3465 Judteam,
1693 3410 1748 3454 ut
1774 3409 1820 3454 et
1845 3400 2004 3454 disci-

418 3493 528 3564 puli
553 3492 623 3545 tui
665 3491 864 3545 uideant
903 3507 1058 3561 opera
1085 3501 1206 3559 tua,
1241 3507 1354 3562 qua:
1394 3501 1448 3545 tu
1499 3491 1645 3562 facis.
1687 3489 1861 3562 Opera
1891 3492 2000 3547 Do-

417 3583 550 3638 mini
580 3582 867 3653 discipulos
887 3597 994 3638 non
1027 3582 1281 3650 latebant,
1326 3582 1422 3638 sed
1457 3583 1588 3639 istos
1613 3584 1868 3640 latebant.
1904 3583 1998 3640 lsti

418 3676 562 3730 enim
591 3673 780 3730 fratres
800 3715 815 3742 ,
843 3673 896 3730 id
925 3682 1008 3730 est
1027 3675 1406 3745 consanguinei
1429 3717 1445 3743 ,
1468 3675 1737 3731 Christum
1764 3692 1998 3734 consan-

416 3769 666 3837 guineum
691 3767 888 3822 habere
905 3773 1210 3838 potuerunt,
1234 3767 1454 3824 credere
1467 3779 1644 3825 autem
1667 3770 1721 3826 in
1751 3771 2000 3842 eumipsa

419 3861 812 3932 propinquitate
841 3859 1194 3916 fastidierunt.
1220 3861 1428 3916 Dictum
1457 3871 1540 3918 est
1574 3863 1628 3917 in
1669 3863 1960 3934 Evangelio
1986 3882 2000 3919 :

419 3969 527 4008 non
557 3952 702 4007 enim
729 3951 832 4006 hoc
859 3966 958 4006 nos
1000 3951 1258 4006 audemus
1283 3953 1487 4022 opinari
1513 3994 1528 4021 ,
1567 3953 1727 4009 modo
1755 3954 2000 4010 audistis.

417 4045 657 4112 Addunt,
687 4053 746 4101 et
771 4053 990 4100 monent
1018 4060 1032 4099 :
1057 4042 1225 4098 Nemo
1245 4045 1378 4099 enim
1403 4047 1458 4098 in
1484 4046 1677 4100 occulto
1705 4046 1826 4116 quid
1857 4047 2000 4116 facit,

419 4148 466 4194 et
495 4136 674 4206 quierit
715 4137 824 4206 ipse
873 4136 928 4190 in
979 4134 1151 4206 palam
1174 4151 1280 4191 esse
1307 4137 1388 4190 :si
1413 4137 1522 4191 haec
1546 4138 1694 4208 facis,
1735 4136 2005 4207 manifesta

419 4231 634 4299 teipsum
653 4227 862 4282 mundo.
889 4227 958 4282 Et
982 4228 1234 4282 continuo
1265 4247 1279 4282 :
1311 4226 1488 4298 Neque
1509 4228 1640 4282 enim
1674 4231 1855 4299 fratres
1891 4231 2002 4301 ejus

418 4320 686 4375 credebant
709 4320 762 4374 in
783 4335 916 4373 eum.
949 4319 1122 4385 Quare
1151 4319 1204 4373 in
1231 4334 1352 4372 eum
1392 4333 1498 4374 non
1521 4319 1843 4374 credebant?
1863 4319 1998 4388 Quia

419 4413 708 4468 immanem
735 4411 958 4482 gloriam
1005 4411 1366 4481 requirebant.
1413 4409 1544 4464 Nam
1592 4421 1647 4464 et
1696 4410 1838 4480 quod
1877 4426 1998 4466 eum

417 4507 666 4562 videntur
718 4519 942 4561 monere
993 4504 1204 4571 fratres,
1247 4503 1430 4574 gloriae
1477 4503 1642 4573 ipttlus
1673 4505 1999 4560 consulunt:

417 4599 576 4655 Facis
595 4597 877 4663 mirabilia,
902 4597 1176 4650 innotesce
1196 4612 1210 4662 ;
1233 4593 1284 4650 id
1307 4605 1409 4663 est,
1437 4609 1634 4666 appare
1647 4596 1918 4665 omnibus,
1943 4605 2001 4652 ut

417 4690 621 4746 laudari
643 4689 818 4759 possis
847 4689 914 4744 ab
951 4687 1219 4742 omnibus.
1267 4686 1608 4758 Loquebatur
1639 4703 1763 4744 caro
1809 4689 1997 4744 carni:

415 4783 513 4839 sed
540 4799 664 4838 caro
692 4783 809 4838 sine
833 4782 962 4848 Deo,
993 4779 1139 4835 carni
1177 4795 1298 4835 cum
1333 4781 1466 4836 Deo.
1488 4779 1832 4852 Loquebatur
1857 4781 1998 4836 enim

416 4876 698 4947 prudentia
723 4873 899 4928 carnis
921 4873 1098 4929 Verbo
1122 4873 1266 4944 quod
1289 4889 1415 4929 caro
1440 4873 1633 4930 factum
1663 4884 1746 4930 est
1772 4881 1828 4930 et
1845 4875 1997 4930 habir

415 4968 548 5022 tavit
573 4967 626 5021 in
646 4965 800 5021 nobis
831 4963 1008 5038 (Joan.
1037 4981 1074 5032 ι,
1103 4965 1218 5036 14).

488 5061 541 5114 5.
556 5058 692 5127 Quid
705 5057 770 5112 ad
788 5057 922 5124 haec,
939 5057 1216 5112 Dominus?
1229 5056 1363 5112 Dicit
1373 5073 1490 5129 ergo
1505 5058 1576 5112 eis
1590 5057 1623 5112 J
1627 5073 1740 5113 esus
1751 5074 1770 5112 .·
1785 5057 2002 5128 Tempus

416 5169 584 5208 meum
599 5150 824 5207 nondum
840 5151 992 5217 venit,
1013 5159 1209 5220 tempus
1223 5159 1388 5206 autem
1399 5159 1613 5204 uestrum
1623 5167 1816 5222 semper
1829 5161 1896 5207 est
1908 5169 2000 5224 pa-

417 5255 602 5301 ratum.
627 5243 764 5310 Quid
785 5241 1021 5298 esthoc?
1041 5243 1282 5298 Nondum
1301 5251 1523 5298 venerat
1548 5249 1756 5313 tempus
1769 5241 2002 5298 Christi?

418 5335 593 5403 Quare
615 5349 740 5404 ergo
769 5333 1014 5390 Christus
1041 5341 1280 5401 venerat,
1308 5334 1352 5388 si
1381 5342 1588 5404 tempus
1611 5334 1727 5405 ejus
1761 5334 1998 5390 nondum

415 5426 673 5482 venerat?
697 5425 884 5481 Nonne
901 5425 1202 5480 audivimus
1227 5425 1540 5496 Apostolum
1561 5426 1847 5496 dicentem,
1871 5425 1999 5482 Cum

417 5530 584 5572 autem
610 5519 739 5573 venit
761 5520 1016 5592 plenitudo
1043 5521 1301 5590 temporis,
1326 5519 1459 5574 misit
1477 5519 1617 5576 Deus
1639 5519 1832 5576 Filium
1853 5539 1997 5576 suum

419 5611 614 5683 (Colat.
636 5627 706 5678 1v,
751 5612 842 5684 4)?
871 5613 926 5667 Si
951 5627 1078 5682 ergo
1101 5613 1152 5665 in
1175 5611 1500 5682 plenitudine
1527 5615 1778 5686 temporis
1803 5617 1998 5672 missus

416 5715 529 5773 est;
553 5705 763 5777 quando
781 5705 964 5760 debuit
979 5706 1172 5786 missus
1201 5715 1302 5774 est,
1325 5708 1536 5778 quando
1551 5713 1784 5779 Oportuit
1811 5711 1958 5765 venit
1981 5730 1992 5765 :

417 5797 544 5870 quid
589 5807 692 5868 est,
741 5797 960 5870 Tempus
1001 5815 1166 5854 meum
1210 5801 1434 5858 nondum
1487 5803 1654 5858 venit?
1695 5803 1990 5875 lntclligite,

1341 332 1410 391 IN
1444 331 1724 391 JOANNIS
1759 331 2227 400 EVANCELIUM,
2266 332 2323 390 S.
2364 325 2734 392 AUGUSTINI

3565 339 3704 400 εδει

2119 443 2337 514 fratres,
2360 461 2466 518 quo
2483 447 2664 503 animo
2691 447 2768 502 illi
2794 447 3168 520 loquebantur,
3193 449 3286 521 qui
3309 449 3460 522 quasi
3473 449 3697 511 fratrem

2115 550 2272 592 suum
2298 552 2520 594 monere
2544 537 2881 595 videbantur.
2905 540 3112 596 Dabant
3127 540 3178 597 ei
3197 541 3480 598 consilium
3509 559 3700 603 conse-

2115 630 2344 701 quendae
2371 631 2576 702 gloriae,
2616 632 2780 688 veluti
2823 633 3146 690 saaculariter
3165 643 3220 690 et
3249 644 3464 694 terreno
3509 637 3698 698 affectu

2114 733 2413 794 monentes,
2446 741 2515 782 ne
2555 734 2701 782 esset
2745 725 2992 798 ignobilis
3018 736 3073 784 et
3099 728 3332 786 latitaret
3359 731 3538 802 :quod
3569 748 3699 806 ergo

2113 814 2187 869 ait
2209 815 2483 885 Dominus,
2525 815 2745 888 Tempus
2785 833 2955 874 meum
2997 818 3221 874 nondum
3256 819 3412 889 venit,
3445 821 3556 878 illis
3606 839 3697 880 re-

2113 907 2328 976 spondit
2352 908 2441 980 qui
2469 908 2522 964 ei
2557 908 2842 984 consilium
2879 909 2947 966 de
2983 909 3150 981 gloria
3196 911 3414 982 dabant,
3463 911 3697 985 Tempus

2112 996 2293 1068 gloriae
2321 1015 2454 1056 mete
2492 1001 2724 1056 nondum
2750 1001 2916 1058 venit.
2937 1001 3130 1058 Videte
3171 1018 3330 1074 quam
3367 1003 3684 1075 profundum

2111 1088 2184 1144 sit
2209 1105 2224 1144 :
2252 1090 2318 1146 de
2345 1091 2514 1162 gloria
2543 1092 2617 1147 illi
2657 1091 3037 1160 admonebant,
3065 1093 3162 1151 sed
3195 1093 3285 1151 ille
3310 1095 3482 1151 voluit
3517 1096 3694 1152 altitu-

2111 1179 2290 1236 dinem
2311 1181 2609 1240 humilitate
2629 1185 2952 1256 prazcedere,
2969 1194 3025 1242 et
3041 1185 3110 1242 ad
3134 1186 3305 1257 ipsam
3325 1187 3693 1246 celsitudinem

2109 1286 2208 1344 per
2243 1271 2596 1331 humilitatem
2617 1276 2757 1331 viam
2783 1286 3045 1334 sternere.
3075 1277 3208 1333 Nam
3257 1287 3312 1334 et
3352 1279 3428 1334 illi
3449 1278 3694 1352 discipuli

2111 1364 2292 1435 utique
2315 1365 2538 1437 gloriam
2565 1369 2929 1440 requirebant,
2958 1371 3048 1441 qui
3068 1370 3322 1427 volebant
3340 1371 3532 1430 sedere
3559 1390 3695 1430 unus

2109 1456 2178 1512 ad
2198 1457 2474 1515 dexteram
2501 1460 2638 1532 ejus,
2661 1471 2717 1518 et
2757 1463 2896 1518 alter
2922 1462 2990 1518 ad
3017 1464 3288 1519 sinistram
3311 1481 3326 1519 :
3349 1465 3696 1522 attendebaut

2109 1563 2236 1620 quo,
2259 1558 2313 1606 et
2329 1566 2436 1607 non
2454 1551 2703 1609 videbant
2715 1569 2838 1624 qua;
2859 1553 3114 1608 Dominus
3127 1568 3242 1621 eos,
3265 1563 3322 1610 ut
3339 1555 3583 1613 ordinate
3599 1573 3694 1614 ve-

2109 1641 2288 1698 nirent
2327 1643 2395 1698 ad
2437 1645 2685 1714 patriam,
2729 1645 3000 1702 revocavit
3041 1646 3110 1704 ad
3138 1648 3297 1702 viam.
3345 1648 3573 1706 Excelsa
3611 1659 3696 1707 est

2109 1735 2252 1790 enim
2283 1739 2471 1807 patria,
2499 1739 2713 1796 humilis
2745 1739 2850 1795 via.
2905 1739 3084 1796 Patria
3112 1749 3196 1796 est
3233 1741 3342 1796 vita
3359 1741 3582 1810 Christi,
3609 1744 3692 1800 via

2109 1836 2359 1885 estmors
2405 1829 2604 1886 Christi
2631 1849 2646 1886 :
2671 1831 2843 1904 patria
2883 1842 2967 1888 est
3015 1833 3224 1889 mansio
3251 1834 3470 1904 Christi,
3499 1837 3584 1893 via
3612 1847 3697 1894 est

2108 1919 2288 1988 passio
2309 1919 2524 1976 Christi.
2544 1920 2644 1989 Qui
2665 1923 3050 1991 recusatviam,
3075 1923 3203 1995 quid
3219 1925 3409 1996 quzerit
3427 1925 3692 1996 patriam?

2109 2012 2348 2084 Denique
2377 2025 2432 2072 et
2478 2015 2584 2072 illis
2610 2015 2712 2072 hoc
2760 2016 3068 2088 respondit,
3110 2019 3471 2088 quaerentibus
3515 2019 3695 2076 altitu-

2109 2104 2289 2160 dinem
2314 2122 2328 2160 :
2352 2105 2571 2160 Potestis
2591 2107 2752 2162 bibere
2795 2109 3002 2163 calicem
3033 2125 3182 2180 quem
3215 2126 3305 2181 ego
3325 2109 3567 2166 bibiturus
3581 2129 3696 2167 sum

2112 2195 2326 2267 (Matth.
2357 2213 2448 2266 xx,
2488 2198 2577 2266 2i,
2607 2199 2728 2270 22)?
2771 2198 2912 2257 Ecce
2948 2215 3052 2272 qua
3085 2201 3298 2258 venitur
3322 2201 3392 2258 ad
3423 2203 3696 2262 celsitudi-

2108 2305 2232 2348 nem
2261 2307 2418 2362 quam
2448 2292 2782 2349 desideratis.
2811 2291 3043 2349 Calicem
3067 2293 3264 2366 quippe
3290 2310 3688 2354 commemora-

2109 2380 2202 2436 bat
2225 2383 2536 2440 humilitatis
2555 2394 2714 2458 atque
2737 2385 3020 2456 passionis.

2184 2473 2240 2530 ϐ.
2271 2475 2412 2546 Ergo
2436 2485 2490 2531 et
2513 2475 2622 2544 hic,
2667 2475 2890 2548 Tempus
2917 2493 3087 2532 meum
3127 2478 3356 2534 nondum
3381 2480 3545 2548 venit;
3573 2489 3684 2538 tem-

2112 2584 2207 2639 pus
2244 2576 2413 2622 autem
2457 2569 2782 2640 uestrum,lid
2807 2577 2910 2638 est,
2953 2570 3141 2626 mundi
3165 2571 3360 2643 gloria,
3385 2589 3584 2645 semper
3623 2584 3698 2630 est

2111 2669 2364 2730 paratum.
2399 2659 2511 2716 Hoc
2547 2668 2630 2716 est
2671 2669 2879 2732 tempus
2923 2661 2992 2718 de
3017 2677 3123 2732 quo
3171 2663 3225 2718 in
3257 2662 3536 2735 prophetia
3563 2665 3579 2696 ί
3611 2665 3694 2720 lo-

2111 2753 2290 2823 quitur
2317 2752 2581 2821 Christus,
2611 2753 2664 2810 id
2685 2763 2786 2822 est,
2818 2769 3015 2826 corpus
3034 2755 3268 2812 Christi:
3297 2754 3424 2814 Cum
3459 2774 3697 2830 accepero

2111 2853 2328 2914 tempus,
2357 2861 2447 2915 ego
2475 2845 2702 2915 justitias
2739 2845 2976 2916 iudicabo
3019 2845 3192 2916 (Psal.
3215 2862 3394 2918 unv,
3423 2847 3498 2921 5).
3539 2849 3698 2906 Modo

2111 2936 2257 2990 enim
2285 2951 2395 2990 non
2419 2945 2504 2992 est
2529 2945 2739 3007 tempus
2751 2936 3045 3008 judicandi,
3068 2937 3164 2994 sed
3187 2939 3396 3010 iniquos
3414 2939 3694 2996 tolerandi.

2109 3026 2270 3084 Ferat
2297 3029 2458 3100 igitur
2484 3027 2643 3084 modo
2669 3043 2864 3100 corpus
2891 3029 3124 3098 Christi,
3150 3037 3205 3088 et
3234 3029 3426 3088 toleret
3449 3031 3697 3103 iniquita-

2111 3128 2219 3176 tem
2259 3123 2401 3177 male
2437 3123 2748 3178 viventium.
2779 3123 2982 3178 Habeat
3009 3135 3188 3179 tamen
3225 3123 3485 3194 justitiam
3511 3124 3694 3194 modo,

2109 3221 2392 3284 antequam
2441 3211 2634 3269 habeat
2671 3213 2929 3285 judicium
2959 3229 3092 3285 :per
3111 3213 3370 3286 justitiam
3399 3215 3542 3271 enim
3571 3231 3696 3287 per-

2109 3305 2289 3360 veniet
2337 3305 2405 3360 ad
2445 3305 2724 3376 judicium.
2774 3306 3152 3363 Tolerantibus
3193 3308 3390 3379 quippe
3437 3309 3696 3367 membris

2109 3397 2442 3468 iniquitatem
2465 3399 2646 3453 saeculi
2674 3397 2832 3468 hujus
2876 3399 3004 3469 quid
3043 3398 3315 3470 Scriptura
3357 3409 3538 3456 sancta
3566 3401 3698 3458 dicit

2109 3487 2163 3543 in
2185 3488 2437 3544 Psalmo?
2459 3488 2582 3544 Non
2613 3491 2818 3561 repellet
2841 3489 3093 3546 Dominus
3116 3491 3310 3562 plebem
3325 3509 3489 3547 suam.
3517 3493 3696 3552 Labo-

2107 3589 2193 3634 rat
2233 3581 2430 3650 quippe
2456 3580 2607 3651 plebs
2648 3581 2764 3652 ejus
2791 3582 2930 3656 inter
2973 3581 3240 3652 indignos,
3281 3583 3422 3640 inter
3457 3584 3692 3656 iniquos,

2107 3669 2248 3724 inter
2271 3669 2720 3741 blasphemantes,
2741 3673 2879 3728 inter
2893 3681 3306 3739 murmurantes,
3329 3673 3692 3746 detrahentes,

2109 3760 2449 3829 insectantes,
2466 3771 2521 3818 et
2540 3763 2586 3818 si
2601 3762 2776 3832 liceat,
2807 3763 3150 3832 perimentes.
3182 3762 3415 3820 Laborat
3438 3765 3654 3836 quidem
3675 3782 3692 3834 ;

2109 3850 2207 3906 sed
2253 3868 2354 3906 non
2399 3852 2606 3924 repellet
2649 3852 2900 3908 Dominus
2951 3853 3142 3926 plebem
3195 3871 3341 3911 suam
3363 3895 3380 3923 ,
3433 3864 3480 3910 et
3529 3856 3694 3912 hatre-

2108 3943 2315 3998 ditatem
2337 3961 2482 4000 suam
2513 3961 2614 4000 non
2634 3946 2960 4018 derelinquat,
2991 3947 3315 4018 quoadusque
3341 3948 3540 4019 justitia
3567 3966 3694 4004 con-

2107 4046 2330 4092 vertatur
2369 4037 2424 4091 in
2460 4037 2716 4109 judicium
2741 4040 2764 4071 ¹
2787 4037 2961 4110 (Psal.
3012 4053 3157 4106 xcnt,
3194 4039 3281 4108 14,
3332 4038 3444 4114 15).
3475 4039 3688 4106 Quoad-

2107 4147 2264 4202 usque
2278 4131 2481 4202 justitia
2505 4147 2624 4202 qua:
2647 4131 2806 4188 modo
2829 4141 2910 4189 est
2937 4131 2990 4186 in
3013 4131 3212 4188 sanctis
3255 4133 3370 4204 ejus
3389 4175 3404 4202 ,
3433 4143 3693 4190 conuerta-

2107 4231 2190 4276 tur
2213 4223 2268 4278 in
2283 4223 2571 4295 judicium;
2597 4237 2721 4279 cum
2741 4224 3046 4296 implebitur
3074 4224 3216 4296 quod
3243 4225 3322 4281 eis
3363 4225 3560 4286 dictum
3585 4237 3689 4294 est,

2109 4317 2358 4374 Sedebitis
2400 4336 2553 4392 super
2590 4320 2855 4376 duodecim
2895 4322 3057 4388 sedes,
3095 4323 3387 4393 judicantes
3423 4325 3688 4380 duodecim

2108 4413 2266 4467 tribus
2299 4411 2468 4468 Israel
2514 4413 2724 4484 (Matth.
2787 4431 2910 4484 xix,
2962 4415 3080 4490 28).
3129 4416 3372 4473 Habebat
3428 4417 3692 4488 justitiam

2105 4506 2416 4575 Apostolus,
2445 4505 2541 4562 sed
2561 4507 2796 4562 nondum
2845 4507 2974 4563 illud
2997 4507 3258 4580 judicium
3294 4509 3363 4566 de
3393 4524 3498 4582 quo
3535 4509 3688 4578 dicit,

2107 4595 2328 4652 Nescitis
2351 4600 2588 4669 quoniam
2603 4601 2807 4671 angelos
2823 4601 3170 4673 judicabimus
3195 4599 3238 4673 (l
3261 4599 3378 4657 Cor.
3401 4617 3476 4668 v1,
3499 4602 3594 4676 5)?
3613 4603 3692 4660 Sit

2105 4705 2232 4761 ergo
2261 4691 2422 4746 modo
2465 4699 2673 4761 tempus
2697 4691 2842 4761 juste
2867 4691 3098 4758 vivendi,
3129 4701 3316 4762 postea
3345 4695 3450 4749 erit
3479 4703 3690 4765 tempus

2103 4797 2200 4839 eos
2223 4785 2310 4854 qui
2336 4785 2476 4840 male
2504 4784 2756 4852 vixerint,
2781 4784 3077 4855 judicandi.
3113 4784 3688 4859 Quoadusquejustitia,

2108 4873 2301 4946 inquit,
2333 4884 2647 4930 convertatur
2672 4875 2725 4929 in
2764 4875 3038 4946 judicium.
3089 4876 3204 4932 Hoc
3245 4877 3346 4932 erit
3375 4886 3585 4949 tempus
3607 4879 3692 4950 ju-

2102 4965 2247 5034 dicii,
2269 4965 2337 5022 de
2362 4981 2468 5037 quo
2488 4966 2744 5022 Dominus
2765 4966 2925 5022 modo
2944 4966 3097 5035 dixit,
3127 4965 3348 5040 Tentpus
3376 4985 3544 5024 meum
3563 4987 3690 5025 non-

2105 5057 2226 5111 dum
2262 5057 2412 5111 venit.
2443 5057 2558 5112 Erit
2604 5056 2748 5112 enim
2789 5066 2999 5128 tempus
3027 5058 3235 5129 gloriae,
3291 5069 3348 5114 ut
3393 5059 3484 5131 qui
3543 5063 3689 5118 venit

2104 5151 2157 5208 in
2186 5151 2504 5220 humilitate,
2535 5151 2712 5206 veniat
2737 5151 2792 5205 in
2815 5151 3117 5207 altitudine.
3149 5150 3252 5219 Qui
3281 5153 3428 5208 venit
3449 5153 3686 5224 judican-

2102 5241 2224 5310 dus,
2255 5242 2432 5298 veniet
2453 5241 2785 5312 iudicaturus
2813 5259 2827 5297 :
2851 5243 2940 5314 qui
2967 5241 3112 5298 venit
3132 5243 3303 5299 occidi
3343 5259 3372 5299 a
3413 5245 3642 5301 mortuis
3667 5289 3680 5310 .

2103 5335 2281 5391 veniet
2294 5335 2538 5406 judicare
2563 5336 2630 5392 de
2649 5336 2784 5392 vivis
2809 5345 2864 5392 et
2887 5335 3130 5392 mortuis.
3159 5336 3320 5405 Deus,
3345 5337 3516 5409 inquit
3543 5339 3690 5394 Psal-

2101 5441 2241 5492 mus,
2261 5428 2556 5499 manifestus
2575 5428 2753 5494 veniet,
2775 5428 2912 5482 Deus
2933 5437 3100 5482 noster
3129 5437 3174 5483 et
3199 5445 3298 5484 non
3327 5429 3489 5484 silebit
3511 5428 3682 5500 (Psal.

2102 5512 2249 5587 mit,
2275 5520 2352 5594 5).
2381 5522 2518 5590 Quid
2545 5531 2659 5590 est,
2689 5523 2988 5594 manifestus
3015 5523 3210 5576 veniet?
3235 5523 3370 5590 Quia
3421 5523 3568 5579 venit
3595 5538 3686 5578 oc-

2101 5614 2296 5670 cultus.
2337 5613 2487 5670 Tunc
2515 5629 2620 5670 non
2651 5614 2827 5670 silebit
2851 5633 2864 5670 :
2891 5629 3013 5669 nam
3035 5615 3244 5686 quando
3271 5615 3418 5670 venit
3442 5615 3680 5672 occultus

2168 5751 2185 5814 ε
2213 5749 2436 5814 Plerique
2458 5757 2588 5814 Mss,
2611 5749 2673 5799 de
2691 5748 3095 5814 quoinpropltcta
3119 5747 3339 5814 Ιεξέῃιὶιψ·ε

2170 5813 2190 5843 ²
2213 5808 2592 5872 Μεε.,’1]οοιυοο
2615 5819 2666 5862 et
2689 5808 2834 5874 paulo
2855 5808 3075 5872 inferius,
3101 5811 3164 5859 ad
3178 5808 3438 5873 judicium.
