4118 6476
317 387 466 448 (69.5

318 505 458 562 sicut
484 505 602 561 ovis
631 503 700 562 ad
729 501 1109 560 immolandum
1135 501 1326 559 ductus
1347 511 1459 570 est,
1482 513 1535 559 et
1569 503 1707 558 sicut
1734 517 1900 574 agnus

316 612 506 655 coram
535 599 790 656 tondente
817 613 876 654 sc
906 612 1012 653 non
1056 597 1263 668 aperuit
1288 612 1349 653 os
1382 611 1538 653 suum
1587 595 1736 671 (Isai.
1786 612 1896 667 un,

315 690 404 762 7).
459 691 649 749 Veniet
687 701 741 748 et
775 707 885 746 non
934 689 1129 746 silebit.
1183 689 1360 756 Tacui,
1403 690 1610 761 inquit,
1659 691 1900 762 numquid

314 801 524 855 semper
550 787 717 841 tacebo
747 783 856 858 (Id.
889 801 1018 851 XLII,
1043 785 1130 853 M,
1157 800 1256 840 sec.
1286 782 1485 855 LXX)?

392 878 446 931 7.
471 877 627 933 Modo
646 889 821 934 autem
843 878 970 950 quid
995 878 1354 934 necessarium
1377 886 1460 935 est
1482 879 1562 935 eis
1587 879 1676 951 qui
1699 878 1899 935 habent

305 969 620 1041 justitiam?
654 972 805 1041 Quod
834 973 890 1028 in
918 973 1008 1028 illo
1037 973 1153 1044 ipso
1182 973 1387 1044 psalmo
1433 973 1646 1045 legitur,
1693 973 1900 1040 Quoad-

307 1079 474 1132 usque
488 1064 690 1135 justitia
702 1073 1014 1120 convertatur
1029 1065 1080 1119 in
1102 1065 1381 1139 judicium;
1397 1075 1442 1120 et
1461 1066 1548 1136 qui
1563 1065 1742 1120 habent
1761 1083 1890 1134 eam,

304 1172 492 1211 omnes
521 1159 642 1212 recti
688 1158 859 1214 corde.
902 1157 1147 1226 Quzeritis
1191 1159 1419 1215 fortasse
1465 1160 1554 1232 qui
1598 1168 1723 1216 sunt
1762 1162 1894 1217 recti

305 1250 525 1305 corde?
565 1251 690 1306 Illos
741 1252 1040 1308 invenimus
1084 1253 1138 1308 in
1176 1252 1450 1324 Scriptura
1493 1264 1669 1310 rectos
1709 1254 1891 1324 corde,

303 1341 404 1410 qui
441 1342 582 1396 mala
629 1343 809 1398 saeculi
864 1343 1118 1413 tolerant,
1172 1354 1227 1400 et
1254 1361 1362 1400 non
1409 1355 1661 1402 accusant
1701 1347 1889 1402 Deum.

301 1429 526 1499 Videte,
556 1432 780 1500 fratres;
809 1450 927 1490 rara
957 1435 1070 1491 avis
1095 1446 1177 1492 est
1206 1439 1306 1492 ista
1336 1453 1495 1508 quam
1519 1439 1705 1510 loquor
1733 1439 1892 1495 ‘.Ne—

301 1525 426 1580 scio
451 1542 560 1596 quo
603 1527 744 1582 enim
777 1529 938 1583 modo
961 1528 1172 1600 quando
1216 1531 1394 1586 evenit
1441 1531 1645 1587 homini
1696 1532 1894 1602 aliquid

298 1619 466 1686 mali,
503 1619 670 1674 Deum
702 1620 867 1674 currit
886 1635 1166 1689 accusare,
1198 1623 1288 1693 qui
1318 1622 1536 1680 deberet
1563 1639 1641 1680 se.
1669 1623 1892 1692 Quando

297 1709 651 1781 bonialiquid
683 1711 817 1782 agis,
850 1719 902 1767 te
927 1712 1148 1768 laudas:
1176 1712 1387 1784 quando
1413 1713 1536 1769 mali
1572 1713 1768 1785 aliquid
1795 1731 1889 1786 pa-

294 1801 455 1867 teris,
489 1801 658 1856 Deum
684 1817 923 1858 accusas.
963 1802 1076 1859 Hoc
1109 1813 1194 1860 est
1236 1820 1362 1876 ergo
1399 1819 1494 1860 cor
1523 1815 1714 1860 tortum
1735 1848 1750 1874 ,
1782 1823 1891 1864 non

294 1901 532 1949 rectum.
555 1893 640 1948 Ab
665 1895 766 1950 ista
796 1894 1112 1952 distortione
1146 1907 1200 1952 et
1231 1898 1489 1968 pravitate
1514 1899 1557 1954 si
1585 1900 1886 1971 corrigaris,

294 1994 648 2040 convertetur
675 1986 726 2040 in
745 1988 1068 2042 contrarium
1101 1988 1242 2059 quod
1267 1988 1517 2045 faciebas.
1540 1991 1711 2046 Antea
1745 1991 1887 2048 enim

294 2078 429 2148 quid
455 2078 726 2134 faciebas?
765 2079 1044 2136 Laudabas
1063 2089 1117 2137 te
1155 2083 1209 2136 in
1240 2078 1394 2140 bonis
1440 2083 1566 2152 Dei,
1599 2085 1888 2142 accusabas

292 2169 473 2225 Deum
499 2169 550 2224 in
583 2170 736 2226 malis
775 2171 916 2227 tuis:
946 2187 1207 2228 converso
1235 2172 1395 2228 corde
1422 2183 1476 2230 ct
1521 2173 1744 2244 directo,
1775 2178 1886 2232 lau-

292 2261 452 2316 dabis
486 2263 654 2317 Deum
684 2262 738 2316 in
779 2262 934 2318 bonis
959 2264 1086 2332 suis,
1119 2265 1393 2322 accusabis
1420 2275 1472 2322 te
1499 2266 1550 2321 in
1581 2267 1734 2323 malis
1761 2269 1882 2324 tuis.

290 2352 388 2408 lsti
412 2363 539 2408 sunt
557 2355 691 2410 recti
714 2355 896 2411 corde.
917 2356 1153 2427 Denique
1169 2357 1257 2414 ille
1271 2357 1503 2414 nondum
1525 2368 1671 2416 recto
1701 2360 1880 2429 corde,

288 2447 383 2500 cui
407 2446 723 2517 diSplicehat
761 2447 982 2503 felicitas
1012 2449 1270 2504 malorum
1313 2458 1368 2505 et
1408 2451 1880 2520 labor‘bonorum,

286 2537 370 2591 ait
412 2547 692 2593 correctus
719 2557 732 2592 :
761 2538 927 2603 Quam
968 2539 1124 2594 bonus
1154 2540 1290 2596 Deus
1323 2541 1492 2597 Israel
1519 2544 1666 2599 rectis
1693 2544 1882 2600 corde!

287 2627 403 2681 Hei
430 2638 633 2698 autem,
665 2618 878 2700 quando
908 2647 1015 2686 non
1045 2647 1188 2688 eram
1213 2643 1360 2688 recto
1389 2635 1572 2701 corde,
1597 2651 1722 2704 pene
1739 2652 1880 2690 cont-

284 2719 417 2772 moti
445 2729 564 2772 sunt
589 2721 759 2790 pedes,
789 2721 943 2791 paulo
983 2723 1146 2777 minus
1189 2723 1336 2791 effusi
1380 2734 1496 2779 sunt
1532 2742 1732 2796 gressus
1761 2727 1879 2780 mei.

284 2810 512 2878 Quare?
545 2811 678 2878 Quia
700 2811 858 2866 zelavi
887 2814 938 2868 in
965 2817 1330 2885 peccatoribus,
1359 2835 1531 2886 pacem
1564 2831 1880 2888 peccatorum

284 2902 492 2957 intuens
517 2901 690 2973 (Psal.
716 2920 878 2970 Lxxu,
904 2906 1038 2976 1-5).
1072 2906 1212 2973 Vidi,
1247 2908 1438 2980 inquit,
1470 2911 1642 2966 malos
1670 2910 1876 2980 felices,

284 3003 346 3048 et
373 2993 648 3063 displicuit
688 2994 816 3049 mihi
861 2996 1158 3052 Deus:hoc
1197 3000 1339 3053 enim
1380 3000 1640 3070 volebam,
1671 3011 1730 3057 ut
1771 3019 1879 3059 non

283 3085 629 3156 permitteret
653 3087 792 3143 Deus
814 3089 983 3143 malos
1008 3105 1128 3146 esse
1148 3089 1352 3148 felices.
1385 3093 1644 3165 lntelhgat
1675 3095 1871 3153 homo:

284 3192 564 3247 nunquam
604 3177 707 3233 hoe
751 3181 1008 3248 permittit
1043 3182 1217 3249 Deus;
1246 3183 1341 3238 sed
1377 3184 1497 3239 ideo
1536 3186 1706 3242 malus
1747 3186 1878 3245 felix

280 3277 527 3338 putatur,
559 3270 681 3339 quia
709 3270 833 3340 quid
862 3271 930 3326 sit
955 3271 1180 3330 felicitas
1206 3275 1500 3348 ignoratur.
1533 3276 1712 3338 Simus
1742 3297 1870 3354 ergo

280 3362 423 3416 recti
465 3361 672 3417 corde:
707 3371 915 3434 tempus
956 3365 1138 3436 gloria:
1192 3378 1390 3424 nostra:
1431 3372 1667 3428 nondum
1708 3376 1872 3431 venit.

282 3455 510 3510 Dicatur
533 3458 857 3512 amatoribus
879 3457 1034 3529 hujus
1055 3461 1258 3529 saeculi,
1286 3464 1471 3533 quales
1505 3477 1657 3521 erant
1683 3467 1876 3524 fratres

283 3547 526 3614 Domini,
553 3547 771 3618 Tempus
789 3558 1002 3603 uestrum
1041 3568 1238 3622 semper
1264 3563 1339 3606 est
1381 3566 1652 3624 paratum;
1677 3569 1876 3631 tempus

282 3649 534 3694 nostrum
563 3639 784 3693 nondum
810 3642 959 3694 venit.
982 3643 1289 3699 Audeamus
1317 3647 1460 3701 enim
1488 3647 1591 3704 hoc
1619 3650 1798 3708 dicere
1819 3662 1876 3708 et

286 3747 412 3786 nos.
452 3733 520 3786 Et
570 3732 816 3802 quoniam
847 3748 1040 3803 corpus
1083 3735 1294 3791 Domini
1335 3740 1500 3793 nostri
1528 3739 1654 3797 Jesu
1680 3741 1875 3800 Christi

282 3839 496 3889 sumus,
524 3825 774 3896 quoniam
802 3826 1039 3881 membra
1064 3829 1179 3898 ejus
1205 3845 1410 3899 sumus,
1443 3834 1691 3902 quoniam
1718 3847 1877 3908 caput

282 3928 530 3972 nostrum
589 3928 857 3990 gratanter
903 3923 1278 3992 agnoscimus,
1322 3925 1562 3983 dicamus
1618 3945 1870 4001 prorsus;

280 4013 538 4082 quoniam
571 4022 786 4084 propter
806 4029 904 4069 nos
928 4023 982 4070 et
1007 4015 1119 4085 ipse
1149 4016 1250 4072 hoc
1289 4018 1536 4090 dignatus
1563 4033 1644 4078 est
1672 4023 1870 4082 dicere.

280 4104 511 4172 Quando
541 4105 696 4161 nobis
724 4106 979 4162 insultant
1009 4119 1274 4167 amatores
1296 4112 1450 4183 hujus
1481 4115 1695 4186 saeculi,
1721 4117 1872 4174 dica-

280 4212 404 4252 mus
430 4197 512 4253 cis
530 4239 546 4265 ,
578 4197 792 4268 Tempus
812 4210 1026 4254 vestrum
1046 4219 1243 4273 semper
1278 4213 1349 4258 est
1375 4218 1650 4276 paratum;
1679 4219 1875 4283 tempus

281 4298 533 4344 nostrum
576 4290 800 4344 nondum
829 4293 981 4346 venit.
1009 4290 1173 4350 Nobis
1202 4296 1344 4352 enim
1384 4298 1520 4355 dixit
1563 4302 1870 4376 Apostolus,

280 4379 482 4434 Mortui
521 4383 654 4435 enim
685 4383 821 4451 estis,
867 4392 914 4438 et
957 4386 1058 4439 vita
1104 4395 1265 4442 vestra
1305 4390 1596 4447 abscondita
1640 4406 1712 4451 est
1759 4414 1874 4454 cum

280 4469 485 4525 Christo
506 4472 559 4525 in
580 4471 709 4526 Deo.
739 4473 963 4540 Quando
987 4478 1166 4532 veniet
1195 4488 1402 4550 tempus
1433 4487 1709 4540 nostrum?
1746 4486 1874 4544 Cum

278 4559 534 4630 Christus,
561 4563 748 4634 inquit,
773 4568 1066 4636 apparuerit
1083 4570 1182 4623 vita
1211 4581 1393 4638 vestra,
1441 4583 1557 4630 tunc
1585 4585 1631 4632 ct
1665 4594 1750 4634 vos
1779 4597 1873 4652 ap—

279 4655 523 4723 parebitis
549 4672 661 4708 cum
681 4657 791 4726 ipso
817 4658 867 4711 in
893 4660 1058 4730 gloria
1088 4661 1304 4729 (Coloss.
1328 4680 1406 4732 tu,
1437 4666 1490 4733 5,
1518 4668 1597 4739 ι).

352 4744 408 4800 8.
453 4746 589 4811 Quid
629 4746 822 4803 deinde
861 4751 1046 4806 addit?
1085 4752 1207 4807 Non
1253 4765 1413 4826 potest
1451 4761 1667 4817 mundus
1709 4763 1874 4822 odisse

279 4853 387 4891 ros.
434 4838 574 4906 Quid
619 4849 701 4896 cst
742 4841 877 4909 hoc,
910 4845 1046 4913 nisi,
1092 4846 1208 4901 Non
1238 4860 1416 4919 potest
1443 4854 1670 4912 mundus
1695 4856 1872 4914 odisse

277 4940 551 4986 amatores
579 4948 706 4988 suos
725 4975 740 5001 ,
773 4933 932 4990 falsos
962 4938 1158 4993 testes?
1187 4940 1331 4996 Bona
1373 4944 1515 4998 enim
1545 4946 1720 5004 dicitis
1751 4965 1871 5021 quae

276 5023 420 5076 mala
451 5033 596 5090 sunt,
629 5033 683 5079 et
708 5025 847 5079 mala
885 5043 1002 5096 qua:
1037 5027 1176 5084 bona
1221 5042 1363 5087 sunt.
1412 5034 1499 5090 Me
1547 5049 1712 5093 autem
1741 5041 1866 5110 odit,

276 5115 397 5180 quia
449 5132 540 5186 ego
597 5117 933 5171 testimonium
989 5122 1220 5190 perhibeo
1277 5127 1339 5179 de
1387 5127 1495 5194 illo,
1546 5133 1664 5201 quia
1717 5151 1869 5204 opera

277 5205 386 5276 ejus
432 5207 568 5259 mala
609 5217 744 5261 sunt.
800 5209 901 5263 Vos
942 5213 1193 5268 ascendite
1229 5217 1296 5269 ad
1333 5218 1465 5272 diem
1492 5221 1672 5290 festum
1711 5227 1864 5282 hanc.

280 5297 417 5362 Quid
452 5307 533 5352 cst
561 5300 733 5354 hunc?
758 5301 861 5358 Ubi
888 5305 1108 5374 gloriam
1137 5307 1421 5366 humanum
1449 5318 1702 5384 quaeritis.
1731 5321 1866 5389 Quid

275 5397 361 5442 est
387 5389 563 5444 hunc?
592 5391 692 5446 Ubi
721 5395 1017 5450 extendere
1045 5397 1201 5454 vultis
1230 5403 1460 5457 carnalia
1498 5408 1687 5476 gaudia
1707 5451 1721 5476 ,
1760 5427 1864 5467 non

277 5492 478 5536 acterna
527 5485 780 5555 cogitare.
828 5486 940 5557 Ego
991 5506 1091 5543 non
1133 5494 1348 5548 ascendo
1399 5497 1466 5550 ad
1512 5499 1642 5554 diem
1687 5507 1868 5573 festum

279 5573 430 5637 hunc,
462 5577 581 5644 quia
613 5594 775 5631 meum
807 5589 998 5652 tempus
1026 5583 1246 5639 nondum
1274 5587 1534 5658 impletum
1565 5602 1655 5647 est.
1697 5593 1751 5650 In
1781 5596 1867 5654 die

275 5663 417 5720 festo
443 5666 545 5720 hoc
567 5667 790 5736 gloriam
814 5686 908 5726 vos
930 5672 1214 5731 humanam
1244 5681 1511 5749 qumritis;
1542 5699 1718 5739 meum
1740 5703 1866 5744 vero

271 5805 726 5926 σῷῃιῖὶὶἓῇἓὲνριξὶ
739 5811 812 5860 sic
830 5809 1013 5862 habent
1035 5813 1162 5866 hunc
1179 5816 1360 5870 locum:
1384 5827 1506 5875 Rara
1528 5834 1673 5874 causa
1693 5832 1762 5890 est
1775 5824 1867 5879 ista

1912 304 2026 325 σασα...
2034 310 2162 330 μ’..

1393 381 1799 442 TRACTATUS
1835 381 2072 442 XXVIII.
2111 387 2339 449 CAPUT
2375 391 2490 449 VII.

3449 404 3592 468 1628

2012 512 2243 574 tempus,
2280 507 2332 563 id
2358 517 2440 565 est
2464 509 2643 582 gloria:
2670 525 2824 579 meae,
2852 513 3089 570 nondum
3113 518 3278 574 venit.
3327 517 3446 591 ipse
3481 523 3584 580 erit

2005 593 2120 652 dies
2139 595 2306 653 festus
2323 615 2494 667 meus,
2518 617 2623 657 non
2644 603 2830 660 diebus
2848 604 2964 662 istis
2980 621 3314 678 praecurrens
3332 619 3386 667 et
3409 622 3583 670 trans-

2004 685 2141 755 iens,
2165 689 2260 745 sed
2304 706 2620 761 permanens
2642 693 2698 749 in
2721 703 2977 752 aeternum
3003 715 3016 753 :
3040 698 3152 769 ipsa
3172 701 3276 756 erit
3299 699 3580 772 festivitas,

2003 779 2249 850 gaudium
2276 783 2391 839 sine
2415 785 2539 853 ﬁne,
2569 788 2838 844 aeternitas
2865 790 2983 847 sine
3013 791 3150 859 labe,
3179 795 3439 850 serenitas
3464 796 3581 852 sine

2002 872 2162 929 nube.
2191 872 2317 929 ch
2345 891 2458 929 cum
2495 877 2733 946 dixisset,
2776 881 2882 953 ipse
2916 888 3100 938 mansit
3125 885 3179 940 in
3223 885 3454 943 Galiltea.
3513 887 3582 944 Ut

2001 974 2166 1019 autent
2190 967 2518 1022 ascenderunt
2545 973 2726 1041 fratres
2755 975 2885 1045 ejus,
2913 983 3028 1030 tunc
3053 987 3100 1030 et
3127 978 3238 1049 ipse
3261 981 3485 1035 ascendit
3509 981 3579 1035 ad

2001 1056 2133 1112 diem
2161 1057 2379 1127 festum;
2405 1076 2503 1114 non
2529 1063 2810 1133 manifeste,
2837 1066 2926 1120 sed
2949 1069 3092 1137 quasi
3127 1070 3180 1124 in
3205 1071 3419 1127 occulto.
3454 1072 3578 1130 Ideo

2002 1163 2105 1201 non
2123 1148 2192 1201 ad
2217 1148 2348 1203 diem
2373 1151 2556 1222 festum
2583 1151 2735 1220 hunc,
2757 1155 2879 1224 quia
2907 1171 3011 1212 non
3036 1158 3253 1229 gloriari
3274 1163 3578 1232 temporali-

2000 1245 2100 1304 tcr,
2131 1237 2223 1292 sed
2251 1238 2451 1310 aliquid
2472 1239 2666 1296 docere
2695 1243 2998 1314 salubriter,
3019 1250 3287 1320 corrigere
3309 1250 3574 1321 homines,

1998 1326 2065 1384 de
2091 1328 2178 1384 die
2204 1328 2339 1386 festo
2379 1340 2579 1388 aeterno
2607 1333 2896 1394 admonere
2914 1379 2930 1407 ,
2972 1353 3208 1398 amorem
3243 1344 3311 1400 ab
3338 1343 3440 1401 hoc
3468 1360 3572 1402 sa:-

1996 1421 2118 1477 culo
2146 1431 2407 1489 avertere,
2435 1433 2490 1480 et
2517 1425 2570 1480 in
2601 1426 2769 1483 Deum
2797 1439 3108 1490 convertere
3143 1436 3405 1507 cupiebat.
3435 1437 3573 1508 Quid

1997 1521 2079 1568 est
2101 1523 2300 1584 autem,
2322 1517 2469 1587 quasi
2488 1518 2698 1574 latenter
2725 1523 2947 1577 ascendit
2973 1524 3042 1578 ad
3062 1527 3195 1580 diem
3219 1531 3438 1599 festum?
3455 1530 3574 1588 Non

1995 1613 2147 1659 vacat
2181 1605 2364 1662 ethoc
2401 1608 2667 1664 Domini‘.
2709 1609 2930 1669 Videtur
2948 1615 3098 1685 mihi,
3141 1616 3366 1687 fratres,
3410 1621 3571 1679 etiam

1994 1695 2141 1764 hinc,
2175 1697 2314 1769 quod
2345 1701 2495 1770 quasi
2521 1701 2748 1760 latenter
2775 1706 3032 1777 ascendit,
3056 1709 3253 1780 aliquid
3280 1711 3575 1783 signiﬁcare

1997 1789 2268 1846 voluisse:
2292 1807 2415 1846 nam
2438 1797 2813 1866 consequentia
2837 1797 3104 1856 docebunt
3130 1801 3208 1858 sic
3235 1817 3357 1858 eum
3384 1819 3573 1861 ascen.

1992 1879 2134 1937 disse
2174 1883 2404 1940 mediato
2438 1885 2526 1942 die
2552 1886 2691 1943 festo
2710 1929 2726 1957 ,
2757 1889 2811 1945 id
2837 1901 2920 1948 est
2954 1893 3201 1950 mediatis
3230 1895 3334 1951 illis
3357 1895 3568 1966 diebus,

1992 1984 2051 2031 ut
2078 1977 2236 2032 etiam
2267 1978 2440 2048 palam
2460 1979 2698 2038 doceret.
2723 1981 2828 2038 Sed
2851 1986 2994 2055 quasi
3017 1986 3227 2042 latenter
3250 1987 3404 2056 dixit,
3427 2005 3495 2046 ne
3514 2005 3574 2048 se

1990 2067 2295 2124 ostenderet
2321 2069 2644 2129 hominibus.
2666 2072 2784 2130 Non
2807 2086 2957 2131 vacat
2989 2076 3130 2148 quod
3148 2077 3372 2135 latenter
3385 2094 3572 2136 ascen-

1990 2156 2069 2213 dit
2093 2157 2336 2215 Christus
2364 2161 2429 2216 ad
2455 2161 2596 2218 diem
2623 2163 2836 2234 festum,
2871 2167 2993 2236 quia
3021 2168 3135 2238 ipse
3174 2168 3370 2225 latebat
3393 2171 3446 2226 iu
3480 2171 3569 2228 illo

1991 2251 2079 2306 die
2105 2251 2259 2308 festo.
2291 2253 2478 2310 Adhuc
2507 2257 2665 2312 etiam
2692 2273 2792 2330 ego
2817 2261 2960 2330 quod
2984 2261 3112 2330 dixi,
3137 2263 3190 2318 in
3219 2264 3437 2321 latibulo
3464 2275 3565 2322 est.

1987 2340 2350 2400 Manifestetur
2373 2361 2500 2418 ergo
2520 2389 2535 2414 ,
2567 2348 2787 2406 tollatur
2816 2351 2992 2407 velum
3013 2393 3029 2421 ,
3071 2361 3126 2409 et
3151 2365 3402 2426 appareat
3429 2355 3570 2427 quod

1987 2444 2100 2490 erat
2123 2445 2408 2492 secretum.

2057 2528 2111 2584 9.
2151 2529 2338 2586 Omnia
2377 2548 2495 2603 quze
2521 2533 2664 2591 dicta
2705 2545 2829 2592 sunt
2856 2538 3074 2610 antiquo
3101 2541 3297 2612 populo
3326 2541 3487 2599 lsrael
3515 2543 3567 2600 in

1987 2621 2270 2694 multiplici
2290 2626 2550 2696 scriptura
2577 2639 2774 2684 sancta:
2795 2630 2972 2704 Legis,
2994 2648 3114 2704 quae
3135 2647 3354 2706 agerent
3377 2637 3488 2692 sive
3514 2639 3566 2692 in

1925 2729 1930 2734 π
1984 2714 2284 2783 sacriﬁciis,
2315 2718 2427 2773 sive
2453 2719 2508 2774 in
2534 2721 2866 2789 sacerdotiis,
2891 2723 3004 2780 sive
3026 2725 3080 2778 in
3109 2725 3298 2782 diebus
3323 2726 3492 2796 festis,
3515 2738 3570 2784 et

1983 2807 2206 2863 omnino
2233 2809 2286 2863 in
2314 2810 2638 2880 quibuslibet
2665 2813 2824 2870 rebus
2861 2816 3052 2884 quibus
3091 2817 3258 2874 Deum
3285 2818 3564 2887 colebant,

1986 2913 2334 2972 quzecumque
2361 2902 2466 2958 illis
2503 2903 2642 2960 dicta
2667 2916 2721 2960 et
2750 2916 3010 2978 prtecepta
3045 2918 3196 2978 sunt,
3227 2910 3426 2966 umbra:
3453 2911 3567 2966 fuc-

1983 2999 2111 3047 runt
2133 2992 2452 3050 futurorum.
2485 2995 2720 3064 Quorum
2750 2997 3084 3054 futurorum?
3108 3000 3236 3067 Qua:
3280 3001 3566 3072 implentur

1983 3081 2037 3137 in
2063 3082 2297 3140 Christo.
2326 3085 2478 3143 Unde
2507 3087 2634 3142 dicit
2661 3089 2969 3158 Apostolus,
3009 3091 3258 3162 Quotquot
3285 3093 3416 3148 enim
3447 3109 3566 3164 pro-

1985 3175 2246 3232 missiones
2274 3176 2389 3244 Dei,
2418 3179 2472 3232 in
2496 3179 2586 3234 illo
2611 3181 2761 3234 etiam
2803 3178 2888 3254 (ll
2940 3180 3060 3237 Cor.
3105 3199 3142 3248 ι,
3168 3183 3280 3255 20)
3313 3201 3326 3238 :
3363 3185 3416 3241 id
3459 3193 3562 3251 est,

1980 3269 2039 3325 in
2069 3269 2160 3324 illo
2187 3271 2420 3342 impleta:
2453 3282 2599 3327 sunt.
2632 3273 2830 3328 Deinde
2866 3273 2996 3330 dicit
3031 3272 3134 3329 alio
3164 3275 3282 3331 loco
3319 3294 3332 3331 :
3381 3275 3566 3332 Omnia

1979 3362 2034 3417 in
2055 3365 2222 3435 ﬁgura
2258 3365 2608 3437 contingebant
2641 3367 2782 3432 illis;
2809 3369 2996 3438 scripta
3023 3379 3140 3424 sunt
3167 3380 3333 3425 autem
3361 3381 3566 3443 propter

1981 3471 2096 3522 nos,
2125 3456 2180 3509 in
2205 3472 2332 3526 quos
2370 3457 2489 3526 ﬁnis
2514 3459 2817 3512 surculorum
2850 3460 3040 3513 obvenit
3077 3461 3140 3532 (Ι
3169 3460 3286 3517 Cor.
3331 3479 3399 3532 ι,
3429 3464 3488 3519 il
3520 3462 3562 3536 ).
3641 3456 3645 3460 ’

1984 3546 2126 3602 Dixit
2168 3556 2224 3603 et
2271 3549 2396 3603 alibi
2430 3567 2443 3602 :
2471 3549 2618 3605 Finis
2645 3552 2776 3605 enint
2802 3550 2950 3623 Legis
2975 3551 3204 3609 Christus
3226 3564 3299 3609 est
3340 3555 3359 3627 (
3387 3555 3562 3625 Rom.,

1979 3653 2038 3704 ι,
2067 3639 2103 3694 4
2124 3639 2165 3710 ).
2198 3639 2329 3695 Item
2357 3640 2462 3696 alio
2493 3641 2643 3696 loco:
2688 3641 2852 3697 Nemo
2880 3659 2968 3699 vos
2991 3645 3186 3716 judicet
3223 3646 3276 3699 in
3313 3646 3441 3712 cibo,
3478 3657 3564 3702 aut

1977 3732 2032 3785 in
2059 3741 2201 3801 potu,
2232 3743 2319 3786 aut
2349 3735 2402 3786 in
2431 3743 2574 3804 parte
2600 3735 2698 3789 diei
2727 3736 2859 3806 festi,
2892 3745 2979 3790 aut
3004 3738 3295 3802 neomeniaz,
3325 3749 3411 3791 aut
3436 3739 3556 3793 sab-

1981 3824 2230 3892 batorum,
2255 3825 2390 3895 quod
2410 3835 2480 3880 est
2506 3826 2682 3880 umbra
2706 3831 2992 3898 futurorum
3009 3827 3229 3896 (Coloss.
3249 3844 3307 3896 ιι,
3337 3829 3422 3895 16,
3448 3828 3560 3902 17).

1978 3915 2035 3972 Si
2060 3931 2188 3987 ergo
2213 3917 2393 3972 omnia
2414 3916 2500 3972 illa
2531 3918 2732 3974 umbrae
2763 3919 2979 3975 fuerunt
3005 3919 3300 3976 futurorum
3320 3937 3334 3986 ;
3358 3930 3412 3976 et
3430 3921 3560 3978 Sec-

1978 4009 2200 4080 nopegia
2230 4008 2417 4064 umbra
2443 4018 2557 4064 erat
2580 4009 2896 4066 futurorum.
2923 4011 3022 4066 Hic
3054 4027 3182 4083 ergo
3220 4012 3334 4068 dies
3371 4011 3559 4081 festus,

1978 4115 2280 4172 quzeramus
2298 4101 2448 4172 cujus
2475 4102 2635 4158 futuri
2664 4104 2852 4160 umbra
2877 4113 3012 4159 erat.
3041 4105 3276 4175 Exposui
3295 4104 3420 4176 quid
3446 4114 3564 4162 erat

1977 4194 2302 4267 Scenopegia
2341 4213 2357 4251 :
2399 4197 2684 4253 celebratio
2724 4205 2840 4252 erat
2902 4197 3389 4267 tabernaculorum,
3431 4214 3561 4270 pro-

1978 4294 2162 4356 pterea
2189 4286 2310 4358 quia
2338 4287 2560 4358 populus
2588 4287 2654 4343 de
2669 4286 2902 4358 Egypto
2927 4288 3178 4344 liberatus
3207 4288 3430 4346 tendens
3469 4304 3564 4360 per

1977 4379 2247 4446 desertum
2273 4380 2340 4436 ad
2367 4389 2564 4436 terram
2590 4381 2977 4451 promissionis,
3000 4381 3054 4435 in
3083 4380 3436 4438 tabernaculis
3459 4381 3557 4438 ha-

1977 4472 2183 4530 bitavit.
2214 4473 2351 4542 Quid
2375 4473 2445 4528 sit
2467 4473 2970 4539 animadvertamus,
2993 4482 3046 4528 et
3069 4487 3168 4528 nos
3192 4473 3421 4542 erimus;
3439 4489 3560 4542 nos,

1977 4566 2216 4638 inquam,
2247 4565 2338 4636 qui
2363 4565 2600 4622 membra
2626 4563 2823 4620 Christi
2853 4579 3055 4630 sumus,
3085 4566 3130 4621 si
3160 4581 3347 4622 sumus
3367 4566 3390 4598 ³
3417 4584 3431 4622 :
3472 4567 3564 4622 illo

1978 4667 2156 4713 autem
2196 4657 2448 4728 dignante
2484 4672 2700 4723 sumus,
2748 4673 2856 4712 non
2900 4657 3054 4714 nobis
3109 4661 3558 4730 promercalibus.

1977 4750 2328 4807 Attendamus
2381 4765 2510 4822 ergo
2559 4765 2693 4818 nos,
2740 4751 2929 4805 fratres
2977 4768 2991 4805 :
3042 4751 3218 4806 educti
3265 4765 3448 4808 sumus
3495 4751 3562 4807 de

1977 4841 2227 4913 Egypto;
2251 4841 2339 4896 ubi
2360 4841 2570 4897 diabolo
2594 4849 2846 4912 tanquam
2868 4841 3132 4896 Pharaoni
3153 4843 3516 4898 serviebamus
3544 4858 3556 4895 :

1976 4935 2066 4990 ubi
2097 4935 2238 4990 lutea
2265 4949 2426 5004 opera
2455 4934 2508 4989 in
2534 4935 2760 4990 terrenis
2788 4933 3066 4990 desideriis
3092 4935 3402 5006 agebamus,
3428 4943 3484 4988 et
3505 4933 3559 4988 in

1975 5027 2054 5082 cis
2081 5027 2300 5082 multum
2321 5026 2710 5082 laborabamus.
2736 5025 2946 5081 Etenim
2968 5026 3124 5082 nobis
3148 5024 3386 5081 Christus
3408 5023 3560 5093 quasi

1975 5117 2170 5173 lateres
2198 5117 2510 5173 facientibus
2537 5117 2786 5172 clamavit
2812 5135 2825 5172 :
2862 5115 3041 5171 Venite
3065 5118 3132 5170 ad
3158 5133 3256 5180 me,
3284 5130 3454 5169 omnes
3474 5116 3560 5186 qui

1979 5210 2218 5265 laboratis
2246 5221 2294 5265 et
2316 5211 2508 5265 onerati
2537 5210 2652 5266 estis
2682 5208 2702 5283 (
2731 5207 2919 5263 Matth.
2951 5226 3005 5264 χι
3025 5251 3039 5273 ,
3066 5209 3136 5263 28
3154 5206 3194 5279 ).
3224 5207 3358 5263 Hinc
3382 5207 3560 5263 educti

1976 5317 2073 5374 per
2098 5302 2423 5373 Baptismum
2452 5310 2701 5372 tanquam
2728 5315 2824 5371 per
2845 5315 2991 5354 mare
3018 5300 3276 5364 Rubrum,
3308 5297 3430 5356 tdeo
3463 5315 3546 5355 ru-

1976 5396 2162 5464 brum,
2196 5395 2317 5465 quia
2344 5395 2539 5450 Christi
2587 5394 2844 5464 sanguine
2883 5399 3250 5446 consecratum
3273 5432 3286 5457 ,
3331 5395 3556 5448 mortuis

1975 5488 2220 5543 omnibus
2264 5486 2492 5543 inimicis
2531 5489 2727 5542 nostris
2757 5485 2845 5555 qui
2891 5500 2989 5538 nos
3036 5483 3453 5552 insectabantur,
3506 5487 3558 5542 id

2039 5645 2056 5675 ί
2081 5650 2156 5693 Er.
2178 5649 2230 5693 et
2250 5644 2396 5707 Lugd.
2423 5643 2615 5705 ferunt,
2637 5655 2730 5693 non
2760 5647 2893 5692 vacat
2921 5645 2967 5692 et
2987 5641 3076 5692 hoc
3098 5641 3158 5692 ab
3172 5640 3432 5693 intellectu.
3477 5643 3556 5692 Vi-

1977 5707 2135 5765 detur,
2163 5716 2255 5755 etc.
2324 5716 2375 5754 Μ.

2028 5771 2058 5837 ’ξ
2082 5770 2153 5837 Sic
2176 5776 2269 5828 Fr,
2292 5768 2342 5837 in
2365 5767 2450 5818 illo
2469 5775 2555 5837 est.
2597 5829 2609 5837 ι
2632 5773 2688 5815 Μ.
2881 5830 2891 5837 _
3059 5829 3068 5837 _
3206 5829 3218 5837 .
3267 5829 3277 5837 .
3309 5828 3336 5837 _.

2039 5832 2059 5861 ³
2082 5836 2154 5878 Er.
2179 5831 2324 5894 Lugd.
2350 5839 2466 5879 Ven.
2502 5832 2568 5879 ita
2597 5829 2784 5894 legunt,
2811 5830 2891 5894 qui
2924 5829 3140 5881 membra
3161 5829 3338 5884 clu'isli
3371 5839 3533 5880 staan

1975 5892 2021 5944 Si
2044 5906 2221 5955 sumus,
2247 5889 2328 5944 illo
2349 5900 2522 5942 autem.
2588 5900 2641 5942 tt.
