4118 6552
606 296 641 311 ἡ.

583 512 687 571 est,
717 501 903 560 deletis
941 500 1193 560 omnibus
1212 498 1447 573 peccatis
1488 497 1715 566 nostris,
1756 495 2032 567 transiecti
2069 510 2162 552 su-

582 613 726 655 m.
752 595 909 651 Moon
938 611 1066 663 ergo
1092 602 1381 667 antequam
1406 591 1473 648 ad
1512 591 1735 662 patriam
1770 588 2155 660 promission'n,

584 691 639 748 id
660 699 761 755 est,
790 697 1049 743 aeternum
1075 702 1299 757 regnum
1331 685 1627 752 veniamus,
1663 684 1718 741 in
1752 682 1965 741 deserto
1989 682 2043 737 in
2077 683 2172 738 ως

583 781 882 839 bemuculis
906 794 1109 836 sumas.
1157 778 1260 847 Qui
1285 778 1388 835 ista
1413 785 1724 849 agnoscunt,
1757 775 1811 832 in
1846 775 2162 831 tabernacu-

580 874 648 932 lis
690 886 856 931 sunt:
898 872 1131 929 futurum
1166 871 1313 929 enim
1349 880 1466 928 erat
1498 877 1560 925 ut
1597 868 1811 940 quidam
1856 867 1957 925 hoc
1996 880 2159 937 agno—

577 974 809 1024 scerent.
836 964 931 1021 ille
962 964 1104 1020 enim
1144 972 1229 1020 est
1266 963 1321 1019 in
1348 960 1721 1028 tabernaculis,
1747 958 1841 1031 qui
1865 974 1926 1016 se
1949 972 2069 1017 esse
2104 958 2157 1012 in

578 1059 782 1116 mundo
806 1057 1051 1129 intelligit
1072 1055 1429 1127 peregrinum.
1448 1053 1545 1110 ille
1563 1068 1623 1110 se
1650 1051 1899 1122 intelligit
1922 1049 2159 1122 peregri—

578 1164 817 1217 nantem,
854 1151 944 1221 qui
968 1164 1029 1205 se
1045 1148 1191 1204 videt
1210 1148 1393 1219 patria:
1419 1147 1792 1217 suspirantem.
1818 1143 1951 1199 Cum
1978 1149 2153 1223 autem

575 1258 772 1316 corpus
800 1241 996 1300 Christi
1025 1249 1113 1298 est
1132 1242 1188 1297 in
1215 1240 1589 1305 tabernaculis,
1622 1237 1867 1294 Christus
1887 1244 1971 1291 est
1998 1235 2049 1288 in
2074 1243 2155 1289 ta-

575 1336 899 1395 bernaculis.
942 1335 1048 1392 Sed
1095 1342 1222 1389 tunc
1261 1348 1372 1389 non
1411 1332 1722 1397 evidenter,
1771 1328 1867 1386 sed
1909 1329 2150 1385 latenter.

574 1428 767 1484 Adhuc
789 1428 937 1484 enim
963 1426 1150 1482 unibra
1177 1426 1350 1482 lucem
1376 1423 1727 1481 obscurabat:
1751 1422 1997 1479 veniente
2016 1420 2151 1485 ltrce,

574 1519 764 1576 umbra
791 1529 998 1581 remota
1025 1527 1127 1575 est.
1157 1517 1398 1574 Christus
1425 1525 1543 1573 erat
1577 1516 1632 1571 in
1659 1515 1903 1581 occulto,
1941 1513 1999 1569 in
2022 1513 2153 1568 Sce-

572 1612 800 1684 tropegia
829 1611 1075 1668 Christus
1099 1619 1235 1679 erat,
1263 1609 1358 1667 sed
1382 1609 1555 1664 latens
1579 1608 1843 1664 Christus.
1873 1605 2031 1663 Modo
2043 1605 2153 1675 jam

570 1718 695 1761 cum
723 1704 1061 1760 manifestata
1085 1710 1211 1759 sunt
1232 1705 1354 1769 ista,
1382 1704 1721 1771 agnoscimus
1747 1713 1845 1755 nos
1865 1698 1965 1755 iter
1997 1711 2153 1766 agere

572 1796 628 1853 in
655 1811 879 1854 eremo:
923 1796 971 1851 si
1007 1796 1150 1851 enim
1197 1808 1584 1866 agnoscamus,
1628 1793 1685 1847 in
1724 1806 1909 1847 eremo
1945 1804 2148 1847 sumus.

570 1888 709 1957 Quid
741 1888 905 1945 estin
945 1888 1166 1944 eremo?
1214 1886 1273 1942 In
1316 1885 1553 1941 deserto.
1595 1883 1769 1951 Quare
1811 1884 1867 1939 in
1909 1882 2152 1938 deserto?

571 1981 705 2050 Quia
733 1982 788 2038 in
816 1980 925 2037 isto
947 1980 1167 2049 mundo,
1209 1980 1299 2035 ubi
1336 1979 1512 2035 sititur
1536 1979 1591 2034 in
1617 1977 1701 2033 via
1730 1977 2008 2049 inaquosa.
2045 1974 2151 2031 Sed

569 2074 833 2140 sitiemus,
855 2080 915 2127 ut
937 2080 1261 2129 saturentur.
1281 2071 1433 2127 Beati
1455 2070 1599 2127 enim
1619 2069 1710 2140 qui
1732 2069 1970 2125 esuriunt
1996 2077 2050 2124 et
2077 2067 2151 2122 si-

569 2164 706 2221 tiunt
715 2164 993 2235 justitiam,
1005 2164 1255 2237 quoniam
1270 2163 1370 2234 ipsi
1385 2162 1758 2218 saturabuutur
1770 2159 1788 2231 (
1798 2160 1984 2215 ﬂeuit.
1999 2174 2054 2225 v,
2072 2158 2148 2229 6).

569 2258 639 2316 Et
656 2259 774 2314 sitis
789 2267 967 2314 nostra
993 2258 1063 2313 de
1086 2268 1234 2329 petra
1252 2257 1503 2326 impletur
1519 2257 1575 2311 in
1589 2270 1772 2312 eremo
1792 2273 1806 2308 :
1832 2253 1986 2309 Petra
2008 2254 2149 2309 enim

568 2361 677 2408 erat
703 2350 949 2419 Christus,
982 2360 1039 2407 et
1062 2352 1211 2421 virga
1230 2364 1481 2420 percussa
1500 2357 1603 2415 est,
1650 2356 1712 2405 ut
1731 2363 1865 2419 aqua
1888 2355 2146 2404 manaret.

571 2443 827 2499 Utautem
847 2453 1106 2509 manaret,
1130 2442 1210 2497 bis
1226 2456 1477 2512 percussa
1491 2449 1574 2495 est
1595 2439 1613 2511 (
1640 2439 1659 2493 l
1682 2439 1802 2495 Car.
1820 2456 1879 2506 ι,
1895 2440 1957 2505 ai»;
1988 2438 2147 2493 Num.

567 2550 662 2599 xx,
690 2537 751 2592 11
784 2537 825 2607 );
843 2536 968 2607 quia
1000 2535 1111 2591 duo
1127 2535 1265 2605 ligna
1292 2541 1419 2589 sunt
1448 2534 1641 2589 crucis.
1667 2532 1863 2619 Omnia
1887 2547 2014 2603 ergo
2037 2532 2151 2586 hare

564 2644 686 2700 quae
701 2630 896 2685 fiebant
913 2628 966 2684 in
981 2631 1167 2699 ﬁgura,
1185 2628 1651 2686 mnifestanturin
1666 2626 1836 2681 nobis.
1858 2624 1927 2679 Et
1940 2640 2045 2680 non
2059 2639 2149 2681 va—

563 2730 652 2777 cat
683 2721 826 2792 quod
861 2721 932 2777 de
968 2720 1194 2776 Domino
1229 2719 1429 2775 dictum
1468 2727 1588 2785 est,
1627 2717 1865 2773 Ascendit
1906 2718 1973 2771 ad
2017 2719 2150 2773 diem

567 2816 770 2886 fortuna,
802 2827 906 2866 non
929 2813 1213 2883 manifeste,
1241 2813 1329 2866 sed
1355 2821 1593 2882 tanquam
1616 2811 1671 2865 in
1697 2810 1909 2865 occulto.
1932 2809 2152 2879 Figura-

565 2912 677 2963 tum
698 2903 842 2958 enim
868 2913 982 2959 erat
1008 2905 1182 2974 ipsum
1210 2905 1262 2959 in
1292 2906 1524 2972 occulto,
1546 2905 1667 2975 quia
1695 2904 1748 2960 in
1769 2905 1886 2974 ipso
1909 2904 1997 2959 die
2016 2904 2149 2959 festo

561 2993 807 3051 Christus
835 2994 1065 3061 latebat;
1093 2995 1215 3066 quia
1246 2996 1362 3065 ipse
1389 2995 1506 3051 dies
1532 2995 1724 3062 festus,
1754 2996 1950 3052 Christi
1975 3011 2148 3054 mem-

563 3086 657 3143 bra
689 3088 1090 3158 peregrinatum
1118 3087 1472 3159 signiﬁcabat.

632 3179 722 3236 10.
760 3179 934 3235 Judaei
957 3196 1075 3252 ergo
1099 3180 1385 3251 quambant
1420 3196 1533 3235 sunt
1573 3177 1627 3234 in
1666 3179 1749 3235 die
1788 3183 1953 3252 festo:
1994 3188 2149 3237 ante-

561 3288 721 3344 quam
749 3272 1082 3330 ascenderet.
1109 3273 1324 3329 Priores
1358 3274 1500 3329 enim
1540 3272 1735 3356 fratres
1772 3274 2143 3342 ascenderunt,

561 3373 618 3421 et
641 3380 747 3422 non
769 3374 896 3421 tunc
922 3366 1162 3421 ascendit
1190 3366 1281 3421 ille
1301 3407 1316 3431 ,
1348 3365 1561 3436 quando
1585 3365 1661 3421 illi
1700 3366 1954 3436 putabant
1976 3376 2029 3422 et
2052 3382 2147 3423 vo-

562 3456 781 3514 lebant:
814 3465 875 3514 ut
909 3458 1071 3513 etiam
1111 3457 1216 3513 hoc
1254 3457 1563 3528 impleretur
1602 3457 1743 3527 quod
1784 3459 1893 3525 ait,
1936 3456 2057 3515 Non
2082 3459 2150 3515 ad

564 3548 717 3615 hunc,
748 3546 802 3603 id
827 3556 940 3615 est,
972 3548 1041 3603 ad
1068 3562 1225 3619 quem
1256 3563 1351 3605 vos
1378 3548 1567 3612 vultis,
1594 3549 1823 3619 primum
1851 3550 1935 3605 vel
1958 3564 2149 3607 secun-

562 3638 691 3695 dum
729 3639 892 3694 diem.
936 3640 1192 3696 Ascendit
1227 3649 1404 3696 autem
1450 3650 1663 3711 postea,
1709 3650 1766 3696 ut
1807 3644 2148 3714 Evangelium

562 3731 818 3804 loquitur,
846 3733 1066 3788 mediato
1093 3734 1175 3787 die
1200 3737 1365 3805 ferto;
1392 3732 1445 3788 id
1472 3742 1574 3799 est,
1601 3748 1722 3789 cum
1743 3735 1853 3804 jam
1884 3736 2025 3792 illius
2046 3737 2151 3792 diei

561 3821 684 3880 festi
714 3832 794 3879 tot
818 3823 935 3880 dies
962 3824 1346 3895 praeteriisseut
1373 3825 1517 3897 quod
1545 3827 1950 3883 remansissent.
1978 3827 2151 3898 Ipsam

560 3916 703 3971 enim
734 3904 1097 3981 festivitatem,
1127 3927 1384 3989 quantum
1409 3918 1810 3989 intelligendum
1834 3929 1937 3986 est,
1965 3920 2153 3977 diebus

562 4007 808 4079 pluribus
835 4009 1197 4066 celebrabant.

634 4098 722 4153 11.
753 4097 1000 4154 Dicebant
1030 4116 1147 4172 ergo
1167 4116 1188 4157 :
1219 4100 1316 4157 Ubi
1342 4108 1417 4157 est
1440 4100 1568 4157 ίιιεν
1593 4100 1661 4156 Et
1686 4119 1914 4159 marmur
1939 4104 2153 4161 multum

562 4189 630 4244 de
651 4206 712 4247 eo
735 4199 844 4244 erat
880 4191 935 4245 in
973 4192 1143 4247 turba.
1187 4192 1343 4249 Unde
1381 4193 1658 4249 murmur?
1689 4195 1763 4250 De
1788 4197 2148 4255 eorrtentionc.

563 4282 694 4351 Qua:
716 4282 817 4339 fuit
832 4285 1140 4340 contentio?
1173 4285 1392 4352 Quidam
1411 4287 1544 4340 etaim
1561 4285 1813 4354 dicabant,
1838 4288 1972 4355 Quia
1994 4290 2151 4353 bonus

562 4381 674 4440 ut;
699 4373 790 4427 alii
814 4383 1010 4439 auum,
1038 4370 1205 4441 "Non,
1237 4375 1325 4430 sed
1351 4376 1542 4433 seducit
1565 4376 1757 4433 turbas.
1792 4378 1870 4437 De
1907 4379 2153 4439 omnibus

564 4466 735 4520 servis
758 4463 875 4535 ejus
896 4463 1297 4536 intelligendum
1322 4484 1335 4521 :
1363 4465 1467 4523 hoc
1484 4465 1680 4524 dicitur
1700 4468 1876 4529 modo.
1901 4469 2155 4538 Quicum-

565 4568 670 4626 que
687 4556 830 4611 enim
850 4557 1134 4613 eminuerit
1150 4558 1205 4614 in
1223 4558 1399 4629 aliqua
1418 4559 1587 4629 gratia
1606 4560 1887 4630 spirituali,
1915 4561 2153 4631 profecto

564 4645 658 4701 alii
679 4645 865 4702 dicunt
884 4648 924 4714 ⁸,
954 4648 1128 4705 Bonas
1148 4659 1263 4716 est;
1290 4650 1411 4716 alii,
1446 4648 1600 4716 Non,
1628 4651 1717 4709 red
1741 4652 1932 4709 seducit
1961 4654 2150 4710 turbas.

523 4735 532 4744 ’
565 4736 723 4793 Unde
743 4736 884 4795 hoc?
913 4739 1045 4805 Quia
1071 4741 1173 4794 vita
1200 4751 1372 4797 nostra
1398 4740 1694 4797 abscondita
1722 4754 1791 4799 est
1816 4760 1933 4799 cunt
1955 4744 2153 4800 Christo

564 4828 621 4883 in
642 4827 752 4884 Deo
782 4826 998 4900 (Colon.
1020 4845 1101 4898 tu,
1125 4831 1203 4901 ὅ).
1232 4831 1356 4889 ideo
1381 4833 1509 4888 licet
1529 4832 1709 4889 dicere
1729 4832 2033 4893 hominibus
2062 4847 2155 4906 per

566 4921 834 4988 trientem,
860 4921 1063 4978 Mortua
1090 4930 1177 4979 est
1214 4922 1317 4979 ista
1345 4924 1533 4992 arbor,
1570 4924 1718 4981 verbi
1760 4926 1959 4996 gratia,
1995 4927 2156 4983 arbor

568 5013 691 5082 ﬁci,
722 5014 885 5071 arbor
916 5013 1055 5085 piri,
1085 5023 1142 5070 et
1180 5014 1480 5085 hujusmodi
1508 5031 1788 5086 pomorum
1808 5059 1825 5086 ,
1857 5018 2046 5079 similis
2075 5027 2156 5075 cst

566 5102 768 5171 aride;
795 5110 855 5161 et
889 5102 1144 5174 quamdiu
1182 5103 1353 5161 hiems
1381 5114 1497 5173 est,
1540 5121 1649 5162 non
1688 5120 1927 5179 apparet.
1973 5109 2155 5167 [Estas

568 5194 780 5264 probat,
798 5193 1055 5265 judicium
1081 5194 1289 5264 probat.
1315 5195 1499 5255 Aistas
1518 5207 1717 5264 nostra.
1740 5201 1992 5259 revelatio
2012 5202 2159 5258 Chri-

565 5284 638 5340 ati
656 5294 740 5341 est
769 5303 782 5339 :
812 5284 950 5341 Doris
974 5285 1274 5357 miratus
1299 5288 1475 5354 ueniet,
1498 5287 1639 5343 Deus
1659 5301 1827 5347 noster
1850 5300 1895 5346 ct
1916 5309 2017 5347 non
2038 5295 2158 5349 sile-

568 5376 639 5431 bit
664 5374 833 5447 (Psal.
856 5394 978 5436 unt
998 5419 1014 5445 ,
1042 5377 1133 5449 3);
1162 5379 1295 5449 ignis
1326 5387 1442 5435 ante
1467 5396 1578 5435 eum
1609 5382 1805 5452 prteibit
1841 5398 1860 5438 ε
1895 5385 1993 5439 iste
2020 5385 2158 5455 ignis

570 5468 903 5536 inﬂauit-abit
952 5469 1183 5525 inimicos
1234 5471 1345 5542 ejus
1392 5469 1590 5540 (Ptol-
1617 5488 1770 5541 πίονι,
1812 5472 1915 5546 5);
1976 5476 2157 5531 aridas

572 5555 789 5611 arbores
815 5558 950 5628 ignis
984 5560 1418 5630 comprehendet.
1450 5562 1599 5618 Tunc
1626 5564 1767 5618 enim
1796 5564 1958 5619 arida:
1995 5581 2159 5636 appa-

572 5647 799 5715 rebunt,
843 5648 1054 5718 quando
1081 5650 1158 5705 eis
1185 5650 1409 5719 dicetur,
1442 5650 1674 5717 Esuriri,
1721 5662 1768 5709 et
1812 5671 1913 5710 non
1951 5655 2159 5712 dedistis

572 5864 579 5893 ..
620 5782 1504 5908 grassaremur
1527 5794 1622 5861 θαι
1643 5787 1695 5840 επ
1708 5786 1871 5864 σείσω
2062 5790 2160 5860 ερε-

1515 380 1584 439 lN
1618 377 1901 441 JOANNIS
1932 374 2401 448 EVANGEUUM,
2440 375 2498 433 S.
2537 372 2906 437 AUGUSTINI

3716 383 3857 442 1628

2263 492 2390 549 mihi
2412 493 2714 549 manducare
2741 509 2761 549 :
2785 494 2838 548 in
2867 492 2969 549 alia
2993 506 3121 549 vero
3148 502 3330 565 parte,
3362 494 3465 550 hoc
3503 504 3587 553 est
3624 496 3679 552 in
3716 498 3843 555 der-

2265 596 2377 647 tera
2397 629 2412 655 ,
2443 585 2719 659 apparebit
2752 586 3046 643 fecunditas
3076 587 3341 644 fructuum
3361 631 3376 653 ,
3405 589 3741 662 dignitasque
3759 589 3847 646 fo-

2262 678 2491 748 liorum;
2518 679 2782 747 viriditas,
2826 681 3093 736 aeternitas
3125 682 3244 738 erit.
3288 682 3396 737 Illis
3429 698 3557 754 ergo
3596 691 3846 752 tanquam

2263 773 2427 829 aridis
2468 774 2702 839 dicetur,
2753 772 2924 829 ltc'in
2961 774 3128 846 ignem
3174 784 3415 831 azternum
3462 775 3673 847 (Matt/t.
3714 791 3845 841 xxv,

2262 866 2356 937 42,
2374 867 2489 939 41).
2517 866 2649 924 Ecce
2671 867 2822 931 enim,
2851 865 3041 938 inquit,
3072 868 3256 923 securis
3282 867 3349 921 ad
3370 868 3587 923 radicem
3610 866 3850 923 arbomm

2262 962 2426 1033 posita
2450 971 2542 1019 est.
2578 959 2754 1018 Cumis
2781 976 2898 1035 ergo
2924 961 3074 1015 arbor
3102 977 3214 1032 qua:
3238 978 3337 1017 non
3366 963 3487 1037 facit
3512 963 3730 1033 fructum
3754 963 3847 1017 bo-

2261 1072 2413 1123 num,
2444 1054 2732 1123 excidatur,
2760 1066 2805 1110 et
2833 1055 2893 1110 in
2911 1055 3077 1131 ignem
3106 1056 3326 1110 mittetur
3355 1056 3467 1128 (Id.
3502 1073 3589 1126 ιιι,
3619 1057 3726 1127 10).
3757 1058 3851 1113 Di-

2259 1157 2383 1206 cant
2401 1164 2528 1221 ergo
2553 1149 2619 1206 de
2642 1157 2710 1216 te,
2741 1149 2784 1205 si
2815 1149 3025 1222 proficis
3047 1149 3099 1204 in
3119 1149 3352 1219 Christo,
3382 1150 3560 1207 dicant
3580 1151 3849 1216 homines,

2263 1238 2470 1297 Seducit
2509 1241 2697 1297 turbas.
2745 1242 2818 1299 De
2858 1243 3004 1316 ipso,
3036 1242 3104 1299 de
3130 1250 3241 1298 toto
3267 1259 3491 1316 corpore
3518 1245 3711 1301 Christi
3742 1245 3851 1301 hoc

2259 1332 2467 1388 dicitur.
2500 1332 2684 1404 Cogita
2712 1349 2903 1406 corpus
2927 1335 3123 1391 Christi
3152 1335 3325 1393 adhuc
3348 1336 3401 1392 in
3429 1336 3647 1401 mundo,
3672 1338 3853 1407 cogita

2258 1439 2451 1494 corpus
2492 1423 2687 1480 Christi
2733 1425 2903 1481 adhuc
2944 1426 2999 1482 in
3036 1442 3194 1493 area;
3234 1427 3355 1484 vide
3397 1428 3849 1500 quemadmodum

2256 1515 2654 1586 blaSpbemetur
2683 1531 2711 1571 a
2743 1518 2912 1585 palea.
2938 1517 3106 1572 Simul
3132 1517 3346 1590 quidem
3373 1520 3719 1585 triturantur;
3751 1517 3853 1573 sed

2259 1607 2424 1679 palea:
2450 1616 2816 1673 conteruntur,
2846 1609 3106 1663 frumenta
3128 1618 3436 1681 purgantur.
3470 1609 3625 1677 Quod
3645 1610 3853 1665 dictum

2257 1709 2337 1754 est
2363 1714 2487 1769 ergo
2516 1698 2583 1753 de
2605 1698 2852 1768 Domino,
2883 1701 3022 1755 valet
3052 1700 3117 1756 ad
3142 1701 3583 1770 consolationem,
3616 1701 3683 1756 de
3712 1688 3854 1770 quo-

2256 1809 2482 1865 cumque
2512 1796 2613 1852 hoc
2641 1796 2843 1853 dictum
2869 1797 3030 1853 fuerit
3052 1798 3364 1854 christiano.

2327 1889 2415 1946 12.
2444 1888 2608 1944 Nemo
2639 1902 2803 1946 tamen
2843 1892 3016 1963 palam
3053 1891 3346 1963 loquebatur
3389 1891 3451 1945 de
3478 1891 3603 1959 illo,
3642 1904 3862 1963 propter

2256 1991 2441 2036 metum
2467 1980 2784 2036 .ludworum.
2822 1982 2928 2038 Sed
2971 1983 3059 2055 qui
3100 1999 3203 2037 non
3251 1983 3600 2054 loquebantur
3643 1983 3710 2037 de
3755 1984 3861 2038 illo

2254 2082 2470 2145 propter
2520 2082 2721 2131 metum
2771 2073 3130 2131 Iudaeorum?
3179 2074 3370 2145 Utique
3424 2074 3513 2146 qui
3568 2074 3854 2141 dicebant,

2254 2159 2427 2216 Bonus
2451 2172 2522 2217 cst
2542 2179 2560 2217 :
2582 2180 2687 2219 non
2708 2164 2798 2233 qui
2821 2163 3087 2230 dicebant,
3124 2164 3331 2220 Seducit
3357 2164 3546 2219 turbas.
3576 2165 3677 2232 Qui
3703 2166 3863 2221 dice-

2254 2254 2384 2310 bant
2404 2298 2418 2323 ,
2454 2255 2663 2311 Scducit
2690 2256 2861 2311 turbas
2882 2299 2897 2324 ,
2939 2258 3146 2313 sonitus
3172 2272 3357 2315 eorum
3391 2257 3699 2313 audiebatur
3726 2266 3857 2313 tan-

2255 2361 2411 2417 quam
2439 2346 2710 2402 aridorum
2742 2346 3009 2403 foliornm.
3041 2348 3250 2403 Seducit
3279 2347 3450 2403 turbas
3469 2390 3484 2416 ,
3528 2348 3724 2402 clarius
3753 2363 3848 2403 so-

2256 2440 2483 2505 nabant;
2514 2440 2683 2497 Bonus
2702 2448 2794 2508 est,
2816 2441 3054 2511 pressius
3082 2439 3449 2496 susurrabant.
3477 2439 3629 2495 Modo
3644 2450 3847 2505 autem,

2256 2530 2467 2598 fratres,
2511 2535 2751 2603 quamvis
2797 2531 3028 2587 nondum
3061 2532 3263 2587 venerit
3294 2533 3381 2587 illa
3419 2533 3584 2602 gloria
3621 2530 3846 2600 Christi,

2254 2639 2372 2695 qum
2398 2639 2495 2679 nos
2525 2635 2753 2680 aeternos
2777 2624 2975 2679 factura
3008 2635 3118 2692 est;
3150 2625 3309 2680 modo
3345 2633 3520 2680 tamen
3548 2626 3617 2680 ita
3648 2626 3860 2680 crescit.

2255 2715 2493 2773 Ecclesia
2522 2717 2659 2788 ejus,
2687 2718 2757 2772 ita
2784 2733 2900 2773 eam
2931 2716 3175 2791 dignatus
3200 2728 3282 2774 est
3310 2734 3405 2789 per
3430 2726 3617 2774 cuncta
3648 2717 3856 2773 didun-

2254 2806 2402 2874 dere,
2419 2816 2474 2861 ut
2498 2807 2607 2877 jam
2634 2817 2957 2875 susurrctur,
2978 2808 3187 2864 Seducit
3210 2807 3480 2875 turbas;el.
3496 2810 3695 2865 clarius
3718 2824 3852 2881 per-

2254 2911 2433 2969 sonet,
2458 2902 2629 2959 Bouus
2657 2912 2752 2958 est.

2729 2993 3141 3053 TRACTATUS
3169 2993 3364 3051 XXIX.

2254 3084 2323 3142 In
2363 3084 2493 3141 illud
2534 3084 2832 3158 Evangelii,
2874 3085 2990 3141 Jam
3030 3093 3206 3142 autem
3246 3086 3334 3142 die
3373 3084 3509 3143 festo
3535 3085 3849 3151 mediante,

2324 3178 2565 3236 ascendit
2585 3180 2739 3235 Jesus
2766 3180 2817 3234 in
2851 3180 3105 3251 templum
3131 3197 3146 3246 ;
3174 3174 3336 3248 usque
3357 3180 3424 3234 ad
3449 3180 3503 3234 id
3524 3223 3538 3248 ,
3570 3179 3669 3251 Qui
3699 3180 3857 3233 misit.

2324 3270 2505 3336 illum,
2549 3269 2638 3327 hic
2669 3286 2828 3326 verax
2862 3280 2980 3337 est,
3020 3279 3075 3326 et
3111 3270 3365 3342 iujustitia
3406 3272 3458 3326 in
3487 3271 3578 3327 illo
3603 3280 3851 3326 nonest.

2325 3361 2451 3432 Cap.
2481 3377 2554 3417 vn
2575 3403 2592 3429 ,
2634 3362 2670 3434 ᾗ
2694 3401 2707 3415 .
2743 3363 2932 3419 14-18.

2333 3454 2385 3509 1.
2412 3453 2565 3520 Quod
2591 3455 2831 3524 sequitur
2858 3452 2926 3509 de
2954 3454 3240 3527 Evangelio
3265 3462 3319 3510 et
3343 3453 3500 3509 hodie
3521 3453 3713 3509 lectum
3736 3464 3851 3521 est,

2255 3555 2644 3614 consequenter
2673 3555 2727 3600 et
2759 3561 2855 3601 nos
2878 3546 3153 3601 videamus
3177 3562 3191 3612 ;
3222 3554 3277 3601 ct
3301 3546 3438 3616 quod
3469 3546 3722 3602 Dominus
3749 3546 3852 3601 dos

2255 3637 2485 3704 noverit,
2533 3636 2654 3697 hinc
2691 3637 2946 3695 dicamus.
2997 3638 3256 3693 Hesterno
3298 3637 3384 3691 dic
3427 3636 3529 3691 buc
3564 3653 3729 3708 usque
3769 3638 3855 3691 le-

2255 3738 2400 3785 ctum
2441 3739 2586 3795 erat,
2626 3731 2744 3802 quia
2787 3732 2909 3788 licet
2936 3746 3040 3786 non
3070 3732 3327 3786 vidissent
3357 3730 3635 3784 Dominum
3662 3729 3855 3784 Iesum

2256 3823 2308 3879 in
2353 3824 2550 3892 templo
2591 3839 2685 3895 per
2729 3824 2870 3880 diem
2911 3823 3101 3879 festum
3127 3865 3141 3887 ,
3187 3823 3538 3895 loquebantur
3575 3831 3749 3876 tamen
3778 3821 3857 3876 de

2256 3913 2349 3969 illo
2389 3932 2403 3970 :
2444 3914 2513 3967 Et
2551 3915 2640 3968 alii
2678 3915 2936 3982 dicebant,
2979 3913 3154 3969 Bonus
3197 3924 3268 3968 est
3291 3931 3310 3979 ;
3337 3915 3426 3968 alii
3453 3924 3652 3981 autem,
3687 3912 3809 3967 Non
3832 3956 3854 3981 ,

2257 4007 2345 4062 sed
2380 4007 2572 4063 seducit
2608 4007 2778 4062 turbas
2815 4006 2992 4077 (Joan.
3036 4024 3109 4063 vu
3133 4048 3147 4073 ,
3196 4006 3303 4077 12).
3336 4007 3544 4061 Dictum
3573 4005 3714 4061 enim
3745 4003 3865 4062 hoc.

2258 4106 2343 4154 est
2381 4098 2447 4152 ad
2481 4114 2665 4154 eorum
2701 4100 2949 4156 solatium
2968 4141 2983 4167 ,
3022 4101 3109 4172 qui
3140 4109 3321 4173 postea
3352 4099 3701 4175 praedicantes
3723 4112 3865 4153 ver-

2261 4188 2384 4243 bum
2413 4189 2539 4255 Dei,
2564 4187 2723 4243 futuri
2751 4201 2903 4245 erant
2923 4202 2979 4245 ut
2998 4192 3304 4246 seductores
3328 4200 3381 4245 ct
3400 4205 3619 4246 veraces
3645 4188 3708 4261 (ll
3726 4188 3858 4245 Cor.

2257 4296 2344 4348 vi,
2392 4280 2470 4351 8).
2521 4281 2576 4336 Si
2615 4281 2754 4336 enim
2784 4281 3039 4337 seducere
3061 4282 3308 4355 decipere
3334 4292 3451 4349 est;
3482 4297 3581 4337 nec
3607 4281 3861 4337 Christus

2260 4369 2539 4439 seductor,
2585 4387 2682 4427 nec
2717 4373 2955 4445 Apostoli
2984 4374 3100 4443 ejus
3125 4391 3138 4439 ;
3170 4389 3270 4429 nec
3294 4374 3571 4446 quisquam
3599 4371 3863 4428 seductor

2262 4461 2419 4520 debet
2458 4480 2576 4520 esse
2615 4452 2978 4521 christianos:
3018 4466 3063 4521 si
3103 4476 3277 4521 autem
3315 4466 3603 4531 seducere,
3634 4465 3863 4521 aliunde

2261 4555 2489 4626 aliquem
2531 4556 2596 4610 ad
2638 4554 2782 4610 aliud
2823 4555 3193 4626 persuadendo
3230 4556 3425 4611 ducere
3452 4564 3569 4621 est,
3599 4571 3866 4626 quan-eu-

2262 4649 2385 4704 dnm
2427 4662 2510 4706 est
2550 4650 2690 4706 unde
2730 4660 2784 4707 et
2822 4666 2928 4721 quo
2963 4670 2976 4705 :
3010 4651 3053 4705 si
3095 4666 3124 4704 a
3155 4651 3294 4705 malo
3321 4650 3388 4705 ad
3417 4650 3611 4705 bonum
3635 4692 3649 4715 ,
3680 4650 3866 4705 bonus

2263 4743 2510 4798 seductor
2550 4752 2671 4809 est;
2717 4744 2763 4799 si
2804 4760 2834 4797 a
2875 4744 3016 4798 bono
3047 4743 3113 4798 ad
3141 4743 3337 4799 malum
3359 4787 3374 4812 ,
3407 4742 3577 4803 malus
3603 4743 3870 4803 seductor

2264 4845 2364 4890 est.
2399 4836 2454 4890 In
2481 4835 2619 4891 hanc
2643 4852 2770 4907 ergo
2797 4845 3001 4906 portent
3033 4852 3136 4905 qua
3162 4836 3485 4890 seducuntur
3509 4836 3755 4890 homines
3785 4836 3869 4891 de

2262 4926 2403 4980 malo
2431 4925 2496 4981 ad
2526 4927 2747 4995 bonum,
2774 4928 2975 4983 utinam
3000 4939 3188 4981 omnes
3208 4927 3514 4981 seductores
3530 4934 3583 4979 ct
3603 4940 3875 4979 vocemur

2260 5026 2314 5073 et
2337 5017 2501 5072 simus
2523 5018 2537 5072 ι

2332 5109 2384 5162 2.
2402 5108 2775 5179 Ascenditergo
2794 5117 2972 5178 postea
2992 5108 3248 5162 Dominus
3264 5107 3330 5162 ad
3347 5107 3486 5162 diem
3512 5106 3725 5171 festum,
3748 5125 3873 5160 mc-

2265 5200 2436 5255 diaute
2474 5199 2554 5253 die
2593 5198 2747 5269 festo,
2794 5208 2839 5253 et
2880 5197 3105 5253 docebat.
3143 5196 3211 5251 Et
3237 5198 3553 5252 mirabantur
3573 5197 3747 5250 Judtei
3774 5200 3874 5250 di-

2265 5303 2427 5347 centes
2465 5307 2484 5346 :
2523 5289 2784 5357 Quomodo
2828 5290 2909 5343 hic
2945 5290 3136 5344 litteras
3162 5290 3288 5358 scit,
3319 5306 3433 5342 cum
3458 5307 3557 5343 non
3584 5288 3821 5341 didicerit
3845 5290 3880 5343 1’

2266 5381 2359 5438 Ille
2396 5384 2483 5456 qui
2526 5383 2754 5450 latebat,
2798 5381 3063 5448 docebat;
3108 5391 3161 5436 et
3204 5382 3375 5453 palam
3419 5380 3764 5451 loquebatur,
3810 5391 3883 5437 et

2268 5490 2374 5530 non
2434 5474 2729 5537 tenebatur.
2786 5472 2919 5527 Illud
2966 5474 3107 5527 enim
3155 5481 3214 5527 ut
3253 5474 3479 5537 lateret,
3528 5481 3645 5525 erat
3696 5488 3881 5528 cmtsa

2270 5567 2497 5640 exempli
2522 5608 2537 5633 ,
2579 5566 2681 5622 hoc
2706 5565 3008 5639 potestatis.
3037 5565 3140 5621 Sed
3170 5580 3289 5620 cum
3322 5565 3567 5628 doceret,
3596 5564 3878 5617 miraban-

2270 5673 2352 5717 tur
2388 5659 2579 5716 Judari.
2612 5661 2809 5716 Omnes
2837 5659 3085 5733 quidem,
3115 5669 3370 5729 quantum
3397 5659 3627 5712 arbitror
3647 5699 3659 5719 ,
3692 5661 3882 5710 mira-

2271 5758 2502 5821 bantur;
2557 5754 2651 5809 sed
2698 5769 2801 5808 non
2857 5768 3043 5807 ontncs
3088 5753 3552 5807 convertebantnr.
3602 5750 3669 5805 Et
3721 5754 3884 5807 huic

2271 5845 2594 5903 ωηιξηιὶοἳ
2632 5845 2766 5913 Quia
2794 5843 2946 5899 multi
2976 5852 3229 5900 noverant
3258 5843 3348 5899 ubi
3377 5857 3531 5901 natus
3550 5884 3566 5909 ,
3594 5844 3884 5909 quemad-
