4118 6468
318 441 340 496 1
351 437 458 495 629

316 551 540 612 modum
579 548 738 608 fuerit
775 545 1066 612 educatus;
1096 557 1362 614 nunquam
1390 557 1512 598 eum
1539 539 1782 597 viderant
1811 537 1902 594 lit-

315 655 462 706 teras
494 643 787 700 discentem
812 681 828 706 ,
857 639 1143 698 audiebant
1168 646 1342 694 autem
1372 636 1438 694 de
1462 635 1604 708 Lege
1628 635 1904 706 disputan-

313 751 428 800 tem
445 781 465 809 ,
493 737 654 812 Legit:
681 733 983 792 testimonia
1010 732 1384 805 proferentem,
1407 745 1524 802 quae
1545 745 1706 786 nemo
1729 738 1908 800 posset

314 833 564 908 prolem
604 828 708 889 nisi
749 827 997 902 legisset,
1029 839 1185 880 nemo
1215 824 1393 894 legere
1418 821 1519 878 nisi
1545 822 1744 878 litteras
1772 819 1910 876 didi-

312 927 486 984 cisset
499 941 527 981 .z
568 931 623 980 et
661 921 780 979 ideo
816 918 1169 978 mirabantur.
1207 917 1402 974 Eorum
1425 924 1602 970 autem
1627 913 1908 970 admiratio

313 1015 576 1088 λιλαίεΒο
600 1012 735 1070 laeta
761 1019 846 1070 est
873 1007 1203 1068 insinuanda:
1230 1007 1388 1062 altius
1411 1007 1650 1062 veritatis
1674 1003 1905 1062 occasio.

313 1109 401 1164 Ex
429 1123 622 1166 eorum
650 1106 845 1178 quippe
869 1103 1220 1164 admiratione
1248 1109 1303 1157 et
1331 1100 1542 1168 verbis,
1565 1099 1698 1154 dixit
1726 1098 1908 1154 Domi-

312 1215 420 1258 nus
459 1198 782 1271 profundum
822 1196 1056 1270 aliquid,
1090 1205 1146 1252 et
1178 1193 1481 1267 diligentius
1505 1191 1691 1263 inspici
1719 1201 1772 1250 et
1801 1191 1910 1248 dis-

309 1293 429 1349 cuti
458 1291 697 1363 dignum.
726 1290 950 1361 Propter
974 1288 1115 1360 quod
1142 1287 1397 1344 intentam
1428 1283 1562 1341 facio
1589 1283 1908 1342 Charitatem

310 1392 592 1452 vestram,
633 1398 741 1442 non
784 1381 954 1438 solum
996 1377 1064 1436 ad
1111 1376 1432 1436 audiendum
1467 1390 1572 1446 pro
1603 1374 1789 1443 vobis,
1815 1375 1909 1432 sed

310 1475 484 1532 etiam
510 1473 578 1530 ad
603 1472 861 1530 orandum
885 1486 983 1543 pro
1007 1469 1181 1526 nobis.

390 1568 446 1624 5.
493 1566 630 1636 Quid
668 1580 800 1638 ergo
836 1564 1093 1622 Dominus
1120 1561 1394 1636 respondit
1422 1561 1501 1619 eis
1529 1560 1911 1618 admirantibus

311 1658 594 1728 quomodo
635 1658 800 1716 sciret
839 1656 1044 1714 litteras
1090 1669 1223 1727 quas
1265 1669 1372 1712 non
1413 1653 1712 1710 didicerat?
1751 1651 1904 1720 Hea,

313 1750 518 1820 inquit,
543 1749 773 1804 doctrina
798 1766 900 1803 non
918 1758 989 1804 est
1009 1765 1140 1814 mea,
1163 1748 1254 1806 sed
1276 1749 1388 1820 ejus
1406 1747 1490 1820 qui
1515 1747 1647 1803 ntisit
1665 1763 1762 1804 me.
1785 1746 1911 1802 llaec

312 1851 404 1895 est
446 1839 776 1910 profunditas
819 1841 989 1910 prima
1034 1857 1047 1896 :
1092 1839 1299 1896 videtur
1338 1838 1478 1896 enim
1516 1839 1697 1914 paucis
1735 1838 1909 1894 verbis

313 1937 472 2004 quasi
515 1934 778 1990 contraria
821 1934 1050 1992 locutus.
1093 1933 1207 1988 Non
1239 1933 1378 1990 enim
1407 1933 1508 1998 ait,
1541 1932 1643 1990 ista
1670 1930 1910 1988 doctrina

315 2040 429 2082 non
471 2033 555 2082 ost
591 2039 748 2090 mea;
777 2025 873 2082 sed
892 2066 910 2091 ,
939 2024 1057 2079 Mea
1085 2024 1311 2082 doctrina
1336 2041 1436 2080 non
1465 2033 1536 2078 est
1563 2040 1695 2079 mea.
1721 2024 1774 2078 Si
1804 2040 1910 2080 non

314 2126 446 2184 tua,
493 2117 758 2188 quomodo
803 2117 929 2173 tua?
972 2118 1025 2176 Si
1066 2127 1187 2184 tua,
1227 2117 1492 2188 quomodo
1533 2133 1640 2174 non
1677 2118 1804 2175 tua?
1831 2118 1871 2174 Τ
1877 2133 1909 2172 ιι

313 2213 464 2268 enim
495 2211 627 2267 dicis
654 2219 934 2280 utrumque
963 2227 976 2264 :
1005 2220 1088 2277 et,
1116 2227 1225 2266 mea
1252 2210 1521 2277 doctrina;
1546 2218 1629 2278 et,
1655 2227 1756 2265 non
1774 2227 1904 2264 mea.

313 2301 457 2358 Nam
481 2301 527 2358 si
549 2302 788 2369 dixisset,
814 2301 917 2356 ista
942 2301 1180 2356 doctrina
1205 2317 1312 2356 non
1339 2310 1421 2358 est
1448 2317 1589 2366 mea,
1612 2302 1750 2356 nulla
1766 2310 1908 2358 esset

313 2395 567 2464 quaestio.
592 2392 739 2448 Nunc
761 2394 890 2447 vero
909 2434 924 2459 ,
957 2391 1149 2446 fratres
1167 2431 1182 2458 ,
1216 2391 1458 2461 primitus
1482 2392 1736 2447 intendite
1761 2408 1908 2461 quze-

311 2485 586 2551 stionem,
627 2493 682 2539 et
721 2485 801 2539 sic
839 2483 1026 2538 ordine
1066 2491 1370 2553 exspectate
1405 2484 1742 2538 solutionem.
1773 2485 1905 2540 Nam

309 2577 413 2647 qui
437 2592 547 2632 non
574 2576 717 2633 videt
740 2577 1087 2646 quastionem
1113 2591 1235 2647 quae
1262 2578 1594 2646 proponitur,
1637 2577 1906 2647 quomodo

315 2670 570 2738 inmugit
594 2669 734 2740 quod
759 2670 1086 2740 exponitur?
1115 2668 1226 2725 lloe
1250 2679 1333 2728 est
1353 2685 1484 2742 ergo
1509 2671 1564 2725 in
1589 2671 1902 2740 quaestione,

306 2761 463 2831 quod
489 2762 597 2829 ait,
621 2777 735 2815 mea
751 2777 853 2816 non
873 2777 984 2815 mea
1005 2776 1026 2815 :
1043 2761 1150 2817 hoc
1169 2761 1378 2816 videtur
1407 2775 1526 2818 esse
1548 2761 1869 2817 contrarium
1886 2803 1902 2829 ,

311 2853 588 2922 quomodo
615 2870 726 2906 mea
746 2895 761 2921 ,
788 2853 1055 2924 quomodo
1084 2871 1182 2908 non
1211 2869 1342 2908 mea.
1373 2854 1427 2908 Si
1455 2869 1584 2924 ergo
1603 2855 1905 2915 intueamur

311 2944 607 3016 diligenter
632 2945 776 3016 quod
801 2946 914 3016 ipse
942 2947 998 3002 in
1022 2946 1240 3003 exordio
1266 2946 1398 3003 dicit
1418 2959 1634 3010 sanctus
1658 2948 1902 3018 Evange-

310 3035 442 3092 lista
459 3076 482 3103 ,
517 3034 586 3092 In
627 3037 872 3108 principio
899 3047 1009 3092 erat
1045 3035 1256 3098 Verbum
1273 3079 1290 3106 ,
1316 3047 1364 3093 et
1399 3037 1614 3094 Verbum
1635 3051 1741 3093 erat
1767 3041 1904 3110 apud

307 3124 485 3184 Dauni
508 3169 524 3196 ,
550 3137 600 3183 et
624 3127 764 3186 Deus
789 3138 898 3184 erat
926 3131 1128 3188 verbum
1156 3129 1334 3201 (Joan.
1361 3119 1415 3197 ι,
1441 3131 1494 3205 l)
1521 3149 1534 3195 ;
1561 3133 1682 3190 inde
1706 3135 1902 3204 pendet

309 3217 484 3288 huius
521 3219 717 3276 solutio
750 3221 1081 3292 quaestionis.
1117 3221 1247 3290 Quae
1273 3231 1356 3278 est
1381 3238 1508 3292 ergo
1533 3223 1772 3280 doctrina
1799 3226 1900 3282 Pa-

312 3312 448 3382 tris,
481 3312 583 3370 nisi
616 3313 844 3372 Verbum
873 3314 1086 3370 Patris?
1113 3314 1228 3386 Ipse
1257 3331 1386 3386 ergo
1401 3315 1646 3372 Christus
1662 3318 1900 3375 doctrina

309 3401 526 3467 Patris,
567 3402 614 3460 si
653 3403 877 3459 Verbum
908 3405 1098 3460 Patris.
1128 3405 1234 3460 Sed
1259 3404 1377 3476 quia
1409 3405 1638 3464 Verbum
1669 3425 1772 3462 non
1799 3425 1898 3480 po-

312 3503 420 3550 test
467 3509 589 3550 esse
627 3495 850 3559 nullius,
892 3496 984 3552 sed
1022 3496 1245 3567 alicujus
1289 3516 1300 3551 :
1346 3505 1400 3552 et
1425 3513 1572 3556 suam
1603 3500 1899 3556 doctrinam

312 3584 454 3640 dixit
471 3625 488 3651 ,
516 3586 788 3656 seipsum;
815 3596 870 3642 et
891 3603 997 3642 non
1020 3602 1192 3655 suam,
1213 3588 1333 3658 quia
1357 3588 1527 3644 Patris
1544 3600 1626 3644 est
1645 3589 1896 3647 Verbum.

311 3676 456 3748 Quid
483 3679 627 3734 enim
646 3688 754 3735 tam
779 3688 926 3736 tuum
949 3695 1111 3751 quam
1137 3681 1229 3736 tu?
1255 3691 1308 3738 et
1331 3682 1455 3752 quid
1484 3692 1590 3740 tam
1615 3700 1722 3740 non
1753 3694 1899 3742 tuum

312 3784 482 3840 quam
507 3780 561 3825 tu
578 3809 596 3839 ,
625 3771 670 3828 si
695 3771 920 3842 alicujus
939 3781 1022 3828 est
1042 3772 1183 3843 quod
1209 3774 1310 3830 es?

382 3863 440 3918 4.
485 3861 720 3922 Verbum
761 3880 889 3936 ergo
931 3875 984 3921 et
1022 3866 1162 3922 Deis
1194 3876 1310 3933 est.
1335 3875 1388 3922 et
1412 3867 1667 3926 doctrinae
1696 3872 1899 3928 stabilis

313 3953 552 4012 Verbum
595 3965 709 4023 est,
755 3971 866 4011 non
903 3957 1158 4014 sanabilis
1180 3971 1278 4029 per
1305 3959 1535 4030 sylhbas
1559 3969 1613 4018 et
1641 3963 1895 4033 volatilis,

311 4048 408 4104 sed
433 4050 701 4106 manentis
724 4065 846 4106 cum
868 4051 1027 4108 Patre
1042 4091 1060 4118 ,
1079 4051 1146 4107 ad
1174 4068 1333 4122 quam
1356 4053 1372 4084 ⁸
1390 4063 1763 4112 convertamur
1781 4074 1897 4114 ma-

310 4148 536 4198 nentem
553 4179 569 4205 ,
599 4142 745 4198 sonis
774 4143 1171 4200 transeuntibus
1195 4143 1472 4200 admmiiti.
1493 4145 1610 4201 Non
1633 4149 1778 4204 enim
1801 4165 1898 4205 nos

309 4234 385 4292 ita
401 4233 660 4293 admonet
681 4235 824 4306 quod
844 4237 1066 4302 transit,
1091 4244 1148 4294 ut
1168 4235 1236 4293 ad
1258 4239 1564 4295 transitoria
1588 4250 1760 4296 vocet.
1789 4243 1900 4298 Ad-

310 4343 597 4384 monemur
622 4337 684 4383 ut
705 4327 990 4399 diligamus
1015 4329 1200 4387 Donni.
1229 4329 1422 4385 Totum
1451 4331 1550 4387 hoc
1575 4333 1716 4403 quod
1743 4333 1892 4402 dixi,

307 4421 531 4493 syllaba
558 4420 812 4487 Stier-um;
838 4435 1148 4492 percussum
1171 4435 1349 4479 aerem
1371 4423 1783 4480 verberaverunt
1801 4468 1818 4492 ,
1841 4437 1897 4481 ut

307 4513 376 4569 ad
409 4529 626 4570 sensum
646 4513 669 4546 ³
697 4522 996 4571 vestrarum
1023 4514 1229 4570 auri-In
1256 4515 1631 4584 pervenirent,
1656 4518 1896 4575 sonando

309 4606 642 4660 tramierunt
658 4622 672 4658 :
691 4620 798 4661 non
819 4613 996 4663 umeri
1015 4606 1144 4662 illud
1165 4605 1305 4676 quod
1322 4620 1418 4662 vos
1435 4607 1709 4674 admonui,
1727 4620 1898 4665 trans-

307 4698 388 4754 ire
423 4698 626 4764 debet;
650 4701 774 4769 quia
817 4699 908 4755 ille
932 4715 1092 4771 quem
1114 4715 1209 4755 vos
1237 4699 1457 4770 diligere
1489 4700 1760 4766 admonui,
1789 4719 1895 4758 non

308 4791 543 4855 transit;
573 4799 630 4847 et
647 4805 772 4846 eum
795 4791 1194 4846 transeuntibus
1213 4790 1431 4860 syllabis
1453 4791 1742 4859 admoniti,
1763 4808 1896 4848 con-

307 4883 451 4940 versi
495 4883 566 4939 ad
608 4899 732 4938 eum
777 4885 1017 4950 (aeriis,
1059 4897 1158 4939 nec
1181 4899 1276 4939 vos
1301 4883 1624 4950 transibitis,
1651 4886 1746 4941 sed
1773 4902 1894 4942 eum

310 4983 563 5030 manente
582 4976 884 5030 manebitis.
907 4975 1018 5030 Hoc
1043 4984 1123 5031 est
1138 4991 1264 5045 ergo
1281 4977 1334 5029 in
1349 4975 1592 5032 doctrina
1611 4993 1858 5049 magnum
1875 5021 1890 5046 ,

306 5067 474 5124 altum
515 5075 574 5123 et
611 5076 869 5124 artem-In
909 5067 1048 5137 quod
1083 5078 1296 5133 manet;
1327 5083 1436 5137 quo
1458 5080 1647 5125 vocant
1669 5071 1690 5101 ³
1717 5073 1894 5126 omnia

308 5175 428 5230 que
446 5160 812 5229 temper-aliter
837 5167 1113 5215 transeunt
1129 5199 1148 5224 ,
1170 5159 1380 5228 quando
1399 5160 1535 5216 bene
1557 5161 1856 5233 significant
1873 5205 1888 5232 ,

307 5265 408 5308 nee
436 5250 766 5307 mendaciter
794 5251 1146 5321 proferuntur.
1179 5251 1368 5307 Omnia
1395 5253 1588 5322 quippe
1607 5255 1752 5325 signa
1771 5269 1891 5324 qua:

310 5344 630 5414 proferimus
672 5344 854 5409 sonis,
901 5344 1098 5413 aliquid
1143 5343 1440 5412 significant
1485 5345 1624 5414 quod
1665 5362 1770 5400 non
1809 5354 1892 5401 est

305 5450 489 5490 lenus.
537 5435 654 5492 Non
694 5437 836 5490 enim
877 5436 998 5490 dum
1040 5437 1228 5490 breves
1267 5437 1482 5508 syllabae
1526 5437 1662 5493 Dens
1692 5448 1805 5507 est,
1837 5450 1892 5496 et

305 5526 440 5584 duas
467 5527 662 5584 breves
681 5528 909 5599 syllabas
934 5528 1156 5584 colimus
1175 5569 1190 5593 ,
1222 5536 1277 5584 et
1295 5527 1425 5584 duas
1450 5528 1638 5586 breves
1658 5531 1890 5603 syllabas

369 5716 383 5747 ¹
413 5722 545 5776 μοι,
567 5712 635 5765 ad
657 5727 796 5778 quem
825 5727 843 5764 :
865 5713 1222 5780 refragantibus
1245 5713 1389 5764 editis
1407 5710 1516 5764 aliis
1537 5720 1590 5766 et
1607 5719 1716 5767 Mss.

369 5780 387 5808 ³
409 5784 540 5836 Mss,
564 5781 615 5828 ut
637 5775 704 5827 ad
725 5789 909 5828 sonum.

647 5845 703 5891 Ai.
735 5840 852 5892 editi
875 5849 976 5891 Am.
1002 5837 1109 5888 Bad.
1136 5844 1231 5899 Er.,
1254 5837 1382 5901 quod
1417 5845 1598 5889 vocant.
1637 5846 1771 5906 lov.,
1793 5855 1887 5908 quo

1411 419 1821 482 TRACTATUS
1856 419 2047 476 XXIX.
2090 423 2314 483 CAPUT
2354 427 2462 486 VII.

3443 451 3578 510 i630

2011 536 2292 598 adoramus
2313 583 2329 611 ,
2361 554 2416 602 et
2435 546 2501 602 ad
2527 545 2660 606 duas
2685 548 2870 609 breves
2895 554 3124 627 syllabas
3144 560 3418 629 pervenire
3443 563 3588 618 desi-

2013 632 2260 735 deramus
2285 655 2430 710 :qua:
2444 656 2580 712 pene
2603 655 2726 702 ante
2741 646 2989 706 desinunt
3011 667 3222 720 sonare,
3239 671 3397 725 quam
3414 672 3589 728 empe-

2012 729 2116 815 rint
2142 741 2156 792 ;
2187 743 2281 782 nec
2307 729 2357 783 in
2386 732 2464 786 eis
2488 735 2733 792 secundae
2759 738 2908 798 locus
2933 751 3050 808 est,
3085 744 3186 800 nisi
3213 747 3380 815 prima
3409 757 3584 804 trans-

2015 813 2155 871 ierit.
2195 816 2371 917 hlanet
2396 837 2521 893 ergo
2549 825 2745 917 aliquid
2781 845 3028 903 magnum
3055 837 3194 906 quod
3214 813 3408 893 dicitur
3429 841 3585 910 Deus,

2013 911 2256 1001 quamvis
2281 926 2386 967 non
2415 911 2628 973 maneat
2650 934 2810 1001 sonus
2835 938 2958 980 cum
2987 926 3180 984 dicitur
3205 930 3362 988 Deus.
3393 932 3480 988 Sic
3509 935 3586 989 in-

2017 999 2214 1056 tendite
2254 1001 2546 1061 doctrinam
2584 999 2811 1080 ChriSti,
2843 1023 2896 1069 et
2921 1019 3241 1086 pervenietis
3267 1021 3332 1076 ad
3362 1022 3589 1081 Verbum

2016 1091 2110 1146 Dei
2143 1110 2158 1150 :
2184 1107 2304 1149 cum
2327 1103 2502 1151 autem
2528 1104 2874 1168 perveneritis
2903 1107 2968 1163 ad
2999 1107 3224 1166 Verbum
3252 1112 3380 1180 Dei,
3414 1113 3586 1169 inten-

2015 1186 2160 1258 dite,
2207 1188 2347 1246 Deua
2393 1203 2499 1248 erat
2551 1193 2799 1265 Verbum;
2824 1210 2879 1256 et
2907 1202 3148 1260 videbitis
3175 1222 3357 1263 verum
3391 1208 3586 1266 dictum

2015 1294 2154 1349 esse,
2179 1297 2288 1336 mea
2313 1285 2542 1339 doctrina
2562 1303 2582 1340 :
2603 1288 2858 1346 intendite
2882 1293 3040 1348 etiam
3061 1296 3212 1365 cujus
3230 1307 3311 1353 est
3329 1298 3587 1367 Verbum;

2016 1379 2069 1426 et
2098 1369 2340 1428 videbitis
2360 1386 2505 1431 recte
2525 1377 2722 1436 dictum
2754 1396 2873 1437 esse
2893 1424 2910 1449 ,
2938 1401 3036 1438 non
3063 1399 3135 1440 est
3160 1404 3286 1442 mea.

2088 1463 2140 1517 5.
2170 1464 2411 1523 Breviter
2430 1484 2556 1542 ergo
2578 1469 2697 1526 dico
2723 1473 2975 1530 Charitati
2999 1488 3187 1534 vestra:
3211 1497 3225 1546 ;
3256 1479 3356 1539 hoc
3380 1481 3592 1539 videtur

2014 1554 2144 1611 mihi
2185 1557 2388 1616 dixisse
2431 1562 2685 1620 Dominus
2721 1566 2876 1624 Iesus
2913 1570 3151 1627 Christus
3174 1615 3189 1640 ,
3221 1573 3338 1630 Mea
3366 1577 3592 1634 doctrina

2015 1666 2116 1704 non
2158 1661 2228 1706 est
2266 1671 2405 1723 mea,
2447 1671 2509 1712 ac
2551 1657 2597 1713 si
2628 1658 2865 1730 diceret,
2896 1663 3005 1734 Ego
3031 1681 3134 1720 non
3165 1682 3282 1723 sum
3309 1684 3337 1722 a
3368 1672 3588 1742 meipso.

2015 1741 2264 1809 Quamvis
2284 1746 2423 1802 enim
2441 1748 2630 1804 Filium
2651 1750 2788 1806 Patri
2809 1753 3045 1810 dicamus
3059 1764 3113 1812 et
3125 1759 3401 1815 credamus
3419 1741 3591 1832 mqua-

2017 1833 2141 1900 lem,
2161 1852 2256 1893 nec
2275 1839 2434 1894 ullam
2450 1841 2500 1894 in
2519 1841 2597 1897 eis
2615 1858 2734 1900 esse
2752 1854 2954 1901 natura:
2968 1849 3374 1924 substantitnque
3392 1853 3592 1910 distan-

2016 1929 2140 1984 tiam
2165 1971 2179 1995 ,
2222 1945 2320 1988 nec
2357 1931 2494 1988 inter
2513 1945 2854 2006 generautem
2877 1948 3032 2010 atque
3051 1954 3360 2013 generatum
3379 1947 3591 2016 aliquod

1971 2079 1974 2084 ,
2015 2019 2316 2080 interfuisse
2354 2027 2612 2094 temporis
2645 2029 2975 2086 intervallum
3001 2048 3015 2098 ;
3047 2041 3224 2089 tamen
3253 2035 3354 2091 hoc
3381 2047 3592 2095 servato

2014 2122 2068 2169 et
2111 2115 2372 2171 custodito
2421 2117 2520 2172 ista
2565 2119 2826 2188 dicimus,
2876 2123 3015 2194 quod
3057 2125 3144 2180 ille
3172 2126 3331 2182 Pater
3357 2138 3474 2196 est,
3503 2131 3591 2187 ille

2013 2205 2197 2262 Filius.
2246 2207 2400 2264 Pater
2439 2218 2615 2266 autem
2659 2220 2904 2281 nonest,
2939 2215 2982 2269 si
3011 2232 3113 2272 non
3145 2217 3334 2274 habeat
3355 2218 3587 2288 Filium;

2012 2306 2066 2354 et
2105 2297 2270 2354 Filius
2316 2315 2418 2354 non
2447 2310 2564 2368 est,
2596 2302 2639 2357 si
2669 2319 2772 2358 non
2803 2305 2989 2360 habeat
3016 2307 3222 2364 Patrem
3253 2329 3264 2364 :
3295 2313 3388 2366 sed
3417 2323 3591 2370 tamen

2013 2389 2176 2446 Filius
2203 2392 2339 2448 Deus
2363 2393 2428 2448 de
2458 2394 2613 2453 Patre
2637 2411 2654 2462 ;
2685 2397 2841 2453 Pater
2864 2409 3039 2455 autem
3067 2402 3205 2458 Deus
3229 2444 3243 2467 ,
3275 2405 3367 2459 sed
3395 2420 3497 2460 non
3525 2407 3592 2463 de

2012 2481 2165 2540 Filio.
2210 2482 2365 2538 Pater
2392 2485 2544 2552 Filii,
2573 2503 2677 2541 non
2708 2487 2847 2543 Deus
2877 2489 2942 2544 de
2972 2490 3105 2545 Filio
3135 2511 3147 2545 :
3182 2493 3268 2548 ille
3294 2506 3467 2550 autem
3498 2497 3588 2551 Fi-

2012 2575 2114 2634 lius
2142 2577 2313 2635 Patris
2333 2620 2346 2644 ,
2379 2588 2431 2635 et
2456 2580 2594 2637 Deus
2623 2581 2688 2639 de
2715 2583 2888 2640 Patre.
2919 2587 3171 2641 Dominus
3191 2589 3330 2643 enim
3354 2590 3590 2647 Christus

2011 2670 2202 2725 dicitur
2235 2671 2434 2728 Lumen
2474 2690 2537 2728 ex
2572 2675 2812 2733 Lumine.
2843 2677 3045 2734 Lumen
3074 2694 3200 2750 ergo
3226 2682 3366 2750 quod
3393 2699 3497 2736 non
3525 2699 3589 2739 ex

2009 2762 2206 2819 lumine
2229 2805 2243 2830 ,
2289 2773 2343 2822 et
2384 2765 2588 2822 Lumen
2632 2769 2833 2837 mquale
2875 2770 3014 2840 quod
3052 2786 3117 2827 ex
3145 2772 3402 2842 Lumine,
3432 2774 3589 2831 simul

2010 2869 2172 2910 unum
2199 2854 2435 2923 Lumen,
2463 2874 2566 2912 non
2591 2859 2696 2915 duo
2723 2861 2938 2916 lumina.
3248 2915 3260 2926 ,

2080 2947 2132 3000 6.
2166 2946 2222 3003 Si
2247 2947 2605 3005 intelleximus
2629 2991 2643 3018 ,
2673 2951 2782 3006 Deo
2809 2952 3046 3024 gratias:
3076 2953 3121 3009 si
3149 2953 3268 3026 quis
3295 2963 3470 3011 autem
3500 2973 3590 3028 pa-

2008 3053 2124 3092 rum
2174 3038 2458 3106 intellexit,
2502 3040 2626 3096 fecit
2655 3041 2812 3096 homo
2840 3059 2945 3113 quo
2975 3060 3138 3116 usque
3167 3047 3370 3116 potuit,
3398 3057 3589 3104 caetera

2006 3130 2182 3186 videat
2218 3131 2356 3190 unde
2391 3143 2588 3204 speret.
2631 3133 2945 3193 Forinsecus
2971 3145 3029 3191 ut
3051 3140 3278 3207 operarii
3311 3156 3590 3210 possumus

2008 3223 2244 3291 plantare
2284 3233 2339 3278 et
2385 3225 2556 3297 rigare
2586 3268 2600 3290 ,
2641 3227 2732 3281 sed
2784 3227 2876 3282 Dei
2915 3237 2998 3284 est
3043 3230 3424 3288 incrementum
3463 3233 3590 3289 dare

2008 3313 2052 3388 (l
2096 3316 2211 3370 Cor.
2259 3332 2312 3371 ιιι
2338 3356 2354 3383 ,
2399 3317 2476 3387 6).
2523 3315 2672 3386 Mea,
2714 3319 2914 3390 inquit,
2958 3322 3186 3376 doctrina
3211 3340 3310 3378 non
3341 3333 3414 3378 est
3443 3341 3585 3390 mea,

2006 3408 2095 3462 sed
2121 3409 2230 3477 ejus
2254 3409 2341 3478 qui
2366 3409 2498 3462 misit
2520 3425 2612 3462 me.
2636 3410 2825 3465 Audiat
2844 3413 3146 3480 consilium,
3170 3414 3258 3484 qui
3279 3414 3426 3482 dicit,
3450 3415 3590 3470 Non-

2007 3500 2134 3554 dum
2162 3501 2418 3557 intellexi.
2442 3500 2627 3571 Magna
2649 3503 2843 3572 quippe
2866 3519 2952 3558 res
2973 3514 3025 3559 et
3048 3505 3303 3574 profunda
3324 3521 3443 3561 cum
3462 3505 3589 3562 fuis-

2007 3600 2087 3646 set
2107 3591 2276 3658 dicta,
2306 3591 2436 3646 vidit
2465 3595 2644 3664 utique
2675 3594 2788 3662 ipse
2815 3595 3068 3650 Dominus
3091 3595 3333 3650 Christus
3360 3599 3459 3653 hoc
3481 3607 3586 3652 tam

2006 3681 2326 3754 profundum
2357 3700 2462 3738 non
2484 3699 2669 3741 omnes
2696 3685 3074 3752 intellecturos,
3100 3698 3151 3741 et
3173 3687 3222 3740 in
3241 3690 3587 3755 consequenti

2003 3776 2150 3831 dedit
2178 3777 2473 3832 consilium.
2509 3778 2804 3848 intelligere
2827 3779 2903 3833 vis
2923 3778 2946 3831 ?
2965 3779 3144 3832 crede.
3172 3779 3310 3833 Deus
3330 3780 3469 3834 enim
3494 3796 3587 3848 per

2005 3869 2317 3944 prophetarn
2361 3869 2494 3924 dixit
2541 3887 2554 3923 :
2609 3868 2728 3924 Nisi
2771 3871 3115 3935 credideritis,
3163 3887 3262 3924 nou
3301 3871 3586 3941 intelligetis

2005 3958 2159 4030 (Isai.
2192 3975 2299 4025 vn,
2325 3958 2357 4014 9
2377 4001 2390 4026 ,
2421 3977 2520 4015 sec.
2552 3958 2740 4031 LXX).
2773 3960 2851 4014 Ad
2881 3961 2980 4014 hoc
3009 3960 3233 4030 pertinet
3262 3963 3401 4030 quod
3427 3961 3585 4015 etiam

2005 4049 2092 4105 hic
2124 4051 2374 4104 Dominus
2400 4061 2613 4104 secutus
2636 4052 2874 4119 adjunxit
2908 4069 2920 4105 :
2955 4052 3012 4104 Si
3036 4053 3146 4123 quis
3173 4051 3380 4105 voluerit
3405 4052 3585 4105 volun-

2003 4151 2153 4194 tatem
2181 4143 2290 4211 ejus
2316 4141 2482 4211 facere
2503 4183 2518 4209 ,
2551 4151 2810 4211 cognoscet
2840 4143 2902 4196 de
2921 4143 3148 4196 doctrina
3169 4183 3183 4208 ,
3205 4153 3371 4196 utrum
3397 4159 3460 4197 ea:
3484 4142 3586 4197 Deo

2001 4234 2065 4288 sit
2087 4276 2100 4301 ,
2154 4251 2218 4286 an
2243 4250 2333 4304 ego
2358 4250 2388 4286 a
2408 4235 2594 4304 meipso
2620 4233 2814 4304 loquar.
2843 4231 2974 4301 Quid
3007 4243 3090 4289 est
3111 4234 3209 4288 hoc
3233 4277 3246 4299 ,
3277 4233 3340 4289 Si
3362 4234 3470 4301 quis
3497 4250 3586 4287 vo-

2004 4322 2151 4378 luerit
2206 4325 2509 4379 voluntatem
2570 4327 2680 4396 ejus
2721 4327 2930 4396 facere?
2963 4325 3066 4380 Sed
3103 4341 3200 4395 ego
3229 4326 3500 4391 dixeram,
3531 4325 3589 4382 Si

2003 4421 2120 4490 quis
2140 4418 2424 4474 crediderit
2449 4438 2463 4487 ;
2491 4429 2544 4475 et
2568 4420 2666 4475 hoc
2688 4420 2965 4477 consilium
2990 4419 3261 4474 dederam.
3290 4420 3344 4477 Si
3376 4436 3479 4474 non
3507 4421 3586 4476 in-

2005 4513 2251 4568 tellexisti
2269 4555 2283 4579 ,
2312 4514 2546 4583 inquam,
2574 4511 2752 4568 crede.
2785 4512 3086 4568 Intellectus
3112 4515 3253 4569 enim
3276 4530 3482 4569 merces
3506 4525 3588 4570 est

2002 4606 2145 4660 fidei.
2191 4606 2332 4674 Ergo
2371 4606 2476 4658 noli
2519 4621 2755 4675 qurerere
2799 4604 3091 4674 intelligere
3128 4614 3183 4658 ut
3218 4605 3440 4672 credas,
3492 4605 3586 4660 sed

2001 4698 2159 4752 crede
2189 4707 2244 4751 ut
2273 4694 2565 4766 intelligas;
2597 4696 2844 4765 queniam
2877 4696 2974 4750 nisi
3000 4695 3310 4750 credideritis
3333 4737 3347 4761 ,
3379 4713 3476 4750 non
3508 4697 3586 4748 in-

2001 4789 2249 4859 teltigetis.
2278 4787 2408 4842 Cum
2439 4803 2566 4859 ergo
2589 4789 2653 4841 ad
2683 4787 3081 4858 possibilitatem
3110 4787 3434 4857 intelligendi
3459 4802 3584 4840 con-

2001 4881 2175 4934 silium
2202 4880 2440 4934 dederim
2470 4879 2822 4935 obedientiam
2852 4879 3134 4944 credendi,
3157 4888 3210 4933 et
3233 4878 3456 4933 dixerim
3481 4877 3585 4930 Do-

2001 4973 2200 5026 minum
2222 4970 2403 5027 Jesum
2424 4971 2692 5027 Christum
2720 4971 2820 5027 hoc
2841 4973 3010 5044 ipsum
3036 4973 3339 5043 adjunxisse
3364 4971 3414 5024 in
3457 4984 3584 5023 con-

2000 5064 2240 5134 sequenti
2280 5065 2540 5119 sententia
2565 5107 2580 5132 ,
2624 5065 2919 5121 invenimus
2957 5080 3077 5119 eum
3115 5064 3312 5118 dixisse
3335 5104 3348 5127 ,
3383 5061 3443 5116 Si
3471 5061 3582 5130 quis

1999 5159 2206 5212 voluerit
2243 5157 2543 5211 voluntatem
2580 5157 2689 5228 ejus
2726 5158 2890 5227 facere
2911 5197 2925 5220 ,
2958 5162 3216 5226 cognoscet
3241 5152 3303 5204 de
3331 5151 3579 5204 doctrina.

1998 5249 2134 5319 Quid
2171 5259 2252 5304 est
2271 5291 2284 5314 ,
2318 5247 2618 5320 cognoscet?
2647 5247 2755 5303 ll'oc
2781 5257 2863 5302 est
2893 5247 3166 5316 intelliget.
3195 5243 3344 5313 Quod
3375 5252 3458 5299 est
3482 5259 3580 5298 au-

1999 5350 2105 5396 tem
2129 5383 2146 5407 ,
2188 5341 2249 5395 Si
2284 5340 2393 5412 quis
2432 5340 2638 5394 voluerit
2672 5340 2974 5393 voluntatem
3011 5340 3118 5408 ejus
3146 5341 3340 5408 facere,
3376 5340 3475 5392 hoc
3501 5347 3582 5394 est

1996 5438 2232 5491 credere.
2255 5433 2360 5489 Sed
2378 5435 2498 5504 quia
2527 5444 2816 5504 cognoscet,
2850 5433 2948 5487 hoc
2969 5440 3050 5487 est
3072 5429 3329 5501 intelliget
3353 5473 3367 5498 ,
3395 5447 3582 5487 omnes

1997 5528 2290 5598 intelligunt
2321 5543 2333 5580 :
2365 5526 2483 5597 quia
2514 5542 2639 5580 vero
2668 5526 2804 5598 quod
2833 5527 2924 5591 ait,
2955 5525 3016 5580 Si
3035 5525 3144 5596 quis
3164 5523 3376 5579 voluerit
3396 5527 3579 5580 volun-

1995 5630 2148 5675 tatem
2169 5623 2276 5693 ejus
2304 5623 2468 5692 facere
2486 5661 2500 5687 ,
2532 5621 2632 5674 hoc
2662 5620 2886 5690 pertinet
2908 5618 2973 5673 ad
2996 5619 3217 5674 credere
3235 5661 3248 5685 ,
3276 5627 3334 5674 ut
3352 5619 3578 5690 diligen-

1994 5713 2100 5768 tius
2145 5713 2464 5783 intelligatur
2485 5753 2501 5780 ,
2538 5728 2672 5782 opus
2715 5720 2795 5766 est
2823 5711 2976 5765 nobis
3004 5711 3117 5780 ipso
3144 5711 3366 5766 Domino
3399 5721 3579 5765 nostro

1994 5806 2336 5874 expositore,
2369 5813 2424 5858 ut
2450 5805 2645 5859 indicet
2675 5804 2826 5858 nobis
2848 5815 3021 5860 utrum
3051 5822 3232 5861 revera
3264 5805 3333 5859 ad
3360 5804 3579 5859 credere

1996 5900 2261 5970 pertineat
2303 5897 2476 5953 facere
2512 5897 2835 5953 voluntatem
2864 5899 3034 5953 Patris
3058 5899 3191 5968 ejus.
3221 5899 3348 5965 Quis
3378 5897 3580 5954 nesciat
