4082 6472
569 357 704 418 1651

567 475 672 534 hoc
714 488 834 532 esse
873 471 1050 529 facere
1089 471 1414 528 voluntatem
1441 465 1572 534 Dei,
1603 463 1816 536 operari
1839 474 1974 532 opus
1999 456 2151 530 ejus,

565 570 621 628 id
661 577 744 624 est
766 609 780 633 ,
821 566 960 638 quod
989 565 1064 620 illi
1095 563 1307 635 placet?
1333 561 1452 630 Ipse
1480 565 1660 614 autem
1689 555 1944 612 Dominus
1973 557 2156 622 aperte

565 665 672 721 alio
712 663 830 718 loco
871 660 1000 715 dicit
1032 679 1044 714 :
1077 658 1189 714 Hoc
1227 664 1300 712 est
1323 671 1453 726 opus
1477 652 1606 720 Dei,
1635 661 1688 705 ut
1716 647 1934 705 credatis
1959 647 2014 701 in
2040 659 2155 700 eum

561 774 711 831 quem
729 757 816 810 ille
837 755 973 809 misit
999 752 1176 824 (Joan.
1199 767 1281 817 vr,
1308 748 1424 818 29).
1453 747 1522 804 Ut
1546 745 1759 801 credatis
1779 745 1832 798 in
1856 756 2001 806 eum;
2021 753 2150 805 non,

564 859 626 908 ut
649 847 878 906 credatis
898 845 968 901 ei.
999 844 1103 901 Sed
1128 843 1174 898 si
1193 840 1412 898 creditis
1434 839 1488 894 in
1511 853 1630 893 eum
1652 877 1667 902 ,
1693 833 1910 891 creditis
1930 831 1978 886 ei
2007 848 2020 884 :
2045 843 2152 884 non

565 950 742 998 autem
783 938 1037 996 continuo
1062 936 1151 1006 qui
1179 932 1348 990 credit
1373 930 1424 988 ei
1444 972 1458 998 ,
1493 927 1661 986 credit
1689 929 1742 982 in
1768 941 1912 981 eum.
1937 922 2072 978 Nam
2098 925 2154 974 et

563 1034 835 1090 daemones
879 1029 1167 1088 credebant
1209 1027 1292 1092 ei,
1339 1033 1393 1080 et
1428 1037 1534 1078 non
1577 1019 1866 1077 credebant
1905 1017 1959 1071 in
2001 1028 2149 1070 eum.

563 1127 770 1184 Rursus
809 1124 970 1182 etiam
1009 1121 1077 1178 de
1123 1117 1389 1190 Apostolis
1417 1116 1582 1187 ipsius
1621 1123 1902 1184 possumus
1938 1107 2148 1173 dicere,

564 1221 840 1278 Credimus
886 1217 1088 1280 Paulo;
1133 1213 1228 1270 sed
1277 1226 1422 1278 non,
1469 1206 1746 1263 Credimus
1789 1204 1842 1258 in
1881 1201 2148 1258 Paulum:

563 1315 841 1390 Credimus
870 1312 1063 1376 Petro;
1093 1307 1186 1365 sed
1210 1322 1318 1362 non
1337 1347 1350 1372 ,
1382 1303 1662 1360 Credimus
1691 1299 1742 1354 in
1769 1299 2002 1355 Petrum.
2026 1293 2149 1349 Cre-

563 1407 702 1463 denti
724 1387 872 1462 enim
897 1405 950 1458 in
973 1419 1083 1457 eum
1111 1401 1196 1472 qui
1213 1399 1464 1470 justi/icat
1483 1395 1714 1466 impium,
1735 1393 2005 1462 deputatur
2025 1387 2150 1458 ﬁdes

562 1501 673 1572 ejus
715 1497 784 1551 ad
812 1495 1065 1568 justitiam
1082 1493 1258 1562 (Rom.
1285 1508 1336 1546 ιν
1353 1530 1373 1560 ,
1402 1491 1481 1560 5).
1509 1485 1645 1558 Quid
1673 1493 1755 1540 est
1779 1497 1904 1554 ergo
1931 1479 2150 1536 credere

562 1591 620 1648 in
661 1589 826 1646 eum?
871 1585 1150 1643 Credendo
1193 1599 1402 1648 amare,
1445 1577 1711 1636 credendo
1739 1575 1998 1644 diligere,
2029 1585 2149 1626 cre-

563 1683 739 1740 dendo
777 1683 829 1736 in
866 1696 986 1738 eum
1013 1679 1090 1734 ire
1113 1721 1128 1747 ,
1156 1686 1210 1734 et
1238 1676 1354 1747 ejus
1381 1671 1636 1728 membris
1664 1665 2009 1738 iucorporari.
2031 1663 2150 1734 Ipsa

563 1787 648 1834 est
673 1791 800 1847 ergo
829 1774 961 1830 ﬁdes
989 1786 1148 1843 quam
1179 1769 1246 1825 de
1273 1768 1428 1823 nobis
1454 1764 1618 1835 exigit
1643 1764 1785 1816 Deus
1816 1777 1830 1814 :
1857 1767 1912 1814 ct
1936 1772 2041 1812 non
2070 1755 2152 1808 in-

561 1871 710 1925 venit
729 1846 870 1937 quod
899 1865 1110 1934 exigat,
1143 1861 1245 1916 nisi
1271 1856 1546 1914 donaverit
1572 1853 1714 1924 quod
1743 1849 1996 1906 inveniat.
2021 1846 2151 1914 Qua:

563 1959 696 2016 ﬁdes
719 2001 734 2028 ,
779 1957 881 2012 nisi
908 1970 1066 2027 quam
1092 1951 1328 2008 deﬁnivit
1353 1950 1457 2003 alio
1486 1948 1606 2002 loco
1635 1941 1922 2014 Apostolus
1945 1939 2150 2012 plenis-

560 2053 700 2110 sime
736 2051 916 2106 dicens
962 2066 976 2102 :
1021 2046 1201 2118 Neque
1239 2041 1548 2098 circumcisio
1589 2037 1781 2108 aliquid
1811 2037 1970 2101 valet,
1997 2047 2154 2102 neque

563 2143 868 2217 praeputium
891 2183 905 2209 ,
964 2139 1052 2195 sed
1099 2137 1226 2208 ﬁdes
1267 2151 1380 2206 qua:
1429 2149 1518 2204 per
1557 2131 1872 2186 dilectionem
1917 2133 2154 2198 aper-atur

564 2235 758 2308 (Galat.
794 2250 822 2288 v
841 2275 856 2299 ,
886 2230 940 2304 6)
965 2233 988 2286 ?
1013 2231 1130 2286 Non
1154 2227 1555 2300 qualiscumque
1583 2222 1717 2277 ﬁdes
1739 2262 1755 2289 ,
1783 2219 1876 2275 sed
1898 2217 2021 2288 fides
2042 2229 2154 2286 qua:

565 2307 656 2400 per
679 2327 990 2383 dilectionem
1015 2329 1256 2393 operatur
1276 2335 1295 2374 :
1317 2319 1432 2373 haec
1455 2316 1510 2370 in
1531 2323 1583 2370 te
1604 2314 1706 2380 sit,
1730 2321 1784 2368 et
1807 2309 2068 2380 intelliges
2087 2307 2155 2362 de

563 2419 826 2478 doctrina.
858 2416 994 2486 Quid
1023 2415 1164 2470 enim
1193 2409 1490 2480 intelliges?
1515 2407 1647 2475 Quia
1675 2404 1905 2460 doctrina
1928 2402 2028 2458 ista
2053 2417 2152 2456 non

564 2521 638 2568 est
667 2527 806 2576 mea,
836 2509 926 2564 sed
954 2509 1063 2579 ejus
1089 2505 1176 2578 qui
1205 2504 1340 2558 misit
1367 2517 1446 2556 me
1470 2516 1490 2552 :
1515 2499 1568 2554 id
1593 2505 1677 2554 εει
1695 2539 1711 2560 ,
1745 2496 2004 2566 intelliges
2029 2494 2153 2565 quia

562 2601 809 2659 Christus
849 2597 1015 2654 Filius
1045 2596 1138 2651 Dei
1162 2637 1177 2663 ,
1207 2594 1296 2665 qui
1325 2601 1407 2648 est
1434 2590 1674 2646 doctrina
1703 2586 1876 2644 Patris
1895 2629 1909 2654 ,
1941 2601 2047 2641 non
2072 2593 2154 2641 est

561 2711 629 2752 ex
656 2695 861 2764 seipso,
894 2691 986 2746 sed
1013 2689 1178 2745 Filius
1203 2693 1286 2741 εει
1308 2684 1503 2741 Patris.

633 2790 688 2845 7.
729 2785 1083 2842 Sabellianam
1131 2782 1378 2838 haeresim
1429 2777 1692 2834 sententia
1736 2775 1836 2831 ista
1882 2771 2150 2827 dissolvit.

563 2877 851 2938 Sabelliani
886 2877 1026 2932 enim
1057 2875 1236 2930 dicere
1265 2871 1380 2928 ausi
1423 2877 1548 2925 sunt
1589 2869 1760 2938 ipsum
1800 2879 1920 2926 esse
1959 2863 2151 2916 Filium

563 2975 653 3046 qui
682 2982 765 3029 est
791 2980 846 3027 et
865 2971 1057 3036 Pater;
1089 2967 1194 3024 duo
1220 2981 1339 3024 esse
1368 2957 1603 3044 nomina,
1633 2960 1728 3016 sed
1750 2975 1910 3014 unam
1935 2973 2068 3012 rem.
2097 2955 2156 3012 Si

565 3069 673 3126 duo
703 3074 884 3124 essent
908 3064 1122 3120 nomina
1143 3105 1158 3132 ,
1191 3069 1244 3118 ει
1268 3075 1357 3116 res
1385 3074 1490 3112 una
1511 3049 1660 3124 ,non
1695 3053 1991 3117 diceretur,
2035 3050 2156 3104 Mea

564 3161 796 3216 doctrina
825 3175 926 3212 non
954 3165 1024 3210 est
1051 3171 1179 3210 mea.
1211 3151 1406 3222 Utique
1435 3150 1480 3205 si
1523 3158 1612 3204 tua
1651 3145 1891 3202 doctrina
1931 3158 2036 3198 non
2074 3149 2158 3197 est

563 3262 674 3320 tua,
699 3267 734 3308 o
753 3250 997 3315 Domine,
1020 3247 1170 3317 cujus
1195 3255 1297 3312 est,
1327 3243 1428 3300 nisi
1453 3243 1592 3297 alius
1614 3240 1684 3295 sit
1701 3239 1850 3309 cujus
1875 3237 1978 3294 sit?
2001 3235 2155 3303 Quod

563 3343 785 3410 dixisti,
817 3339 1102 3398 Sabelliani
1148 3353 1252 3393 nou
1297 3334 1598 3405 intelligunt
1629 3350 1642 3385 :
1673 3347 1778 3386 non
1809 3330 1951 3385 enim
1980 3327 2157 3384 Triui-

564 3449 730 3497 tatem
759 3437 1040 3500 viderunt,
1069 3433 1164 3489 sed
1195 3432 1276 3488 sui
1305 3429 1484 3486 cordis
1522 3441 1758 3484 errorem
1803 3424 1969 3480 secuti
2011 3432 2153 3478 sunt.

562 3531 674 3590 Nos
719 3530 948 3586 cultores
988 3525 1262 3582 Trinitatis
1307 3531 1362 3579 et
1407 3519 1623 3576 unitatis
1663 3517 1834 3572 Patris
1873 3525 1925 3570 et
1954 3513 2076 3570 Filii
2104 3521 2159 3569 et

564 3621 798 3693 Spiritus
819 3620 1007 3682 sancti,
1037 3625 1090 3672 et
1115 3615 1271 3670 unius
1297 3613 1411 3678 Dei,
1445 3609 1802 3679 intelligamus
1827 3607 1894 3662 de
1915 3605 2156 3661 doctrina

563 3713 800 3782 Christi,
829 3710 1076 3784 quoniam
1103 3723 1210 3763 non
1237 3715 1322 3764 est
1355 3705 1470 3776 ejus
1493 3705 1532 3757 ί.
1560 3703 1630 3758 Ει
1659 3701 1777 3756 ideo
1803 3699 1934 3755 dixit
1961 3713 2067 3753 non
2097 3711 2158 3752 se

563 3823 596 3862 a
625 3806 800 3876 seipso
827 3804 992 3874 loqui,
1025 3802 1272 3874 quoniam
1299 3797 1540 3856 Christus
1567 3794 1740 3851 Patris
1764 3802 1846 3849 est
1868 3793 2034 3848 Filius
2055 3833 2070 3858 ,
2103 3799 2158 3846 et

564 3899 724 3956 Pater
760 3895 958 3952 Christi
997 3904 1080 3951 est
1107 3895 1289 3960 Pater,
1323 3901 1376 3947 et
1403 3891 1569 3945 Filius
1593 3887 1660 3943 de
1689 3888 1798 3942 Deo
1829 3886 1985 3940 Patre
2013 3885 2156 3940 Deus

562 3997 647 4044 est
673 4006 686 4040 :
714 3988 871 4042 Pater
897 3995 1076 4040 autem
1101 3986 1258 4051 Deus,
1285 3997 1392 4036 non
1415 3981 1482 4035 de
1501 3979 1636 4034 Filio
1657 3979 1766 4032 Deo
1787 3977 1926 4030 Deus
1946 3983 2050 4029 est.

636 4079 690 4133 8.
727 4075 877 4142 Quia
897 4075 1158 4145 semetipso
1180 4072 1418 4142 loquitur,
1441 4069 1656 4141 gloriam
1676 4066 1933 4136 propriam
1954 4065 2152 4134 quierit.

563 4169 677 4226 l-loc
701 4168 803 4224 erit
826 4167 914 4221 ille
943 4165 1034 4236 qui
1058 4161 1664 4224 vocaturAntichristus,
1680 4158 1920 4212 extollens
1944 4173 2015 4224 se,
2048 4156 2154 4211 sic-

563 4273 625 4321 ut
673 4261 958 4334 Apostolus
993 4259 1100 4326 ait,
1145 4273 1301 4328 supra
1341 4269 1486 4309 omne
1521 4252 1655 4324 quod
1692 4252 1875 4305 dicitur
1911 4249 2076 4314 Deus,
2107 4260 2157 4304 et

564 4355 701 4428 quod
724 4352 908 4408 colitur
937 4341 1204 4424 (ll'Tltess.
1227 4361 1286 4414 ιι,
1313 4343 1390 4418 4).
1420 4343 1596 4414 ipsum
1623 4342 1816 4412 quippe
1837 4340 2156 4396 annuntians

567 4447 825 4507 Dominus
852 4443 1072 4516 gloriam
1097 4455 1248 4496 suam
1273 4436 1638 4508 quaesiturum,
1667 4449 1774 4489 non
1804 4433 2024 4504 gloriam
2050 4431 2156 4487 Pa-

566 4541 688 4608 tris,
715 4539 788 4593 ait
811 4537 876 4592 ad
897 4535 1108 4591 Judaeos
1137 4551 1150 4588 :
1179 4531 1292 4602 Ego
1317 4528 1428 4582 veni
1452 4527 1506 4581 in
1534 4526 1733 4581 nomine
1759 4523 1931 4578 Patris
1957 4523 2081 4591 mei,
2109 4531 2157 4577 et

567 4651 670 4690 non
712 4629 997 4702 suscepistis
1039 4643 1118 4681 me
1142 4641 1160 4680 :
1186 4625 1316 4678 alius
1353 4621 1511 4674 ueniet
1551 4620 1604 4673 in
1643 4618 1844 4673 nomine
1869 4633 1994 4680 suo,
2025 4617 2157 4669 hunc

567 4723 848 4795 suscipietis
879 4719 1056 4794 (Joan.
1079 4735 1134 4785 v,
1161 4717 1273 4786 45).
1299 4711 1627 4784 Signiﬁcavit
1654 4725 1748 4766 eos
1771 4707 2155 4764 Antichristum

565 4823 910 4886 suscepturos
927 4855 943 4883 ,
974 4814 1063 4884 qui
1099 4811 1320 4882 gloriam
1345 4807 1578 4863 nominis
1603 4805 1686 4861 sui
1709 4803 2026 4874 qumsiturus
2052 4810 2156 4872 est,

568 4911 802 4978 inﬂatus,
835 4923 944 4963 non
973 4905 1204 4970 solidus;
1237 4909 1291 4957 et
1318 4900 1438 4956 ideo
1465 4913 1572 4954 non
1599 4895 1824 4964 stabilis,
1857 4894 1950 4950 sed
1975 4895 2159 4968 utique

569 5005 842 5062 ruinosus.
873 4999 1130 5055 Dominus
1157 5003 1334 5050 autem
1364 5000 1547 5048 noster
1575 4989 1732 5046 Jesus
1767 4987 2006 5044 Christus
2040 5003 2156 5042 ma-

569 5111 734 5170 gnum
763 5092 1066 5164 exemplum
1111 5085 1264 5142 nobis
1289 5083 1527 5158 praebuit
1563 5080 1876 5137 humilitatis
1915 5097 1929 5134 :
1967 5094 2160 5149 nempe

573 5189 795 5261 aequalis
821 5195 904 5242 est
927 5183 1101 5246 Patri,
1133 5194 1326 5248 nempe
1353 5178 1407 5230 in
1433 5175 1683 5247 principio
1712 5182 1817 5227 erat
1849 5171 2083 5237 Verbum,
2113 5180 2162 5225 et

583 5281 798 5336 Verbum
825 5287 928 5334 erat
955 5275 1092 5346 apud
1119 5273 1299 5338 Deum,
1329 5281 1376 5325 et
1397 5267 1535 5324 Deus
1557 5275 1663 5324 erat
1695 5265 1950 5330 Verbum;
1971 5279 2162 5332 nempe

575 5377 691 5446 ipse
717 5373 866 5441 dixit,
897 5379 950 5426 et
973 5367 1254 5424 verissime
1278 5363 1443 5430 dixit,
1479 5361 1639 5416 Tanto
1667 5371 1886 5432 tempore
1910 5358 2160 5412 vobiscum

575 5484 717 5535 sum,
759 5475 806 5520 et
847 5481 946 5518 non
988 5459 1288 5534 cognovistis
1328 5457 1450 5512 me?
1479 5454 1752 5525 Philippe,
1785 5455 1868 5524 qui
1899 5451 2019 5504 vidit
2061 5468 2157 5518 me,

577 5561 702 5618 uidit
727 5571 772 5612 ct
795 5555 1000 5612 Patrem
1027 5554 1138 5624 (Id.
1162 5567 1268 5618 xiv,
1295 5547 1385 5623 9);
1413 5562 1603 5617 nempe
1623 5546 1736 5617 ipse
1755 5544 1907 5610 dixit,
1933 5553 1984 5599 et
2005 5545 2162 5598 veris-

579 5662 720 5712 sime
743 5651 905 5716 dixit,
939 5648 1049 5720 Ego
1078 5657 1122 5703 et
1155 5646 1308 5700 Pater
1345 5659 1499 5697 unum
1534 5657 1704 5695 sumus
1734 5638 1842 5712 (Id.
1871 5655 1933 5705 x,
1959 5637 2072 5708 '50).
2105 5636 2162 5694 Si

579 5762 710 5821 ergo
744 5745 834 5802 ille
871 5759 989 5798 cum
1021 5741 1174 5796 Patre
1207 5755 1368 5794 unum
1391 5777 1406 5804 ,
1445 5735 1660 5806 aequalis
1698 5732 1840 5788 Patri
1855 5762 1876 5801 -,
1919 5731 2055 5788 Deus
2096 5732 2162 5789 de

543 5915 564 5931 ,
645 5818 668 5896 λ
691 5866 830 5911 Juxta
849 5835 906 5908 Er
946 5853 1092 5918 Lugd.
1119 5861 1235 5904 ven.
1259 5859 1391 5914 mm,
1414 5846 1646 5916 quomodo
1665 5859 1758 5902 non
1777 5818 1978 5912 εδιὲῖω.
2043 5851 2098 5896 ω.

1523 349 1590 406 ΙΝ
1626 341 1905 404 JOANNIS
1942 336 2416 408 EVANGELIUM,
2459 339 2519 398 S.
2561 339 2929 399 AUGUSTINI

3711 347 3850 405 1639

2263 453 2395 520 Deo,
2427 453 2568 509 Deus
2595 454 2734 525 apud
2759 454 2955 522 Deum,
2983 462 3308 523 coaeternus,
3341 456 3678 528 immortalis,
3709 461 3848 531 pari-

2263 554 2347 602 ter
2391 545 2836 602 incommutabilis
2862 588 2876 612 ,
2929 548 3125 618 pariter
3173 549 3289 605 sine
3331 557 3604 622 tempore,
3649 553 3850 624 pariter

2263 647 2474 694 creator
2505 645 2562 694 et
2587 638 2876 708 dispositor
2902 647 3233 711 temporum;
3265 650 3444 698 tamen
3471 645 3594 715 quia
3621 647 3765 701 venit
3791 647 3850 706 in

2261 739 2534 803 tempore,
2563 742 2618 788 et
2643 733 2866 789 formam
2897 735 3033 790 servi
3074 735 3313 806 accepit,
3343 745 3398 791 et
3435 735 3622 793 habitu
3657 747 3740 793 est
3767 739 3851 796 in-

2259 835 2450 884 ventus
2469 836 2527 883 ut
2545 826 2705 884 homo
2734 825 2990 900 (Philipp.
3011 843 3070 895 u,
3093 827 3168 899 7),
3197 829 3388 900 quaerit
3408 829 3632 901 gloriam
3651 831 3844 901 Patris,

2260 923 2366 974 non
2393 935 2542 976 suam
2570 938 2585 975 :
2611 918 2736 991 quid
2759 928 2815 975 tu
2834 962 2848 986 ,
2873 919 3032 974 homo
3051 961 3066 988 ,
3097 919 3272 976 facere
3297 921 3492 990 debes,
3519 922 3610 993 qui
3634 923 3850 994 quando

2259 1011 2458 1081 aliquid
2483 1013 2608 1068 boni
2637 1013 2794 1079 facis,
2823 1011 3043 1084 gloriam
3073 1021 3217 1067 tuam
3248 1014 3477 1084 quaeris;
3509 1017 3723 1086 quando
3747 1031 3850 1073 au-

2261 1111 2367 1159 tem
2394 1104 2594 1174 aliquid
2616 1105 2744 1160 mali
2767 1105 2917 1170 facis,
2941 1105 3052 1160 Deo
3071 1105 3390 1160 calumniam
3417 1107 3728 1164 meditaris?
3755 1108 3846 1163 ln-

2259 1193 2418 1251 tende
2457 1193 2584 1261 tibi;
2614 1203 2857 1250 creatura
2883 1209 2942 1250 es
2961 1237 2976 1260 ,
3009 1210 3240 1266 agnosce
3263 1192 3570 1253 Creatorem
3609 1215 3623 1252 :
3655 1213 3848 1254 servus

2257 1301 2346 1356 es,
2379 1301 2448 1343 ne
2473 1297 2784 1343 contemnas
2823 1287 3107 1343 Dominum
3137 1307 3149 1342 :
3178 1289 3458 1359 adoptatus
3493 1305 3582 1356 es,
3615 1291 3710 1347 sed
3737 1307 3846 1348 non

2256 1379 2462 1435 meritis
2503 1379 2640 1444 tuis;
2669 1395 2848 1448 quaere
2874 1379 2991 1450 ejus
3016 1380 3238 1451 gloriam
3261 1421 3274 1446 ,
3306 1397 3336 1435 a
3374 1397 3480 1452 quo
3517 1381 3681 1438 habes
3705 1383 3848 1440 hanc

2256 1470 2502 1541 gratiam,
2530 1465 2692 1525 homo
2716 1469 2996 1542 adoptatus
3015 1513 3029 1536 ,
3061 1471 3213 1542 cujus
3236 1472 3458 1544 gloriam
3487 1475 3730 1544 quaesivit
3755 1476 3848 1546 qui

2257 1573 2340 1620 est
2365 1562 2434 1618 ab
2461 1563 2548 1619 illo
2573 1564 2760 1620 unicus
2783 1572 2959 1620 natus.
2989 1565 3088 1631 Qui
3108 1575 3273 1620 autem
3301 1567 3480 1636 qucerit
3503 1567 3716 1638 gloriam
3737 1571 3848 1640 ejus

2255 1656 2344 1727 qui
2367 1656 2500 1712 misit
2517 1655 2682 1723 illum,
2709 1657 2790 1710 hic
2812 1673 2966 1712 verax
2984 1667 3072 1724 est,
3103 1667 3152 1712 et
3171 1658 3420 1724 iniustitia
3443 1661 3498 1713 in
3519 1661 3612 1715 illo
3630 1679 3732 1722 non
3753 1673 3845 1720 est.

2255 1745 2314 1802 1n
2337 1747 2665 1804 Antichristo
2692 1759 2870 1804 autem
2896 1749 3154 1820 injustitia
3179 1759 3280 1820 est,
3313 1761 3368 1807 et
3395 1767 3560 1807 verax
3593 1769 3700 1809 non
3727 1767 3846 1823 est;

2257 1841 2380 1943 quia
2415 1841 2639 1912 gloriam
2681 1855 2830 1897 suam
2875 1843 3195 1912 quaesiturus
3231 1853 3345 1910 est,
3389 1860 3498 1900 non
3539 1845 3652 1916 ejus
3681 1863 3710 1901 a
3741 1864 3850 1919 quo

2257 1933 2455 1987 missus
2478 1941 2598 1987 est:
2627 1948 2734 1988 non
2756 1933 2901 1988 enim
2927 1941 3010 1989 est
3037 1935 3254 1999 missus,
3283 1935 3376 1990 sed
3405 1937 3587 1992 venire
3613 1939 3849 2008 permis-

2258 2039 2368 2078 sus.
2415 2023 2616 2080 Omnes
2653 2040 2781 2096 ergo
2825 2025 3154 2095 pertinentes
3187 2027 3256 2081 ad
3289 2043 3483 2098 corpus
3505 2029 3736 2098 Christi,
3779 2047 3854 2089 ne

2259 2117 2574 2173 inducamur
2597 2118 2651 2173 in
2678 2118 2897 2189 laqueos
2920 2119 3254 2187 Antichristi,
3283 2136 3390 2175 non
3410 2139 3709 2192 quaeramus
3731 2125 3854 2196 glo-

2259 2211 2392 2266 riam
2421 2220 2677 2267 nostram.
2713 2211 2820 2267 Sed
2849 2212 2894 2268 si
2933 2211 3020 2267 ille
3065 2213 3307 2282 quaesivit
3342 2214 3566 2285 gloriam
3605 2217 3720 2286 ejus
3755 2218 3854 2290 qui

2259 2318 2380 2360 eum
2406 2305 2568 2373 misit,
2596 2313 2794 2377 quanto
2819 2305 2988 2376 magis
3014 2320 3112 2361 nos
3138 2305 3252 2376 ejus
3279 2307 3368 2378 qui
3393 2323 3492 2363 nos
3513 2307 3672 2364 fecit?

2745 2431 3154 2490 TRACTATUS
3190 2432 3362 2489 XXX.

2259 2545 2336 2600 Ab
2355 2561 2413 2600 eo
2433 2544 2564 2610 loco,
2593 2543 2783 2600 Nonne
2807 2543 3018 2617 Moyses
3045 2545 3193 2600 dedit
3211 2545 3360 2602 vobis
3379 2545 3598 2618 Legem,
3619 2556 3676 2604 et
3693 2563 3858 2606 nemo

2334 2655 2402 2694 ex
2427 2639 2580 2695 vobis
2605 2639 2729 2694 facit
2747 2637 2979 2710 Legem?
3005 2655 3161 2710 usque
3193 2639 3260 2692 ad
3297 2639 3381 2704 id,
3414 2639 3590 2695 Nolite
3613 2641 3860 2711 judicare

2331 2730 2624 2786 secundum
2667 2729 2887 2795 facient,
2935 2730 3032 2786 sed
3067 2730 3268 2800 justum
3301 2729 3560 2802 judicium
3593 2732 3856 2803 judicate.

2335 2821 2464 2895 Cap.
2488 2823 2560 2878 vit
2581 2863 2597 2890 ,
2639 2822 2674 2894 ᾗ
2699 2861 2714 2878 .
2744 2821 2934 2878 19-24.

2334 2940 2386 2994 1.
2417 2931 2688 3009 Evangelii
2716 2937 2886 2993 sancti
2912 2937 3222 3004 lectionem,
3251 2936 3318 2992 de
3341 2953 3444 3008 qua
3471 2938 3678 3008 pridem
3695 2939 3842 2996 Cha-

2261 3027 2406 3084 ritati
2447 3037 2640 3084 vestra:
2669 3027 2830 3083 locuti
2857 3042 3041 3083 sumus
3061 3069 3076 3092 ,
3109 3029 3209 3083 ista
3245 3043 3366 3099 qute
3394 3029 3555 3085 modo
3583 3029 3718 3086 lecta
3745 3041 3858 3100 est,

2263 3121 2520 3176 hodierna
2543 3121 2904 3190 consequitur.
2930 3121 3212 3176 Dominum
3239 3121 3540 3192 loquentem
3565 3123 3864 3180 audiebant

2263 3221 2320 3268 ct
2344 3211 2589 3282 discipuli
2613 3220 2668 3267 et
2687 3211 2891 3278 Judaei;
2919 3211 3198 3290 veritatem
3223 3213 3526 3284 loquentem
3545 3216 3859 3286 audiebant,

2263 3311 2320 3358 et
2343 3317 2560 3358 veraces
2583 3310 2640 3358 et
2659 3303 2978 3369 mendaces;
3007 3303 3320 3359 charitatem
3346 3305 3646 3376 loquentem
3671 3308 3864 3366 audie-

2262 3394 2388 3450 bant
2419 3403 2476 3450 et
2501 3395 2658 3450 amici
2681 3403 2735 3450 ει
2759 3393 2989 3460 inimici;
3021 3394 3218 3450 bonum
3245 3395 3550 3466 loquentem
3569 3397 3866 3458 audiebant

2265 3493 2320 3540 et
2343 3485 2468 3540 boni
2495 3495 2550 3541 ct
2569 3484 2716 3540 mali.
2743 3483 2822 3539 llli
2843 3485 3148 3553 audiebant,
3176 3485 3270 3541 sed
3295 3487 3384 3541 ille
3407 3486 3778 3557 discernebat;
3806 3499 3868 3548 et

2265 3576 2456 3646 quibus
2485 3591 2663 3631 sermo
2693 3575 2970 3646 prodesset
3007 3585 3063 3632 et
3101 3575 3407 3647 profuturus
3445 3587 3612 3644 esset,
3643 3580 3868 3638 videbat

2257 3659 2320 3723 et
2345 3666 2688 3738 prmvidebat.
2721 3667 2779 3722 ln
2811 3667 2914 3722 illis
2953 3667 3096 3722 enim
3134 3669 3224 3738 qui
3267 3676 3394 3723 tunc
3431 3679 3586 3724 erant
3617 3670 3862 3739 videbat,

2264 3761 2318 3817 in
2348 3760 2504 3816 nobis
2532 3761 2620 3830 qui
2647 3759 2808 3814 futuri
2834 3773 3048 3814 eramus
3075 3759 3422 3830 praevidebat.
3449 3761 3556 3818 Nos
3581 3763 3761 3834 itaque
3781 3765 3868 3822 sic

2263 3853 2542 3908 audiamus
2571 3851 2952 3922 Evangelium,
2983 3853 3134 3920 quasi
3173 3862 3489 3922 praesentem
3531 3855 3862 3922 Dominum;

2264 3959 2367 3999 nec
2391 3943 2650 4010 dicamus,
2679 3941 2724 3997 Ο
2747 3941 2824 3997 illi
2853 3941 3036 3998 felices
3063 3942 3152 4012 qui
3177 3957 3300 3997 cum
3325 3943 3509 4000 videre
3533 3947 3864 4014 potuerunt!

2262 4035 2384 4106 quia
2413 4034 2564 4088 multi
2593 4035 2646 4089 in
2675 4034 2754 4090 eis
2793 4034 2884 4104 qui
2925 4033 3204 4102 viderunt,
3245 4043 3300 4090 et
3333 4037 3666 4103 occiderunt;
3697 4039 3868 4096 multi

2261 4135 2440 4182 autem
2461 4127 2514 4180 in
2534 4125 2690 4181 nobis
2711 4127 2801 4198 qui
2823 4141 2930 4182 non
2952 4126 3218 4194 viderunt,
3245 4137 3300 4183 et
3316 4127 3674 4184 crediderunt.
3697 4130 3870 4197 Quod

2262 4219 2402 4274 enim
2445 4219 2736 4288 pretiosum
2773 4219 2999 4275 sonabat
3035 4221 3105 4275 de
3140 4234 3234 4276 ore
3271 4219 3516 4287 Domini,
3549 4231 3603 4277 et
3635 4232 3870 4294 propter

2263 4325 2361 4366 nos
2404 4311 2658 4382 scriptum
2701 4321 2784 4368 est
2805 4353 2822 4379 ,
2877 4321 2932 4368 et
2981 4311 3134 4366 nobis
3183 4321 3450 4367 servatum
3472 4353 3487 4378 ,
3535 4322 3589 4368 et
3631 4324 3872 4386 propter

2263 4418 2363 4460 nos
2389 4403 2666 4459 recitatum
2690 4404 2730 4472 ί,
2761 4413 2816 4459 ει
2841 4403 3150 4459 recitabitur
3177 4403 3338 4458 etiam
3361 4413 3582 4474 propter
3607 4417 3871 4475 posteros

2263 4507 2507 4564 nostros,
2539 4505 2594 4552 et
2619 4497 2792 4552 donec
2819 4496 3072 4552 smculum
3103 4495 3334 4550 ﬁniatur.
3363 4493 3586 4550 Sursum
3623 4505 3708 4551 est
3745 4499 3872 4554 Do-

2261 4587 2482 4644 minus:
2515 4586 2608 4641 sed
2649 4587 2808 4644 etiam
2855 4585 2944 4642 hic
2985 4593 3068 4642 est
3103 4584 3300 4640 veritas
3339 4585 3615 4640 Dominus.
3647 4586 3875 4659 Corpus

2263 4681 2407 4737 enim
2439 4679 2650 4735 Domini
2690 4680 2711 4712 ³
2739 4679 2795 4734 in
2823 4693 2930 4749 quo
2955 4677 3269 4742 resurrexit,
3301 4691 3407 4732 uno
3439 4677 3558 4732 loco
3591 4692 3713 4733 esse
3754 4695 3873 4749 po-

2265 4781 2410 4828 test:
2440 4771 2634 4827 veritas
2667 4770 2784 4842 ejus
2821 4769 3018 4840 ubique
3055 4767 3244 4823 diffusa
3265 4777 3364 4823 est.
3403 4768 3685 4823 Dominum
3725 4785 3878 4842 ergo

2262 4863 2574 4931 audiamus,
2605 4871 2658 4919 et
2687 4861 2830 4933 quod
2855 4861 2969 4932 ipse
2995 4859 3274 4916 donaverit
3309 4859 3378 4916 de
3407 4859 3587 4916 verbis
3621 4860 3774 4932 ejus,
3809 4873 3878 4921 et

2264 4969 2363 5009 nos
2387 4955 2647 5010 dicamus.

2267 5084 2272 5090 -
2333 5046 2387 5099 2.
2423 5045 2606 5100 Nonne
2627 5043 2851 5116 Moyses,
2880 5044 3071 5116 inquit,
3099 5043 3238 5098 dedit
3257 5043 3392 5099 uobis
3411 5043 3616 5116 Legem,
3643 5053 3690 5100 et
3709 5063 3882 5104 nano

2265 5155 2328 5193 ex
2347 5139 2482 5193 vobis
2503 5139 2622 5210 facit
2641 5135 2867 5208 Legem?
2893 5136 3029 5202 Quid
3050 5153 3131 5190 me
3151 5137 3373 5207 queritis
3394 5137 3712 5206 interﬁcere?
3731 5136 3884 5196 Ideo

2265 5232 2407 5288 enim
2437 5229 2674 5302 quaeritis
2715 5245 2806 5286 me
2847 5229 3186 5296 interﬁcere,
3226 5229 3349 5299 quia
3391 5243 3550 5284 nemo
3593 5244 3660 5284 ex
3701 5231 3886 5289 vobis

2331 5409 2347 5440 ¹
2375 5415 2448 5456 Er.
2475 5407 2619 5463 Lugd.
2643 5413 2696 5456 et
2715 5413 2834 5455 Ven.
2861 5405 3040 5463 ferunt,
3065 5403 3314 5454 recitatur.
3380 5409 3438 5452 Μ.

2269 5533 2280 5544 ,
2314 5472 2359 5544 ,ν
2376 5445 3286 5544 sanauiteamagema;an
3301 5445 3326 5516 '.-
3349 5445 3584 5528 iii—postea
3619 5465 3676 5538 in.
3691 5468 3892 5544 verbis

2267 5533 2387 5588 istis.
2415 5545 2508 5580 uno
2539 5503 2775 5582 ίοεδνῖεεε

2267 5597 2406 5646 nobis
2429 5593 2579 5652 licuit,
2603 5605 2776 5642 omnes
2801 5592 3096 5640 conveniunt
3135 5603 3147 5638 :
3182 5592 3374 5652 tametsi
3397 5597 3474 5652 tvo
3511 5595 3672 5652 Deer.,
3717 5604 3774 5650 ι).
3828 5593 3890 5652 2,

2267 5671 2310 5706 c.
2335 5658 2396 5718 8;
2419 5649 2770 5718 Gratianus,ide
2794 5659 3012 5718 Consecr.
3039 5653 3150 5701 dist.
3175 5651 3223 5710 2,
3239 5651 3488 5718 c.___I’rin_ia
3508 5649 3746 5714 quidem}
3775 5649 3891 5706 Ma;

2267 5711 2440 5780 gister,
2460 5718 2492 5766 4
2507 5711 2781 5778 ε(.ιιι.,ὂὶει.
2802 5715 2876 5774 10,
2902 5727 2943 5763 e.
2973 5715 3027 5780 i;
3047 5721 3252 5780 postque
3275 5711 3384 5780 illqs
3405 5711 3608 5762 Thomas
3628 5715 3896 5780 Aquinas,

2266 5773 2464 5893 aeq.
2485 5781 2564 5844 75,
2590 5773 2707 5842 a.'i,
2733 5781 2802 5828 sic
2817 5773 3110 5829 sententiam
3129 5773 3252 5828 hanc
3273 5773 3508 5836 referant,
3529 5787 3622 5826 uno
3636 5773 3744 5826 loco
3763 5773 3898 5832 ιδεὸ

2268 5855 2461 5908 oportet.
