4118 6468
258 572 389 629 iacit
412 568 615 637 Legem
642 580 656 617 :
685 573 807 617 nam
832 557 877 613 si
900 553 1099 626 Legem
1126 550 1389 617 faceretis,
1424 547 1479 604 in
1503 546 1635 618 ipsis
1656 543 1853 599 iitteris

256 633 539 719 Christum
564 648 943 727 agnosceretis,
976 655 1029 701 et
1054 650 1371 715 praesentem
1390 654 1497 693 non
1518 633 1851 692 occideretis.

260 756 329 810 Et
368 752 445 807 illi
475 724 905 818 responderunt‘
931 757 945 793 :
969 735 1247 809 Respondit
1280 734 1325 788 ei
1358 730 1524 786 turba.
1562 724 1856 797 Respondit

260 844 418 917 quasi
448 842 604 898 turba
631 853 739 894 non
764 831 1081 907 pertinentia
1120 827 1187 883 ad
1222 826 1462 882 ordinem
1481 864 1497 889 ,
1525 821 1618 876 sed
1645 819 1859 917 adper-

261 910 629 993 turbationem
657 948 671 984 :
697 926 925 997 denique
953 922 1105 978 turba
1145 920 1354 975 turbata
1394 914 1567 970 videte
1605 910 1732 983 quid
1767 924 1855 964 re-

258 1028 544 1101 sponderit
568 1042 581 1079 :
606 1020 927 1077 Dwmonium
950 1016 1137 1079 habes;
1176 1012 1287 1082 quis
1323 1019 1369 1063 te
1396 1006 1573 1075 quaerit
1598 1002 1860 1058 occidere?

260 1097 429 1191 Quasi
454 1134 564 1175 non
588 1116 740 1188 pejus
765 1113 925 1168 fuerit
949 1109 1147 1173 dicere,
1170 1104 1490 1159 Dmmonium
1512 1097 1680 1166 habes,
1701 1110 1859 1167 quam

261 1190 389 1270 eum
418 1210 688 1268 occidere.
716 1206 779 1261 Ei
803 1204 999 1275 quippe
1027 1201 1224 1256 dictum
1260 1206 1343 1253 est
1375 1193 1517 1265 quod
1541 1190 1859 1247 daemonium

264 1306 530 1371 haberet,
572 1301 663 1371 qui
691 1299 963 1354 daemones
992 1291 1305 1363 expellebat.
1339 1286 1477 1354 Quid
1516 1283 1684 1355 possit
1718 1279 1860 1336 aliud

262 1399 447 1453 dicere
491 1394 648 1450 turba
684 1387 1021 1447 turbulenta?
1050 1383 1175 1455 quid
1203 1381 1371 1453 possit
1398 1378 1539 1434 aliud
1567 1376 1713 1433 olere
1746 1390 1860 1431 cce-

263 1504 398 1545 num
416 1483 783 1544 commotum?
803 1479 977 1536 Turba
999 1476 1207 1533 turbata
1226 1482 1333 1540 est;
1358 1470 1532 1528 unde?
1553 1470 1598 1525 A
1618 1469 1859 1525 veritate.

263 1578 506 1636 Turbam
525 1571 860 1646 lippitudinis
882 1567 1115 1625 turbavit
1133 1564 1347 1622 claritas
1370 1561 1521 1617 lucis.
1547 1559 1698 1615 Oculi
1718 1557 1862 1613 enim

264 1689 379 1731 non
407 1672 669 1727 habentes
704 1665 1018 1730 sanitatem,
1065 1674 1172 1717 non
1209 1663 1434 1730 possunt
1472 1653 1613 1710 ferre
1651 1650 1865 1708 luminis

264 1766 592 1823 claritatem.

345 1859 399 1913 5.
433 1854 696 1911 Dominus
721 1859 901 1906 autem
930 1861 1036 1904 non
1076 1844 1233 1917 plane
1262 1843 1535 1909 turbatus,
1567 1838 1663 1896 sed
1689 1838 1741 1894 in
1769 1851 1866 1893 sua

267 1952 501 2008 veritate
527 1944 877 2017 tranquillus,
915 1955 1021 1997 non
1059 1936 1291 1995 reddidit
1328 1936 1526 1991 malum
1565 1947 1663 2005 pro
1700 1931 1864 1999 malo,

277 2055 383 2097 nec
402 2037 751 2095 maledictum
778 2047 872 2104 pro
899 2029 1181 2086 maledicto
1212 2027 1257 2098 (l
1280 2026 1424 2080 Petr.
1446 2039 1536 2093 ιιι,
1559 2023 1638 2095 9).
1664 2021 1868 2088 Quibus

273 2135 323 2189 si
344 2132 584 2196 diceret,
614 2124 945 2183 Danuonium
974 2120 1179 2176 habetis
1200 2132 1326 2183 vos;
1356 2130 1539 2171 verum
1577 2114 1759 2184 utique
1782 2112 1868 2166 di-

273 2232 446 2280 eeret.
482 2219 600 2277 Non
627 2217 771 2274 enim
809 2213 933 2270 talia
976 2211 1053 2268 illi
1092 2209 1304 2265 veritati
1345 2207 1612 2269 dicerent,
1645 2203 1747 2259 nisi
1776 2216 1871 2258 eos

274 2312 480 2371 diaboli
509 2310 712 2367 falsitas
739 2307 993 2362 irritaret.
1022 2300 1158 2370 Quid
1183 2313 1311 2371 ergo
1337 2295 1642 2368 respondit?
1674 2293 1874 2349 Audia-

275 2423 403 2464 mus
430 2402 748 2475 tranquille,
780 2407 834 2455 et
863 2395 1205 2467 tranquillum
1235 2392 1477 2448 bibamus
1509 2407 1522 2443 :
1558 2386 1725 2444 Unum
1747 2402 1874 2457 Opus

278 2502 415 2572 feci,
460 2508 508 2553 et
545 2510 716 2551 omnes
753 2489 1027 2547 miramini.
1076 2487 1348 2557 Tanquam
1391 2482 1606 2548 dicens,
1653 2478 1789 2547 Quid
1827 2478 1875 2535 si

278 2594 466 2651 omnia
504 2604 668 2662 opera
699 2600 821 2642 mea
844 2579 1129 2640 videretis?
1159 2579 1329 2652 Ipsius
1364 2576 1507 2633 enim
1535 2588 1698 2644 opera
1724 2579 1876 2627 erant

282 2702 407 2760 quae
431 2686 488 2740 in
513 2679 714 2738 mundo
734 2677 1004 2742 videbant,
1032 2682 1089 2729 et
1110 2674 1283 2744 ipsum
1309 2669 1400 2740 qui
1424 2667 1549 2724 fecit
1571 2665 1748 2721 omnia
1768 2678 1876 2719 non

281 2756 543 2835 videbant
572 2793 587 2830 :
614 2773 741 2828 fecit
767 2784 925 2826 unam
950 2782 1083 2832 rem,
1117 2774 1171 2821 et
1197 2763 1393 2819 turbati
1421 2768 1581 2827 sunt,
1613 2758 1735 2829 quia
1768 2756 1876 2811 sal-

282 2887 415 2930 vum
443 2869 574 2926 fecit
597 2865 872 2921 hominem
899 2860 1143 2918 sabbato.
1178 2855 1341 2925 Quasi
1376 2869 1505 2909 vero
1530 2851 1576 2907 si
1601 2851 1879 2922 quisquam

284 2971 521 3035 aegrotus
544 2958 767 3015 sabbato
787 2956 1079 3011 sinceraret
1101 2952 1147 3017 ',
1173 2948 1307 3003 alius
1332 2946 1480 3001 illum
1504 2957 1693 2998 sanum
1722 2940 1881 2997 fecis-

285 3034 373 3113 set
395 3070 558 3127 quam
588 3052 701 3119 ille,
728 3049 818 3120 qui
837 3062 930 3104 eos
954 3041 1351 3107 scandalizavit,
1374 3038 1495 3110 quia
1521 3052 1683 3092 unum
1710 3034 1881 3090 homi-

289 3125 426 3203 ncmi
440 3145 646 3200 salvum
671 3140 799 3197 fecit
816 3136 1058 3195 sabbato.
1084 3133 1214 3201 Quis
1232 3131 1377 3187 enim
1401 3129 1536 3183 alius
1556 3127 1688 3181 alios
1707 3125 1883 3180 salvos

289 3239 417 3297 fecit
443 3250 605 3307 quam
635 3232 750 3304 ipsa
778 3230 957 3295 salus;
987 3226 1077 3297 qui
1104 3224 1248 3279 illam
1280 3221 1505 3277 salutem
1543 3233 1701 3290 quam
1738 3216 1885 3273 dedit

290 3331 418 3387 huic
444 3326 649 3384 homini
670 3368 686 3395 ,
716 3325 811 3379 dat
837 3331 890 3378 et
913 3318 1209 3393 iumentis?
1241 3315 1396 3372 Salus
1422 3313 1564 3370 enim
1591 3310 1884 3382 corporalis

292 3434 431 3483 erat.
470 3422 630 3480 Salus
670 3419 848 3475 carnis
875 3426 929 3471 et
962 3419 1269 3484 reparatur,
1298 3418 1354 3465 et
1393 3408 1653 3472 moritur;
1683 3414 1886 3461 etcum

295 3526 598 3588 reparatur,
627 3526 775 3569 mors
803 3508 1064 3571 differtur,
1096 3520 1202 3560 non
1232 3502 1488 3558 aufertur.
1520 3500 1743 3565 Tamen,
1774 3497 1884 3552 fra-

297 3618 445 3671 tres,
488 3607 652 3664 etiam
690 3604 805 3674 ipsa
843 3600 987 3656 salus
1015 3613 1046 3652 a
1071 3595 1297 3653 Domino
1320 3603 1430 3661 est,
1470 3607 1566 3663 per
1602 3590 1888 3662 quemlibet

298 3700 503 3755 detur:
535 3707 871 3768 quocumque
898 3696 1119 3746 curante
1155 3696 1211 3744 et
1247 3686 1579 3741 ministrante
1615 3681 1887 3753 impertia-

302 3801 409 3859 tur,
441 3790 509 3845 ab
540 3789 634 3844 illo
656 3786 812 3842 datur
837 3798 868 3838 a
897 3797 1002 3853 quo
1027 3787 1111 3836 est
1129 3777 1305 3834 omnis
1330 3776 1493 3842 salus,
1517 3773 1604 3829 cui
1623 3773 1813 3828 dicitur
1833 3773 1890 3829 in

302 3885 558 3950 Psalmo,
590 3879 836 3935 Homines
874 3884 920 3931 et
954 3876 1187 3947 jumenta
1221 3870 1385 3925 salvos
1429 3867 1608 3939 facies,
1637 3864 1890 3932 Domine;

302 3977 433 4031 sicut
454 3970 803 4043 multiplicasti
823 3964 1216 4023 misericordiam
1235 3970 1393 4027 tuam,
1416 3957 1571 4013 Deus.
1596 3957 1728 4024 Quia
1749 3956 1890 4012 enim

305 4068 451 4124 Deus
471 4080 534 4121 es
554 4106 569 4131 ,
596 4061 939 4132 multiplicata
969 4052 1331 4112 misericordia
1363 4059 1451 4107 tua
1476 4050 1714 4121 pervenit
1732 4048 1892 4104 etiam

306 4160 371 4215 ad
393 4160 622 4215 salutem
642 4154 820 4212 carnis
839 4153 1108 4217 humanae,
1134 4144 1378 4219 pervenit
1397 4143 1558 4199 etiam
1582 4140 1648 4195 ad
1668 4139 1893 4196 salutem

309 4262 580 4309 mutorum
618 4247 921 4304 animalium
945 4261 958 4297 :
984 4241 1079 4298 sed
1104 4240 1192 4311 qui
1227 4238 1322 4293 das
1351 4235 1574 4291 salutem
1602 4233 1775 4288 carnis
1800 4231 1897 4286 ho-

311 4347 548 4403 minibus
564 4342 923 4415 iumentisque
942 4346 1303 4399 communem,
1318 4327 1574 4399 numquid
1594 4326 1732 4381 nulla
1752 4323 1896 4380 salus

311 4447 398 4494 est
424 4451 586 4508 quam
624 4446 807 4490 servas
843 4425 1183 4485 hominibus?
1210 4424 1305 4479 Est
1332 4428 1479 4476 certe
1506 4418 1607 4473 alia
1635 4432 1753 4488 quae
1789 4429 1897 4471 non

312 4507 487 4586 solum
515 4523 815 4583 communis
842 4535 948 4575 non
975 4525 1060 4575 est
1084 4513 1389 4571 hominibus
1414 4518 1471 4567 et
1490 4508 1772 4580 iumentis,
1803 4507 1898 4562 sed

316 4635 418 4676 nec
453 4619 586 4690 ipsis
628 4614 932 4672 hominibus
969 4606 1267 4667 communis
1310 4612 1396 4661 est
1442 4602 1595 4657 bonis
1635 4608 1689 4655 et
1723 4599 1897 4654 malis.

316 4712 559 4782 Denique
596 4723 717 4765 cum
746 4706 821 4762 ibi
845 4705 914 4760 de
950 4703 1049 4759 ista
1085 4701 1254 4757 salute
1288 4697 1535 4761 dixisset,
1561 4708 1719 4765 quam
1754 4706 1901 4747 com-

317 4806 554 4863 muniter
588 4801 855 4872 accipiunt
892 4808 1084 4868 pecora
1118 4802 1171 4848 et
1199 4790 1479 4855 homines;
1514 4794 1731 4858 propter
1757 4785 1901 4840 illam

320 4902 549 4959 salutem
574 4912 733 4969 quam
760 4906 976 4965 sperare
1007 4888 1201 4945 debent
1228 4884 1471 4941 homines
1490 4923 1504 4949 ,
1531 4880 1625 4935 sed
1652 4878 1777 4934 boni
1802 4876 1903 4969 hos

324 4996 527 5057 mines,
573 4968 784 5045 secutus
825 4980 1095 5054 adiunxit,
1143 4978 1267 5032 Filii
1308 4983 1474 5029 autem
1515 4970 1772 5026 hominum
1812 4968 1906 5023 sub

326 5087 543 5158 tegmine
585 5083 786 5138 alarum
832 5086 1033 5133 tuarum
1077 5070 1346 5143 sperabunt
1383 5064 1808 5122 :inebriabuntur
1844 5060 1907 5115 ab

329 5154 552 5236 ubertate
577 5177 755 5232 domus
793 5180 894 5227 tute
912 5212 927 5237 ,
968 5177 1016 5222 et
1046 5172 1260 5221 torrente
1294 5160 1561 5231 voluptatis
1589 5168 1688 5212 tua:
1714 5154 1909 5228 potabis

330 5288 449 5338 eos;
477 5269 716 5343 quoniam
740 5264 877 5335 apud
903 5271 949 5317 te
970 5269 1042 5316 est
1071 5263 1185 5330 fons
1202 5256 1335 5322 vita,
1366 5261 1412 5305 et
1434 5252 1486 5304 in
1512 5250 1697 5305 lumine
1722 5259 1806 5302 tuo
1830 5264 1909 5301 tn-

332 5340 558 5419 debimus
584 5364 753 5417 lumen
777 5354 950 5429 (Psal.
970 5365 1144 5417 xxxv,
1166 5344 1337 5418 7-10).
1365 5344 1488 5398 Haec
1516 5350 1597 5397 est
1625 5340 1765 5395 salus
1793 5352 1912 5409 qua:

396 5498 420 5563 ξ
441 5495 572 5563 Apud
591 5499 670 5543 Er.
694 5490 839 5563 Lugd.
864 5496 983 5563 Ven:
1007 5478 1570 5563 omittunturwve‘rhﬁel'

335 5559 423 5609 sed
441 5534 643 5610 $qu
657 5534 887 5605 animo
902 5534 927 5599 Ξ
935 5534 1195 5611 Despondit
1216 5542 1343 5594 enim
1372 5534 1662 5611 ιιιτρακυον.
1688 5534 1833 5611 lectio
1853 5535 1916 5611 si)

337 5597 423 5732 gl;
437 5597 875 5729 u'i'a‘éii
1032 5597 1211 5667 lerant,
1234 5600 1477 5669 respondit
1498 5597 1561 5661 ei,
1595 5612 1698 5662 pro,
1722 5610 1916 5659 respon-

430 5694 573 5732 erum.
641 5694 696 5729 ιι.

1387 423 1793 485 TRACTA'I‘US
1830 420 1999 481 XXX.
2043 422 2268 486 CAPUT
2306 424 2415 484 VII.

3398 420 3537 486 1834

1959 540 2027 596 ad
2066 540 2235 598 bonos
2274 542 2534 613 pertinet,
2565 555 2698 613 quos
2726 540 3006 612 appellavit
3043 540 3183 597 filios
3220 540 3533 611 hominum;

1960 649 2081 691 cum
2108 650 2265 706 supra
2295 637 2544 704 dixisset,
2580 636 2822 691 Homines
2850 643 2894 691 et
2912 636 3145 707 jumenta
3168 635 3332 690 salvos
3359 635 3534 705 facies,

1960 728 2195 784 Domine.
2222 730 2357 798 Quid
2384 730 2561 785 enim?
2588 730 2661 785 illi
2700 729 2941 785 homines
2979 744 3085 785 non
3119 737 3271 784 erant
3307 728 3400 783 ﬁlii
3437 727 3538 783 ho—

1960 824 2183 890 minum,
2214 833 2270 878 ut
2289 840 2410 878 eum
2436 823 2674 890 dixisset,
2703 822 2963 890 Homines,
2989 831 3298 893 sequeretur
3321 829 3374 878 et
3397 822 3541 878 dice-

1962 926 2065 985 ret,
2098 916 2222 971 Filii
2249 925 2416 971 autem
2440 916 2733 981 hominum;
2763 917 2913 987 quasi
2938 914 3081 971 aliud
3110 923 3261 971 erant
3291 915 3539 983 homines,

1963 1016 2017 1065 et
2039 1009 2180 1065 aliud
2207 1010 2301 1079 ﬁlii
2328 1010 2621 1064 hominum?
2646 1008 2758 1063 Non
2785 1017 2956 1064 tamen
2982 1009 3211 1063 arbitror
3231 1009 3346 1063 sine
3364 1006 3541 1078 aliqua

1963 1101 2344 1172 signiﬁcatione
2370 1101 2722 1156 distinctionis
2763 1100 2864 1156 hoc
2899 1101 3096 1157 dixisse
3127 1100 3380 1171 Spiritum
3417 1114 3543 1154 san-

1963 1201 2129 1249 ctum.
2162 1192 2403 1247 Homines
2443 1192 2508 1247 ad
2544 1192 2772 1262 primum
2810 1191 3011 1258 Adam,
3045 1191 3138 1261 ﬁlii
3180 1191 3438 1244 hominum
3475 1188 3543 1246 ad

1964 1283 2255 1340 Christum.
2287 1284 2448 1340 Forte
2476 1284 2619 1337 enim
2650 1282 2872 1336 homines
2908 1282 3166 1353 pertinent
3206 1281 3273 1335 ad
3311 1280 3544 1350 primum

1966 1376 2233 1432 hominem
2267 1396 2281 1433 :
2308 1378 2418 1447 ﬁlii-
2439 1387 2617 1433 autem
2646 1376 2905 1430 hominum
2943 1376 3209 1445 pertinent
3245 1372 3313 1429 ad
3349 1372 3544 1428 Filium

1966 1468 2218 1524 hominis.

2038 1562 2092 1616 4.
2135 1554 2306 1617 Unum
2334 1576 2460 1631 opus
2489 1559 2604 1629 feci,
2636 1566 2684 1613 et
2708 1574 2879 1613 omnes
2903 1556 3175 1611 miramini.
3207 1556 3275 1610 Et
3296 1553 3547 1610 continuo

1968 1651 2237 1723 subiungit
2269 1669 2283 1706 :
2320 1649 2597 1721 Propterea
2623 1649 2826 1722 Moyses
2862 1648 2998 1703 dedit
3036 1646 3173 1702 uobis
3209 1646 3547 1701 circumcisio-

1969 1760 2101 1798 nem.
2134 1743 2277 1798 Bene
2311 1742 2508 1799 factum
2539 1749 2621 1797 est
2653 1749 2713 1796 ut
2746 1740 3057 1811 acciperetis
3094 1738 3551 1794 circumcisionem

1969 1850 2001 1890 a
2022 1834 2219 1906 Moyse.
2247 1833 2367 1888 Non
2386 1834 2504 1905 quia
2524 1850 2587 1888 ea:
2608 1832 2787 1903 Moyse
2805 1842 2896 1899 est,
2919 1831 3009 1886 sed
3030 1847 3091 1885 ea:
3111 1829 3368 1883 Palribus.
3391 1828 3553 1883 Abra-

1972 1924 2093 1981 ham
2118 1926 2312 1996 quippe
2337 1925 2541 1997 primus
2566 1924 2770 1994 accepit
2793 1923 3251 1978 circumcisionem
3275 1936 3306 1976 a
3329 1919 3554 1975 Domino

1977 2016 2126 2088 (Gen.
2154 2033 2293 2085 xvu,
2324 2015 2433 2088 10).
2466 2016 2532 2070 Ει
2567 2017 2620 2070 in
2654 2016 2859 2070 sabbato
2902 2014 3276 2069 circumciditis.
3314 2013 3555 2069 Convicit

1972 2122 2069 2163 vos
2088 2108 2317 2180 Moyses.
2342 2111 2399 2162 tn
2419 2107 2559 2179 Lege
2579 2108 2857 2177 accepistis
2883 2114 2939 2160 ut
2958 2105 3345 2161 circumcidatis
3364 2114 3555 2159 octavo

1974 2201 2060 2258 die
2085 2201 2266 2274 (Leuit.
2293 2218 2389 2271 xu,
2419 2200 2474 2273 5)
2495 2219 2509 2268 ;
2534 2201 2814 2271 accepistis
2844 2201 2896 2255 in
2921 2200 3061 2272 Lege
3089 2208 3148 2255 ut
3168 2200 3364 2255 vacetis
3386 2199 3554 2268 septi-

1974 2310 2064 2349 mo
2084 2294 2173 2350 die
2199 2294 2391 2366 (Exod.
2416 2309 2512 2361 xx,
2538 2294 2630 2365 10)
2657 2312 2669 2348 :
2696 2294 2740 2348 si
2760 2302 2976 2349 octavus
2998 2292 3111 2348 dies
3134 2294 3271 2348 illius
3291 2293 3381 2364 qui
3400 2304 3556 2348 natus

1976 2395 2059 2442 est
2081 2395 2324 2442 occurret
2352 2385 2419 2440 ad
2443 2386 2585 2441 diem
2610 2385 2896 2456 septimum
2924 2385 3148 2451 sabbati,
3174 2384 3301 2455 quid
3321 2383 3557 2440 facietis?

1983 2479 2268 2548 Vacabitis,
2297 2489 2355 2534 ut
2380 2480 2603 2535 servetis
2627 2479 2938 2543 sabbatum;
2970 2494 3037 2532 an
3070 2477 3478 2543 circumcidetis,
3503 2483 3561 2532 ut

1978 2571 2243 2642 impleatis
2276 2580 2666 2627 sacramentum
2697 2571 2803 2627 diei
2829 2570 3037 2626 octavi?
3071 2570 3175 2626 Sed
3199 2571 3343 2638 novi,
3369 2569 3560 2640 inquit,

1980 2662 2107 2733 quid
2128 2663 2353 2719 faciatis.
2382 2663 2750 2719 Circumciditis
2771 2664 3042 2717 hominem.
3072 2662 3279 2730 Quare?
3307 2663 3439 2730 Quia
3460 2662 3564 2717 cir-

1980 2756 2235 2811 cumcisio
2264 2756 2498 2827 pertinet
2536 2756 2605 2811 ad
2640 2757 2853 2827 aliquod
2893 2756 3221 2827 signaculum
3259 2757 3472 2821 salutis,
3508 2764 3564 2811 et

1982 2864 2087 2905 non
2115 2850 2312 2905 debent
2349 2850 2592 2906 homines
2632 2850 2851 2905 sabbato
2892 2864 3084 2905 vacare
3124 2864 3154 2903 a
3193 2848 3380 2903 salute.
3423 2849 3564 2919 Ergo

1982 2957 2083 2998 nec
2104 2942 2226 2999 mihi
2253 2942 2571 3009 irascamini,
2600 2942 2718 3013 quia
2756 2941 2952 2996 salvum
2988 2942 3084 3013 feci
3122 2949 3276 2994 totunt
3313 2939 3565 2993 hominem

1981 3033 2186 3089 sabbato
2226 3049 2244 3089 :
2284 3034 2329 3089 si
2363 3034 2823 3099 circumcisionem,
2865 3033 3060 3103 inquit,
3105 3032 3287 3102 accipit
3323 3031 3470 3086 homo
3511 3031 3567 3086 in

1982 3127 2187 3181 sabbato
2209 3169 2222 3193 ,
2258 3136 2315 3181 ut
2343 3145 2443 3182 non
2469 3125 2696 3183 solvatur
2721 3127 2804 3181 lea;
2830 3126 2999 3197 Moysi
3031 3125 3255 3199 (aliquid
3294 3125 3435 3180 enim
3471 3139 3568 3195 per

1985 3218 2202 3289 Moysen
2232 3218 2284 3272 in
2321 3217 2411 3272 illa
2437 3218 2815 3274 constitutione
2842 3216 3266 3272 circumcisionis
3285 3215 3568 3272 salubriter

1987 3309 2284 3365 institutum
2324 3310 2475 3381 est),
2513 3309 2647 3364 mihi
2684 3308 2924 3379 operanti
2976 3307 3203 3362 salutem
3250 3306 3304 3361 in
3351 3306 3571 3361 sabbato

1988 3418 2153 3473 quare
2180 3401 2565 3473 indignamini?

2061 3494 2113 3549 5.
2156 3493 2315 3550 Forte
2340 3495 2482 3549 enim
2513 3494 2601 3548 illa
2627 3492 2959 3548 circumcisio
2988 3492 3160 3561 ipsum
3192 3488 3473 3545 Dominum
3498 3488 3572 3546 si-

1990 3586 2295 3657 gnificabat,
2332 3586 2417 3641 cui
2458 3585 2545 3640 isti
2579 3586 2785 3641 curanti
2812 3592 2870 3639 et
2892 3584 3099 3639 sananti
3145 3582 3573 3653 indignabantur.

1991 3679 2146 3735 Jussa
2184 3687 2266 3735 est
2308 3679 2451 3733 enim
2493 3678 2735 3734 adhiberi
2775 3685 2959 3733 octavo
2996 3676 3083 3732 die
3124 3675 3576 3731 circumcisio:et

1993 3770 2117 3841 quid
2138 3779 2221 3826 est
2240 3769 2597 3833 circumcisio,
2618 3769 2718 3823 nisi
2739 3768 2914 3823 carnis
2931 3766 3284 3837 exspoliatio?
3304 3764 3577 3835 Signiﬁcat

1994 3878 2122 3933 ergo
2148 3862 2249 3917 ista
2276 3860 2610 3917 circumcisio
2632 3859 3069 3929 exspoliationem
3087 3873 3118 3913 a
3138 3856 3299 3912 corde
3318 3855 3576 3927 cupidita-

1996 3963 2106 4010 tum
2136 3954 2445 4011 carnalium.
2473 3952 2590 4008 Nou
2610 3967 2736 4022 ergo
2762 3952 2878 4007 sine
2902 3964 3062 4006 causa
3082 3949 3203 4005 data
3226 3957 3327 4015 est,
3347 3956 3401 4004 et
3428 3947 3480 4002 in
3508 3962 3575 4004 eo

1996 4048 2237 4103 membro
2279 4045 2428 4116 iussa
2480 4044 2626 4110 ﬁeri;
2672 4041 2923 4114 quoniam
2964 4055 3061 4112 per
3106 4038 3234 4095 illud
3277 4038 3577 4096 membrum

1998 4149 2306 4213 procreatur
2326 4147 2569 4195 creatura
2589 4136 2908 4192 mortalium.
2924 4134 2989 4189 Et
3007 4148 3102 4204 per
3121 4146 3285 4187 unum
3305 4131 3577 4188 hominem

1999 4247 2163 4300 mors,
2194 4232 2329 4288 sicut
2356 4246 2454 4303 per
2478 4245 2643 4285 unum
2684 4227 2955 4282 hominem
2985 4226 3305 4280 resurrectio
3333 4232 3576 4279 mortuo-

1998 4343 2118 4384 rum
2151 4324 2326 4399 (lCor.
2358 4341 2444 4393 xv,
2473 4322 2564 4393 21)
2585 4341 2598 4378 :
2621 4330 2674 4379 et
2697 4336 2793 4392 per
2816 4334 2979 4375 unum
3007 4318 3277 4374 hominem
3302 4324 3581 4387 peccatum

2001 4420 2217 4476 intravit
2242 4420 2292 4474 in
2322 4417 2597 4482 mundum,
2624 4422 2678 4470 et
2703 4429 2798 4484 per
2824 4420 3101 4484 peceatum
3128 4425 3272 4466 mors
3304 4409 3323 4481 (
3345 4408 3494 4464 Rom.
3520 4423 3579 4477 ν,

2003 4510 2116 4583 12).
2144 4509 2268 4566 Ideo
2296 4509 2521 4580 quisque
2549 4521 2669 4562 cum
2697 4504 2955 4576 prreputio
2982 4502 3235 4572 nascitur,
3258 4502 3380 4573 quia
3405 4502 3580 4558 omnis

2003 4603 2165 4657 homo
2192 4616 2312 4655 cum
2347 4599 2474 4653 vitio
2505 4596 2808 4668 propaginis
2834 4596 3105 4650 nascitur:
3138 4602 3192 4650 et
3220 4609 3326 4650 non
3360 4593 3583 4649 mundat

2004 4695 2145 4749 Deus
2172 4695 2282 4747 sive
2307 4707 2337 4745 a
2363 4691 2491 4745 vitio
2520 4705 2639 4745 cum
2666 4704 2771 4761 quo
2800 4688 3088 4757 nascimur,
3112 4688 3225 4744 sive
3244 4702 3275 4742 a
3295 4686 3437 4741 vitiis
3463 4699 3583 4756 qua}

2005 4787 2145 4843 male
2168 4783 2399 4840 vivendo
2432 4782 2674 4837 addimus
2692 4822 2708 4848 ,
2738 4782 2839 4837 nisi
2869 4796 2965 4852 per
2992 4780 3263 4837 cultellum
3289 4779 3582 4849 petrinum,

2009 4878 2287 4934 Dominum
2318 4874 2608 4930 Christum.
2632 4873 2788 4928 Petra
2817 4873 2959 4928 enim
2985 4879 3101 4926 erat
3124 4871 3376 4927 Christus
3392 4868 3438 4939 (ἰ
3464 4867 3585 4924 Cor.

2009 4985 2065 5037 x,
2087 4965 2164 5042 4).
2188 4966 2427 5023 Cultellis
2446 4966 2587 5022 enim
2610 4965 2830 5036 petrinis
2855 4962 3399 5027 circumcidebant,‘et
3422 4968 3589 5030 petra:

2011 5062 2226 5117 nomine
2244 5059 2510 5115 Christum
2532 5058 2828 5129 ﬁgurabant
2853 5077 2866 5113 :
2890 5065 2942 5113 et
2963 5065 3279 5129 praesentem
3296 5069 3401 5108 non
3423 5066 3589 5122 agno-

2012 5152 2266 5218 scebant,
2297 5152 2392 5207 sed
2420 5150 2637 5221 insuper
2664 5165 2787 5205 eum
2816 5148 3061 5204 occidere
3089 5145 3390 5217 cupiebant.
3413 5143 3589 5211 Quare

2013 5253 2190 5300 autem
2237 5251 2425 5299 octavo
2468 5243 2583 5308 die,
2620 5241 2723 5297 nisi
2752 5241 2876 5312 quia
2903 5248 3025 5311 post
3063 5237 3343 5307 septimum
3385 5233 3590 5290 sabbati

2016 5336 2269 5392 Dominus
2310 5334 2398 5390 die
2441 5333 2709 5389 dominico
2753 5330 3074 5388 resurrexit?
3102 5330 3246 5399 Ergo
3271 5328 3594 5384 resurrectio

2016 5429 2233 5495 Christi,
2256 5446 2375 5500 quae
2400 5428 2537 5483 facta
2561 5435 2643 5483 est
2671 5426 2827 5482 tertio
2847 5424 3058 5495 quidem
3082 5422 3168 5478 die
3194 5422 3474 5493 passionis,
3498 5421 3596 5478 sed

2019 5531 2206 5578 octavo
2229 5521 2316 5577 die
2345 5522 2398 5575 in
2424 5519 2611 5575 diebus
2638 5514 2983 5572 hebdomadis
3000 5551 3019 5581 ,
3050 5514 3161 5585 ipsa
3189 5528 3286 5568 nos
3310 5512 3596 5569 circumci-

2020 5618 2115 5671 dit.
2130 5615 2265 5670 Audi
2289 5612 2627 5669 circumcisos
2642 5624 2764 5665 vera
2782 5617 2951 5677 petra,
2971 5607 3226 5677 Apostolo
3242 5606 3561 5662 admonente
3580 5620 3596 5660 :

402 5698 818 5800 .Mss.,
844 5737 1075 5801 aegrotum
1093 5728 1286 5783 sabbato
1307 5725 1567 5778 sinceraret
1594 5734 1611 5773 :
1636 5734 1685 5770 in
1706 5732 1917 5801 caneris,
2025 5712 2086 5766 Si
2130 5725 2247 5781 ergo
2298 5704 2636 5762 resurrexistis
2681 5718 2794 5755 cum
2837 5698 3069 5767 Christo;
3099 5716 3209 5769 qua:
3250 5714 3447 5753 sursum
3485 5702 3602 5750 sunt

340 5782 552 5876 (89⁷3ξυῖ
565 5782 1187 5876 iiii.“
1726 5782 1922 5876 ,ξ’ξὲίὲ
2023 5805 2248 5876 ιιιιωνίιε,
2285 5801 2370 5855 ubi
2409 5798 2633 5854 Christus
2676 5804 2747 5849 est
2789 5795 2844 5849 in
2884 5794 3089 5850 dextera
3116 5794 3211 5849 Dei
3248 5794 3459 5856 sedens;
3492 5805 3603 5860 qua:

340 5852 610 5919 Eéc’édéiué
632 5852 799 5927 opera,
834 5874 980 5913 sanus
1000 5852 1159 5908 fieret.
1184 5880 1243 5890 -
1261 5860 1334 5903 Er.
1359 5852 1471 5907 fert,
1494 5854 1701 5911 wgrotus
1723 5858 1881 5897 sanari

340 5938 437 5996 tur,
463 5930 549 5979 ubi
570 5928 716 5992 Lugd.
742 5935 859 5977 Ven.
883 5923 1075 5987 legunt,
1096 5919 1329 5982 wgrolum
1346 5918 1557 5965 santu'et.
1618 5916 1676 5960 ll.

2024 5852 2365 5955 lursumaunt
2391 5890 2570 5962 sapite,
2601 5904 2703 5946 non
2727 5904 2841 5962 qua:
2867 5905 3018 5961 super
3045 5897 3228 5945 terram
3258 5887 3278 5960 (
3303 5885 3496 5941 Coloss.
3523 5897 3618 5961 ιιι(
