4082 6470
545 377 686 440 1633

545 494 599 558 ιι,
627 493 706 564 2).
729 493 1072 550 Circumcisis
1095 493 1332 566 loquitur
1349 514 1364 550 .-
1383 496 1696 554 Resurrexit
1713 497 1976 570 Christus,
2005 501 2131 558 abs-

544 586 664 642 tulit
699 587 848 642 vobis
891 585 1154 644 desideria
1191 590 1458 658 carnalia,
1485 591 1701 649 abstulit
1747 595 2130 668 concupiscen-

545 681 644 736 tias
673 681 859 747 malas,
889 683 1109 738 abstulit
1135 683 1460 754 superﬂuum
1491 701 1612 742 cum
1653 705 1760 760 quo
1799 693 1906 746 nati
1948 691 2128 759 eratis,

544 783 598 830 et
633 775 803 830 multo
839 777 991 846 pejus
1035 777 1176 847 quod
1219 778 1358 834 inale
1389 780 1612 836 vivendo
1637 783 1992 852 ddideratis;
2021 787 2130 840 cir-

541 851 762 924 cumciSi
791 885 886 940 per
915 879 1116 940 petram
1159 887 1322 940 quare
1359 874 1533 930 adhuc
1573 878 1759 948 sapitis
1799 879 2035 934 terram?
2061 879 2131 936 Et

541 961 606 1016 ad
635 973 930 1020 extremum
959 967 1082 1035 quia
1111 966 1302 1037 Legem
1329 967 1476 1024 dedit
1501 969 1737 1042 Moyses,
1765 982 1819 1028 et
1853 974 2132 1029 circumci-

539 1055 666 1110 ditis
689 1055 960 1112 hominem
987 1057 1232 1126 sabbato,
1259 1059 1533 1131 intelligite
1555 1061 1657 1118 hoc
1681 1063 1965 1135 signiﬁcari
1995 1077 2129 1135 opus

539 1147 760 1214 bonum,
791 1149 934 1218 quod
973 1165 1070 1220 ego
1114 1150 1215 1206 feci
1247 1161 1413 1206 totum
1461 1153 1728 1210 hominem
1769 1157 1970 1212 salvum
2002 1159 2125 1214 sab-

538 1241 692 1308 bato;
715 1244 834 1311 quia
859 1251 913 1296 et
940 1251 1154 1298 curatus
1181 1253 1262 1299 est
1291 1253 1348 1298 ut
1375 1260 1537 1300 sanus
1557 1255 1700 1302 esset
1727 1246 1782 1302 in
1811 1261 2054 1318 corpore,
2071 1257 2127 1304 et

539 1335 762 1390 credidit
788 1345 842 1390 ut
869 1351 1034 1391 sanus
1053 1346 1196 1392 esset
1223 1338 1276 1392 in
1307 1339 1504 1394 anima.

610 1428 662 1481 6.
708 1427 884 1482 Nolite
912 1429 1142 1494 iudicare
1171 1433 1518 1500 personaliter,
1549 1432 1638 1486 sed
1662 1443 1854 1486 rectum
1872 1434 2126 1506 judicium

537 1521 778 1591 iudicate.
803 1521 938 1588 Quid
964 1531 1044 1576 est
1067 1522 1198 1576 hoc?
1221 1523 1376 1577 Modo
1397 1523 1486 1593 qui
1519 1537 1614 1594 per
1641 1525 1809 1595 legem
1837 1526 2000 1598 Moysi
2022 1528 2128 1584 clr-

537 1614 837 1668 cumciditis
867 1615 1108 1680 sabbato,
1135 1627 1242 1670 non
1265 1615 1553 1670 irascimini
1573 1617 1773 1689 Moysi;
1805 1629 1858 1674 et
1881 1621 2002 1690 quia
2021 1633 2124 1692 ego

536 1705 624 1760 die
669 1706 874 1762 sabbati
917 1705 1124 1760 salvum
1167 1706 1270 1762 feci
1311 1706 1602 1774 hominem,
1635 1709 1924 1766 irascimini
1969 1711 2120 1766 mihi.

535 1799 894 1854 Personalitcr
932 1799 1212 1868 iudicatis,
1242 1801 1522 1855 veritatem
1565 1802 1842 1860 attendite.
1873 1803 1986 1874 Ego
2015 1817 2146 1860 non

534 1905 622 1944 me
649 1889 880 1958 prtefero
910 1891 1099 1962 Moysi,
1133 1891 1211 1946 ait
1239 1893 1519 1957 Dominus,
1566 1894 1652 1963 qui
1703 1903 1818 1950 erat
1861 1905 1917 1950 et
1953 1895 2122 1966 ipsius

531 1983 698 2055 Moysi
731 1985 1004 2038 Dominus.
1041 1985 1130 2039 Sic
1157 1984 1414 2040 attendite
1449 1985 1718 2055 quomodo
1748 1987 1992 2042 homines
2021 1999 2121 2043 nos

531 2075 685 2142 duos,
725 2083 978 2145 tanquam
1019 2076 1206 2130 ambos
1247 2075 1492 2130 homines
1525 2093 1537 2130 :
1565 2075 1799 2146 judicate
1829 2078 1969 2134 inter
1995 2091 2114 2146 nos,

531 2169 628 2224 sed
657 2183 838 2224 verum
867 2169 1124 2240 judicium
1153 2167 1415 2238 judicate;
1447 2169 1609 2223 nolite
1641 2183 1724 2224 me
1759 2171 2019 2226 honorato
2049 2171 2117 2226 il-

529 2259 638 2315 lum
669 2261 945 2326 damnare,
983 2261 1076 2316 sed
1123 2261 1214 2316 illo
1255 2260 1529 2316 intellecto
1565 2273 1654 2316 me
1693 2263 1970 2316 honorate.
2005 2263 2118 2318 Hoc

527 2354 670 2408 enim
700 2354 778 2409 eis
803 2355 908 2408 alio
932 2355 1048 2408 loco
1073 2353 1241 2408 dixit:
1263 2353 1326 2409 Si
1349 2353 1614 2408 crederetis
1637 2353 1826 2424 Moysi,
1849 2356 2115 2410 crederetis

525 2445 697 2513 utique
719 2455 768 2498 et
797 2444 952 2508 mihi;
981 2446 1043 2499 de
1067 2461 1145 2498 me
1175 2445 1306 2498 enim
1333 2445 1420 2498 ille
1445 2446 1647 2515 scripsit
1677 2444 1870 2515 (Icari.
1895 2461 1952 2513 v,
1979 2447 2048 2502 ιϐ
2069 2448 2112 2518 ).

528 2534 634 2590 Sed
659 2535 758 2590 hoc
789 2537 907 2590 loco
933 2537 1101 2590 noluit
1127 2536 1230 2592 hoc
1257 2536 1458 2604 dicere,
1483 2545 1732 2606 tanquam
1763 2553 1824 2592 se
1849 2547 1902 2594 et
1933 2539 2114 2610 Moyse

524 2635 648 2681 ante
675 2627 794 2682 illos
825 2627 1145 2682 constitutis.
1175 2627 1401 2697 Propter
1427 2629 1594 2698 legem
1625 2628 1794 2700 Moysi
1829 2631 2112 2686 circumci-

525 2717 671 2783 ditis,
699 2718 914 2787 quando
933 2719 1092 2774 etiam
1123 2718 1396 2774 sabbatum
1421 2720 1746 2785 occurrerit;
1771 2729 1828 2776 et
1849 2737 1948 2792 ego
1969 2723 2113 2778 sartio

515 2802 692 2864 ’tatum
727 2809 1086 2866 faciendarum
1113 2810 1515 2866 beneﬁcentiam
1541 2827 1646 2866 non
1673 2813 1834 2868 vultis
1871 2821 1930 2868 ut
1955 2815 2109 2870 exhi-

521 2901 678 2959 beam
710 2917 805 2974 per
835 2903 1147 2958 sabbatum?
1167 2903 1298 2971 Quia
1333 2905 1582 2959 Dominus
1610 2905 2028 2960 circumcisionis
2053 2915 2110 2962 et

519 2996 778 3052 Dominus
805 2997 1029 3064 sabbati,
1059 2997 1248 3052 salutis
1272 3005 1354 3052 est
1377 3007 1601 3052 auctor:
1633 3007 1684 3054 et
1707 3000 1918 3054 servilia
1945 3013 2107 3070 opera

521 3089 776 3158 prohibiti
803 3089 934 3143 estis
957 3089 1131 3144 facere
1161 3089 1412 3156 sabbato;
1435 3091 1481 3144 si
1515 3107 1640 3146 vere
1670 3092 1972 3162 intelligetis
1993 3105 2108 3148 ser-

520 3183 646 3236 vilia
669 3195 854 3252 opera,
893 3197 998 3236 non
1041 3182 1290 3251 peccatis.
1323 3183 1424 3250 Qui
1455 3185 1598 3238 enim
1643 3185 1768 3240 facit
1805 3195 2100 3256 peccatum,

517 3289 706 3331 servus
727 3285 809 3330 est
829 3277 1030 3344 peccati
1053 3275 1166 3346 (Id.
1189 3291 1300 3344 vui,
1325 3277 1437 3347 34).
1461 3277 1725 3346 Numquid
1753 3280 1948 3334 servile
1969 3295 2104 3350 opus

517 3377 620 3434 est,
668 3367 938 3422 hominem
985 3385 1174 3424 sanare
1211 3385 1308 3440 per
1342 3370 1650 3425 sabbatum?
1689 3371 2015 3428 Manducatis
2049 3383 2104 3430 et

514 3457 696 3513 bibitis
720 3459 802 3532 (ut
823 3459 1020 3530 aliquid
1039 3461 1210 3514 dicam
1233 3473 1298 3514 ex
1319 3461 1681 3518 admonitione
1697 3463 1910 3518 Domini
1935 3468 2100 3520 nostri

515 3550 642 3607 Jcsu
671 3549 888 3618 Christi,
914 3563 968 3606 et
995 3569 1058 3607 ex
1088 3553 1262 3608 verbis
1290 3555 1450 3624 ejus);
1478 3556 1658 3624 utique
1685 3571 1850 3626 quare
1873 3559 2100 3613 mandu-

517 3645 650 3700 cetis
675 3653 728 3699 et
755 3645 935 3700 bibitis
964 3647 1013 3700 in
1041 3647 1284 3712 sabbato,
1310 3649 1412 3702 nisi
1443 3649 1564 3717 quia
1591 3651 1821 3718 pertinet
1857 3653 1924 3708 ad
1955 3654 2098 3708 salu-

514 3747 622 3795 tem
649 3739 790 3808 quod
823 3739 1026 3794 facitis?
1051 3740 1152 3794 Per
1173 3740 1276 3794 hoc
1297 3740 1579 3794 ostenditis
1599 3756 1760 3810 opera
1785 3744 1974 3800 salutis
1993 3759 2096 3800 non

513 3846 632 3886 esse
657 3832 767 3886 ullo
789 3831 947 3886 modo
963 3831 1050 3886 die
1075 3831 1284 3886 sabbati
1303 3832 1616 3887 omittenda.
1639 3833 1780 3904 Ergo
1805 3837 1960 3890 nolite
1985 3853 2098 3906 per-

511 3925 750 3976 sonat'iter
772 3924 1024 3992 judicare,
1049 3923 1137 3976 sed
1159 3933 1349 3976 rectum
1367 3923 1620 3992 judicium
1640 3925 1884 3994 judicate.
1911 3927 2100 3982 Atten-

511 4013 620 4068 ditc
657 4029 745 4066 me
785 4013 1052 4082 quomodo
1095 4013 1386 4078 hominem,
1431 4013 1687 4068 attendite
1715 4015 1929 4086 Moysen
1957 4033 2094 4088 quo-

508 4105 668 4159 modo
713 4105 1029 4160 hominem:
1061 4105 1106 4160 si
1157 4105 1444 4158 secundum
1497 4107 1772 4160 veritatem
1823 4108 2090 4176 iudicetis,

507 4211 679 4266 neque
711 4196 945 4264 Moysen,
979 4210 1150 4264 neque
1183 4211 1269 4248 me
1295 4195 1752 4262 condemuabitis;
1786 4207 1838 4252 et
1871 4201 2093 4256 veritate

507 4289 714 4357 cognita
753 4303 842 4343 me
874 4288 1241 4358 cognoscetis,
1269 4288 1392 4358 quia
1431 4303 1532 4358 ego
1569 4301 1684 4344 sum
1725 4291 1921 4346 veritas
1955 4291 2088 4364 (Id.

504 4395 611 4446 xxv,
639 4379 717 4450 6).

575 4473 630 4528 7.
671 4473 787 4528 Hoc
809 4473 1015 4539 vitium,
1049 4471 1238 4528 fratres
1257 4513 1272 4536 ,
1303 4473 1444 4544 quod
1479 4474 1734 4530 Dominus
1761 4478 1962 4533 notavit
1991 4479 2092 4536 hoc

413 4543 430 4562 ’
505 4565 652 4628 loco,
685 4565 911 4620 evndem
951 4565 1002 4619 in
1036 4565 1138 4620 hoc
1167 4566 1361 4619 saeculo
1387 4567 1560 4637 magni
1601 4567 1799 4621 laboris
1835 4579 1950 4637 est,
1981 4587 2088 4628 non

505 4655 856 4726 personaliter
879 4655 1146 4724 judicare,
1181 4655 1274 4710 sed
1305 4666 1506 4712 rectum
1544 4658 1802 4728 judicium
1833 4663 2083 4720 retinere.

503 4749 798 4804 Admonuit
835 4749 1048 4818 quidem
1090 4751 1346 4806 Dominus
1387 4751 1620 4820 .ludtnos,
1655 4755 1749 4809 sed
1789 4757 1996 4814 monuit
2029 4769 2087 4814 et

503 4857 600 4896 nos
623 4860 637 4896 :
662 4841 784 4897 illos
811 4843 1060 4910 convicit,
1085 4857 1186 4898 nos
1212 4843 1493 4910 insumit;
1525 4847 1642 4902 illos
1667 4847 1956 4918 redarguit,
1987 4863 2085 4908 nos

501 4937 730 4992 exacuit.
755 4936 868 4991 Non
893 4945 1137 5006 putemus
1159 4937 1258 4992 hoc
1279 4937 1432 4992 nobis
1451 4953 1557 4993 non
1583 4939 1703 4994 ideo
1721 4941 1943 5010 dictum,
1963 4945 2084 5014 quia

500 5039 626 5086 tunc
655 5032 728 5086 ibi
759 5045 864 5086 non
901 5030 1114 5086 fuimus.
1137 5031 1403 5102 Scriptum
1433 5041 1536 5098 est,
1563 5031 1772 5102 legitur,
1793 5049 1916 5090 cum
1943 5039 2083 5093 reci-

499 5132 701 5177 teretur
725 5123 1051 5189 audivimus;
1079 5119 1174 5177 sed
1203 5130 1450 5194 tanquam
1477 5123 1674 5180 iudicis
1699 5125 1898 5182 dictum
1927 5129 2080 5184 ntidi-

497 5215 702 5269 vimus:
725 5231 830 5270 non
855 5231 952 5271 nos
973 5229 1232 5288 ponamus
1253 5227 1372 5286 post
1393 5231 1512 5284 nos,
1533 5227 1587 5272 et
1605 5219 1756 5288 quasi
1781 5221 2084 5277 intueamur

498 5305 744 5362 inimicos
783 5309 1201 5378 reprehendere,
1227 5317 1284 5364 et
1311 5310 1412 5378 ipsi
1439 5323 1538 5364 nos
1569 5310 1827 5366 faciamus
1853 5313 1995 5383 quod
2025 5315 2080 5369 in

499 5399 655 5452 nobis
681 5399 878 5454 veritas
905 5401 1017 5470 ipsa
1048 5399 1420 5470 reprehendat.
1455 5401 1622 5456 .ludtei
1649 5403 1862 5473 quidem
1893 5419 2080 5474 perso-

495 5491 687 5546 naliter
722 5490 1045 5562 judicabant,
1069 5493 1162 5550 sed
1199 5495 1316 5550 ideo
1339 5507 1449 5548 non
1479 5497 1745 5566 pertinent
1782 5495 1846 5551 ad
1873 5498 2078 5555 Novum

497 5583 917 5656 Testamentum,
957 5587 1080 5642 ideo
1119 5603 1228 5642 non
1273 5588 1472 5644 habent
1511 5591 1564 5644 in
1605 5591 1818 5647 Christo
1853 5607 2075 5664 regnum

493 5676 786 5743 caelorum,
837 5675 958 5732 ideo
1003 5695 1106 5733 non
1152 5681 1444 5752 junguntur
1479 5693 1788 5738 sanctorum
1839 5687 2076 5742 societati

499 5767 822 5836 Angelorum
868 5783 881 5820 :
925 5775 1134 5825 terrena
1183 5774 1495 5842 quint-ebant
1539 5789 1572 5830 a
1619 5775 1877 5845 Domino;
1933 5789 2076 5838 terra

486 5858 642 5932 'pnim
673 5858 1082 5930 promissionis,
1109 5863 1330 5922 victoria
1363 5867 1436 5922 ab
1473 5869 1730 5942 inimicis,
1777 5877 2074 5940 feriundum

1465 381 1534 442 IN
1569 381 1846 444 JOANNIS
1881 383 2345 462 EVANGELIUM,
2385 393 2448 452 S.
2483 393 2850 457 AUGUSTINI

2239 509 2500 578 pariendi,
2523 515 2892 586 multiplicatio
2911 517 3157 590 ﬁliorum,
3179 523 3500 584 abundantia
3525 529 3820 606 fructuum,

2239 615 2356 670 quae
2383 602 2488 660 illis
2513 608 2691 662 omnia
2715 624 2744 662 a
2771 610 2880 666 Deo
2905 613 3122 682 quidem
3147 632 3274 672 vero
3295 629 3352 674 et
3377 620 3541 692 bono,
3566 633 3745 684 tamen
3765 602 3822 690 ut

2237 698 2541 754 carnalibus
2581 704 2836 771 promissa
2877 717 3028 774 sunt,
3063 713 3242 767 omnia
3281 711 3397 770 haec
3437 716 3678 776 fecerunt
3715 722 3823 780 illis

2239 787 2402 845 Vetus
2429 792 2847 852 Testamentum.
2875 800 3014 867 Quid
3049 813 3134 858 est
3179 805 3340 864 Vetus
3379 809 3823 872 Testamentum?

2237 881 2394 949 Quasi
2427 883 2708 942 ltmreditas
2733 892 3002 958 pertinens
3027 893 3098 950 ad
3125 896 3394 956 hominem
3426 911 3684 962 veterem.
3709 909 3823 966 Nos

2237 972 2475 1030 innovati
2503 991 2710 1044 sumus,
2735 979 2898 1036 homo
2923 999 3089 1040 novus
3117 985 3238 1042 facti
3265 1004 3478 1058 sumus;
3505 997 3627 1066 quia
3653 1007 3708 1054 et
3733 1001 3822 1056 ille

2235 1062 2396 1120 homo
2435 1083 2604 1124 novus
2645 1073 2806 1128 venit.
2841 1073 2978 1141 Quid
3009 1085 3113 1132 tam
3141 1095 3335 1138 novum
3373 1062 3540 1152 quam
3567 1090 3711 1144 nasci
3751 1092 3822 1146 de

2234 1156 2476 1226 virgine?
2503 1159 2636 1227 Quia
2665 1179 2794 1234 ergo
2825 1181 2930 1222 non
2967 1177 3083 1224 erat
3109 1170 3236 1240 quid
3269 1173 3284 1204 ι
3311 1173 3364 1228 in
3405 1175 3498 1232 illo
3539 1177 3822 1240 iunovaret

2233 1259 2586 1320 praeceptum,
2629 1257 2752 1324 quia
2795 1259 2996 1315 nullum
3037 1262 3270 1320 habebat
3306 1279 3614 1338 itumitum;
3645 1289 3824 1330 novus

2233 1349 2416 1410 partus
2443 1353 2530 1400 est
2555 1345 2728 1402 datus.
2757 1349 2814 1404 in
2845 1351 2934 1406 illo
2963 1363 3144 1422 partus
3167 1371 3360 1425 novus,
3391 1360 3445 1416 in
3477 1363 3629 1420 nobis
3653 1365 3822 1424 homo

2233 1447 2421 1490 novus.
2444 1436 2583 1504 Quid
2609 1447 2693 1494 est
2723 1441 2882 1497 homo
2911 1447 3118 1501 novus?
3145 1449 3186 1502 Δ
3216 1459 3481 1510 vetustate
3507 1457 3816 1516 innovatus.

2231 1527 2312 1582 Ad
2351 1543 2510 1599 quam
2557 1543 2672 1588 rem
2719 1537 3039 1592 innovatus?
3061 1540 3146 1596 Ad
3173 1541 3524 1602 desideranda
3551 1552 3816 1622 celestis,

2231 1619 2296 1674 ad
2323 1625 2750 1693 concupiscenda
2767 1629 3114 1700 sempiterna,
3133 1634 3200 1690 ad
3220 1637 3444 1706 patriam
3459 1655 3580 1711 qua
3597 1619 3814 1704 sursum

2231 1723 2312 1767 est
2337 1723 2390 1769 et
2415 1715 2624 1773 hostem
2654 1735 2760 1774 non
2791 1722 2961 1790 timet,
2987 1725 3414 1795 desiderandam,
3437 1734 3524 1787 ubi
3551 1751 3656 1792 non
3685 1753 3814 1808 per.

2229 1804 2405 1864 dimus
2431 1810 2682 1878 amicum,
2715 1827 2822 1868 non
2855 1814 3102 1872 timemus
3131 1820 3440 1892 inimicum;
3469 1825 3558 1884 ubi
3584 1804 3814 1887 vivimus

2227 1911 2348 1952 cum
2377 1902 2520 1958 bono
2541 1903 2760 1972 affectu,
2781 1906 2898 1963 sine
2926 1909 3035 1964 ullo
3057 1911 3302 1980 defectu;
3333 1918 3420 1974 ubi
3451 1935 3607 1976 nemo
3633 1925 3814 1980 nasci-

2229 1996 2332 2054 tur,
2361 1993 2487 2062 quia
2517 2007 2675 2050 nemo
2717 2001 2978 2068 moritur;
3021 2003 3108 2058 ubi
3147 2021 3308 2062 nemo
3347 2009 3458 2080 jam
3497 2013 3722 2082 proﬁcit,
3755 2027 3814 2074 ot

2225 2098 2386 2140 nemo
2409 2085 2620 2154 deﬁcit;
2649 2091 2736 2144 ubi
2765 2108 2870 2147 non
2899 2097 3150 2164 esuritor,
3173 2110 3228 2154 et
3253 2117 3358 2156 non
3379 2105 3578 2174 nititur,
3605 2109 3700 2164 sed
3723 2125 3812 2164 sa-

2225 2174 2383 2229 tietas
2409 2187 2494 2232 est
2523 2179 2916 2250 immortalitas,
2943 2196 2998 2240 et
3025 2187 3178 2244 cibus
3203 2193 3416 2250 veritas.
3447 2195 3574 2252 llam
3599 2197 3812 2257 haben-

2225 2277 2305 2324 tes
2331 2273 2613 2340 promissa,
2635 2284 2690 2330 et
2715 2276 2782 2331 ad
2807 2277 3010 2334 Novum
3033 2281 3429 2343 Testamentum
3456 2293 3808 2360 pertinentes,

2223 2373 2276 2418 et
2305 2380 2458 2420 novin
2485 2367 2816 2426 luereditatis
2853 2371 2976 2428 iacti
3013 2373 3256 2434 hiarest
3275 2421 3288 2446 ,
3317 2391 3374 2436 et
3401 2384 3564 2453 ipsius
3593 2385 3808 2444 Domini

2221 2457 2548 2526 collati-edes,
2573 2462 2729 2518 aliam
2753 2479 2902 2536 spem
2925 2467 3077 2524 valde
3101 2469 3360 2528 habemM
3383 2493 3395 2529 :
3419 2491 3528 2533 non
3551 2495 3812 2549 persona-

2220 2551 2341 2606 liter
2364 2553 2687 2624 iudicemus,
2715 2560 2808 2615 sed
2837 2571 3040 2618 uectum
3064 2565 3320 2635 judicium
3345 2579 3642 2631 teneamus.

2289 2646 2344 2700 8.
2367 2647 2497 2712 Quis
2521 2657 2606 2704 est
2631 2651 2720 2722 qui
2753 2665 2860 2708 non
2882 2653 3084 2724 iudicat
3105 2659 3492 2728 personaliter?
3511 2667 3612 2735 Qui
3631 2667 3810 2742 diligit

2218 2739 2510 2808 aequaliter.
2535 2742 2759 2797 Dllectio
2793 2746 3013 2815 aqualis
3039 2748 3165 2804 facit
3189 2765 3294 2806 non
3321 2760 3588 2826 accepturi
3615 2739 3804 2830 perso-

2217 2843 2334 2883 nas.
2363 2831 2478 2886 Non
2507 2847 2628 2887 cum
2659 2834 2905 2892 homines
2925 2839 3141 2896 diverso
3165 2844 3326 2900 modo
3353 2861 3452 2918 pro
3473 2851 3589 2907 suis
3619 2855 3808 2923 gradi-

2215 2919 2318 2976 bus
2343 2923 2689 2992 honoramus,
2717 2937 2846 2984 tunc
2867 2930 3162 2989 timendum
3185 2943 3274 2991 est
3289 2951 3360 2993 ne
3379 2919 3804 3009 permanserit-

2213 3013 2442 3084 piamus.
2483 3015 2590 3073 Sed
2643 3019 2854 3089 quando
2905 3023 3046 3078 inter
3087 3025 3224 3082 duos
3259 3029 3588 3104 judicatus,
3615 3047 3674 3093 et
3699 3039 3806 3094 ali-

2213 3107 2427 3174 quando
2457 3109 2598 3164 inter
2621 3114 2982 3182 necessarios,
3023 3115 3086 3171 ﬁt
3119 3129 3496 3193 nonnunquam
3537 3127 3808 3197 judicium

2213 3197 2354 3253 inter
2382 3211 2586 3268 patrem
2615 3211 2670 3258 et
2705 3203 2902 3274 ﬁlium;
2929 3212 3175 3281 queritur
3215 3223 3369 3286 pater
3391 3217 3463 3274 de
3491 3221 3632 3275 malo
3659 3221 3803 3293 ﬁlio,

2211 3301 2300 3344 aut
2325 3293 2568 3360 queritur
2607 3295 2750 3353 ﬁlius
2775 3295 2846 3354 de
2871 3301 3010 3358 duro
3037 3313 3190 3374 patre
3219 3325 3232 3361 :
3265 3319 3548 3367 serviamus
3575 3311 3808 3370 honori-

2211 3381 2478 3476 licentiam
2521 3389 2694 3456 patri,
2730 3405 2850 3460 quin
2887 3393 3115 3452 debetur
3153 3413 3181 3451 a
3222 3399 3360 3466 ﬁlio;
3387 3417 3496 3458 non
3525 3417 3810 3476 aquatum

2209 3474 2376 3531 ﬁlium
2417 3481 2556 3548 patri
2599 3481 2648 3536 in
2695 3482 2930 3552 honore;
2975 3489 3070 3544 sed
3111 3495 3492 3562 pmponimtrs,
3521 3474 3802 3558 sibonam

2208 3583 2424 3625 cattsam
2455 3573 2617 3628 habet
2639 3591 2653 3628 :
2679 3575 2846 3631 lilium
2883 3593 3160 3650 aequemus
3191 3586 3324 3654 patri
3361 3587 3416 3642 in
3453 3590 3710 3660 veritate;
3745 3603 3804 3650 et

2209 3664 2286 3718 sic
2315 3665 2611 3723 tribuemus
2635 3668 2894 3726 honorem
2917 3671 3176 3744 debitum,
3201 3686 3259 3732 ut
3283 3689 3392 3734 non
3421 3681 3608 3750 perdat
3629 3687 3806 3755 tuqui-

2211 3765 2291 3811 tas
2321 3759 2594 3814 meritum.
2619 3761 2692 3816 lta
2717 3763 2894 3819 verbis
2915 3765 3124 3822 Domini
3154 3769 3482 3842 proﬁcimus,
3505 3783 3566 3831 et
3583 3783 3644 3832 ut
3663 3789 3802 3848 pro-

2207 3847 2448 3907 ﬁciamus
2469 3849 2639 3922 gratia
2667 3853 2808 3910 illius
2829 3857 3163 3928 adjuvamur.

2667 3965 3080 4032 TRAC'I‘ATUS
3131 3973 3322 4035 XXXI.

2203 4078 2279 4132 Ab
2303 4095 2388 4172 ’ρο
2441 4081 2572 4172 loco,
2618 4081 2873 4141 Dicebant
2914 4104 3040 4158 ergo
3079 4091 3292 4162 quidam
3329 4111 3393 4150 ex
3419 4095 3794 4172 Jerosolymis,

2273 4167 2458 4226 Nonne
2489 4171 2572 4228 hic
2611 4185 2690 4230 est
2729 4193 2887 4248 quem
2919 4181 3414 4250 qnaarebantludaci
3446 4167 3790 4264 interﬁcere;

2273 4277 2430 4334 usque
2458 4265 2526 4318 ad
2553 4265 2627 4334 id,
2648 4268 2910 4336 Qumretis
2935 4289 3041 4340 me,
3067 4286 3248 4332 etnon
3277 4279 3584 4350 invenietis;
3613 4295 3668 4340 et
3697 4288 3792 4344 ubi

2199 4401 2204 4410 .
2271 4367 2387 4410 sum
2408 4371 2626 4426 ego,vos
2643 4373 2747 4414 non
2769 4365 2991 4432 potestis
3007 4367 3210 4422 venire.
3234 4367 3359 4440 Cap.
3384 4387 3478 4441 vn,
3501 4371 3533 4445 ᾗ
3558 4416 3573 4430 .
3593 4373 3789 4436 25-36.

2271 4469 2322 4524 Ι.
2365 4467 2598 4526 Meminit
2628 4471 2869 4532 Charitas
2897 4490 3074 4536 vestra
3097 4483 3338 4550 pristinis
3365 4492 3704 4550 sermonibus
3731 4507 3794 4554 et

2197 4559 2394 4616 lectum
2437 4577 2558 4618 esse
2607 4564 2658 4618 in
2704 4565 3016 4638 Evangelio,
3053 4581 3110 4626 et
3143 4589 3174 4628 a
3213 4576 3368 4634 nobis
3415 4589 3473 4636 ut
3515 4586 3794 4652 potuimus

2194 4651 2552 4722 disputatum,
2589 4657 2730 4726 quod
2761 4659 3018 4717 Dominus
3052 4664 3208 4722 Iesus
3243 4670 3366 4726 ideo
3393 4651 3536 4730 velut
3571 4682 3790 4740 comite

2193 4743 2434 4798 ascendit
2453 4745 2522 4800 ad
2545 4745 2686 4802 diem
2713 4748 2926 4818 festum,
2949 4769 3058 4810 non
3081 4759 3205 4827 quia
3233 4761 3450 4820 timebat
3475 4783 3544 4824 ne
3569 4779 3790 4832 tenere-

2193 4845 2298 4902 tur,
2323 4837 2474 4907 cujus
2503 4849 2734 4909 potestas
2761 4855 2878 4900 erat
2903 4862 2974 4904 ne
2999 4858 3298 4920 teneretur;
3315 4855 3413 4912 sed
3435 4869 3492 4914 ut
3511 4862 3790 4932 signiﬁca-

2191 4939 2272 4986 ret
2301 4934 2462 4988 etiam
2491 4935 2541 4988 in
2569 4935 2684 5005 ipso
2703 4937 2794 4996 die
2818 4939 2956 4998 festo
2982 4945 3074 5016 qui
3097 4947 3470 5008 celebrabatur
3495 4971 3528 5009 a
3553 4955 3784 5030 Judacis,

2189 5039 2249 5079 se
2276 5027 2552 5092 occultari,
2579 5039 2636 5084 et
2661 5043 2816 5088 suum
2841 5049 2964 5092 esse
2991 5041 3303 5110 mysterium
3327 5061 3342 5100 :
3363 5044 3618 5106 hodierna
3645 5027 3788 5126 ergo

2191 5115 2424 5214 lectione
2447 5125 2696 5190 apparuit
2719 5135 2978 5196 potestas,
3013 5147 3134 5200 qua:
3166 5137 3447 5204 putabatur
3471 5115 3740 5200 timiditas
3763 5167 3780 5214 ;

2186 5209 2504 5280 loquebatur
2533 5216 2674 5270 enim
2703 5221 2878 5288 palam
2905 5223 2958 5276 in
2983 5223 3072 5279 die
3093 5225 3254 5296 festo,
3279 5230 3354 5286 ita
3377 5241 3432 5286 ut
3453 5209 3788 5294 mirarentur

2187 5301 2376 5368 turbae,
2407 5314 2462 5358 et
2487 5304 2727 5364 dicerent
2753 5311 2892 5380 quod
2917 5313 3238 5386 audivimus
3263 5333 3392 5376 cum
3427 5324 3591 5382 lectio
3629 5327 3790 5400 lege»

2185 5405 2351 5464 retur,
2389 5395 2578 5452 Nonne
2618 5402 2699 5455 hic
2741 5413 2814 5457 est
2853 5421 3002 5476 quem
3041 5412 3329 5480 quaerebant
3369 5395 3786 5488 interﬁcerefEt

2185 5503 2295 5542 ecce
2315 5487 2490 5559 palam
2531 5493 2772 5563 loquitur,
2799 5505 2846 5552 et
2871 5497 3003 5580 nihil
3037 5499 3119 5558 illi
3157 5503 3332 5562 dicunt
3349 5527 3368 5564 .'
3387 5487 3636 5582 numquid
3661 5531 3784 5574 nera

2184 5595 2520 5653 cognoverunt
2551 5589 2804 5660 principes
2827 5595 2946 5663 quia
2971 5595 3052 5650 hic
3080 5607 3154 5653 est
3173 5599 3442 5660 Chiam?
3465 5606 3568 5674 Qui
3593 5619 3780 5664 nom-

2185 5687 2304 5732 rant
2321 5695 2424 5750 qua
2447 5683 2650 5739 saavitia
2675 5687 3030 5756 quaerebatur,
3055 5693 3384 5752 mirabantur
3405 5715 3507 5768 qua
3527 5701 3778 5769 potentia

2181 5779 2290 5828 non
2321 5772 2621 5830 tenebatur.
2647 5777 2848 5834 Deinde
2883 5791 2990 5836 non
3027 5783 3186 5856 plene
3219 5787 3577 5862 iutelligeutes
3617 5791 3776 5851 illiut

2246 5890 3167 5960 ιωιιικωῃναιοτησα.
3243 5905 3298 5951 IL
