4118 6486
279 473 416 530 ιϐῢῚ

277 585 596 655 (metutam,
612 582 928 649 putaverunt.
946 573 1237 644 principum
1263 587 1380 626 esse
1406 572 1703 636 scientiam,
1719 567 1858 638 quod

271 680 375 748 Ipsi
420 684 783 744 cognoverant
826 671 1071 725 eumdem
1116 684 1234 722 esse
1273 666 1576 722 Christum:
1607 664 1725 718 idco
1772 677 1861 731 pe-

270 786 456 840 nsi-cer
471 781 565 823 unt
587 765 654 823 ei.
681 780 836 836 quem
861 773 1134 832 tantOpere
1156 759 1499 815 occidendum
1517 756 1856 826 quaesierunt.

345 863 380 913 E’.
448 857 650 914 Deinde
699 857 772 911 illi
828 857 925 925 ipsi
971 853 1109 923 apud
1153 853 1390 922 seipsos,
1442 849 1530 920 qui
1581 849 1856 912 dixerant,

277 953 366 1006 Nu
382 951 546 1020 etquid
583 955 919 1020 cognoverunt
949 946 1198 1016 principes
1227 943 1348 1013 quia
1381 942 1461 996 hic
1496 949 1566 994 est
1596 937 1862 994 Christus?

266 1045 522 1100 iecerunt
547 1043 645 1096 sibi
673 1041 1020 1112 quaestionem
1060 1052 1162 1106 qua
1209 1037 1288 1091 eis
1321 1033 1587 1088 videretur
1611 1046 1717 1086 non
1748 1031 1861 1100 ipse

262 1152 390 1192 esse
412 1135 658 1191 Christus
687 1152 700 1186 :
732 1127 1078 1201 adjungentes
1112 1127 1254 1184 enim
1281 1125 1544 1190 dixerunt,
1578 1123 1682 1179 Sed
1710 1124 1860 1176 istum

265 1232 505 1286 novimus
543 1229 677 1283 unde
720 1229 822 1291 sit;
852 1225 1082 1279 Christus
1125 1233 1290 1277 autem
1323 1239 1435 1276 cum
1471 1222 1687 1288 venerit,
1717 1235 1859 1274 nemo

263 1325 366 1377 sci!
390 1323 530 1376 unde
560 1324 642 1375 sit.
675 1320 800 1374 Ηφο
827 1319 1006 1388 opinio
1032 1317 1169 1387 apud
1191 1316 1401 1370 Judccos
1429 1315 1567 1369 unde
1593 1322 1710 1368 nata
1745 1313 1859 1368 fue-

264 1418 361 1484 rit,
393 1415 536 1486 quod
566 1415 796 1468 Christus
815 1430 931 1466 cum
951 1412 1158 1476 venerit,
1187 1428 1329 1464 nemo
1357 1410 1451 1464 scit
1481 1410 1613 1463 unde
1635 1411 1701 1462 sit
1727 1408 1859 1478 (non

263 1510 414 1563 enim
434 1507 664 1562 inaniter
682 1515 801 1560 nata
819 1505 945 1574 est);
965 1505 1009 1560 si
1025 1503 1424 1558 consideremus
1443 1502 1760 1571 Seripturas,
1781 1501 1860 1555 in-

264 1601 538 1663 venimus,
567 1601 780 1663 fratres,
802 1597 1050 1668 quoniam
1081 1603 1275 1650 sanet-.e
1301 1595 1586 1664 Scriptura:
1610 1594 1861 1648 dixerunt

264 1694 340 1747 de
384 1692 622 1756 Christo,
665 1690 901 1755 quoniam
932 1688 1212 1741 Nazartvus
1255 1687 1512 1741 vocabitur
1544 1686 1771 1758 (Matth.
1799 1701 1857 1753 tt,

262 1787 390 1854 9.5).
422 1786 565 1856 Ergo
595 1783 952 1854 prmdixernnt
978 1780 1115 1836 unde
1154 1781 1240 1835 sit.
1268 1781 1469 1834 Rursus
1497 1779 1538 1833 si
1569 1779 1738 1832 locum
1766 1789 1864 1832 na-

264 1879 500 1934 tivitatis
539 1877 656 1947 ejus
690 1889 1011 1945 quaeramus,
1053 1882 1298 1942 tanquam
1337 1871 1459 1926 inde
1493 1872 1562 1925 sit
1590 1870 1678 1924 ubi
1704 1878 1860 1924 nutus

263 1981 386 2038 est;
413 1987 513 2026 nec
543 1970 644 2024 hoc
680 1969 873 2024 latebat
900 1967 1112 2023 Judteos
1132 2009 1146 2032 ,
1178 1974 1392 2036 propter
1415 1964 1714 2033 Scripturas
1741 1978 1859 2034 qua:

264 2064 373 2118 ista
402 2061 780 2131 przedixerant.
804 2059 934 2113 Nam
959 2073 1080 2112 cum
1104 2073 1225 2112 eum
1249 2056 1362 2110 visa
1390 2055 1540 2109 stella
1565 2054 1695 2124 Magi
1717 2070 1860 2123 qure-

266 2163 462 2213 rercnt
507 2151 750 2218 adorare,
786 2159 1046 2207 venerunt
1089 2149 1154 2204 ad
1197 2147 1479 2212 Herodem,
1519 2155 1577 2201 et
1614 2146 1863 2201 dixerunt

265 2248 403 2318 quid
436 2253 740 2316 quarrerent
762 2253 818 2299 et
838 2242 964 2313 quid
995 2241 1224 2296 vellent:
1249 2240 1336 2293 ille
1358 2249 1532 2294 autem
1555 2238 1859 2292 convocatis

265 2341 352 2394 eis
381 2337 476 2409 qui
517 2337 709 2407 Legem
748 2335 1006 2395 sciebant,
1037 2332 1278 2403 qtuesivit
1305 2331 1372 2385 ab
1398 2332 1476 2384 eis
1502 2330 1589 2384 ubi
1617 2329 1858 2384 Christus

269 2441 630 2488 nasceretur:
661 2430 733 2483 illi
759 2428 1024 2490 dixerunt,
1060 2425 1124 2479 In
1158 2424 1445 2478 Bethlehent
1479 2422 1743 2482 [adimet
1779 2432 1860 2477 te-

266 2528 594 2582 stimonium
621 2525 780 2578 etiam
805 2520 1166 2590 propheticum
1198 2517 1531 2586 protulerunt
1561 2515 1772 2586 (Matth.
1800 2530 1857 2579 ιι,

269 2617 418 2687 1-6).
451 2617 504 2673 Si
534 2632 660 2686 ergo
688 2613 968 2684 Propheta:
1009 2611 1361 2681 praédixcrant
1402 2619 1454 2663 et
1502 2609 1676 2662 locum
1720 2607 1860 2661 unde

268 2719 392 2765 erat
421 2710 575 2777 origo
602 2711 776 2762 carnis
802 2707 937 2775 ejus,
966 2716 1020 2758 et
1043 2705 1216 2758 locum
1247 2703 1332 2757 ubi
1362 2717 1482 2757 eum
1514 2703 1716 2772 peperit
1744 2715 1860 2754 ma-

273 2815 358 2860 ter
406 2803 557 2872 ejus;
593 2801 731 2855 unde
773 2810 894 2852 nata
921 2805 1021 2852 -est
1065 2798 1164 2850 ista
1208 2796 1389 2865 opinio
1439 2795 1576 2862 apud
1622 2793 1856 2859 JlldtBOS,

273 2909 439 2965 quam
471 2893 628 2948 modo
648 2892 962 2954 audivimus,
989 2890 1216 2944 Christus
1240 2904 1350 2942 cum
1371 2888 1572 2950 venerit,
1597 2897 1741 2941 nemo
1769 2887 1862 2940 scit

273 2989 418 3040 unde
446 2987 533 3051 sit,
570 2985 666 3039 nisi
704 2983 823 3052 quia
863 2991 1144 3051 utrumque
1185 2979 1598 3051 praedicaverunt
1638 2987 1691 3033 et
1729 2992 1863 3048 prte-

275 3079 657 3132 nuntiaverant
700 3074 1019 3144 Scriptum?
1063 3072 1360 3127 Secundum
1410 3070 1676 3124 hominem
1728 3085 1865 3138 prm-

276 3171 532 3224 dixerant
559 3168 845 3237 Scriptura;
870 3165 1011 3218 unde
1034 3171 1177 3218 esset
1202 3182 1213 3216 :
1235 3162 1524 3217 secundum
1549 3162 1712 3216 Deum
1743 3160 1863 3214 late-

275 3263 369 3317 bat
417 3264 634 3332 impios,
673 3271 728 3315 et
770 3259 1042 3330 quaerebat
1080 3257 1212 3328 pios.
1255 3256 1337 3311 Ad
1382 3256 1484 3310 hoc
1523 3255 1664 3309 enim
1692 3263 1748 3307 et
1777 3254 1863 3308 isti

275 3355 553 3420 dixerunt,
579 3353 805 3408 Christus
824 3368 937 3406 cum
959 3350 1164 3417 venerit,
1186 3365 1330 3403 nemo
1349 3348 1443 3401 scit
1466 3346 1599 3400 unde
1622 3347 1686 3400 sit
1704 3360 1723 3409 ;
1741 3346 1862 3415 quia

280 3448 422 3501 hanc
449 3447 561 3500 illis
584 3446 884 3514 opinionem
907 3451 1254 3512 generaVorat
1278 3438 1420 3510 quod
1447 3454 1540 3508 per
1566 3437 1750 3492 leniam
1779 3437 1864 3489 di-

279 3548 424 3594 ctum
452 3547 554 3602 est,
582 3535 958 3590 Generationem
986 3542 1152 3586 autem
1181 3533 1287 3600 qius
1310 3530 1418 3600 quis
1439 3528 1689 3583 enarrabit
1711 3527 1860 3597 (1εαί.

280 3646 394 3697 LIII,
413 3630 499 3700 8)?
519 3629 756 3697 Denique
773 3635 828 3682 et
846 3626 961 3696 ipse
981 3625 1238 3680 Dominus
1255 3622 1321 3676 ad
1345 3631 1624 3691 utrumque
1645 3635 1866 3689 respon-

280 3725 380 3787 dit,
404 3732 464 3778 et
485 3722 610 3792 quia
638 3726 895 3776 noverant
916 3732 1036 3773 eum
1065 3716 1205 3770 unde
1231 3722 1394 3781 esset,
1416 3723 1472 3769 et
1495 3714 1616 3783 quia
1643 3725 1749 3766 non
1775 3725 1864 3766 no-

281 3822 504 3879 verant;
533 3822 591 3867 ut
617 3820 957 3867 attestaretur
988 3809 1276 3880 prophetia;
1305 3814 1500 3861 sancta:
1529 3821 1645 3875 quae
1681 3805 1749 3860 de
1775 3804 1866 3858 illo

281 3918 412 3964 ante
441 3907 692 3978 praedicta
721 3914 826 3972 est,
849 3914 903 3960 et
921 3903 1213 3959 secundum
1239 3901 1621 3956 humanitatem
1645 3897 1866 3952 infirmi-

284 4001 429 4066 tatis,
458 4009 515 4056 et
540 3997 828 4054 secundum
857 3998 1186 4052 divinitatem
1212 3995 1526 4064 majestatis.

350 4094 407 4148 ὅ.
444 4090 776 4160 Auditeergo
789 4089 1020 4144 Verbum
1050 4088 1280 4153 Domini,
1309 4086 1515 4151 iratres,
1540 4086 1712 4141 videte
1731 4098 1860 4155 qne-

284 4185 627 4241 madmodsm
649 4183 980 4238 continuavit
999 4183 1078 4237 eis
1097 4191 1153 4236 et
1180 4181 1320 4252 quod
1341 4180 1610 4248 diseruut,
1645 4199 1663 4232 ι
1703 4181 1864 4235 Istum

285 4278 532 4332 novimus
571 4275 709 4330 unde
753 4275 856 4339 sit;
893 4291 912 4326 ›
961 4279 1014 4328 et
1051 4272 1196 4343 quod
1246 4272 1512 4339 dixerunt,
1571 4291 1591 4324 ί
1625 4272 1867 4326 Christus

284 4385 404 4424 cum
435 4369 673 4434 venerit,
705 4383 866 4422 nemo
894 4367 994 4423 scit
1019 4366 1159 4420 unde
1197 4366 1282 4420 sit.
1310 4365 1584 4419 Clamabat
1617 4379 1746 4435 ergo
1773 4365 1868 4418 do-

285 4477 415 4518 cens
449 4464 499 4515 in
526 4461 727 4531 templo
752 4460 906 4515 Jesus
940 4477 952 4513 :
985 4460 1048 4512 Et
1071 4475 1159 4513 inc
1190 4458 1354 4524 scitis,
1387 4466 1440 4512 et
1465 4458 1604 4512 unde
1631 4459 1732 4511 Sim
1759 4458 1866 4512 sci-

286 4554 388 4617 tis;
421 4561 527 4608 sta
556 4553 758 4621 σπείρω
779 4567 883 4605 non
914 4550 1071 4616 veni,
1095 4549 1190 4605 sed
1221 4557 1302 4604 est
1327 4563 1485 4604 verus
1521 4549 1611 4620 qui
1650 4563 1735 4603 me
1761 4550 1863 4603 mi-

285 4647 386 4712 sit,
417 4661 579 4714 quem
605 4660 702 4701 vos
725 4644 960 4699 nescitis.
1007 4662 1026 4694 ι
1061 4643 1172 4696 Hoc
1200 4652 1283 4697 est
1311 4643 1487 4697 dicere
1508 4683 1521 4707 ,
1554 4641 1620 4696 Et
1649 4657 1734 4696 me
1761 4643 1866 4696 sci-

285 4742 352 4797 tis
371 4783 392 4810 ,
423 4751 478 4798 et
502 4755 589 4796 me
625 4741 839 4796 nescitis
872 4756 884 4791 :
916 4739 1016 4792 hoc
1041 4747 1121 4793 est
1139 4738 1315 4792 dicere
1336 4779 1348 4803 ,
1383 4739 1452 4791 Et
1478 4737 1616 4791 unde
1643 4737 1738 4792 sim
1767 4737 1871 4792 sci-

286 4837 372 4900 tis,
394 4843 452 4889 et
474 4833 618 4888 unde
644 4835 743 4887 sim
771 4832 1007 4887 nescitis.
1036 4830 1188 4886 Unde
1208 4831 1306 4884 sim
1329 4831 1492 4895 scitis,
1522 4830 1675 4884 .iesus
1703 4846 1730 4884 a
1761 4829 1867 4884 Na.

286 4924 506 4992 lat-eth,
551 4925 704 4994 cujus
727 4925 889 4978 etiam
931 4931 1183 4992 pauentes
1227 4923 1417 4977 uoltis.
1463 4921 1618 4977 Solus
1643 4923 1783 4978 enim
1817 4924 1869 4978 in

288 5021 384 5075 hac
408 5034 572 5075 causa
595 5018 792 5074 latebat
818 5017 1036 5087 virginis
1059 5025 1258 5085 partus,
1283 5016 1366 5070 cui
1391 5025 1564 5071 tamen
1589 5017 1735 5071 testis
1757 5027 1871 5073 erat

290 5113 510 5168 maritus
535 5127 550 5167 :
573 5111 688 5181 ipse
712 5110 856 5165 enim
883 5109 985 5163 hoc
1008 5115 1212 5178 poterat
1233 5107 1460 5162 titleliter
1487 5108 1718 5162 indicare
1739 5151 1752 5174 ,
1780 5110 1868 5179 qui

289 5214 467 5273 posset
488 5187 800 5256 maritaliter
828 5207 882 5256 et
913 5200 1086 5255 uelare
1109 5200 1147 5253 ί.
1182 5198 1292 5252 Hoc
1313 5211 1440 5269 ergo
1462 5209 1684 5268 excepto
1708 5201 1870 5270 virgi-

290 5299 369 5352 nis
396 5306 573 5368 ρει-ω,
601 5305 768 5350 totum
808 5302 1066 5350 noverant
1091 5295 1148 5348 in
1171 5292 1298 5348 Jesu
1325 5291 1469 5363 quod
1508 5291 1572 5348 ad
1603 5293 1870 5348 hominem

291 5391 523 5458 pertinet
544 5405 564 5442 ς
589 5387 750 5442 fades
785 5386 951 5456 ipsius
995 5394 1117 5440 nota
1155 5393 1302 5451 erat,
1337 5384 1503 5456 patria
1549 5385 1711 5454 ipsius
1747 5393 1872 5440 nota

292 5492 423 5547 crat,
449 5494 622 5550 genus
638 5479 805 5549 ipsius
821 5491 1007 5534 nutum
1033 5479 1275 5550 erat,gubi
1303 5487 1458 5533 natus
1480 5487 1560 5533 est
1585 5478 1868 5533 sciebatur.

293 5573 456 5628 Recte
481 5587 610 5642 ergo
636 5572 805 5639 dixit,
833 5570 902 5625 Et
922 5587 1002 5625 me
1028 5571 1185 5625 nostis
1205 5613 1218 5636 ,
1241 5580 1286 5625 et
1314 5572 1447 5624 unde
1474 5571 1568 5624 sim
1587 5571 1721 5624 scitis
1745 5614 1758 5635 ,
1788 5585 1874 5626 se-

293 5665 524 5722 cundum
553 5680 770 5721 amem
813 5672 868 5719 et
905 5664 1130 5735 efﬁgiem
1163 5664 1390 5718 hominis
1419 5679 1574 5733 quam
1608 5663 1824 5733 gerebat
1854 5680 1870 5718 :

296 5759 589 5815 secundum
615 5764 794 5812 autem
823 5756 1180 5821 divinitatem,
1213 5755 1328 5808 Eta
1346 5772 1426 5810 me
1459 5756 1570 5826 ipso
1592 5771 1691 5809 non
1720 5755 1832 5810 veni
1853 5797 1869 5824 ,

357 5873 375 5933 ε
401 5873 474 5920 sic
495 5877 601 5919 uss.
633 5867 918 5933 medius
948 5876 1044 5933 Am.
1073 5875 1124 5919 et
1154 5863 1261 5916 ead.
1291 5873 1342 5919 At
1355 5871 1432 5916 Er.
1459 5875 1511 5919 et
1537 5874 1647 5919 ιον.
1671 5867 1872 5933 habent,

296 5932 377 6004 qui
401 5937 551 5999 potuit
576 5929 858 5982 maritaliter
877 5937 922 5981 et
945 5929 1118 5984 cetrae.

1373 455 1774 514 TRACTATUS
1810 453 2000 510 XXXI.
2041 454 2268 514 CAPUT
2306 457 2420 514 VII.

1967 569 2053 622 sed
2094 576 2164 623 est
2200 586 2341 625 verus
2371 573 2455 641 qui
2498 588 2576 626 me
2613 574 2782 641 niisit,
2805 589 2951 645 quem
2981 591 3067 630 vos
3095 577 3328 644 nescitis;
3356 581 3451 634 sed
3492 589 3549 636 ut

1966 675 2084 714 eum
2116 664 2292 719 sciatis
2313 706 2328 731 ,
2359 665 2558 721 credite
2585 667 2638 722 in
2675 683 2795 722 eum
2834 685 2990 738 quem
3021 671 3199 735 misit,
3243 680 3297 727 et
3340 674 3542 729 scietis.

1969 752 2133 807 Deum
2161 756 2299 810 enim
2327 773 2470 811 nemo
2507 760 2628 812 vidit
2656 777 2874 830 unquam
2893 801 2909 827 ,
2933 763 3030 817 nisi
3061 764 3344 835 unigenitus
3376 765 3546 822 Filius

1966 846 2050 915 qui
2077 856 2148 900 est
2167 847 2218 900 in
2245 848 2359 902 sinu
2388 848 2586 915 Patris,
2609 851 2715 921 ipse
2739 855 2988 907 enarravit
3016 831 3192 924 (Jahn.
3215 831 3266 921 t,
3290 857 3382 926 18)
3409 871 3421 912 :
3451 868 3504 911 ct
3523 899 3538 925 ,

1968 938 2172 994 Patrem
2201 958 2300 996 non
2325 945 2579 1014 cognoscit
2605 945 2700 1000 nisi
2727 945 2896 1003 Filius
2918 989 2934 1015 ,
2963 958 3010 1002 et
3032 951 3117 1003 cui
3139 951 3350 1006 voluerit
3377 951 3546 1007 Filius

1965 1035 2182 1088 revelare
2203 1035 2410 1106 (Matth.
2439 1053 2494 1092 XI
2510 1079 2526 1104 ,
2557 1039 2673 1110 27).

2034 1126 2086 1180 4.
2114 1127 2352 1198 Denique
2390 1144 2510 1186 cum
2555 1129 2810 1198 dixisset,
2859 1133 2964 1190 Sed
3006 1145 3080 1190 est
3107 1152 3253 1192 verus
3282 1139 3371 1210 qui
3407 1140 3543 1193 misit

1964 1236 2074 1285 me,
2099 1237 2242 1290 quem
2263 1237 2349 1276 vos
2367 1223 2568 1277 nescitis
2590 1241 2610 1290 ;
2638 1235 2693 1278 ut
2719 1226 3023 1282 ostenderet
3058 1229 3134 1284 eis
3158 1229 3300 1285 unde
3319 1242 3544 1301 possent

1965 1313 2102 1366 scire
2123 1313 2263 1382 quod
2287 1316 2609 1382 nesciebant,
2633 1317 2892 1386 subjecit,
2926 1317 3037 1390 Ego
3054 1321 3158 1374 scio
3184 1336 3316 1375 eum.
3348 1323 3487 1393 Ergo
3511 1337 3541 1378 a

1965 1417 2051 1457 me
2078 1405 2332 1472 quaerite,
2361 1415 2418 1460 ut
2447 1407 2624 1462 sciatis
2654 1423 2794 1462 eum.
2824 1408 2998 1476 Quare
3025 1418 3200 1466 autem
3235 1412 3542 1471 solocem?

1968 1492 2097 1559 Quia
2123 1494 2182 1548 ab
2207 1496 2317 1565 ipso
2335 1511 2446 1550 sitm
2464 1535 2481 1563 ,
2501 1507 2544 1552 et
2565 1500 2672 1568 ipse
2691 1516 2772 1552 me
2794 1501 2946 1554 misit.
2964 1501 3241 1571 Magniﬁce
3259 1512 3542 1573 utrumque

1965 1587 2293 1641 monstravit.
2322 1587 2396 1640 Ab
2425 1590 2536 1660 ipse
2557 1631 2572 1655 ,
2601 1590 2805 1659 inquit,
2832 1593 3121 1661 eumqui:
3149 1593 3314 1648 Filius
3342 1593 3410 1650 de
3438 1594 3542 1651 Pa.

1967 1687 2078 1744 tre,
2108 1687 2162 1733 et
2186 1680 2438 1750 quidquid
2467 1691 2550 1737 est
2587 1682 2786 1749 Filius,
2829 1684 2896 1738 de
2940 1685 3028 1738 illo
3053 1696 3134 1740 est
3160 1687 3312 1756 cujus
3345 1697 3428 1743 est
3455 1688 3542 1743 Fi-

1965 1769 2085 1823 lius.
2105 1770 2230 1824 ideo
2259 1772 2538 1827 Dominum
2563 1773 2742 1828 Iesum
2765 1775 2991 1831 dicimus
3019 1778 3182 1831 Deum
3203 1777 3271 1832 de
3292 1779 3422 1846 Deo;
3444 1779 3542 1835 Pa-

1964 1868 2100 1915 trem
2129 1877 2234 1916 non
2262 1862 2487 1918 dicimus
2513 1865 2678 1919 Deum
2703 1866 2772 1919 de
2803 1866 2942 1932 Deo,
2966 1867 3058 1922 sed
3091 1877 3296 1922 tantum
3334 1870 3539 1924 Deum:

1963 1959 2020 2008 et
2041 1953 2264 2008 dicimus
2293 1955 2572 2010 Dominum
2609 1956 2790 2011 Jesum
2819 1958 3017 2012 Lumen
3045 1958 3113 2014 de
3147 1960 3400 2026 Lumine;
3440 1961 3542 2016 Pa-

1966 2051 2098 2099 trem
2122 2061 2224 2098 non
2253 2046 2476 2100 dicimus
2503 2047 2700 2102 Ltnnen
2722 2048 2790 2103 de
2816 2049 3058 2112 Lumine,
3087 2051 3181 2104 sed
3207 2059 3406 2105 tantum
3432 2051 3542 2106 Lu-

1964 2153 2107 2192 men.
2132 2139 2212 2192 Ad
2243 2138 2342 2194 hoc
2368 2153 2494 2209 ergo
2520 2143 2781 2209 pertinet,
2805 2142 2943 2210 quod
2973 2143 3137 2206 dixit,
3165 2142 3242 2196 Ab
3269 2145 3379 2214 ipso
3408 2158 3538 2199 sm.

1964 2231 2116 2297 Quod
2155 2241 2328 2286 autetn
2364 2233 2555 2287 videtis
2581 2249 2666 2287 me
2711 2235 2761 2288 in
2791 2250 2983 2301 carne,
3011 2236 3117 2304 ipse
3138 2251 3217 2289 ins
3255 2234 3408 2290 misit.
3439 2236 3540 2292 Ubi

1964 2323 2136 2387 audis,
2167 2325 2277 2394 ipse
2302 2341 2378 2377 me
2392 2326 2556 2390 misit,
2591 2327 2697 2380 noli
2728 2327 3021 2395 intelligere
3051 2336 3251 2382 nutum
3268 2327 3543 2383 dissimili-

1966 2415 2201 2470 tudinem
2225 2455 2239 2478 ,
2265 2416 2356 2470 sed
2382 2418 2687 2485 generantis
2709 2419 3100 2473 auctoritatem.

2121 2507 2418 2572 Quaerebam
2447 2524 2564 2579 ergo
2592 2526 2709 2562 eum
2739 2511 3112 2579 apprehendere
3129 2551 3144 2578 ,
3177 2522 3223 2566 et
3245 2525 3386 2566 nam
3412 2513 3544 2568 misit

1965 2597 2016 2652 in
2046 2599 2192 2653 illum
2219 2615 2398 2653 manus
2417 2641 2431 2667 ,
2460 2601 2579 2669 quia
2618 2601 2842 2655 nonduin
2881 2614 3078 2656 venerat
3115 2605 3239 2657 hora
3264 2605 3376 2674 ejus
3402 2621 3422 2660 :
3445 2605 3545 2662 hoc

1966 2699 2048 2745 est
2067 2731 2080 2755 ,
2105 2692 2225 2760 quia
2248 2693 2476 2747 nolebat.
2504 2694 2639 2760 Quid
2666 2705 2745 2749 est
2765 2696 2926 2760 enim,
2955 2697 3178 2750 nondum
3194 2709 3395 2754 venerat
3421 2701 3544 2754 hora

1965 2786 2113 2854 ejus?
2138 2785 2250 2839 Non
2284 2789 2424 2842 enim
2455 2790 2708 2844 Dominus
2732 2791 2832 2846 sub
2856 2791 2965 2846 fato
2997 2802 3150 2848 natus
3175 2802 3277 2849 est.
3309 2795 3420 2850 Hoc
3447 2807 3544 2851 nec

1966 2876 2031 2931 dc
2059 2885 2112 2931 te
2137 2878 2458 2933 credendum
2497 2889 2579 2934 est
2600 2922 2614 2945 ,
2647 2881 2840 2935 nedum
2871 2882 2937 2936 de
2966 2881 3056 2937 illo
3091 2885 3107 2916 ⁸
3145 2899 3240 2956 per
3265 2899 3424 2956 quem
3463 2885 3542 2942 fa.

1965 2978 2081 3024 ctus
2100 2987 2176 3026 es.
2206 2971 2263 3026 Si
2287 2982 2371 3025 tua
2401 2972 2528 3026 hora
2552 2974 2793 3028 voluntas
2814 2981 2896 3029 est
2923 2975 3087 3039 illius;
3107 2976 3248 3032 illitis
3276 2977 3404 3031 horti
3425 2989 3543 3048 qua:

1965 3070 2064 3126 est,
2097 3063 2195 3116 nisi
2225 3063 2465 3116 voluntas
2490 3063 2626 3117 sua?
2654 3063 2765 3117 Non
2801 3079 2926 3133 ergo
2956 3065 3138 3120 horam
3167 3066 3299 3120 dixit
3319 3081 3421 3137 qua
3449 3079 3544 3122 eo»

1967 3162 2178 3221 geretur
2220 3152 2350 3206 mori
2377 3193 2392 3218 ,
2445 3151 2540 3207 sed
2591 3169 2693 3222 qua
2743 3153 3051 3222 dignaretur
3094 3156 3284 3210 occidi.
3315 3156 3544 3228 Tempus

1969 3243 2106 3296 enim
2158 3243 2496 3311 exspectabat
2544 3259 2648 3312 quo
2697 3254 3022 3310 moreretur,
3077 3247 3197 3316 quia
3245 3256 3303 3302 et
3339 3256 3545 3318 tempus

1967 3335 2294 3403 exspectavit
2322 3351 2426 3405 quo
2465 3346 2790 3414 nasceretur.
2816 3338 2893 3392 De
2918 3338 3020 3393 hoc
3054 3349 3292 3409 tempore
3316 3341 3545 3411 Aposto~

1967 3425 2050 3478 lus
2081 3425 2329 3494 loquens,
2361 3426 2434 3480 ait
2465 3444 2478 3480 :
2506 3427 2632 3480 Cum
2650 3420 2817 3481 autem
2841 3430 2969 3481 venit
2995 3431 3252 3499 plenitudo
3279 3433 3544 3502 temporis,

1968 3518 2102 3572 misit
2131 3518 2266 3571 Deus
2297 3518 2488 3572 Filium
2515 3536 2660 3573 suum
2683 3518 2875 3591 (Galat.
2907 3537 2984 3587 tv,
3017 3521 3091 3593 4).
3123 3523 3244 3577 Ideo
3272 3525 3424 3578 multi
3462 3525 3547 3580 dl-

1969 3620 2095 3665 cunt
2139 3630 2151 3666 :
2197 3612 2370 3677 Quare
2411 3628 2514 3667 non
2556 3622 2680 3668 ante
2710 3616 2853 3668 venit
2892 3615 3173 3670 Christus?
3216 3617 3418 3685 Quibus
3459 3627 3570 3674 rer

1969 3702 2335 3771 spondendum
2359 3711 2458 3769 est,
2479 3705 2601 3774 quia
2627 3705 2860 3760 nondum
2886 3711 3102 3761 venerat
3120 3708 3390 3776 plenitudo
3416 3715 3550 3764 tem-

1970 3795 2145 3864 poris,
2176 3795 2485 3850 moderante
2515 3794 2606 3850 illo
2631 3810 2726 3865 per
2765 3811 2918 3866 quem
2948 3797 3083 3852 facta
3108 3806 3233 3852 aunt
3263 3807 3499 3869 tempore
3530 3817 3544 3854 :

1970 3886 2173 3942 sciebat
2200 3887 2340 3942 enim
2371 3887 2584 3956 quando
2610 3889 2791 3942 venire
2819 3888 3057 3944 deberet.
3089 3890 3270 3946 Primo
3291 3903 3385 3961 per
3411 3887 3548 3947 mulo

1972 3983 2077 4031 tam
2108 3978 2299 4030 seriem
2333 3987 2628 4046 temporum
2655 3986 2709 4034 et
2736 3994 2995 4034 annorum
3026 3981 3394 4050 pradicendus
3413 3982 3545 4050 fuit;

1972 4083 2075 4122 non
2101 4069 2241 4122 enim
2286 4067 2482 4138 aliquid
2513 4085 2730 4138 parvum
2770 4079 3049 4125 venturum
3085 4071 3186 4126 fuit
3223 4086 3240 4127 ε
3271 4067 3360 4127 diu
3384 4073 3551 4130 fuerat

1973 4159 2338 4229 prrcdicendus
2360 4201 2376 4226 ,
2420 4176 2629 4230 semper
2655 4161 2936 4216 tenendus.
2963 4162 3172 4229 Quanto
3197 4165 3366 4233 major
3389 4164 3551 4236 judex

1971 4250 2233 4314 veniebat,
2267 4259 2411 4304 tanto
2440 4265 2743 4320 praeconum
2771 4253 2977 4322 longior
3001 4254 3168 4309 series
3191 4255 3548 4323 praecedebat.

1972 4344 2210 4413 Denique
2251 4343 2338 4396 ubi
2379 4344 2523 4397 venit
2564 4343 2836 4412 plenitudo
2872 4345 3162 4414 temporis,
3197 4347 3341 4399 venit
3383 4355 3440 4400 et
3463 4346 3553 4401 ille

1973 4433 2061 4503 qui
2088 4448 2183 4487 nos
2205 4433 2454 4488 liberaret
2477 4449 2506 4486 a
2535 4443 2790 4504 tempore.
2820 4433 3050 4488 Liberati
3069 4435 3212 4487 enim
3240 4449 3269 4487 a
3291 4444 3550 4506 tempore,

1972 4527 2179 4582 venturi
2207 4543 2392 4582 sumus
2415 4527 2482 4582 ad
2511 4528 2860 4583 mtcrnitatem
2893 4528 3057 4593 illam,
3083 4529 3170 4582 ubi
3197 4541 3300 4582 nou
3325 4537 3409 4583 est
3430 4538 3556 4584 tem-

1973 4635 2072 4690 pus
2105 4638 2117 4673 :
2151 4635 2248 4675 nec
2285 4619 2478 4674 dicitur
2517 4620 2586 4673 ibi
2609 4661 2625 4684 ,
2651 4619 2874 4685 Quando
2902 4622 3080 4674 veniet
3119 4621 3282 4686 hora;
3319 4620 3436 4676 dies
3470 4628 3556 4676 est

1974 4715 2114 4769 enim
2143 4713 2525 4782 sempiternus,
2554 4713 2643 4782 qui
2668 4728 2766 4767 nec
2796 4713 3115 4783 prmccditur
3143 4714 3391 4768 hesterno
3409 4752 3424 4780 ,
3455 4722 3555 4768 nec

1975 4806 2276 4862 excluditur
2317 4805 2570 4860 crastino.
2615 4805 2672 4859 In
2699 4805 2800 4860 hoc
2831 4812 3010 4860 autem
3050 4807 3245 4860 BiIBCUIO
3271 4806 3556 4860 volvuntur

1974 4900 2110 4964 dies,
2141 4907 2198 4954 et
2222 4899 2310 4953 alii
2342 4905 2637 4965 transeunt,
2661 4907 2716 4952 et
2743 4899 2831 4952 alii
2852 4899 3104 4965 veniunt;
3129 4899 3308 4952 nullus
3328 4903 3506 4952 manet
3536 4907 3551 4950 t

1976 5001 2029 5048 et
2053 5000 2321 5047 momenta
2346 4991 2539 5062 quibus
2581 4990 2868 5063 loquimur,
2891 4991 3121 5046 invicem
3151 5003 3209 5045 se
3247 4988 3553 5058 expellunt,

1977 5099 2077 5139 nec
2105 5093 2210 5139 stat
2231 5085 2396 5153 pritna
2427 5084 2628 5155 syllaba
2655 5125 2667 5145 ,
2702 5092 2759 5137 ut
2783 5099 2974 5139 sonare
3000 5085 3166 5154 possit
3191 5081 3444 5138 secunda.
3469 5081 3553 5137 Ex

1977 5192 2083 5247 quo
2102 5172 2370 5246 loquimur
2384 5175 2708 5243 aliquantum
2739 5176 3032 5239 sumimus,
3054 5183 3111 5230 et
3136 5175 3253 5229 sine
3273 5174 3381 5229 ulla
3400 5171 3555 5229 dubi-

1980 5268 2176 5322 tatione
2208 5265 2386 5320 senior
2409 5279 2526 5319 sum
2552 5265 2713 5319 modo
2743 5279 2900 5335 quam
2922 5277 3078 5320 mane
3104 5281 3120 5318 :
3142 5265 3212 5319 ita
3256 5265 3386 5320 nihil
3417 5274 3554 5331 stat,

1977 5358 2109 5414 nihil
2132 5357 2290 5412 ﬁxum
2319 5365 2498 5412 manet
2520 5357 2572 5411 in
2599 5365 2857 5428 tempore.
2886 5360 3080 5412 Amare
3098 5355 3276 5428 itaque
3299 5358 3556 5415 debemus

1979 5464 2072 5519 per
2086 5465 2242 5520 quem
2259 5447 2398 5504 facta
2422 5457 2547 5504 sunt
2575 5458 2829 5519 tempora,
2850 5457 2906 5503 ut
2925 5449 3210 5503 liberemur
3237 5461 3265 5505 a
3293 5456 3555 5520 tempore,

1979 5550 2034 5596 et
2059 5541 2279 5611 ﬁgantur
2305 5542 2358 5596 in
2387 5543 2681 5597 mternitate
2700 5582 2713 5606 ,
2743 5541 2831 5596 ubi
2856 5541 2964 5610 jam
2999 5540 3142 5596 nulla
3164 5550 3248 5597 est
3287 5543 3556 5600 mutabili-

1980 5643 2060 5690 tas
2083 5643 2400 5704 temporum.
2429 5635 2612 5705 Magna
2635 5635 2793 5703 igitur
2829 5631 3187 5688 misericordia
3214 5635 3421 5690 Domini
3453 5647 3557 5689 uo-

1979 5729 2075 5782 stri
2101 5728 2227 5783 Jesu
2251 5727 2468 5794 Christi,
2488 5727 2682 5782 factum
2707 5739 2825 5782 esse
2849 5741 2969 5780 eum
2994 5735 3208 5795 propter
3227 5741 3323 5782 nos
3341 5729 3393 5781 in
3416 5733 3554 5781 tem—

1979 5838 2110 5896 pore
2128 5864 2145 5892 ,
2176 5838 2272 5894 per
2295 5837 2452 5894 quem
2481 5822 2613 5876 facta
2639 5829 2762 5875 sunt
2788 5828 3062 5889 tempore;
3093 5818 3288 5875 factum
3313 5832 3437 5875 esse
3464 5820 3550 5874 ill-

2048 5938 2062 5968 ι
2088 5942 2160 5986 Er.
2194 5935 2342 5999 Lugd.
2368 5942 2487 5985 Ven.
2513 5941 2565 5985 et
2586 5940 2693 5986 Lov.
2719 5934 2806 5996 sic,
2830 5937 3005 5997 quanto
3020 5931 3176 5985 minus
3199 5929 3375 5986 deitlo.
3440 5938 3499 5980 It.
