4082 6490
526 467 666 530 1659

527 590 611 638 ter
635 580 812 637 omnia
830 621 846 649 ,
872 593 970 651 per
995 593 1153 651 quem
1191 578 1328 634 facta
1370 585 1493 632 sunt
1520 577 1737 632 omnia:
1768 575 1962 631 factum
1985 586 2106 629 esse

527 673 670 746 quod
699 673 841 729 fecit.
873 671 1067 728 Factus
1090 679 1175 730 est
1197 671 1339 727 enim
1379 671 1522 742 quod
1559 671 1790 736 fecerat;
1830 669 1999 724 factus
2024 675 2108 723 est

514 766 670 828 enim
697 765 859 821 homo
893 765 984 836 qui
1008 764 1274 820 hominem
1299 762 1526 830 fecerat,
1555 778 1622 818 ne
1644 763 1840 833 periret
1864 760 2104 832 quod'fe-

526 864 692 912 cerat.
719 854 1020 912 Secundum
1065 853 1203 909 hanc
1243 853 1690 924 dispensationem
1737 854 1848 924 jam
1887 859 2106 908 venerat

528 945 658 1002 hora
687 945 974 1002 nativitatis
997 985 1013 1012 ,
1043 951 1096 1000 et
1129 952 1283 998 natus
1308 953 1422 1000 erat
1447 962 1460 999 :
1489 944 1584 999 sed
1623 944 1858 999 nondum
1883 950 2104 1017 venerat

527 1038 657 1094 hora
687 1037 972 1110 passionis,
1003 1037 1122 1092 ideo
1139 1037 1373 1092 nondum
1403 1052 1588 1107 passus
1613 1038 1783 1092 erati.

595 1132 648 1188 6.
678 1131 912 1202 Denique
952 1138 1010 1185 ut
1036 1129 1292 1186 noveritis
1314 1145 1422 1185 non
1445 1131 1816 1186 necessitatem
1836 1170 1852 1196 ,
1881 1128 1976 1185 sed
2009 1143 2104 1199 po-

526 1231 770 1279 testatem
817 1221 1094 1277 morientis
1127 1218 1201 1293 (a)
1230 1237 1244 1274 :
1273 1230 1490 1291 propter
1538 1220 1818 1276 nonnullos
1875 1219 1978 1276 hoc
2026 1220 2103 1275 lo-

524 1330 689 1386 quor,
727 1314 818 1384 qui
854 1329 976 1369 cum
1023 1312 1320 1382 audierint,
1360 1313 1582 1368 nondum
1622 1317 1752 1367 venit
1791 1311 1915 1367 hora
1955 1313 2098 1383 ejus,

524 1407 852 1463 aediﬁcantur
878 1405 946 1460 ad
982 1405 1248 1463 credenda
1287 1405 1390 1460 fata
1414 1445 1430 1473 ,
1472 1411 1527 1460 et
1563 1403 1696 1459 ﬁunt
1731 1403 1892 1467 corda
1916 1418 2100 1458 eorum

523 1497 705 1553 fatua:
733 1507 790 1553 ut
818 1512 947 1568 ergo
973 1497 1230 1553 noveritis
1254 1503 1568 1576 potestatem
1594 1495 1869 1550 morientis
1890 1535 1906 1560 ,
1933 1495 2100 1564 ipsam

525 1591 831 1662 passionem
878 1589 1132 1654 recolite,
1183 1588 1492 1644 cruciﬁxum
1537 1587 1833 1644 intuemini.
1859 1587 2002 1643 Dixit
2046 1588 2098 1642 in

524 1681 665 1751 ligno
690 1680 958 1751 pendens,
992 1679 1144 1736 Sitio.
1163 1680 1241 1736 Illi
1264 1679 1364 1736 hoc
1387 1680 1568 1735 audito
1591 1722 1606 1748 ,
1640 1681 1694 1735 in
1718 1677 1979 1735 arundine
2007 1694 2102 1748 per

523 1772 799 1843 spongiam
829 1771 1134 1827 obtulerunt
1161 1771 1210 1827 ei
1234 1782 1441 1826 acetum
1469 1771 1522 1825 in
1552 1785 1710 1826 cruce
1737 1787 1750 1824 :
1777 1770 2017 1840 accepit,
2048 1777 2103 1825 et

523 1863 629 1928 ait,
662 1862 951 1934 Perfectum
979 1871 1087 1929 est;
1107 1872 1160 1918 et
1186 1863 1439 1918 inclinato
1466 1864 1668 1934 capite,
1693 1861 1923 1918 reddidit
1945 1861 2101 1931 spiri-

524 1963 655 2008 tum.
686 1953 888 2009 Videtis
920 1962 1232 2025 potestatem
1270 1953 1546 2009 morientis
1566 1995 1581 2019 ,
1612 1954 1732 2025 quia
1769 1953 1870 2009 hoc
1909 1967 2099 2023 exspe-

529 2045 726 2112 ctabat,
755 2045 927 2100 donec
961 2046 1138 2099 omnia
1161 2046 1556 2114 complerentur
1577 2059 1695 2115 qum
1729 2043 1797 2099 de
1836 2043 1927 2099 illo
1960 2059 2100 2114 pra:-

523 2137 662 2192 dicta
689 2137 897 2192 fuerant
920 2145 1044 2191 ante
1068 2146 1294 2192 mortem
1333 2136 1526 2191 futura.
1557 2137 1771 2191 Dixerat
1795 2135 1937 2191 enim
1978 2150 2102 2206 pro-

521 2230 680 2301 pheta
708 2247 721 2283 :
745 2229 1001 2284 Dederunt
1026 2230 1080 2284 in
1104 2245 1268 2284 escam
1295 2247 1457 2284 meam
1491 2230 1559 2301 fel
1578 2271 1593 2298 ,
1625 2239 1672 2284 et
1698 2230 1750 2284 in
1775 2229 1857 2284 siti
1882 2245 1992 2283 mea
2010 2245 2102 2298 po-

523 2329 750 2376 taverunt
785 2337 865 2374 me
890 2329 1029 2374 aceto
1059 2319 1228 2391 (Psal.
1267 2333 1460 2388 LXVIII,
1495 2319 1610 2390 22).
1653 2319 2008 2389 Exspectabat
2042 2327 2102 2375 ut

523 2412 643 2469 hac
685 2413 860 2468 omnia
923 2412 1318 2483 complerentur
1369 2430 1382 2466 :
1438 2422 1782 2483 posteaquam
1839 2413 2100 2483 completa

523 2513 668 2572 sunt,
697 2505 846 2571 dixit,
881 2504 1166 2575 Perfectum
1195 2514 1288 2569 est;
1313 2513 1368 2560 et
1385 2506 1640 2560 abscessit
1667 2514 1948 2576 potestate,
1977 2505 2100 2576 quia

523 2612 631 2654 non
657 2605 878 2653 venerat
901 2597 1237 2653 necessitate.
1265 2597 1388 2652 Ideo
1412 2596 1623 2667 quidam
1640 2596 1759 2667 plus
1779 2597 1953 2651 mirati
1977 2605 2102 2653 sunt

522 2690 678 2745 istam
708 2698 1021 2759 potestatem
1061 2690 1372 2757 morientis,
1417 2705 1575 2760 quam
1616 2689 1906 2758 potentiam
1942 2689 2102 2744 mira-

520 2781 638 2836 cula
671 2779 931 2836 facientis.
965 2780 1194 2835 Ventum
1221 2788 1304 2835 est
1340 2779 1482 2835 enim
1524 2779 1588 2835 ad
1618 2794 1826 2836 crucem
1847 2820 1862 2847 ,
1891 2788 1949 2834 ut
1983 2794 2102 2836 cor-

521 2889 654 2946 pora
682 2872 1078 2945 deponerentur
1105 2873 1172 2929 de
1198 2872 1342 2944 ligno
1364 2916 1380 2942 ,
1408 2875 1655 2945 quoniam
1681 2873 1954 2930 sabbatum
1979 2874 2099 2930 illu-

520 2966 785 3033 cescebat;
808 2974 862 3021 et
884 2966 1086 3022 inventi
1109 2975 1232 3022 sunt
1251 2967 1482 3022 latrones
1500 2968 1754 3022 viventes.
1774 2967 2100 3038 Supplicium

521 3057 715 3127 quippe
739 3057 913 3112 crucis
938 3057 1058 3112 ideo
1078 3057 1261 3113 durius
1283 3066 1418 3124 erat,
1442 3059 1562 3128 quia
1586 3058 1784 3114 diutius
1809 3061 2096 3128 cruciabat,

520 3155 575 3203 et
591 3160 778 3203 omnes
801 3147 1040 3202 crucifixi
1061 3147 1214 3217 longa
1233 3157 1404 3203 morte
1430 3149 1770 3204 necabantur.
1795 3149 1876 3204 Illi
1898 3159 2095 3217 autem,

521 3253 591 3294 ne
631 3246 970 3295 remanerent
1005 3239 1059 3293 in
1085 3239 1259 3309 ligno,
1309 3239 1552 3294 cruribus
1577 3239 1756 3294 fractis
1783 3240 1952 3296 coacti
1977 3249 2100 3296 sunt

521 3330 687 3398 mori,
714 3337 771 3385 ut
794 3337 1012 3399 possent
1042 3329 1164 3384 inde
1193 3329 1406 3399 deponi.
1437 3331 1690 3385 Dominus
1716 3339 1891 3385 autem
1915 3333 2098 3386 inven-

521 3429 608 3477 tus
631 3428 716 3476 est
741 3428 978 3475 mortuus
1009 3419 1184 3491 (Joan.
1214 3437 1322 3486 XIX,
1352 3418 1546 3494 28-33)
1573 3462 1588 3489 ,
1617 3431 1669 3476 et
1697 3421 1938 3477 admirati
1976 3431 2100 3478 sunt

522 3512 766 3567 homines
807 3529 821 3566 :
861 3521 915 3568 et
956 3512 1044 3582 qui
1083 3528 1203 3567 eum
1233 3513 1410 3567 vivum
1439 3523 1904 3584 contempserunt,
1950 3532 2096 3570 mor-

519 3612 669 3661 tuum
698 3605 775 3659 sic
803 3603 1047 3660 admirati
1075 3613 1216 3672 sunt,
1248 3614 1307 3660 ut
1329 3605 1568 3662 dicerent
1590 3607 1823 3677 quidam,
1855 3607 1981 3663 Vere
2000 3608 2098 3663 Fi-

518 3695 618 3751 lius
642 3694 738 3749 Dei
761 3703 831 3750 est
863 3696 942 3749 hic
971 3694 1182 3769 (Matth.
1212 3711 1362 3751 xxvn
1382 3739 1398 3765 ,
1426 3697 1538 3768 54).
1567 3697 1720 3754 Unde
1743 3706 1828 3753 est
1851 3707 1904 3754 et
1927 3699 2054 3754 illud
2076 3742 2092 3768 ,

517 3785 728 3854 fratres,
757 3787 844 3842 ubi
869 3787 944 3842 ait
971 3788 1330 3858 quaerentibus
1354 3802 1432 3856 se,
1460 3788 1572 3861 Ego
1601 3807 1710 3843 sum
1725 3808 1745 3857 ;
1769 3799 1823 3846 et
1850 3790 1926 3846 illi
1952 3801 2097 3848 retro

517 3880 802 3937 redeuntes
839 3895 1027 3937 omnes
1072 3881 1378 3938 ceciderunt
1421 3881 1602 3952 (Joan.
1651 3899 1804 3952 xvni,
1848 3882 1924 3957 6).
1969 3883 2099 3940 Erat

517 3986 645 4042 ergo
691 3972 745 4026 in
789 3973 881 4027 illo
927 3981 1162 4042 potestas
1211 3967 1438 4028 sun’Ima.
1487 3974 1596 4030 Nec
1637 3975 1766 4030 hora
1812 3975 2098 4046 cogebatur

518 4062 692 4128 mori;
737 4062 832 4117 sed
869 4064 1054 4118 horam
1084 4066 1461 4135 exspectabat,
1493 4081 1594 4136 qua
1622 4076 1917 4138 opportune
1944 4069 2098 4124 ﬁeret

518 4152 798 4220 voluntas,
827 4168 935 4208 non
956 4168 1060 4223 qua
1079 4154 1228 4210 inviti
1251 4157 1558 4225 impleretur
1585 4164 1895 4215 necessitas.

589 4243 644 4297 7.
675 4241 749 4296 De
774 4243 920 4296 turba
945 4253 1114 4299 autem
1139 4246 1285 4300 multi
1323 4247 1640 4302 crediderunt
1664 4251 1717 4304 in
1749 4268 1880 4306 cum.
1913 4253 2096 4312 Humi-

518 4335 597 4391 les
635 4344 690 4392 et
727 4351 987 4408 pauperes
1021 4338 1196 4395 salvos
1238 4339 1459 4395 faciebat
1500 4341 1773 4399 Dominus.
1818 4346 2092 4419 Principes

518 4425 871 4494 insaniebant;
890 4429 1080 4486 etideo
1098 4430 1360 4486 medicum
1384 4448 1486 4489 non
1512 4433 1681 4489 solum
1708 4451 1814 4492 non
1842 4452 2118 4508 agnosce--

518 4519 684 4590 bant,
730 4520 827 4577 sed
855 4522 1014 4577 etiam
1050 4522 1292 4580 occidere
1339 4527 1639 4596 cupiebant.
1688 4528 1817 4584 Erat
1853 4533 2091 4601 quaedam

519 4611 670 4668 turba
698 4627 818 4683 qua:
841 4628 991 4669 suam
1021 4616 1386 4686 mgritudinem
1413 4619 1518 4675 cito
1541 4620 1703 4690 vidit,
1732 4630 1786 4678 et
1814 4623 1956 4680 illius
1983 4641 2094 4681 me-

515 4700 744 4757 dicinam
790 4703 908 4758 sine
963 4704 1215 4762 dilatione
1263 4711 1529 4779 cognovit.
1581 4712 1768 4769 Videte
1821 4715 1947 4785 quid
1992 4717 2094 4773 sibi

515 4792 710 4850 dixerit
755 4795 908 4850 turba
962 4795 1076 4866 ipsa
1138 4785 1402 4856 commota
1449 4804 1718 4861 miraculis
1770 4824 1783 4862 :
1834 4807 2094 4881 Numquid

513 4884 742 4942 Christus
769 4903 884 4942 cum
909 4890 1128 4958 uenerit,
1162 4893 1314 4962 plura
1341 4894 1488 4965 signa
1512 4897 1737 4965 facturus
1771 4900 1878 4954 est?
1900 4900 2093 4972 Utique

514 4977 560 5032 si
599 4977 704 5033 duo
729 4993 836 5034 non
860 4988 1048 5046 erunt,
1095 4981 1182 5037 hic
1211 4992 1312 5038 est.
1343 4983 1692 5044 Crediderunt
1719 5004 1845 5060 ergo
1888 4991 1941 5046 in
1970 5009 2093 5050 eum

515 5067 755 5125 dicentes
780 5069 900 5125 ista.

585 5159 639 5215 8.
670 5160 944 5232 Principes
971 5177 1098 5218 vero
1127 5163 1204 5218 illi
1223 5164 1400 5220 audita
1425 5167 1776 5224 multitudinis
1795 5171 1920 5240 ﬁde,
1950 5182 2092 5232 eteo

515 5262 787 5307 murmure
819 5269 926 5324 quo
959 5253 1203 5310 Christus
1239 5256 1663 5327 gloriﬁcabatur,
1716 5262 1958 5318 miserunt
1996 5265 2092 5320 mi-

515 5339 732 5410 nistros,
778 5354 834 5398 ut
878 5347 1307 5418 amne/tenderent
1333 5366 1466 5404 eum.
1507 5350 1673 5417 Quem
1726 5356 2092 5424 apprehende-

514 5429 676 5483 rcnt?
702 5433 890 5490 Adhuc
914 5437 1225 5495 nolentem?
1261 5438 1392 5506 Quia
1427 5456 1554 5512 ergo
1595 5458 1700 5498 non
1727 5453 1969 5514 poterant
1993 5464 2091 5520 ap-

516 5521 846 5590 prehendere
866 5530 1164 5598 nolentem,
1195 5532 1343 5588 missi
1389 5543 1510 5589 sunt
1541 5544 1599 5591 ut
1626 5537 1870 5594 audirent
1897 5540 2094 5597 docen-

515 5618 644 5667 tem.
667 5613 802 5682 Quid
826 5617 1103 5677 docentem
1129 5625 1152 5677 ?
1174 5624 1307 5679 Dicit
1335 5642 1451 5698 ergo
1486 5626 1634 5683 Jesus
1667 5644 1686 5684 :
1724 5630 1903 5685 Adhuc
1926 5635 2090 5689 modi-

515 5718 631 5758 cum
661 5713 855 5776 tempus
883 5710 1134 5767 vobiscum
1169 5733 1298 5770 sum.
1327 5717 1478 5785 Quod
1507 5719 1664 5774 modo
1696 5722 1856 5777 vultis
1881 5723 2053 5783 facere
2071 5770 2088 5799 ,

582 5820 1035 5902 fidiiimiijifgﬁen
1050 5841 1276 5902 ειιεετινυέ
1296 5839 1416 5902 erat
1449 5842 1506 5887 Αι
1533 5842 1662 5900 MSS»
1686 5850 1868 5902 ραδδιιδ·

578 5883 652 5949 (α)
680 5886 850 5936 muter
873 5895 1027 5938 'I‘ract.
1050 5883 1140 5951 '57,
1163 5904 1212 5940 II.
1237 5893 1365 5945 8-10.

1445 465 1512 522 IN
1547 458 1823 521 JOANNIS
1851 452 2314 532 EVANGELIUM,
2353 458 2411 523 S.
2452 463 2815 527 AUGUSTINI

3655 475 3790 541 16w

2212 574 2402 633 facturi
2427 581 2560 639 estis
2582 623 2597 649 ,
2629 583 2723 638 sed
2749 598 2852 637 non
2877 585 3070 652 modo;
3097 587 3218 657 quia
3242 587 3402 644 modo
3441 589 3581 646 nolo.
3613 591 3789 662 Quare

2211 667 2384 725 adhuc
2415 672 2574 727 modo
2600 675 2768 729 nolo?
2797 676 2928 744 Quia
2950 678 3114 732 adhuc
3139 681 3388 738 modicum
3416 693 3608 754 tempus
3629 686 3789 740 vobis-

2209 774 2324 814 cum
2360 778 2472 816 sum
2507 779 2528 818 :
2548 773 2595 818 et
2637 774 2755 821 tunc
2781 767 2907 822 uado
2936 769 3004 821 ad
3030 787 3142 825 eum
3167 773 3254 844 qui
3278 790 3356 828 me
3379 776 3528 832 misit.
3563 777 3789 848 lmplere

2208 850 2377 908 debeo
2431 855 2877 926 dispensationem
2928 878 3135 932 meam,
3183 873 3238 922 et
3279 866 3356 923 sic
3402 871 3679 938 pervenire
3721 872 3788 927 ad

2211 945 2510 1013 passionem
2539 964 2730 1005 meam.

2279 1036 2331 1091 9.
2364 1039 2604 1104 Quteretis
2630 1060 2736 1108 me,
2767 1053 2814 1100 et
2851 1063 2951 1100 non
2991 1047 3286 1116 invenietis;
3324 1061 3370 1106 et
3398 1053 3482 1106 ubi
3515 1071 3626 1109 sum
3656 1073 3783 1127 ego,

2206 1141 2291 1180 uos
2319 1144 2420 1183 non
2446 1133 2651 1201 potestis
2670 1135 2854 1189 venire.
2897 1137 2993 1192 Hic
3013 1137 3124 1206 jam
3150 1140 3594 1200 resurreCtionem
3633 1162 3788 1202 suam

2206 1219 2450 1288 praedixit
2480 1240 2493 1276 :
2527 1224 2811 1280 noluerunt
2849 1229 2990 1282 enim
3030 1245 3319 1300 agnoscere
3349 1244 3662 1303 praesentem
3687 1278 3702 1304 ,
3733 1245 3790 1292 et

2205 1317 2387 1378 postea
2413 1313 2749 1383 quaesierunt,
2772 1332 2892 1372 cum
2913 1319 3157 1376 viderunt
3177 1323 3228 1376 in
3251 1339 3374 1380 eum
3394 1327 3788 1384 multitudinem

2201 1399 2312 1468 jam
2336 1404 2656 1460 credentem.
2688 1407 2870 1478 Magna
2895 1411 3037 1465 enim
3074 1413 3221 1484 signa
3247 1415 3384 1469 facta
3431 1427 3585 1484 sunt,
3623 1419 3790 1476 etiam

2205 1506 2326 1548 cum
2355 1493 2608 1552 Dominus
2628 1500 2951 1567 resurrexit,
2978 1509 3032 1556 et
3056 1503 3296 1558 ascendit
3318 1505 3369 1560 in
3398 1507 3612 1562 caelum.
3637 1508 3791 1565 Tunc

2205 1598 2298 1653 per
2317 1583 2604 1656 discipulos
2633 1588 2766 1644 facta
2793 1600 2915 1647 sunt
2936 1608 3146 1664 magna;
3179 1593 3275 1650 sed
3304 1595 3393 1651 ille
3414 1614 3510 1667 per
3529 1599 3665 1666 illos,
3695 1601 3789 1670 qui

2203 1681 2259 1730 et
2286 1691 2380 1745 per
2407 1677 2634 1748 seipsnm
2678 1696 2691 1732 :
2735 1681 2847 1751 ipse
2872 1682 3067 1753 quippe
3108 1685 3212 1740 illis
3251 1685 3492 1755 dixerat,
3541 1687 3666 1744 Sine
3707 1707 3790 1745 me

2203 1765 2333 1820 nihil
2371 1769 2575 1837 potestis
2615 1770 2779 1838 facere
2817 1769 2994 1844 (Joan.
3028 1790 3130 1842 xv,
3171 1774 3251 1847 5).
3303 1776 3525 1844 Quando
3564 1779 3788 1835 claudus

2204 1855 2292 1910 ille
2316 1857 2405 1926 qui
2434 1858 2650 1914 sedebat
2674 1861 2740 1915 ad
2765 1871 2970 1931 portam
2992 1907 3006 1931 ,
3045 1865 3110 1919 ad
3139 1881 3322 1921 vocem
3349 1867 3492 1923 Petri
3517 1871 3784 1938 surrexit,

2205 1956 2258 2002 et
2285 1949 2394 2003 suis
2417 1950 2636 2020 pedibus
2664 1954 2983 2023 ambulavit,
3007 1957 3077 2012 ita
3104 1967 3160 2012 ut
3179 1958 3421 2014 homines
3442 1961 3786 2030 mirarentur,

2203 2037 2282 2094 sic
2307 2055 2400 2095 eos
2426 2043 2685 2099 allocutus
2711 2055 2791 2101 est
2820 2047 3027 2114 Petrus,
3051 2049 3173 2119 quia
3199 2065 3307 2105 non
3327 2051 3378 2105 in
3407 2066 3499 2106 sua
3518 2061 3788 2122 potestate

2204 2131 2304 2186 ista
2335 2131 2459 2188 fecit
2481 2173 2496 2198 ,
2525 2135 2617 2189 sed
2659 2136 2712 2190 in
2749 2137 2940 2194 virtute
2968 2139 3106 2196 illius
3134 2157 3291 2211 quem
3336 2142 3438 2212 ipsi
3475 2143 3790 2200 occiderunt

2209 2219 2344 2292 (Act.
2371 2238 2448 2284 III,
2475 2224 2649 2297 246).
2672 2225 2815 2282 Multi
2837 2231 3138 2300 compuncti
3157 2230 3403 2288 dixerunt
3428 2252 3442 2288 :
3468 2233 3603 2299 Quid
3627 2236 3790 2306 [acie-

2206 2328 2314 2366 mus
2355 2312 2465 2386 (Id.
2507 2331 2576 2382 II,
2610 2316 2740 2387 57)?
2765 2317 3021 2374 Viderunt
3063 2322 3203 2376 enim
3247 2338 3306 2378 sc
3335 2324 3532 2394 ingenti
3561 2325 3788 2382 crimine

2204 2403 2488 2474 impietatis
2516 2408 2761 2464 astrictos
2789 2450 2805 2476 ,
2836 2411 3047 2481 quando
3077 2412 3223 2468 illum
3253 2415 3595 2484 occiderunt,
3622 2433 3787 2488 quem

2203 2497 2447 2550 venerari
2474 2507 2525 2552 et
2557 2499 2782 2555 adorare
2807 2500 3106 2558 debuerunt
3136 2521 3150 2558 :
3182 2504 3358 2561 ethoc
3385 2507 3638 2576 putabant
3661 2523 3789 2565 esse

2204 2584 2538 2656 inexpiabile.
2564 2588 2808 2659 Magnum
2833 2592 2974 2647 enim
2993 2592 3210 2652 facinus
3237 2605 3352 2651 erat
3369 2638 3384 2664 ,
3421 2598 3574 2668 cujus
3607 2600 3790 2655 consi-

2203 2675 2410 2732 deratio
2443 2679 2562 2734 illos
2587 2679 2786 2737 faceret
2806 2682 3092 2753 desperare
3119 2702 3132 2738 :
3158 2685 3252 2741 sed
3276 2702 3383 2742 non
3411 2687 3671 2744 debebant
3690 2689 3793 2746 de-

2204 2782 2452 2838 sperare,
2487 2786 2583 2842 pro
2626 2774 2818 2843 quibus
2856 2775 2909 2830 in
2948 2791 3107 2832 cruce
3144 2777 3382 2847 pendens
3418 2779 3674 2836 Dominus
3701 2789 3792 2838 εει

2203 2859 2447 2931 dignatus
2489 2877 2663 2919 orare.
2709 2867 2922 2922 Dixerat
2963 2869 3104 2923 enim
3133 2887 3146 2923 :
3175 2868 3367 2939 Pater,
3405 2871 3606 2942 ignosce
3638 2873 3742 2928 illis
3763 2916 3788 2943 ,

2202 2954 2319 3023 quia
2359 2955 2582 3010 nesciunt
2619 2957 2739 3027 quid
2782 2959 2972 3029 faciunt
3017 2958 3166 3030 (Luc.
3210 2975 3341 3015 xxm
3359 3002 3376 3029 ,
3419 2961 3533 3034 54).
3557 2962 3798 3020 Videbat

2205 3047 2462 3116 quosdam
2491 3062 2615 3103 suos
2641 3049 2778 3104 inter
2807 3052 2999 3105 multos
3028 3052 3264 3118 alienos;
3307 3052 3408 3107 illis
3429 3052 3536 3121 jam
3566 3055 3799 3123 petebat

2206 3141 2439 3206 veniam,
2457 3155 2486 3194 a
2511 3142 2701 3211 quibus
2722 3143 2894 3198 adhuc
2912 3145 3204 3216 accipiebat
3224 3146 3485 3215 injuriam.
3500 3146 3612 3202 Non
3634 3148 3795 3204 enim

2203 3233 2509 3290 attendebat
2523 3235 2661 3305 quod
2687 3236 2753 3290 ab
2771 3236 2900 3306 ipsis
2919 3238 3261 3303 moriebatur,
3279 3238 3372 3294 sed
3390 3239 3510 3310 quia
3533 3253 3628 3310 pro
3651 3239 3794 3310 ipsis

2202 3325 2544 3381 moriebatur.
2569 3325 2787 3381 Multum
2804 3337 2885 3382 est
2903 3328 3045 3398 quod
3064 3328 3170 3384 illis
3188 3344 3502 3385 concessum
3522 3339 3624 3397 est,
3641 3339 3699 3386 et
3719 3332 3793 3388 ab

2202 3415 2348 3484 ipsis,
2370 3424 2424 3470 et
2447 3429 2541 3484 pro
2561 3416 2708 3486 ipsis;
2726 3425 2784 3472 ut
2798 3432 2956 3474 nemo
2969 3417 3036 3474 de
3051 3419 3132 3474 sui
3147 3422 3349 3490 peccati
3366 3419 3672 3476 dlmissione
3688 3422 3793 3478 de-

2202 3516 2401 3575 speret,
2421 3507 2630 3577 quando
2649 3508 2720 3561 illi
2735 3510 2944 3563 veniam
2960 3521 3284 3577 meruerunt,
3298 3513 3386 3581 qui
3405 3512 3673 3567 Christum
3690 3527 3794 3568 oc-

2201 3597 2463 3653 ciderunt.
2485 3597 2718 3654 Mortuus
2738 3609 2821 3655 est
2839 3600 3082 3659 Christus
3107 3617 3204 3673 pro
3223 3603 3394 3670 nobis;
3413 3603 3507 3659 sed
3529 3603 3792 3673 numquid

2200 3704 2232 3744 a
2253 3690 2432 3746 nobis?
2450 3691 2515 3747 At
2535 3706 2662 3746 vero
2681 3693 2757 3747 illi
2778 3692 3022 3750 viderunt
3043 3694 3310 3751 Christum
3329 3710 3428 3751 suo
3446 3697 3649 3752 scelere
3666 3712 3793 3752 mo-

2205 3781 2472 3849 rientem;
2500 3791 2555 3838 et
2589 3783 2932 3841 crediderunt
2956 3787 3012 3841 in
3049 3786 3316 3842 Christum
3355 3789 3467 3845 suis
3496 3789 3793 3847 sceleribus

2201 3871 2582 3942 ignoscentem.
2630 3873 2914 3944 Quousque
2967 3875 3214 3933 biberent
3265 3879 3574 3949 sanguinem
3623 3895 3790 3950 quem

2199 3963 2462 4033 fuderant,
2485 3965 2552 4021 de
2579 3981 2674 4021 sua
2698 3967 2865 4023 salute
2886 3967 3322 4038 desperaverunt.
3347 3971 3486 4041 Ergo
3505 3970 3608 4027 hoc
3626 3971 3788 4041 dixit,

2203 4054 2446 4122 Qua'retis
2473 4073 2569 4125 me,
2592 4069 2639 4112 et
2664 4075 2764 4113 non
2788 4060 3081 4128 invenietis;
3107 4071 3154 4116 et
3183 4061 3265 4116 ubi
3293 4080 3407 4117 sum
3429 4081 3540 4135 ego,
3564 4080 3652 4119 vos
3679 4082 3792 4120 non

2201 4149 2404 4217 potestis
2431 4149 2595 4202 venire
2625 4151 2783 4220 :quia
2803 4152 3075 4222 quresituri
3102 4153 3248 4208 illum
3274 4163 3428 4210 erant
3452 4166 3572 4226 post
3597 4172 3790 4212 resur-

2199 4239 2490 4294 rectionem
2517 4242 2840 4310 compuncti.
2869 4242 2978 4298 Nec
3013 4244 3188 4313 dixit,
3229 4245 3318 4300 ubi
3356 4262 3484 4314 ero;
3520 4246 3652 4316 sed,
3697 4248 3790 4304 ubi

2199 4343 2328 4381 sum.
2361 4328 2584 4400 Semper
2603 4329 2745 4386 enim
2774 4331 2847 4386 ibi
2867 4342 2980 4388 erat
3007 4333 3252 4390 Christus
3270 4377 3287 4404 ,
3317 4352 3422 4406 quo
3448 4337 3620 4392 fuerat
3658 4338 3792 4394 red-

2199 4419 2404 4477 diturus
2431 4439 2444 4475 :
2473 4423 2550 4478 sic
2575 4424 2718 4478 enim
2746 4424 2891 4480 venit
2911 4467 2927 4494 ,
2952 4435 3012 4481 ut
3039 4443 3144 4483 non
3175 4430 3470 4486 recederet.
3497 4431 3650 4488 Unde
3673 4431 3790 4489 alio

2198 4511 2316 4568 loco
2339 4515 2445 4581 ait,
2472 4513 2638 4569 Nemo
2666 4517 2888 4571 ascendit
2919 4518 2971 4572 in
2993 4521 3189 4586 caelum,
3219 4522 3426 4588 nisi_qui
3450 4522 3701 4577 descendit
3720 4524 3790 4579 de

2198 4606 2321 4660 caelo
2340 4647 2355 4673 ,
2384 4604 2550 4661 Filius
2580 4607 2797 4662 hominis
2815 4649 2831 4675 ,
2862 4609 2947 4678 qui
2974 4620 3044 4664 est
3071 4612 3122 4664 in
3165 4613 3287 4666 casto
3314 4611 3489 4684 (Joan.
3519 4628 3611 4682 In,
3640 4610 3734 4686 15)
3765 4631 3783 4670 :

2197 4710 2306 4750 non
2327 4695 2479 4762 dixit,
2510 4696 2599 4767 qui
2631 4695 2727 4752 fuit
2751 4698 2804 4752 in
2830 4699 2986 4755 coelo.
3017 4701 3075 4755 ln
3101 4709 3242 4757 terra
3267 4702 3614 4774 loquebatur,
3640 4712 3698 4760 et
3723 4705 3787 4763 in

2197 4789 2334 4843 coelo
2356 4803 2414 4843 se
2440 4803 2558 4844 esse
2583 4789 2810 4845 diccbat.
2841 4790 2930 4847 Sic
2957 4794 3132 4860 venit,
3163 4803 3222 4849 ut
3245 4795 3367 4850 inde
3393 4810 3499 4850 non
3521 4795 3786 4852 abscede-

2197 4889 2280 4936 ret
2311 4899 2325 4936 :
2355 4881 2433 4936 sic
2462 4882 2654 4951 rediit,
2687 4891 2745 4938 ut
2768 4899 2865 4940 nos
2885 4900 2991 4940 non
3013 4886 3424 4960 derelinqueret.
3452 4890 3588 4956 Quid
3614 4891 3787 4947 mira-

2198 4973 2364 5028 mini?
2394 4975 2534 5032 Deus
2571 4975 2672 5031 hoc
2700 4976 2845 5032 facit.
2876 4979 3046 5035 llomo
3071 4983 3214 5038 enim
3256 4985 3546 5044 secundum
3584 5001 3785 5058 corpus

2196 5065 2251 5120 in
2281 5065 2398 5121 loco
2425 5076 2505 5121 est
2529 5108 2543 5132 ,
2576 5068 2720 5123 etde
2750 5069 2866 5125 loco
2894 5072 3116 5143 migrat,
3145 5083 3199 5130 et
3233 5091 3352 5132 cum
3380 5079 3449 5133 ad
3489 5080 3650 5136 alium
3693 5081 3785 5137 ιο-

2196 5172 2316 5213 cum
2350 5161 2588 5226 venerit,
2628 5160 2680 5214 in
2722 5177 2788 5218 eo
2821 5164 2939 5220 loco
2967 5167 3108 5222 unde
3149 5171 3296 5225 venit
3325 5187 3429 5227 non
3457 5174 3559 5228 erit
3587 5192 3600 5228 :
3635 5175 3784 5232 Deus

2195 5257 2371 5304 autem
2396 5249 2580 5320 implet
2603 5254 2778 5308 omnia
2795 5297 2810 5324 ,
2835 5265 2888 5311 et
2918 5257 3109 5328 ubique
3136 5269 3275 5317 totus
3302 5272 3420 5331 est;
3449 5281 3553 5321 non
3584 5282 3784 5324 secun-

2195 5338 2322 5393 dum
2358 5341 2525 5409 spatia
2563 5351 2770 5399 tenetur
2795 5345 2945 5400 locis.
2982 5347 3108 5404 Erat
3133 5359 3308 5409 tamen
3332 5354 3586 5412 Dominus
3617 5357 3784 5413 Chri-

2194 5441 2310 5489 stus
2345 5435 2634 5490 sccundum
2659 5438 2918 5495 visibilem
2948 5456 3164 5499 carnem
3198 5447 3249 5502 in
3283 5456 3420 5505 terra
3439 5491 3458 5519 ,
3480 5453 3780 5510 secundum

2194 5522 2511 5580 invisibilem
2544 5527 2874 5597 majestatem
2907 5533 2959 5586 in
2987 5535 3126 5590 ccelo
3150 5546 3205 5592 et
3224 5539 3276 5593 in
3307 5549 3444 5596 terra
3475 5559 3488 5598 :
3518 5544 3636 5600 ideo
3665 5547 3780 5616 ait,

2197 5612 2296 5670 Ubi
2323 5631 2412 5686 ego
2437 5633 2579 5686 sum,
2611 5634 2695 5673 vos
2731 5639 2831 5676 non
2866 5627 3067 5693 potestis
3093 5631 3277 5685 venire.
3323 5632 3432 5689 Nec
3462 5635 3632 5704 dixit,
3664 5612 3780 5696 non

2191 5709 2472 5780 poteritis;
2503 5711 2618 5780 sed,
2649 5729 2749 5768 non
2777 5719 2976 5784 potestis
3000 5735 3018 5774 :
3040 5721 3171 5776 tales
3191 5727 3331 5779 enim
3363 5735 3487 5783 tunc
3509 5741 3659 5786 erant
3679 5734 3777 5803 qui

2193 5818 2303 5861 non
2340 5814 2575 5874 possent.
2615 5807 2745 5862 Nam
2772 5819 2827 5865 ut
2866 5813 3046 5869 sciatis
3069 5831 3173 5871 non
3203 5818 3304 5874 hoc
3332 5821 3398 5875 ad
3435 5823 3774 5894 desperatio-

2200 5913 2323 5956 nem
2346 5898 2572 5970 dictum,
2601 5910 2654 5957 ct
2679 5901 2954 5976 discipulis
2980 5907 3088 5966 suis
3107 5909 3239 5968 dixit
3264 5915 3366 5972 tale
3389 5917 3584 5989 aliquid
3601 5960 3618 5990 ,
3657 5919 3778 5986 Quo
