4082 6472
282 345 398 404 iﬁil

270 482 362 540 ego
384 469 536 534 vado,
570 483 659 523 vos
686 483 788 520 non
813 467 1012 538 potestis
1041 468 1204 522 venire
1228 464 1405 538 (Joau.
1435 486 1560 534 xm,
1585 469 1674 541 35)
1700 485 1712 534 ;
1743 484 1861 523 cum

280 576 372 630 pro
390 559 499 614 illis
527 573 694 613 orans
720 558 944 624 dixerit,
978 557 1136 613 Pater
1157 602 1170 626 ,
1200 561 1311 613 volo
1339 571 1390 614 ut
1418 561 1502 613 ubi
1527 577 1616 632 ego
1644 576 1752 614 sum
1775 601 1789 624 ,
1818 567 1863 612 et

275 652 366 717 ipsi
395 651 496 704 sint
513 663 709 702 mecum
741 647 853 718 (Id.
884 663 996 703 xvn
1017 690 1030 713 ,
1055 649 1170 719 24).
1205 650 1442 720 Denique
1464 650 1565 705 hoc
1594 650 1749 705 Petro
1770 665 1866 705 cx-

277 741 481 808 posuit,
513 749 568 794 et
591 740 662 795 ait
697 740 774 794 illi
803 758 817 794 :
844 738 956 806 Quo
980 757 1072 812 ego
1113 742 1272 809 vado,
1310 758 1410 796 non
1438 750 1574 810 potes
1603 759 1682 797 me
1722 743 1863 812 sequi

274 832 420 886 modo
435 845 459 896 ;
490 832 711 902 sequeris
735 841 904 887 autem
929 841 1100 901 postea
1129 831 1240 905 (Id.
1269 850 1394 897 xm,
1422 833 1538 904 '56).

338 924 428 980 to.
470 923 725 978 Dixerunt
739 940 858 996 ergo
884 924 1090 992 Judazi,
1120 941 1224 980 non
1268 925 1334 980 ad
1382 925 1588 996 ipsum;
1618 923 1712 982 sed
1733 965 1750 992 ,
1793 925 1861 978 ad

270 1019 457 1089 seipsos
481 1034 501 1072 :
523 1017 638 1084 Quo
663 1018 746 1072 hic
770 1019 932 1072 iturus
961 1028 1052 1085 est,
1082 1019 1199 1089 quia
1229 1034 1328 1072 non
1350 1019 1654 1072 inveniemus
1699 1019 1853 1072 eum?

268 1112 513 1179 nuntquid
537 1113 592 1165 in
616 1111 980 1182 dispersiouem
1003 1110 1238 1165 Gentium
1266 1110 1427 1165 iturus
1457 1120 1530 1166 est
1547 1152 1562 1176 ,
1605 1119 1650 1165 et
1685 1111 1858 1164 doctu-

268 1203 600 1258 rusGentes.’
625 1202 746 1260 Non
772 1205 914 1260 enim
957 1205 1194 1260 sciebant
1238 1204 1380 1275 quod
1426 1204 1707 1270 dixerunt;
1763 1203 1857 1258 sed

267 1295 381 1365 quia
423 1295 520 1350 ille
562 1295 763 1362 voluit,
820 1295 1291 1365 prophetat-erunt.
1332 1297 1506 1351 [turus
1549 1296 1690 1350 enim
1742 1304 1857 1349 erat

269 1387 526 1442 Dominus
551 1387 618 1442 ad
650 1387 873 1454 Gentes,
903 1403 1006 1442 non
1037 1389 1318 1458 praesentia
1347 1388 1698 1458 corporis—sui
1723 1431 1738 1454 ,
1761 1387 1854 1443 sed

268 1489 436 1534 tamen
467 1479 700 1549 pedibus
727 1481 858 1536 suis.
887 1479 986 1546 Qui
1014 1489 1169 1535 erant
1200 1479 1362 1550 pedes
1390 1479 1540 1550 ejus?
1581 1478 1726 1546 Quos
1766 1496 1856 1549 pc-

265 1570 352 1625 des
365 1571 694 1625 conculcare
723 1572 932 1626 volebat
959 1571 1326 1642 persequendo
1360 1571 1555 1627 Saulus
1575 1614 1590 1638 ,
1642 1573 1854 1642 quando

265 1660 308 1716 ei
333 1672 497 1733 caput
525 1663 812 1717 clamavit:
846 1682 864 1714 ε
899 1664 1059 1718 Saule
1081 1705 1095 1727 ,
1128 1663 1316 1729 Saule,
1363 1663 1489 1734 quid
1541 1678 1628 1718 me
1670 1679 1852 1734 perse-

264 1755 468 1824 queriss
501 1754 640 1824 (Act.
664 1769 738 1816 IX,
767 1755 860 1826 4)?
890 1755 1049 1824 «Quis
1074 1765 1156 1811 est
1183 1755 1272 1811 hic
1287 1769 1483 1822 sermo,
1502 1770 1659 1825 quem
1687 1755 1849 1810 dixit:

263 1844 521 1912 queretis
549 1860 657 1911 me,
684 1855 740 1901 et
769 1861 874 1901 non
899 1846 1218 1913 invenietis;
1245 1853 1298 1901 et
1321 1845 1409 1901 ubi
1440 1860 1540 1916 ego
1566 1861 1683 1900 sum
1707 1887 1722 1911 ,
1757 1861 1854 1901 vos

264 1953 360 1991 non
391 1937 623 2008 potestis
650 1939 877 1994 venire?
911 1957 929 1991 ι
969 1937 1122 1995 Unde
1153 1940 1252 1993 hoc
1277 1938 1411 1993 dixit
1435 1927 1692 1994 Dominus
1712 1981 1726 2006 ,
1760 1955 1853 1994 ne-

262 2029 514 2096 scierunt,
533 2039 591 2084 et
609 2037 784 2084 tamen
807 2029 1005 2100 aliquid
1029 2029 1168 2099 quod
1188 2030 1419 2085 futurum
1441 2037 1574 2093 erat,
1605 2030 1850 2086 nescien-

263 2122 868 2192 tespraenuntiaverunt.
902 2122 1041 2176 Dixit
1066 2123 1208 2177 enim
1238 2122 1341 2178 hoc
1387 2124 1677 2190 Dominus,
1728 2125 1849 2192 quia

261 2213 452 2278 locum,
484 2213 529 2267 si
559 2222 739 2266 tamen
767 2212 1025 2268 dicendus
1045 2223 1124 2267 est
1155 2213 1302 2268 locus
1321 2255 1336 2281 ,
1370 2213 1420 2268 id
1441 2227 1522 2268 est
1545 2215 1716 2268 sinum
1745 2214 1849 2268 Pa-

261 2302 350 2358 tris
375 2303 522 2359 unde
567 2319 839 2374 nunquam
881 2302 1110 2358 discedit
1160 2303 1463 2374 unigenitus
1510 2303 1696 2371 Filius,
1742 2320 1846 2359 non

260 2392 330 2446 illi
384 2403 686 2460 noverant;
741 2409 840 2448 nec
889 2395 1124 2464 cogitare
1166 2395 1340 2449 idonei
1384 2404 1536 2450 erant
1591 2395 1677 2450 ubi
1733 2405 1848 2451 erat

258 2481 517 2551 Christus,
550 2483 693 2538 unde
721 2499 826 2537 non
850 2486 1070 2540 recessit
1095 2484 1370 2551 Christus;
1418 2501 1525 2555 quo
1575 2486 1846 2541 rediturus

257 2586 366 2631 erat
389 2577 660 2641 Christus,
694 2576 782 2631 ubi
813 2577 1061 2632 manebat
1089 2577 1351 2632 Christus.
1385 2577 1537 2634 Unde
1568 2578 1670 2634 hoc
1696 2579 1844 2635 cordi

258 2668 486 2723 humano
514 2668 773 2737 Cogitare,
798 2667 990 2722 nedum
1013 2667 1190 2739 lingua
1216 2669 1482 2737 explicare
1501 2669 1558 2722 ‘?
1585 2669 1696 2725 [Ioc
1716 2686 1845 2741 ergo

257 2758 329 2813 illi
355 2757 504 2812 nullo
535 2759 696 2814 modo
722 2757 1138 2823 intellexerunt;
1169 2767 1224 2813 et
1251 2768 1424 2813 tamen
1453 2773 1519 2813 ex
1549 2759 1650 2815 hac
1691 2776 1845 2816 occa-

257 2849 398 2902 sione
419 2849 649 2902 salutem
697 2858 935 2902 nostram
967 2849 1324 2918 przcdixerunt
1347 2891 1362 2916 ,
1414 2851 1554 2921 quod
1591 2851 1844 2907 Dominus

256 2939 416 2992 iturus
436 2948 584 2993 esset
614 2939 682 2993 ad
712 2938 1096 3008 diSpersionem
1116 2938 1362 2995 Gentium
1385 2983 1398 3002 ,
1431 2951 1484 2995 et
1522 2940 1842 3012 impleturus

254 3031 386 3102 quod
435 3031 689 3101 legebant
731 3040 788 3086 et
831 3047 933 3085 non
974 3031 1333 3102 iutelligcbant
1360 3074 1374 3098 ,
1425 3030 1660 3104 Populus
1696 3051 1844 3106 quem

256 3141 348 3178 non
368 3125 583 3195 cognovi
607 3165 624 3188 ,
683 3125 878 3179 servivit
920 3125 1042 3178 mihi
1055 3166 1068 3188 ,
1124 3126 1177 3178 in
1217 3125 1459 3179 obauditu
1501 3127 1639 3180 auris
1680 3127 1844 3181 obau-

255 3218 372 3270 dieit
418 3218 547 3271 milii
587 3216 763 3288 (Psal.
815 3232 964 3282 xvn,
1021 3216 1135 3286 45).
1185 3216 1263 3271 Illi
1309 3233 1416 3272 non
1460 3217 1739 3274 audierunt
1787 3220 1840 3274 in

255 3325 473 3378 quorum
506 3309 678 3364 oculis
708 3307 840 3375 fuit;
875 3309 949 3363 illi
975 3307 1254 3364 audierunt
1282 3308 1333 3363 in
1360 3324 1586 3379 quorum
1623 3310 1842 3366 auribus

255 3400 444 3456 sonuit.

322 3491 409 3546 ll.
451 3489 605 3547 Illius
633 3491 778 3546 enim
797 3490 1051 3547 Ecclesia:
1072 3499 1307 3547 ventura:
1336 3490 1405 3547 de
1447 3491 1705 3548 Gentibus
1753 3502 1838 3565 ty-

255 3598 372 3653 pum
402 3584 626 3654 gerebat
648 3583 840 3638 mulier
858 3599 977 3654 qua:
1000 3583 1196 3639 ﬂuxum
1210 3585 1482 3655 sanguinis
1509 3586 1836 3655 patiebatur:

253 3677 520 3746 tangebat,
551 3683 608 3730 et
637 3691 746 3730 non
775 3674 1085 3742 videbatur;
1115 3676 1468 3740 nesciebatur,
1510 3687 1564 3731 et
1606 3679 1836 3733 sanaba-

251 3776 354 3824 tur.
380 3769 575 3838 Figura
603 3769 799 3838 quippe
827 3777 943 3822 erat
965 3810 980 3833 ,
1011 3768 1153 3838 quod
1184 3769 1440 3823 Dominus
1468 3769 1834 3840 interrogavit,

254 3859 373 3925 Quis
413 3875 494 3912 me
539 3860 742 3929 tetigit?
791 3859 952 3926 Quasi
999 3860 1250 3928 ignorans
1299 3860 1594 3929 ignoratam
1631 3860 1840 3915 sanavit

251 3947 396 4018 (Luc.
428 3964 546 4013 vui,
579 3946 772 4020 45-48)
807 3966 820 4002 :
849 3948 928 4002 sic
966 3949 1087 4003 fecit
1129 3958 1183 4004 et
1217 3948 1496 4006 Gentibus.
1549 3948 1666 4004 Non
1715 3965 1838 4005 cum

251 4037 530 4093 didicimus
558 4039 612 4092 in
634 4053 794 4093 carne
814 4079 830 4107 ,
858 4047 912 4093 et
938 4039 1230 4094 meruimus
1258 4054 1475 4094 carnem
1521 4039 1635 4110 ejus
1680 4056 1836 4094 man-

249 4131 462 4196 ducare,
493 4140 548 4186 ct
578 4132 632 4186 in
658 4146 819 4185 carne
845 4130 962 4199 ejus
1000 4130 1238 4186 membra
1284 4146 1424 4186 esse.
1460 4129 1674 4199 Quare?
1703 4132 1836 4198 Quia

250 4223 388 4277 misit
411 4222 480 4276 ad
509 4235 629 4276 nos.
654 4221 842 4290 Quos?
873 4221 1150 4276 Prseconcs
1180 4235 1305 4276 suos
1326 4264 1343 4285 ,
1373 4221 1660 4293 discipulos
1686 4238 1832 4287 suos,

249 4328 430 4368 servos
451 4327 582 4367 suos
607 4351 622 4377 ,
653 4313 962 4382 redemptos
983 4327 1109 4366 suos
1138 4327 1270 4382 quos
1301 4314 1500 4366 creavit
1519 4353 1532 4375 ,
1561 4312 1656 4367 sed
1702 4327 1836 4382 quos

249 4413 297 4457 et
322 4404 554 4460 redemit
583 4403 776 4457 fratres
801 4418 928 4457 suos
956 4418 968 4454 :
1005 4411 1174 4457 totum
1201 4418 1384 4472 parum
1411 4401 1522 4456 dixi
1553 4418 1566 4454 :
1595 4402 1834 4456 membra

247 4510 358 4562 sua,
391 4496 663 4564 scipsum;
700 4495 843 4548 misit
867 4494 1007 4548 enim
1025 4494 1091 4548 ad
1112 4509 1208 4547 nos
1235 4493 1472 4548 membra
1497 4509 1614 4559 sua,
1639 4505 1692 4549 et
1713 4496 1837 4551 fecit

246 4606 340 4645 nos
370 4589 616 4644 membra
646 4604 761 4643 sua.
793 4588 990 4642 Tamen
1020 4587 1309 4642 secundum
1333 4588 1566 4657 Speciem
1596 4590 1836 4660 corporis

245 4698 398 4752 quam
428 4681 601 4736 Judaii
638 4680 886 4735 viderunt
927 4690 982 4735 et
1027 4689 1493 4750 contempserunt,
1543 4697 1648 4736 non
1695 4684 1835 4753 apud

245 4790 338 4830 nos
368 4774 468 4828 fuit
486 4773 734 4828 Christus
755 4790 768 4826 :
787 4773 907 4842 quia
925 4772 1102 4826 ethoc
1124 4771 1193 4827 de
1223 4773 1314 4826 illo
1334 4772 1530 4828 dictum
1553 4785 1665 4830 erat
1683 4817 1697 4842 ,
1727 4777 1836 4830 sie-

243 4877 299 4919 ut
337 4876 396 4922 ct
427 4865 722 4934 Apostolus
749 4865 896 4928 dicit,
931 4863 1056 4918 Dico
1081 4866 1211 4916 enim
1257 4864 1512 4920 Christum
1550 4867 1835 4921 ministrant

241 4959 396 5028 fuisse
418 4955 821 5010 circumcisionis
860 4964 1063 5025 propter
1087 4955 1338 5007 veritatem
1371 4954 1492 5021 Dei,
1539 4957 1608 5010 ad
1643 4959 1836 5026 con/ir-

243 5047 457 5101 ritandus
484 5045 844 5116 promissioues
875 5054 1092 5112 patrum.
1126 5043 1206 5098 Ad
1249 5045 1368 5098 illos
1409 5045 1590 5100 debuit
1630 5047 1833 5112 venire,

242 5154 272 5196 a
298 5153 527 5209 quorum
550 5135 792 5207 patribus
819 5145 874 5189 et
896 5150 1122 5204 quorum
1150 5137 1386 5205 patribus
1415 5147 1494 5191 est
1521 5141 1832 5208 promissus:

245 5229 364 5284 ideo
392 5238 448 5284 et.
469 5229 587 5298 ipse
615 5227 693 5282 sic
722 5226 815 5293 ait,
849 5225 969 5280 Non
998 5243 1109 5278 sum
1131 5227 1310 5280 missus
1348 5228 1445 5282 nisi
1470 5229 1538 5281 ad
1577 5246 1690 5284 oves
1727 5247 1839 5301 quae

246 5323 503 5390 perierunt
527 5321 708 5374 domus
736 5317 899 5373 Israel
921 5317 1132 5389 (Matth.
1163 5333 1256 5380 xv,
1283 5317 1396 5389 24).
1425 5319 1528 5374 Sed
1556 5320 1682 5390 quid
1711 5321 1840 5376 dicit

244 5414 535 5482 Apostolus
563 5413 618 5466 in
657 5409 938 5481 sequenti?
981 5408 1163 5464 Gentes
1181 5418 1346 5464 autem
1372 5421 1522 5481 super
1556 5412 1838 5467 misericor-
1887 5412 1891 5416 ’

248 5503 333 5557 dia
352 5504 645 5574 gloriﬁcare
671 5501 837 5556 Deum
886 5501 1059 5572 (Rom.
1090 5518 1180 5567 xv,
1223 5502 1277 5571 8,
1326 5501 1405 5574 9).
1446 5504 1581 5571 Quid
1633 5513 1687 5560 ct
1724 5506 1838 5575 ipse

251 5592 541 5648 Dominus?
573 5592 752 5647 Habeo
772 5593 901 5648 alias
930 5610 1040 5648 oues
1065 5610 1176 5665 quae
1215 5611 1312 5648 nou
1336 5601 1451 5650 sunt
1489 5613 1551 5650 ea:
1592 5597 1686 5651 hoc
1719 5599 1837 5653 ovili

249 5682 429 5754 (Joan.
453 5700 513 5752 x,
536 5685 654 5754 16).
678 5683 778 5751 Qui
795 5683 1020 5754 dixerat,
1050 5684 1173 5740 Non
1197 5703 1308 5741 sum
1327 5687 1507 5742 missus
1527 5690 1623 5745 nisi
1642 5693 1709 5745 ad
1725 5707 1835 5748 oves

308 5796 330 5832 ⁸
345 5801 443 5858 η’..
473 5795 662 5862 aqua".
686 5802 830 5847 Juxta
851 5798 997 5861 Lugd.
1021 5807 1142 5851 Ven.
1165 5807 1295 5868 Lov.,
1321 5800 1513 5868 linques.
1579 5810 1636 5855 ιι.

408 5877 646 5943 επιστ.
683 5877 960 5941 Aucusr.
995 5881 1103 5943 Ill.
1713 5899 1872 5918 -λςιοη

1350 349 1754 412 TRACTATUS
1787 347 2006 409 XXXII.
2047 349 2271 411 CAPUT
2307 349 2420 412 νιι.

3417 359 3554 422 tota

1971 483 2084 534 qua:
2103 469 2351 537 perierunt
2380 471 2555 528 domus
2579 469 2774 543 Israel;
2801 478 3064 547 quomodo
3086 479 3244 539 habet
3268 482 3400 538 alias
3425 501 3554 543 oves

1970 557 2036 612 ad
2063 575 2196 629 quas
2223 577 2326 617 non
2352 572 2435 620 est
2455 566 2670 633 missus,
2703 569 2803 623 nisi
2825 571 2948 640 quia
2979 571 3294 642 signiﬁcavit
3318 591 3555 646 praesen-

1971 653 2096 708 tiam
2124 659 2453 727 corporalem
2491 676 2595 716 non
2620 676 2679 718 se
2707 664 2926 720 missum
2971 665 3222 722 exhibere
3269 669 3371 724 nisi
3425 671 3556 728 solis

1967 745 2186 815 Judzcis,
2215 751 2303 820 qui
2325 752 2569 810 viderunt
2593 764 2648 810 et
2675 757 3026 814 occiderunt?
3069 759 3137 815 Et
3175 762 3325 817 multi
3370 771 3552 820 tamen

1967 837 2092 894 inde
2121 848 2175 894 ct
2196 851 2350 896 antea
2379 853 2433 898 et
2463 854 2640 914 postea
2664 847 3024 904 crediderunt.
3053 850 3241 908 Messis
3286 853 3456 923 prima
3485 855 3556 910 de

1966 945 2125 988 cruce
2156 935 2403 989 ventilata
2428 945 2509 992 est
2531 978 2547 1003 ,
2583 947 2638 993 ut
2667 949 2809 996 esset
2833 956 3015 996 semen
3047 943 3190 1000 unde
3215 945 3318 1000 alia
3355 946 3553 1002 messis

1967 1036 2330 1096 consurgeret.
2354 1026 2505 1084 Nunc
2532 1045 2658 1086 vero
2685 1048 2804 1088 cum
2837 1033 2971 1089 fama
3001 1036 3270 1109 Evangelii
3314 1049 3370 1095 et
3407 1040 3557 1097 bono-

1964 1115 2082 1184 ejus
2106 1117 2272 1174 odore
2312 1120 2527 1176 excitati
2564 1123 2786 1180 credunt
2832 1126 3017 1184 ﬁdeles
3058 1129 3174 1199 ejus
3222 1147 3317 1202 per
3361 1117 3556 1190 omncd

1962 1216 2149 1276 gentes
2167 1251 2182 1277 ,
2207 1211 2307 1266 erit
2333 1217 2659 1283 exspectatio
2683 1219 2920 1287 gentium
2944 1262 2960 1288 ,
3004 1222 3216 1291 quando
3243 1227 3434 1290 veniat,
3457 1229 3554 1296 qui

1956 1299 2066 1370 jam
2099 1304 2242 1357 venit
2263 1304 2411 1374 (Ceu.
2445 1323 2590 1374 xux,
2624 1309 2750 1378 10);
2779 1312 2990 1380 quando
3014 1314 3344 1372 abomnibus
3365 1319 3552 1374 vidca~

1961 1400 2068 1459 tur,
2098 1396 2184 1465 qui
2213 1405 2336 1452 tunc
2357 1415 2387 1454 a
2418 1401 2728 1471 quibusdam
2761 1405 2902 1460 visus
2929 1421 3033 1461 non
3057 1419 3153 1475 est,
3181 1424 3208 1464 a
3230 1411 3544 1480 quibusdam

1960 1482 2104 1540 visus
2126 1497 2239 1554 est;
2272 1491 2482 1559 quando
2508 1495 3026 1564 vcniatjudicaturus
3044 1500 3132 1569 qui
3151 1502 3522 1572 venitjudican

1959 1574 2060 1630 dus
2074 1594 2087 1641 ;
2102 1581 2313 1648 quando
2328 1584 2503 1638 veniat
2517 1585 2864 1655 discreturos,
2881 1590 2968 1659 qui
2988 1593 3133 1646 venit
3152 1604 3208 1647 ut
3225 1609 3327 1649 non
3348 1596 3545 1651 discer-

1959 1677 2196 1723 ncrelur.
2218 1669 2333 1725 Non
2349 1674 2489 1727 enim
2506 1674 2574 1730 ab
2595 1676 2769 1746 impiis
2788 1678 3024 1735 Christus
3039 1691 3121 1736 est
3140 1683 3419 1752 discretus,
3444 1687 3540 1742 sed

1957 1772 2079 1812 cum
2111 1759 2282 1830 impiis
2298 1762 2562 1832 judicatus
2587 1783 2602 1819 :
2629 1767 2697 1822 de
2719 1769 2806 1823 illo
2830 1771 2971 1824 enim
2999 1771 3198 1828 dictum
3237 1784 3318 1830 est
3338 1816 3353 1840 ,
3398 1777 3544 1832 Inter

1957 1849 2152 1918 iniquos
2169 1863 2425 1923 reputatus
2441 1865 2510 1910 est
2530 1855 2679 1928 (Isai.
2705 1876 2810 1926 Llll,
2838 1861 2942 1932 l2).
2961 1863 3121 1918 Latro
3160 1867 3328 1920 evasit
3357 1867 3545 1922 :Chri-

1957 1948 2069 1994 stus
2093 1941 2374 1999 damnatus
2401 1955 2483 2000 est
2503 1946 2690 2018 (Marc.
2725 1966 2810 2014 xv,
2848 1953 2938 2018 t5;
2957 1953 3112 2007 Joan.
3134 1956 3409 2028 xvm,40).
3439 1960 3545 2013 Ac-

1955 2032 2093 2100 cepit
2119 2033 2169 2087 in
2191 2033 2512 2105 dulgentiam
2534 2037 2870 2105 criminosus,
2903 2043 3184 2100 damnatus
3209 2056 3288 2101 est
3309 2048 3396 2118 qui
3423 2063 3542 2103 om-

1958 2122 2099 2176 nium
2125 2125 2344 2179 crimina
2378 2127 2742 2184 conﬁtentimn
2783 2132 3056 2189 relaxavit.
3083 2135 3285 2192 Tamen
3328 2148 3384 2194 et
3425 2141 3542 2210 ipsa

1954 2227 2106 2279 crux,
2128 2215 2171 2268 si
2193 2217 2466 2283 attendas,
2511 2220 2736 2276 tribunal
2765 2223 2895 2278 fuit:
2921 2227 2970 2280 in
2993 2227 3170 2283 medio
3198 2229 3340 2285 enim
3361 2232 3542 2302 judice

1954 2307 2279 2374 constituto,
2312 2325 2449 2365 unus
2489 2311 2624 2366 latro
2670 2315 2759 2384 qui
2808 2317 3036 2373 credidit
3083 2320 3337 2378 liberatus
3386 2323 3538 2396 (Luc.

1954 2411 2111 2464 xxtn,
2144 2399 2260 2468 45),
2293 2401 2431 2456 alter
2456 2404 2545 2472 qui
2575 2405 2846 2463 insultavit
2874 2408 3157 2467 damnatus
3189 2423 3290 2469 est.
3323 2415 3440 2472 Jam
3468 2419 3541 2473 si-

1949 2487 2235 2555 gniﬁcabat
2256 2492 2398 2560 quod
2430 2492 2666 2550 facturus
2691 2506 2773 2552 est
2798 2498 2865 2554 de
2893 2499 3027 2556 vivis
3051 2512 3106 2559 et
3125 2507 3377 2574 mortuis;
3404 2510 3538 2567 alios

1951 2577 2217 2644 positurus
2237 2581 2302 2635 ad
2329 2581 2621 2650 dexteram,
2653 2587 2786 2642 alios
2809 2588 2875 2643 ad
2904 2592 3171 2648 sinistram
3195 2613 3208 2649 :
3236 2597 3427 2656 similis
3449 2602 3540 2658 ille

1951 2667 2088 2724 latro
2110 2669 2300 2726 futuris
2325 2673 2390 2727 ad
2420 2677 2709 2742 sinistram,
2739 2680 2927 2736 similis
2955 2683 3090 2738 alter
3109 2685 3297 2745 futuris
3321 2691 3386 2747 ad
3413 2693 3539 2749 dex-

1950 2767 2136 2815 teram.
2163 2762 2520 2834 Judicabatur,
2553 2771 2878 2840 etjudicium
2906 2774 3224 2838 minabatur.

2406 2861 2814 2943 TRACTATUS
2852 2889 3067 2945 xxxu.

1947 2983 2021 3039 Ab
2041 3003 2099 3041 eo
2129 2988 2259 3057 loco,
2310 2989 2365 3045 lu
2394 2995 2683 3052 novissimo
2709 3007 2886 3054 autem
2914 3001 3000 3058 die
3029 3003 3330 3063 festivitatis
3357 3010 3533 3069 stabat

2016 3077 2175 3134 Jesus
2200 3089 2255 3136 et
2296 3083 2580 3155 clamabat,
2612 3088 2816 3159 dicens,
2850 3092 2906 3147 Si
2945 3095 3063 3164 quis
3100 3099 3230 3166 sitit,
3261 3102 3436 3155 veniat
3462 3103 3531 3158 ad

2015 3186 2123 3238 me,
2147 3181 2202 3228 et
2225 3173 2404 3243 bibat;
2437 3195 2594 3250 usque
2620 3182 2688 3235 ad
2713 3184 2784 3249 id,
2818 3185 3064 3242 Nondum
3099 3191 3238 3244 enim
3279 3202 3393 3248 erat
3418 3195 3531 3264 Spi~

2015 3263 2150 3320 ritus
2179 3267 2353 3333 datus,
2384 3271 2506 3341 quia
2527 3271 2682 3332 Iesus
2706 3277 2941 3334 nondum
2982 3279 3153 3337 fuerat
3179 3263 3530 3354 gloriﬁcatus.

2015 3353 2142 3427 Cap.
2165 3373 2256 3423 vn,
2279 3360 2313 3430 ᾗ
2338 3401 2350 3415 .
2383 3363 2570 3421 57-59.
3187 3353 3202 3354 7
3530 3371 3535 3376 ’

2017 3491 2067 3546 t.
2101 3491 2243 3548 lntcr
2270 3495 2630 3557 dissensiones
2653 3509 2708 3556 ct
2734 3503 3092 3563 dubitationes
3117 3507 3420 3568 Judcorum
3452 3515 3523 3571 de

1945 3579 2172 3638 Domino
2190 3583 2318 3641 Jesu
2344 3587 2574 3659 Christo,
2599 3592 2737 3648 inter
2760 3605 2950 3652 cattera
2978 3613 3096 3668 que
3129 3601 3299 3670 dixit,
3330 3607 3528 3675 quibus

1941 3672 2031 3728 alii
2060 3675 2528 3750 confundereutur,
2559 3683 2648 3739 alii
2678 3683 3029 3755 docerentur;
3071 3672 3363 3748 novissimo-
3387 3696 3529 3752 illius

1942 3766 2224 3835 festivitatis
2249 3770 2330 3822 die
2350 3771 2501 3839 (tunc
2523 3775 2662 3828 enim
2690 3776 2789 3831 ista
2816 3779 3155 3852 agebantur),
3197 3798 3315 3852 qum
3342 3787 3528 3854 appel-

1942 3857 2082 3912 latur
2115 3858 2460 3932 Scenopegia,
2491 3864 2541 3919 id
2569 3875 2651 3919 est
2683 3867 3142 3926 tabernaculorum
3177 3878 3521 3942 constructio,

1941 3949 2009 4006 de
2031 3966 2132 4022 qua
2164 3951 2447 4010 festivitate
2467 3956 2576 4026 jam
2598 3967 2750 4014 antea
2784 3963 3024 4017 meminit
3063 3963 3305 4020 Charitas
3349 3978 3527 4025 vestra

1941 4040 2104 4097 fuisse
2129 4042 2445 4113 dissertum,
2479 4059 2631 4104 vocat
2661 4051 2914 4106 Dominus
2943 4053 3097 4110 .lesus
3137 4057 3413 4124 Christus,
3473 4071 3528 4117 et

1942 4131 2044 4187 hoc
2069 4151 2173 4188 non
2206 4145 2488 4208 utcumque
2521 4139 2787 4210 loquendo
2811 4184 2826 4209 ,
2854 4144 2947 4199 sed
2985 4146 3294 4215 clamando,
3337 4160 3393 4204 ut
3435 4154 3526 4221 qui

1945 4224 2053 4279 sitit
2077 4227 2247 4280 veniat
2271 4230 2337 4282 ad
2359 4244 2502 4286 cum.
2537 4231 2591 4285 Si
2619 4233 2851 4300 sitimus,
2884 4238 3192 4305 veniamus;
3221 4251 3275 4296 et
3296 4257 3399 4297 non
3428 4261 3526 4314 pc-

1940 4316 2128 4382 dihus,
2159 4320 2250 4374 sed
2298 4321 2608 4391 atl'ectibus;
2663 4342 2763 4382 nec
2807 4328 3121 4398 migrando,
3169 4334 3263 4388 sed
3296 4337 3528 4394 amando

1941 4411 2231 4467 veniamus.
2260 4413 2569 4486 Quanquam
2592 4419 2882 4475 secundum
2901 4423 3205 4480 interiorem
3228 4426 3528 4497 hominem,

1939 4510 1994 4554 et
2013 4504 2100 4570 qui
2126 4513 2268 4556 amat
2293 4505 2500 4573 migrat.
2524 4507 2591 4562 Et
2610 4509 2750 4564 aliud
2773 4520 2855 4566 est
2876 4513 3102 4584 migrare
3117 4531 3362 4587 corpore,
3382 4523 3526 4578 aliud

1939 4596 2099 4650 corde
2130 4601 2359 4669 :migrat
2391 4616 2614 4672 corpore
2657 4607 2745 4675 qui
2801 4616 2946 4662 motu
2983 4614 3223 4681 corporis
3249 4626 3418 4670 mutat
3443 4618 3526 4671 lo-

1939 4699 2095 4747 cum;
2125 4688 2316 4757 migrat
2345 4692 2506 4746 corde
2526 4735 2540 4758 ,
2564 4695 2652 4763 qui
2677 4706 2821 4750 mottt
2842 4699 3019 4755 cordis
3052 4712 3220 4758 mutat
3250 4705 3522 4763 alTectum.

1941 4778 1994 4834 Si
2031 4779 2174 4834 aliud
2215 4796 2384 4850 amas,
2426 4784 2565 4838 aliud
2610 4787 2847 4853 amabas,
2895 4805 2998 4846 non
3050 4795 3119 4847 ibi
3160 4810 3219 4851 es
3266 4799 3353 4852 ubi
3381 4815 3521 4853 eras.

2010 4869 2064 4922 2.
2105 4870 2308 4925 Clamat
2327 4889 2454 4944 ergo
2489 4877 2640 4930 nobis
2682 4879 2934 4936 Dotniuns
2976 4900 2988 4936 :
3035 4885 3215 4940 Stabat
3255 4889 3396 4943 enim
3421 4930 3433 4954 ,
3476 4900 3523 4943 et

1939 4963 2208 5029 clamabat,
2238 4965 2296 5019 Si
2327 4967 2434 5034 quis
2482 4969 2620 5036 sitit,
2653 4974 2812 5025 veiiiat
2843 4975 2912 5028 ad
2953 4994 3032 5031 me
3055 5019 3069 5041 ,
3119 4991 3166 5033 et
3212 4982 3362 5034 bibat.
3421 4983 3520 5049 Qui

1940 5055 2095 5108 credit
2118 5056 2170 5108 in
2195 5073 2292 5118 me,
2320 5058 2446 5112 sicut
2488 5059 2608 5114 dicit
2659 5063 2958 5134 Scriptura,
3003 5071 3217 5138 ﬂumina
3253 5074 3315 5125 de
3358 5085 3523 5128 ventre

1941 5147 2049 5216 ejus
2074 5149 2231 5218 ﬂuent
2250 5167 2394 5220 aquw
2419 5152 2560 5207 vivaz.
2589 5153 2724 5221 Quid
2765 5157 2864 5213 hoc
2889 5171 3057 5224 esset,
3088 5163 3300 5231 quando
3345 5165 3521 5221 Evan-

1940 5239 2122 5307 gelista
2146 5243 2407 5310 mpOsUil,
2442 5243 2714 5301 immorari
2743 5265 2846 5302 non
2876 5250 3150 5304 debemus.
3185 5251 3336 5308 Unde
3377 5258 3517 5316 enim

1941 5331 2134 5387 dixerit
2163 5335 2434 5402 Dominus,
2468 5336 2529 5391 Si
2549 5340 2658 5408 quis
2681 5342 2805 5404 sitit,
2835 5343 2996 5394 veniat
3021 5344 3090 5394 ad
3110 5361 3220 5410 me,
3253 5354 3298 5399 et
3349 5347 3518 5417 bibat,

1943 5429 2018 5487 et,
2052 5423 2150 5488 Qui
2179 5426 2337 5479 credit
2361 5428 2537 5494 inme,
2564 5431 2777 5499 [lumina
2801 5432 2863 5484 de
2881 5441 3047 5485 ventre
3064 5434 3173 5503 ejus
3195 5437 3356 5508 ﬂuent
3375 5457 3514 5511 aqua

1941 5515 2084 5582 vivae;
2115 5528 2500 5588 consequenter
2518 5522 2762 5590 exposuit
2791 5522 3145 5592 Evangeltsta,
3169 5528 3351 5586 dicens
3377 5551 3389 5585 :
3415 5533 3519 5588 Hoc

1922 5608 2110 5661 autem
2130 5609 2257 5663 dixit
2278 5611 2340 5663 de
2365 5611 2561 5680 Spiritu
2603 5629 2747 5681 quem
2778 5617 3031 5684 accepturi
3077 5630 3219 5674 eram
3265 5625 3520 5680 credentes

1943 5697 1995 5751 in
2023 5715 2152 5753 eum.
2185 5698 2428 5754 Nondum
2456 5702 2586 5752 enim
2607 5711 2712 5754 erat
2737 5703 2960 5772 Spiritus
2988 5706 3136 5764 datus
3159 5751 3173 5777 ,
3215 5714 3334 5783 quia
3370 5715 3518 5771 Jesut

1845 5841 1854 5850 .
1945 5790 2167 5846 nondum
2196 5801 2299 5849 erat
2324 5791 2650 5862 glori/iratus.
2675 5791 2770 5846 Est
2789 5807 2914 5863 ergo
2939 5797 3054 5852 sitis
3075 5801 3293 5859 interior
3315 5815 3369 5860 et
3396 5821 3517 5860 vcn-

2475 5878 3110 5973 (Uinquante-deux.)
