4118 6482
497 432 538 486 τί
551 427 652 483 (Si?)

513 557 592 602 ter
621 541 857 605 interior,
889 539 1010 609 quia
1037 545 1119 592 est
1158 533 1318 588 homo
1345 529 1586 584 interior.
1631 524 1699 578 Et
1739 522 1828 576 ille
1874 518 2090 592 quidem

514 637 733 692 interior
761 631 1037 688 invisibilis
1057 671 1071 694 ,
1101 625 1333 684 exterior
1353 629 1526 676 autem
1557 616 1780 672 visibilis
1812 633 1824 668 :
1853 611 1948 668 sed
1973 625 2090 666 mes

513 732 613 786 lior
633 728 850 786 interior
882 738 1038 794 quam
1065 719 1320 776 exterior.
1345 714 1414 768 Et
1437 711 1576 782 quod
1601 723 1706 764 non
1735 707 1962 772 videtur,
1993 703 2093 794 hoc

513 821 632 890 plus
661 825 867 872 amatur
889 792 913 868 ε-
929 818 1137 868 constat
1157 808 1298 862 enim
1326 804 1442 874 plus
1477 800 1644 854 amari
1693 796 1960 852 hominem
2006 792 2090 846 in-

515 884 764 966 ieriorem
787 921 946 976 quam
970 899 1310 960 exteriorem.
1337 893 1494 952 Unde
1519 893 1620 948 hoc
1645 887 1894 948 Constat?
1916 884 2092 942 Unus—

514 1003 736 1074 quisque
766 1001 816 1054 in
849 999 1024 1068 seipso
1051 992 1254 1064 probet.
1288 986 1538 1058 Quamvis
1557 984 1696 1040 enim
1731 982 1821 1052 qui
1849 978 1987 1034 male
2016 978 2093 1032 vi-

421 1144 425 1148 .
512 1104 676 1160 vunt,
703 1091 910 1148 animos
956 1103 1082 1142 suos
1108 1083 1318 1154 corpori
1357 1081 1636 1143 addicant;
1689 1077 1871 1131 vivere
1917 1085 2092 1134 tamen

418 1183 428 1232 ιί
515 1185 697 1238 volunt
719 1225 734 1248 ,
765 1179 903 1252 quod
931 1192 1034 1232 non
1067 1183 1150 1232 est
1181 1173 1282 1228 nisi
1307 1172 1466 1226 animi
1493 1211 1506 1236 ,
1559 1167 1831 1238 magisque
1886 1165 2092 1232 seipsos

423 1251 426 1266 ε
513 1273 750 1330 indicant
775 1251 862 1340 qui
890 1277 1101 1340 regunt,
1128 1280 1286 1336 quam
1315 1265 1402 1318 illa
1428 1277 1546 1332 qua:
1584 1268 1858 1329 reguntur.
1889 1256 2096 1325 Regunt

517 1366 658 1422 enim
688 1362 871 1428 animi,
905 1369 1158 1428 reguntur
1179 1369 1421 1425 corpora.
1459 1350 1665 1408 Gaudet
1689 1349 1911 1418 quisque
1951 1344 2095 1399 volu-

515 1465 678 1526 ptate,
704 1464 755 1510 et
779 1453 918 1522 t'apil
943 1451 1008 1504 de
1039 1463 1260 1518 corpore
1283 1437 1748 1512 voluptatem:st
1769 1450 1952 1505 separa
1980 1433 2096 1487 ani-

519 1523 690 1616 mum,
731 1545 862 1600 nihil
889 1551 1053 1597 restat
1074 1542 1125 1594 in
1148 1552 1371 1608 corpore
1397 1532 1535 1604 quod
1559 1530 1818 1602 gaudeat;
1847 1535 1900 1581 et
1937 1526 1980 1580 si
2029 1523 2098 1578 de

511 1653 738 1710 corpore
767 1636 976 1708 gaudet,
1003 1634 1210 1688 animus
1235 1627 1447 1700 gaudet.
1487 1625 1540 1680 Si
1585 1621 1778 1694 gaudet
1823 1619 1890 1674 de
1940 1616 2098 1671 domo

513 1709 633 1800 sua,
659 1731 727 1786 de
757 1745 814 1786 se
851 1725 1140 1803 nondebet
1181 1717 1454 1793 gaudere?
1502 1727 1555 1772 et
1603 1716 1648 1768 si
1692 1713 1852 1766 habet
1888 1709 2098 1764 animus

515 1823 658 1880 unde
685 1801 977 1877 oblectetur
1020 1815 1355 1872 extrinsecus
1376 1854 1389 1876 ,
1417 1810 1530 1865 sine
1564 1806 1768 1862 deliciis
1793 1810 1972 1858 manet
2021 1801 2101 1854 in-

519 1914 822 1972 trinsecus?
850 1909 1082 1966 Omnino
1105 1914 1312 1962 constat
1335 1903 1453 1974 plus
1477 1915 1656 1955 amare
1679 1897 1948 1951 hominem
1987 1892 2102 1946 ani-

517 2025 658 2066 mam
683 2023 832 2062 suam
857 2019 1013 2075 quam
1043 2015 1237 2072 corpus
1259 2015 1435 2054 suum.
1465 1995 1571 2050 Sed
1597 1993 1724 2048 etin
1751 1991 1856 2046 alio
1887 1987 2102 2042 homine

517 2101 638 2172 plus
675 2107 817 2154 amat
845 2098 1003 2150 homo
1037 2094 1268 2147 animam
1309 2103 1467 2158 quam
1518 2099 1728 2154 corpus.
1780 2079 1916 2147 Quid
1961 2078 2102 2134 enim

520 2169 725 2248 amatur
751 2191 803 2243 in
829 2187 1022 2252 amico,
1050 2184 1136 2240 ubi
1161 2190 1244 2237 est
1261 2196 1412 2234 amor
1453 2175 1712 2232 sincerior
1763 2182 1818 2228 et
1869 2169 2102 2226 castior?

519 2283 658 2353 Quid
685 2287 894 2338 amatur
923 2278 976 2332 in
1007 2276 1218 2353 amico;
1246 2272 1476 2334 animus,
1501 2283 1570 2320 an
1595 2262 1826 2335 corpus?
1864 2261 1919 2316 Si
1975 2258 2104 2312 ﬁdes

521 2347 752 2438 amatur,
786 2369 998 2424 animus
1017 2347 1225 2418 amatur
1255 2381 1267 2416 :
1292 2361 1336 2416 si
1361 2354 1730 2414 benevolentia
1753 2359 1980 2412 amatur,
2011 2349 2103 2404 bc-

523 2463 841 2520 nevolentize
871 2459 1028 2515 sedes
1055 2455 1262 2510 animus
1289 2461 1370 2506 est
1395 2468 1408 2504 :
1433 2449 1476 2502 si
1507 2448 1606 2502 hoc
1635 2459 1783 2500 amas
1827 2443 1879 2496 in
1910 2441 2104 2506 altero,

521 2555 644 2626 quia
668 2562 722 2608 et
749 2553 864 2622 ipse
893 2557 1037 2604 amat
1064 2557 1137 2612 te,
1163 2545 1396 2598 animum
1435 2553 1622 2604 amas;
1648 2535 1768 2606 quia
1806 2548 1912 2588 non
1958 2545 2104 2596 caro,

453 2713 456 2718 η
517 2649 617 2704 sed
658 2647 866 2702 animus
892 2649 1054 2696 amat.
1087 2639 1213 2694 ldeo
1251 2637 1392 2690 enim
1419 2647 1567 2687 amas
1591 2671 1608 2698 ,
1657 2629 1778 2699 quia
1823 2635 1875 2680 te
1921 2631 2104 2678 amat:

523 2756 702 2812 quaere
729 2736 868 2793 unde
892 2745 942 2790 te
967 2741 1142 2797 amet,
1176 2738 1230 2784 et
1267 2727 1388 2782 vide
1433 2723 1560 2796 quid
1598 2735 1768 2776 ames.
1819 2718 1948 2772 Plus
1981 2729 2109 2785 ergo

524 2841 751 2896 amatur,
783 2837 840 2884 et
869 2842 975 2881 non
1007 2823 1237 2878 videtur.

595 2924 650 2980 5.
682 2918 893 2990 Aliquid
941 2915 1100 2971 etiam
1149 2911 1268 2966 volo
1309 2907 1506 2973 dicere,
1538 2903 1627 2960 ubi
1655 2901 1823 2972 magis
1861 2905 2112 2969 appareat

525 3011 808 3073 Dilectioni
831 3017 1026 3065 vestrae
1059 3011 1314 3076 quantum
1341 3006 1548 3054 ametur
1568 2995 1797 3059 animus,
1830 3000 1884 3046 et
1921 3004 2112 3058 quem-

525 3103 810 3163 admodum
857 3097 1072 3168 corpori
1115 3099 1470 3165 prreponatur.
1499 3087 1578 3141 llli
1623 3083 1722 3154 ipsi
1755 3079 1936 3135 lascivi
1963 3092 2112 3131 ama-

526 3207 690 3262 tores,
735 3193 824 3264 qui
877 3184 1272 3260 pulchritudine
1317 3192 1604 3248 corporum
1653 3173 2115 3264 delectantur,“et

513 3257 700 3344 forma
722 3257 1084 3340 membrorum
1125 3272 1502 3335 accenduntur,
1529 3276 1656 3322 tunc
1679 3268 1860 3318 amant
1889 3257 2116 3326 amplius

529 3380 741 3454 quando
769 3384 1032 3432 amantur.
1063 3369 1197 3426 Nam
1241 3367 1289 3421 si
1331 3369 1474 3418 amet
1519 3369 1572 3414 et
1613 3356 1808 3454 sentiat
1842 3352 1964 3422 quia
1993 3349 2116 3450 odio

530 3441 778 3536 habetur,
808 3465 978 3536 magis
1025 3460 1270 3517 irascitur
1309 3469 1466 3526 quam
1511 3450 1699 3520 diligit.
1746 3446 1920 3512 Quare
1951 3441 2117 3536 magis

531 3529 776 3622 irascitur
815 3529 972 3630 quam
1013 3551 1224 3623 diligit?
1266 3548 1400 3616 Quia
1445 3559 1548 3599 non
1594 3541 1642 3596 ei
1693 3537 1944 3630 redditur-
1973 3529 2117 3630 quod

521 3653 812 3725 impendit.
833 3623 890 3706 Si
921 3660 1050 3716 ergo
1081 3642 1182 3716 ipsi
1210 3650 1508 3710 corporum
1547 3639 1815 3688 amatores
1854 3623 2119 3681 redamari

535 3763 596 3804 se
613 3721 825 3810 volunt,
868 3749 923 3796 et
961 3739 1062 3792 hoc
1106 3748 1200 3790 eos
1251 3731 1418 3798 magis
1465 3725 1694 3782 delectat
1741 3721 1786 3774 si
1838 3724 2116 3780 amentur;

533 3839 716 3910 quales
759 3808 886 3890 sunt
929 3835 1196 3884 amatores
1225 3814 1563 3876 animorum?
1608 3813 1676 3868 Et
1721 3811 1765 3865 si
1793 3808 1973 3910 magni
1997 3813 2120 3905 sunt

535 3893 802 3986 amatores
844 3922 1162 3980 animorum,
1208 3911 1394 3982 quales
1433 3914 1557 3962 sunt
1593 3911 1858 3956 amatores
1885 3897 1998 3986 Dei,
2031 3893 2118 3964 qui

537 4017 792 4092 pulchros
817 4013 1027 4067 animos
1057 4005 1218 4060 facit?
1240 4003 1388 4058 Sicut
1411 3998 1553 4052 enim
1581 3993 1788 4072 animus
1819 3985 2122 4092 fa.cit.decus

537 4077 594 4168 in
631 4077 876 4178 corpore,
924 4102 1001 4156 sic
1031 4099 1171 4154 Deus
1201 4096 1252 4149 in
1298 4092 1495 4147 animo.
1538 4086 1654 4141 Non
1685 4082 1825 4138 enim
1847 4077 1980 4179 iacit
2004 4091 2124 4179 cor-

527 4205 657 4277 .pori
695 4173 836 4258 unde
873 4202 1081 4252 ametur
1102 4189 1202 4245 nisi
1233 4190 1441 4242 animus
1472 4199 1484 4236 :
1512 4180 1602 4250 qui
1629 4189 1750 4232 cum
1790 4173 2117 4277 migraverit,

537 4259 765 4352 cadaver
807 4285 1107 4348 horrescis;
1153 4287 1208 4336 et
1251 4281 1739 4347 quantumcumque
1785 4260 2003 4332 pulchra
2033 4259 2122 4312 illa

541 4385 781 4444 membra
809 4377 1078 4442 dilexeris,
1105 4369 1329 4442 sepelire
1367 4363 1603 4420 festinas.
1643 4359 1812 4414 Decus
1853 4367 1980 4424 ergo
2005 4365 2125 4407 cor-

541 4481 708 4555 poris,
729 4477 937 4532 animus
963 4490 978 4526 :
1011 4471 1174 4525 decus
1201 4462 1385 4528 animi,
1415 4459 1576 4514 Deus.

587 4574 669 4644 Α.
694 4542 904 4625 Clamat
927 4576 1058 4634 ergo
1092 4554 1344 4614 Dominus
1378 4559 1437 4606 ut
1477 4549 1750 4604 veniamus
1778 4551 1831 4599 et
1859 4542 2121 4608 bibamus,

543 4631 754 4720 si‘intus
781 4631 1048 4718 sitiamus;
1079 4658 1134 4706 et
1156 4646 1284 4702 dicit
1311 4643 1432 4716 quia
1455 4655 1577 4696 cum
1605 4636 1915 4700 biberimus,
1948 4631 2124 4685 ﬂumi-

545 4771 614 4811 na
639 4766 788 4824 aquze
815 4750 950 4804 viva:
990 4743 1156 4798 liuent
1195 4739 1262 4794 de
1305 4743 1490 4792 ventre
1525 4739 1729 4786 nostro.
1762 4728 1957 4782 Venter
1986 4725 2125 4824 inte-

545 4814 708 4902 rioris
734 4837 962 4896 hominis
981 4828 1303 4890 conscientia
1331 4825 1510 4882 cordis
1537 4831 1637 4878 est.
1669 4819 1842 4874 Bibito
1872 4831 1998 4886 ergo
2023 4814 2126 4870 isto

547 4939 756 5008 liquore
807 4926 1028 4985 vivescit
1069 4930 1291 4996 purgata
1337 4913 1695 4977 conscientia;
1750 4907 2125 5008 et-haurinens,

547 4997 750 5084 fontem
779 5019 1032 5082 habebit;
1060 5015 1218 5070 etiam
1247 5013 1360 5083 ipsa
1389 5009 1508 5063 fons
1550 5004 1669 5060 erit.
1702 4999 1837 5068 Quid
1865 5007 1946 5055 est
1989 4997 2126 5064 l‘ons,

549 5131 606 5176 et
653 5114 780 5190 quid
823 5119 906 5168 est
954 5107 1146 5164 ﬂuvius
1195 5103 1287 5176 qui
1329 5105 1510 5156 manat
1547 5095 1614 5150 de
1654 5103 1836 5149 ventre
1865 5088 2130 5190 interioris

554 5181 816 5266 hominis?
856 5195 1252 5260 Benevolentia,
1290 5207 1392 5263 qua
1421 5187 1535 5242 vult
1559 5183 1838 5241 consulere
1867 5181 2126 5251 proximo.

552 5301 610 5358 Si
635 5298 776 5356 enim
822 5301 972 5365 putet
998 5289 1120 5360 quia
1151 5283 1290 5356 quod
1337 5280 1469 5336 bibit
1509 5277 1610 5332 soli
1657 5274 1758 5346 ipsi
1800 5272 1956 5365 debet
1981 5267 2132 5324 suill-

551 5407 712 5457 cere;
760 5363 868 5442 non
908 5382 1025 5439 ﬂuit
1063 5391 1199 5448 aqua
1225 5374 1344 5429 viva
1381 5371 1450 5426 de
1486 5375 1671 5426 ventre
1693 5367 1852 5437 ejus:
1885 5363 1930 5418 si
1954 5371 2132 5457 autem

551 5451 798 5558 proximo
843 5475 1055 5533 festinat
1095 5465 1411 5530 consulere;
1465 5459 1586 5516 ideo
1635 5457 1969 5558 notrsiccat,
2011 5451 2134 5558 quia

553 5546 758 5636 inanat.
791 5567 1104 5626 Videbimus
1147 5573 1289 5618 nunc
1331 5554 1458 5628 quid
1507 5555 1577 5610 sit
1627 5549 1770 5624 quod
1812 5549 2018 5614 bibunt,
2044 5546 2136 5617 qui

553 5641 780 5726 credunt
811 5662 864 5716 in
895 5654 1150 5720 Domino;
1175 5651 1298 5722 quia
1327 5649 1508 5718 utique
1533 5639 1824 5700 Christiani
1847 5651 2052 5704 sumus,
2082 5644 2137 5692 et

557 5761 606 5816 si
627 5743 918 5816 credimus,
944 5745 1195 5801 bibimus.
1223 5741 1291 5796 Et
1309 5735 1670 5807 unusquisque
1699 5733 1750 5787 in
1776 5731 1950 5798 seipse
1979 5728 2140 5785 debet

564 5858 852 5915 agnoscere
881 5840 924 5896 si
955 5836 1106 5903 bibit,
1133 5841 1189 5890 et
1229 5832 1276 5887 si
1303 5829 1430 5886 vivit
1453 5842 1518 5884 ex
1545 5837 1610 5882 eo
1635 5821 1774 5895 quod
1805 5819 1936 5877 bibit
1976 5839 1990 5876 :
2029 5835 2134 5875 non

1433 411 1496 468 lN
1535 405 1808 467 JOANNIS
1849 402 2318 472 EVANGELIUM,
2357 401 2414 458 S.
2456 397 2824 461 AUGUSTINI

3641 399 3778 460 ισιι

2197 517 2338 573 enim
2373 531 2468 572 nos
2495 517 2692 572 deserit
2715 515 2851 580 fons,
2886 529 2928 568 SI
2957 528 3061 568 non
3087 511 3398 568 deseramus
3418 511 3636 568 fonnem.

2267 611 2320 668 5.
2363 611 2620 681 Exposuit
2663 609 3020 680 Evangelista,
3071 617 3128 662 ut
3173 607 3300 673 dixi,
3349 607 3488 664 unde
3525 607 3784 664 Dominus

2197 703 2498 768 clamasset,
2531 703 2594 756 ad
2620 702 2828 770 qualem
2855 711 3034 770 potum
3073 699 3364 766 invitasset,
3396 699 3524 770 quid
3551 699 3781 756 bibenti-

2197 794 2296 848 bus
2323 793 2678 864 propiuasset,
2700 792 2907 856 dicens,
2946 790 3054 844 Hoc
3080 799 3244 844 autem
3267 790 3460 844 aicebat
3487 788 3551 844 de
3581 789 3784 862 Spiritu

2197 899 2341 954 quem
2362 883 2613 953 accepturi
2653 893 2810 954 erant.
2837 881 3092 936 credentes
3127 881 3180 934 in
3215 895 3344 934 eum.
3377 877 3622 934 Nondum
3649 881 3786 934 enim

2197 984 2303 1028 erat
2333 973 2560 1045 Spiritus
2599 974 2764 1038 datus,
2801 973 2918 1042 quia
2944 971 3096 1026 Iesus
3133 969 3356 1024 nondum
3387 979 3493 1025 erat
3521 971 3786 1040 gloriﬁca-
3845 995 3864 1018 ι

2200 1071 2296 1118 tus.
2320 1063 2486 1132 Quem
2505 1064 2632 1117 dicit
2653 1063 2930 1132 Spiritum,
2955 1062 3058 1116 nisi
3081 1071 3317 1115 sanctum
3340 1060 3629 1130 Spiritum?
3650 1061 3785 1116 Nam

2199 1155 2554 1223 unusquisque
2585 1154 2744 1208 homo
2787 1153 2946 1208 habet
2993 1153 3044 1208 in
3095 1167 3154 1206 se
3201 1155 3472 1222 propriqu
3516 1151 3786 1222 spiritum,

2201 1242 2268 1296 de
2288 1257 2391 1312 quo
2414 1243 2665 1313 loquebar
2685 1260 2806 1298 cum
2831 1244 3066 1298 animum
3088 1233 3540 1298 commendarem.
3561 1243 3788 1298 Animus

2202 1335 2342 1390 enim
2391 1337 2664 1407 cujusque,
2719 1338 2964 1407 proprius
3007 1345 3089 1390 est
3126 1335 3341 1405 spiritus
3379 1335 3496 1406 ejus
3539 1353 3552 1387 :
3585 1334 3650 1388 de
3679 1350 3789 1404 quo

2201 1427 2329 1482 dicit
2363 1429 2554 1482 Paulus
2579 1429 2845 1498 apostolus
2869 1470 2882 1494 ,
2917 1427 3040 1494 Quis
3085 1427 3215 1480 enim
3253 1426 3344 1480 scit
3385 1425 3646 1480 hominum
3676 1440 3790 1495 quia

2201 1527 2316 1571 sunt
2361 1518 2594 1582 hominis,
2647 1519 2743 1571 nisi
2785 1517 2992 1588 spiritus
3035 1505 3278 1582 hominis,
3303 1515 3388 1586 qui
3425 1515 3478 1569 in
3516 1515 3626 1586 ipso
3671 1515 3792 1567 est?

2203 1611 2396 1667 deinde
2424 1611 2678 1681 adjnnxit,
2715 1611 2801 1665 Sic
2841 1621 2888 1666 et
2915 1625 3026 1682 qua:
3057 1608 3150 1662 Dei
3190 1619 3326 1676 sunt,
3357 1625 3499 1663 nemo
3537 1607 3646 1670 scit,
3691 1607 3792 1660 nisi

2206 1701 2430 1772 Spiritus
2481 1701 2580 1755 Dei
2623 1701 2665 1776 (ι
2708 1699 2825 1757 Cor.
2871 1717 2928 1768 ιι,
2962 1700 3072 1772 Η).
3103 1699 3294 1754 Nostra
3341 1714 3499 1754 nemo
3525 1697 3644 1766 scit,
3690 1697 3793 1751 nisi

2205 1795 2421 1865 spiritus
2473 1805 2674 1849 noster.
2720 1793 2834 1848 Non
2883 1794 3022 1848 enim
3055 1794 3174 1847 novi
3201 1791 3327 1862 quid
3368 1792 3588 1862 cegitas,
3618 1800 3794 1861 auttu

2205 1887 2330 1956 quid
2361 1887 2534 1956 cogito
2565 1905 2576 1940 :
2613 1887 2726 1956 ipsa
2752 1887 2891 1941 enim
2917 1895 3041 1940 sunt
3076 1885 3289 1956 propria
3322 1893 3524 1950 nostra,
3555 1899 3677 1952 qua:
3707 1883 3793 1936 in-

2209 1980 2372 2033 terius
2401 1981 2728 2049 cogitamus;
2760 1989 2812 2034 et
2839 1979 3218 2048 cogitationum
3248 1976 3662 2048 uniuscujusque
3687 1977 3793 2029 ho-

2208 2071 2366 2125 minis
2414 2071 2581 2140 ipsius
2608 2071 2822 2140 spiritus
2854 2071 3001 2124 testis
3039 2080 3140 2125 est.
3179 2067 3269 2124 Sic
3311 2076 3356 2122 et
3389 2084 3502 2139 quae
3527 2067 3625 2121 Dei
3652 2075 3794 2136 sunt,

2208 2177 2354 2214 uento
2383 2161 2494 2226 scit,
2528 2161 2626 2214 nisi
2670 2160 2896 2230 Spiritus
2939 2161 3046 2214 Dei.
3091 2159 3201 2214 Nos
3227 2175 3346 2214 cum
3376 2159 3560 2228 spiritu
3589 2167 3796 2222 nostro,

2211 2251 2350 2305 Deus
2387 2267 2506 2304 cum
2535 2267 2631 2306 suo
2665 2269 2676 2304 :
2708 2251 2778 2306 ita
2810 2260 2984 2306 tamen
3028 2259 3087 2304 ut
3133 2251 3272 2305 Deus
3302 2266 3424 2306 eum
3465 2265 3566 2304 suo
3595 2249 3799 2319 Spiritu

2211 2341 2344 2394 sciat
2363 2341 2520 2396 etiam
2547 2341 2671 2412 quid
2701 2351 2886 2412 agatur
2916 2343 2970 2396 in
3007 2341 3190 2404 nobis;
3215 2357 3311 2396 nos
3337 2349 3513 2395 autem
3542 2339 3657 2394 sine
3681 2339 3801 2409 ejus

2213 2431 2410 2502 Spiritu
2437 2434 2574 2487 scire
2612 2447 2715 2486 non
2740 2446 3020 2502 possumus
3045 2431 3171 2502 quid
3198 2441 3385 2502 agatur
3413 2433 3463 2486 in
3496 2431 3624 2486 Deo.
3651 2431 3800 2486 Deus

2213 2532 2390 2577 autem
2419 2523 2518 2577 scit
2559 2523 2610 2576 in
2653 2523 2807 2578 nobis
2833 2532 2889 2580 et
2926 2523 3067 2594 quod
3099 2523 3197 2595 ipsi
3227 2523 3494 2577 nescimus
3527 2522 3581 2576 in
3621 2520 3800 2577 nobis.

2213 2614 2344 2669 Nam
2397 2615 2753 2670 inlirmitatem
2795 2631 2946 2671 suam
2995 2617 3184 2672 Petrus
3211 2619 3504 2683 nesciebat,
3531 2619 3804 2690 quandoa

2216 2707 2442 2761 Domino
2483 2707 2623 2777 quod
2675 2716 2756 2762 ter
2793 2717 2936 2764 esset
2981 2717 3268 2780 negaturus
3311 2711 3558 2766 audiebat
3583 2711 3804 2783 (Hau/1.

2216 2815 2358 2864 xxvi,
2393 2799 2603 2870 55—35),
2631 2809 2684 2854 et
2720 2815 2862 2870 aeger
2891 2814 2949 2854 se
2987 2799 3295 2870 ignorabat;
3323 2801 3560 2856 medicus
3599 2819 3804 2874 aegrum

2217 2890 2435 2945 sciebat.
2459 2891 2592 2944 Sunt
2618 2905 2744 2960 ergo
2777 2892 3014 2960 qumdam
3043 2909 3159 2962 qua:
3190 2893 3324 2948 Deus
3357 2897 3501 2950 novit
3539 2897 3590 2949 in
3619 2897 3800 2964 nobis,

2219 2983 2578 3037 nescientibus
2603 2982 2778 3037 nobis.
2812 2983 3012 3038 Tanton
3038 2996 3290 3055 quantum
3315 2987 3380 3040 ad
3407 2986 3652 3044 homines
3678 3004 3804 3059 per-

2221 3073 2371 3138 tinet,
2404 3089 2561 3128 nemo
2607 3075 2682 3128 sic
2720 3090 2778 3130 se
2823 3077 2966 3128 novit
2994 3078 3260 3145 quomodo
3291 3077 3401 3146 ipse
3432 3079 3592 3134 homo
3623 3097 3638 3133 :
3669 3083 3806 3136 alius

2221 3165 2387 3218 nescit
2415 3164 2540 3234 quid
2593 3166 2646 3218 in
2696 3167 2784 3220 illo
2829 3177 3034 3237 agatur,
3076 3169 3171 3222 sed
3215 3170 3432 3238 spiritus
3470 3171 3590 3240 ejus
3635 3173 3802 3226 novit.

2221 3255 2455 3322 Accepto
2500 3263 2676 3308 autem
2716 3255 2915 3325 Spiritu
2943 3257 3056 3324 Dei,
3085 3257 3338 3314 discimus
3369 3268 3424 3315 et
3461 3261 3585 3332 quid
3621 3273 3808 3332 agatur

2221 3344 2274 3398 in
2303 3345 2412 3398 Deo
2444 3362 2458 3398 :
2487 3361 2592 3400 non
2626 3355 2814 3411 totum,
2857 3348 2980 3418 quia
3025 3364 3130 3403 non
3173 3351 3474 3420 accepimus
3513 3359 3702 3406 totum.
3731 3353 3810 3408 De

2223 3438 2442 3507 pignore
2485 3439 2650 3493 multa
2683 3440 2927 3494 novimus
2955 3459 2968 3494 :
2999 3442 3186 3512 pignus
3228 3444 3370 3498 enim
3405 3445 3726 3514 accepimus,
3753 3452 3810 3500 et

2225 3529 2382 3596 hujus
2423 3531 2654 3600 pignoris
2697 3531 2969 3600 plenitudo
3011 3541 3191 3602 pestea
3238 3533 3465 3588 dabitur.
3495 3534 3708 3590 Interim
3753 3535 3808 3590 in

2225 3619 2325 3676 hac
2373 3624 2797 3694 peregrinatione
2827 3625 3020 3696 pignus
3065 3641 3163 3680 nos
3201 3628 3522 3694 consoletur,
3564 3629 3686 3698 quia
3715 3627 3810 3698 qui

2226 3729 2325 3767 nos
2364 3713 2611 3783 dignatus
2658 3723 2740 3770 est
2786 3717 3154 3787 Oppignerare,
3205 3719 3424 3772 multum
3471 3727 3683 3788 paratus
3727 3723 3812 3773 est

2226 3803 2374 3858 dare.
2402 3805 2456 3858 Si
2489 3805 2607 3859 talis
2633 3814 2712 3859 est
2743 3807 2920 3872 arrha,
2952 3807 3074 3877 quid
3099 3819 3177 3862 est
3199 3808 3349 3878 cujus
3373 3819 3453 3863 est
3481 3809 3679 3863 arrha?

2299 3893 2350 3948 6.
2381 3893 2485 3948 Sed
2517 3893 2642 3964 quid
2671 3903 2753 3950 est
2797 3895 2937 3966 quod
2964 3899 3056 3963 ait,
3091 3895 3214 3951 Non
3257 3899 3388 3952 enim
3431 3908 3538 3953 erat
3583 3899 3810 3970 Spiritus

2228 3985 2394 4049 datus,
2423 3985 2540 4056 quia
2557 3983 2710 4039 ‘Jesus
2735 3987 2958 4040 nondum
2987 3997 3091 4041 erat
3119 3987 3470 4059 gloriﬁcatus?
3495 3989 3552 4044 in
3580 3989 3812 4046 evidenti

2227 4089 2311 4134 est
2353 4077 2673 4133 intellectus.
2720 4077 2837 4133 Non
2867 4079 3008 4134 enim
3039 4097 3142 4134 non
3181 4091 3294 4134 erat
3331 4080 3558 4150 Spiritus
3587 4082 3698 4148 Dei,
3721 4081 3814 4152 qui

2228 4177 2342 4224 erat
2369 4171 2508 4240 apud
2537 4171 2742 4236 Deum;
2773 4171 2867 4226 sed
2907 4171 3140 4227 nondum
3167 4181 3280 4228 erat
3317 4174 3370 4227 in
3400 4173 3477 4228 eis
3515 4173 3606 4244 qui
3629 4173 3809 4230 credi-

2229 4259 2420 4316 derant
2452 4261 2502 4314 in
2547 4259 2749 4316 Jesum.
2797 4265 2874 4315 lta
2913 4263 3053 4317 enim
3087 4261 3348 4333 disposuit
3375 4263 3632 4318 Dominus
3656 4263 3814 4320 Jesus

2229 4367 2338 4408 non
2379 4353 2455 4407 eis
2501 4352 2630 4408 dare
2671 4351 2924 4422 Spiritum
2969 4353 3128 4408 istum
3169 4353 3235 4409 de
3263 4369 3368 4424 quo
3397 4355 3682 4424 loquimur,
3711 4354 3814 4409 nisi

2231 4455 2350 4516 post
2379 4446 2823 4501 resurrectionem
2855 4461 3040 4512 suam;
3089 4454 3144 4500 et
3191 4445 3293 4502 hoc
3334 4463 3442 4501 non
3486 4448 3602 4503 sine
3629 4461 3811 4504 causa.

2232 4535 2302 4591 Et
2326 4535 2465 4592 forte
2505 4537 2548 4591 si
2593 4551 2915 4607 qmeramus,
2958 4546 3157 4591 annuet
3201 4545 3260 4591 ut
3301 4536 3743 4605 inveniamus;et
3768 4537 3816 4591 si

2233 4631 2523 4700 pulsemus,
2572 4629 2776 4700 aperiet
2819 4638 2876 4684 ιιι
2925 4631 3200 4684 intremus.
3249 4631 3422 4686 Pietas
3468 4631 3661 4702 pulsat,
3707 4644 3816 4683 non

2233 4737 2421 4777 manus
2455 4740 2468 4775 :
2499 4735 2799 4792 quanquam
2840 4721 3015 4791 pulsat
3059 4729 3112 4776 et
3153 4736 3362 4788 manus,
3393 4722 3436 4776 si
3468 4723 3537 4777 ab
3564 4721 3818 4791 operibus

2235 4813 2613 4869 misericordia:
2659 4829 2764 4868 non
2802 4822 2972 4868 cesset
3014 4829 3220 4870 manus.
3275 4813 3407 4881 Quae
3457 4813 3614 4884 igitur
3653 4827 3820 4868 causa

2236 4915 2319 4963 est
2372 4922 2468 4962 cur
2513 4907 2770 4962 Dominus
2827 4905 2983 4962 Jesus
3025 4903 3270 4960 Christus
3311 4907 3555 4960 statuerit
3603 4903 3821 4960 nonnisi

2241 5013 2362 5053 cum
2389 5007 2532 5052 esset
2549 4996 2890 5067 gloriﬁcatus,
2922 4995 3050 5050 dare
3079 4995 3330 5066 Spiritum
3360 4993 3637 5049 sanetum?
3665 4991 3822 5062 Quod

2237 5098 2519 5159 antequam
2571 5087 2810 5143 dicamus
2853 5093 2911 5142 ut
2953 5100 3256 5156 possumus,
3303 5083 3451 5155 prius
3473 5081 3822 5155 quzerendum

2238 5190 2340 5249 est,
2369 5196 2436 5236 ne
2472 5194 2628 5250 quem
2675 5178 2811 5232 forte
2851 5183 3082 5244 moveat,
3120 5175 3389 5247 quomodo
3432 5174 3666 5230 nondum
3705 5179 3826 5227 erat

2240 5271 2471 5342 Spiritus
2511 5270 2566 5323 in
2609 5267 2911 5323 hominibus
2947 5265 3165 5332 sanctis,
3207 5279 3327 5320 cum
3358 5263 3426 5320 de
3452 5265 3569 5334 ipso
3594 5262 3826 5318 Domino

2221 5376 2427 5436 recens
2455 5368 2580 5415 nato
2620 5361 2824 5430 legatur
2851 5359 2902 5412 in
2935 5356 3245 5428 Evangelio,
3275 5355 3414 5426 quod
3453 5369 3574 5411 eum
3617 5355 3670 5408 in
3700 5351 3827 5424 Spi-

2240 5456 2345 5511 ritu
2371 5461 2556 5510 sancto
2593 5451 2868 5521 agnoverit
2901 5447 3138 5514 Simeon,
3168 5447 3442 5518 agnoverit
3480 5446 3640 5502 etiam
3671 5445 3829 5499 Anna

2241 5545 2399 5601 vidua
2433 5543 2762 5616 prophetissa
2787 5539 2934 5614 (Luc.
2964 5557 3022 5608 ιι,
3048 5537 3269 5612 25-53);
3293 5539 3569 5610 agnoverit
3595 5535 3827 5592 Joannes

2243 5635 2380 5708 ipse,
2423 5633 2513 5705 qui
2541 5649 2662 5690 eum
2703 5633 2985 5702 baptizavit
3021 5630 3199 5703 (Joan.
3229 5646 3268 5697 ι,
3307 5627 3501 5700 26-54)
3535 5645 3549 5682 :
3581 5627 3834 5698 impletus

2247 5727 2446 5797 Spiritu
2472 5732 2656 5780 sancto
2683 5723 2964 5778 Zacharias
2993 5723 3154 5776 amita
3181 5719 3318 5776 dixit
3351 5719 3499 5784 (Luc.
3533 5733 3569 5784 ι,
3601 5716 3835 5788 67-79);

2249 5819 2506 5888 Spiritum
2535 5824 2775 5870 sanctum
2821 5816 2932 5883 ipsa
2973 5813 3154 5880 Maria,
3193 5821 3250 5867 nt
3281 5811 3562 5866 Dominum
3589 5809 3838 5880 anticipe-
