4118 6484
319 384 462 443 1615

315 510 420 568 ret,
455 498 661 572 accepit
709 497 863 569 (Luc.
902 497 1019 569 55).
1066 495 1229 551 Multa
1282 512 1411 568 ergo
1452 498 1661 554 indicia.
1690 514 1894 569 pmice-

313 591 497 648 dentia
536 590 763 661 Spiritus
800 590 966 645 sancti
1006 588 1282 654 habemus,
1320 602 1601 659 antequam
1642 589 1897 645 Dominus

312 682 706 751 glorificaretur
750 680 1141 735 resurrectione
1184 679 1358 733 carnis
1401 694 1533 734 sua}.
1586 679 1699 734 Non
1753 680 1893 733 enim

311 770 478 825 alium
512 772 755 841 spiritum
789 771 947 826 etiam
975 770 1253 839 Pr0plieta:
1280 770 1593 834 habuerunt,
1621 770 1709 839 qui
1739 770 1893 823 Chri-

310 872 454 916 stum
486 872 768 918 venturum
798 862 1305 932 praenuntiaverunt.
1333 860 1437 914 Sed
1463 860 1651 915 modus
1679 859 1892 930 quidam

311 952 524 1008 futurus
567 962 684 1007 erat
710 952 940 1007 dationis
968 950 1146 1021 hujus,
1195 952 1285 1021 qui
1328 950 1547 1005 omnino
1587 959 1741 1004 antea
1787 965 1892 1003 non

306 1052 630 1113 apparuerat
660 1062 672 1097 :
705 1044 771 1098 de
798 1045 912 1113 ipso
948 1043 1035 1097 hic
1060 1043 1270 1097 dicitur.
1302 1041 1571 1112 Nusquam
1596 1042 1739 1097 enim
1765 1042 1895 1110 legi—

307 1149 429 1187 mus
454 1143 613 1189 antea
651 1142 996 1205 congregatos
1026 1132 1269 1188 homines
1292 1141 1509 1202 accepto
1535 1131 1732 1201 Spiritu
1771 1145 1892 1184 san-

304 1234 415 1291 cto,
480 1226 671 1295 linguis
718 1225 953 1279 omnium
1000 1224 1237 1294 gentium
1284 1224 1487 1277 locutos
1530 1222 1709 1277 fuisse.
1765 1220 1893 1276 Post

309 1316 759 1369 resurrectionem
797 1322 972 1369 autem
1018 1328 1191 1380 suam,
1231 1313 1457 1383 primum
1482 1311 1693 1381 quando
1725 1326 1890 1381 appa-

303 1405 411 1459 ruit
438 1405 716 1475 discipulis
741 1406 870 1471 suis,
900 1404 1034 1460 dixit
1058 1405 1160 1459 illis
1197 1422 1211 1459 :
1251 1403 1475 1475 Accipite
1499 1402 1750 1475 Spiritum
1773 1419 1894 1457 san-

302 1506 465 1549 ctum.
492 1497 569 1551 De
590 1497 689 1552 hoc
712 1512 838 1567 ergo
863 1496 1059 1551 dictum
1090 1505 1189 1561 est,
1215 1492 1335 1550 Non
1352 1504 1461 1549 erat
1478 1493 1702 1565 Spiritus
1721 1491 1888 1557 datus,

301 1588 423 1653 quia
446 1585 605 1642 Jesus
640 1587 869 1641 nondum
895 1596 1005 1641 erat
1042 1584 1377 1657 glori/iectus.
1422 1583 1491 1638 Et
1533 1583 1797 1655 insufﬂauit
1837 1584 1890 1636 in

304 1678 489 1746 {aciem
514 1694 694 1732 eorum
712 1676 891 1749 (Joan.
912 1693 1007 1743 xx,
1036 1676 1152 1749 22),
1180 1678 1268 1747 qui
1302 1676 1425 1730 ﬂatu
1449 1677 1677 1746 primum
1717 1675 1889 1728 homi-

303 1784 429 1824 nem
456 1768 763 1835 vivilicavit,
803 1779 856 1823 et
884 1769 950 1824 de
985 1768 1114 1824 limo
1144 1768 1331 1833 erexit,
1362 1782 1469 1837 quo
1506 1766 1633 1820 ﬂatu
1657 1766 1888 1819 animam

302 1858 564 1913 membris
599 1858 747 1915 dedit
772 1857 923 1932 (Gen.
968 1875 1025 1924 ιι,
1068 1858 1155 1929 7);
1190 1858 1493 1929 signiﬁcans
1529 1872 1650 1913 eum
1689 1872 1748 1912 se
1772 1870 1889 1910 esse

302 1952 394 2021 qui
421 1950 714 2005 insufﬂavit
745 1951 797 2005 in
826 1950 1013 2005 faciem
1056 1965 1263 2018 eorum,
1308 1958 1363 2005 ut
1412 1964 1443 2003 a
1491 1949 1602 2003 luto
1640 1962 1890 2018 exsurge-

303 2053 443 2107 rent,
471 2052 528 2098 et
555 2043 709 2098 luteis
752 2043 1001 2113 operibus
1049 2042 1431 2097 renuntiarent.
1475 2041 1624 2095 Tunc
1660 2042 1888 2112 primum

304 2145 427 2205 post
453 2135 896 2190 resurrectionem
920 2150 1068 2190 suam
1094 2135 1364 2198 Dominus,
1388 2150 1543 2204 quam
1564 2134 1692 2189 dicit
1716 2134 1890 2189 Evan-

302 2229 493 2296 gelista
533 2226 994 2297 glorilicationem,
1020 2225 1167 2281 dedit
1193 2226 1466 2295 discipulis
1492 2226 1601 2281 suis
1633 2225 1888 2294 Spiritum

303 2329 569 2375 sanctum.
601 2319 801 2375 Deinde
849 2328 1209 2373 commoratus
1253 2335 1371 2372 cum
1419 2318 1499 2373 eis
1542 2317 1888 2388 quadraginta

302 2410 442 2475 dies,
476 2421 532 2465 ut
566 2410 700 2465 liber
720 2412 945 2464 Actuutn
974 2409 1347 2479 Apostolorum
1375 2408 1728 2475 demonstrat,
1764 2408 1889 2476 ipsis

304 2500 630 2566 videntibus,
660 2509 713 2555 et
734 2499 959 2554 videndo
985 2500 1385 2563 deducentibus,
1420 2498 1659 2553 ascendit
1697 2498 1748 2551 in
1774 2513 1887 2553 cce-

306 2591 419 2645 lum
452 2592 589 2661 (Act.
635 2606 675 2658 ι,
704 2592 804 2646 ὅθι
832 2588 910 2663 9).
945 2590 1019 2645 lbi
1059 2590 1285 2660 peractis
1334 2590 1518 2645 decem
1567 2589 1773 2653 diebus,
1805 2589 1890 2644 die

304 2682 655 2738 Pentecostes
695 2682 840 2737 misit
881 2682 1109 2751 desuper
1155 2681 1408 2750 Spiritum
1452 2687 1714 2735 sanctum.
1750 2681 1886 2745 Quo.

302 2774 447 2827 sicut
468 2773 597 2838 dixi,
626 2773 715 2843 qui
756 2772 962 2826 fuerant
1001 2773 1050 2825 in
1094 2786 1198 2825 uno
1230 2772 1346 2824 loco
1381 2771 1709 2840 congregati,
1739 2785 1890 2824 acce-

303 2874 398 2932 pto
424 2864 649 2934 impleti,
678 2864 914 2918 omnium
943 2863 1177 2934 gentium
1212 2862 1403 2931 linguis
1432 2862 1589 2916 locuti
1624 2870 1749 2915 sunt
1775 2860 1886 2931 (Id.

304 2972 360 3021 tt,
396 2954 539 3027 1-6).

376 3048 434 3101 7.
475 3046 611 3112 Quid
647 3060 795 3116 ergo,
829 3044 1038 3107 fratres,
1064 3045 1183 3114 quia
1212 3042 1371 3097 modo
1398 3041 1485 3111 qui
1514 3042 1808 3111 baptizatur
1838 3043 1887 3096 in

302 3137 545 3202 Christo,
572 3147 625 3191 et
666 3136 834 3191 credit
862 3138 913 3190 in
944 3135 1233 3198 Christum,
1264 3150 1369 3189 non
1398 3135 1627 3204 loquitur
1653 3138 1887 3188 omnium

304 3229 543 3299 gentium
572 3227 786 3297 linguis,
820 3242 927 3282 non
958 3236 1040 3281 est
1083 3226 1377 3281 credendus
1418 3227 1687 3295 accepisse
1720 3226 1889 3295 Spiri-

309 3331 420 3373 tum
458 3318 731 3373 sanelum?
758 3319 911 3373 Absit
940 3328 996 3373 ut
1037 3318 1133 3371 ista
1162 3317 1377 3387 perfidia
1405 3326 1636 3371 tentetur
1673 3332 1765 3371 cor
1791 3335 1890 3375 no-

307 3424 500 3469 strum.
529 3413 673 3471 Certi
700 3429 880 3468 sumus
918 3428 1130 3466 omnem
1172 3412 1441 3465 hominem
1485 3410 1727 3479 accipere
1756 3428 1767 3463 :
1797 3411 1890 3465 sed

306 3516 567 3577 quantum
613 3523 704 3562 vas
754 3506 874 3561 lidei
918 3505 1153 3559 attulerit
1196 3504 1260 3558 ad
1307 3505 1523 3564 fontem,
1557 3511 1755 3556 tantum
1789 3504 1889 3557 im-

309 3599 443 3667 plet.
474 3598 608 3652 Cum
639 3613 765 3668 ergo
793 3608 846 3651 et
888 3597 1047 3651 modo
1086 3595 1403 3663 accipiatur,
1444 3594 1636 3646 dixerit
1680 3594 1888 3662 aliquis,

306 3704 475 3759 quare
502 3705 659 3745 nemo
694 3690 921 3759 loquitur
959 3688 1149 3756 linguis
1190 3685 1425 3739 omnium
1466 3683 1734 3753 gentium?
1760 3684 1890 3750 Quia

304 3782 416 3849 jam
458 3781 569 3851 ipsa
600 3780 833 3834 Ecclesia
864 3779 1054 3849 linguis
1083 3778 1317 3832 omnium
1359 3777 1596 3845 gentium
1637 3776 1888 3845 loquitur.

308 3875 481 3927 Antea
513 3872 563 3926 in
596 3888 696 3926 una
720 3880 875 3942 gente
901 3880 1013 3926 erat
1040 3870 1291 3936 Ecclesia,
1322 3868 1408 3923 ubi
1435 3870 1671 3923 omnium
1700 3869 1893 3938 linguis

311 3964 648 4033 loquebatur.
696 3961 979 4032 Loqueudo
1019 3961 1210 4031 linguis
1257 3961 1513 4027 omnium,
1564 3959 1893 4030 signiﬁcabat

310 4052 547 4107 futurum
586 4063 645 4107 ut
681 4052 969 4107 crescendo
1004 4068 1097 4122 per
1138 4060 1342 4122 gentes,
1370 4052 1673 4121 loqueretur
1701 4052 1892 4122 linguis

311 4145 572 4197 omnium.
606 4143 660 4196 ln
688 4143 785 4195 hac
824 4142 1058 4196 Ecclesia
1087 4143 1175 4210 qui
1206 4157 1309 4195 non
1346 4151 1447 4209 est,
1479 4158 1575 4196 nec
1608 4142 1766 4197 modo
1799 4158 1891 4196 ac-

310 4236 440 4305 cipit
477 4236 735 4305 Spiritum
786 4244 1043 4289 sanctum.
1073 4235 1332 4288 Prmcisus
1362 4236 1502 4289 enim
1530 4244 1581 4290 et
1605 4236 1804 4291 divisus
1828 4237 1894 4289 ab

313 4331 515 4384 unitate
547 4328 926 4394 membrorum,
959 4344 1077 4398 quae
1122 4328 1296 4381 unitas
1326 4327 1519 4397 linguis
1546 4328 1780 4381 omnium
1818 4328 1894 4380 lu-

311 4424 512 4492 quitur,
547 4422 813 4476 renuntiet
859 4420 986 4485 sibi;
1036 4434 1139 4473 non
1182 4418 1339 4472 habet
1368 4420 1405 4470 ¹.
1444 4417 1575 4472 Nam
1619 4418 1663 4472 si
1712 4418 1889 4483 habet,

312 4515 401 4569 det
432 4515 642 4584 signum
669 4512 809 4583 quod
841 4522 962 4566 tunc
994 4510 1236 4565 dabatur.
1278 4507 1414 4574 Quid
1439 4516 1539 4571 est,
1569 4507 1657 4561 det
1687 4508 1893 4577 sigmun

312 4606 454 4675 quod
488 4616 615 4659 tunc
658 4603 919 4659 dabatur?
957 4602 1226 4671 Loquatur
1266 4601 1508 4653 omnibus
1551 4600 1759 4669 linguis.
1795 4598 1893 4653 lle-

316 4695 544 4765 spondet
572 4694 701 4748 mihi
735 4711 750 4749 :
789 4692 925 4759 Quid
964 4693 1125 4753 enim,
1171 4700 1225 4744 tu
1254 4690 1484 4758 loqueris
1514 4688 1759 4743 omnibus
1790 4689 1894 4741 lin-

315 4788 469 4856 guis?
498 4786 715 4855 Loquor
744 4785 920 4855 plane,
949 4785 1071 4853 quia
1102 4782 1275 4837 omnis
1311 4782 1486 4851 lingua
1533 4795 1651 4835 mea
1697 4790 1797 4846 est,
1845 4782 1894 4834 id

315 4888 417 4941 est,
447 4878 565 4947 ejus
594 4877 833 4945 corporis
861 4876 1011 4943 cujus
1052 4875 1349 4927 membrum
1380 4887 1514 4927 sum.
1565 4870 1759 4925 Diﬂ‘usa
1793 4872 1896 4925 Ee-

316 4969 475 5022 elcsia
506 4984 601 5038 per
644 4977 827 5038 gentes
855 4966 1086 5034 loquitur
1122 4964 1365 5017 omnibus
1395 4963 1618 5032 linguis;
1660 4962 1893 5017 Ecclesia

317 5070 397 5114 est
422 5075 619 5129 corpus
638 5056 853 5122 Christi,
889 5058 940 5111 in
963 5056 1063 5111 hoc
1086 5070 1308 5125 corpore
1330 5054 1621 5108 membrum
1649 5068 1708 5108 es
1737 5072 1748 5106 :
1777 5070 1896 5107 eum

317 5166 443 5219 ergo
465 5148 764 5204 membrum
796 5149 870 5202 sis
895 5148 1008 5217 ejus
1033 5146 1271 5215 corporis
1295 5144 1433 5214 quod
1462 5146 1694 5215 loquitur
1721 5147 1896 5198 omni-

318 5243 415 5296 bus
458 5242 671 5312 linguis,
719 5241 877 5297 crede
919 5250 968 5295 te
1009 5238 1153 5308 loqui
1192 5237 1437 5293 omnibus
1472 5238 1683 5307 linguis.
1712 5236 1899 5293 Unitas

317 5337 460 5397 enim
498 5336 857 5399 membrorum
887 5333 1142 5389 charitate
1166 5330 1485 5397 concordat;
1518 5339 1572 5385 et
1598 5332 1707 5398 ipsa
1729 5331 1900 5384 unitas

321 5426 554 5495 loquitur
583 5425 849 5495 quomodo
878 5434 1003 5479 tunc
1024 5438 1158 5479 unus
1187 5421 1345 5475 homo
1367 5420 1697 5491 loquebatur.

391 5517 445 5571 8.
482 5516 784 5586 Accipimus
826 5530 953 5585 ergo
1004 5524 1057 5568 et
1104 5528 1199 5567 nos
1242 5512 1494 5582 Spiritum
1544 5518 1805 5572 sanctum,
1854 5510 1899 5563 si

321 5620 564 5660 amamus
609 5603 900 5661 Ecclesiam
924 5645 939 5671 ,
987 5604 1030 5656 si
1068 5602 1322 5656 charitate
1360 5601 1809 5669 compaginamur,
1857 5600 1901 5652 si

323 5696 589 5752 catholico
629 5711 843 5751 nomine
886 5704 939 5750 ct
982 5692 1086 5748 ﬁde
1124 5692 1433 5763 gaudemus.
1462 5690 1768 5759 Credamus,
1800 5690 1903 5744 fra-

395 5810 411 5841 ¹
432 5816 483 5858 ω
506 5807 756 5872 plerisque
776 5814 904 5871 uss,
927 5803 1157 5858 renuntiet
1172 5800 1215 5855 si
1234 5814 1324 5854 non
1345 5800 1500 5852 habet.

1394 378 1805 440 TRACTATUS
1842 379 2054 439 XXXII.
2102 380 2329 446 CAPUT
2364 381 2475 444 VII.

3449 400 3587 460 I618

2007 509 2142 565 tres;
2170 510 2424 571 quantum
2460 516 2683 574 quisque
2709 513 2853 561 amat
2886 503 3175 564 Ecclesiam
3204 509 3425 581 Christi,
3465 526 3588 574 tan--

2005 601 2112 646 tum
2154 592 2313 649 habet
2355 594 2607 663 Spiritum
2636 606 2897 653 sanctum.
2926 599 3091 655 Datus
3117 610 3197 656 est
3230 604 3371 659 enim
3409 606 3582 677 Spiri-

2003 692 2104 745 tus,
2136 684 2271 737 sicut
2309 686 2595 754 Apostolus
2623 687 2770 755 dicit,
2801 689 2867 741 ad
2902 691 3372 760 manifestationem.
3411 696 3583 765 Quam

2002 775 2522 831 manifestationcm?
2549 778 2695 833 Sicut
2714 780 2826 849 ipse
2856 782 2993 837 idem
3026 783 3171 850 dicit,
3208 784 3338 850 Quia
3368 788 3457 841 alii
3482 790 3581 844 da-

2002 875 2085 919 tur
2133 884 2222 936 per
2260 866 2513 937 Spiritum
2556 885 2718 923 sermo
2755 872 3035 939 sapientia,
3078 875 3166 927 alii
3207 892 3372 931 sermo
3414 880 3580 934 scien-

2000 957 2085 1008 tia:
2121 958 2389 1011 secundum
2431 959 2657 1013 eumdem
2695 961 2974 1031 Spiritum,
3016 966 3107 1019 alii
3147 968 3272 1035 ﬁdes
3315 970 3368 1024 in
3406 972 3583 1026 eodem

2001 1045 2227 1114 Spiritu,
2272 1049 2363 1101 alii
2404 1048 2609 1103 donatio
2660 1054 2977 1107 curationum
3015 1056 3069 1109 in
3108 1074 3209 1112 uno
3236 1058 3456 1129 Spiritu,
3488 1063 3580 1116 alii

1997 1139 2222 1206 operatio
2252 1140 2487 1192 virtutum
2525 1142 2577 1194 in
2612 1142 2783 1196 eodem
2811 1144 3028 1214 Spiritu.
3059 1148 3219 1203 Multa
3257 1152 3399 1206 enim
3438 1153 3579 1208 dan-

2000 1234 2083 1280 tur
2143 1227 2210 1281 ad
2264 1228 2779 1297 manifestationem,
2847 1235 2941 1289 sed
2992 1244 3045 1289 tu
3116 1237 3332 1294 forsitan
3389 1256 3577 1297 eorum

1995 1317 2233 1371 omnium
2278 1334 2397 1386 quae
2446 1319 2555 1373 dixi
2598 1320 2730 1374 nihil
2776 1322 2958 1379 habes.
3001 1326 3056 1380 Si
3100 1343 3268 1395 amas,
3298 1345 3406 1386 non
3443 1332 3577 1387 nihil

1997 1406 2160 1463 habes
2195 1427 2208 1464 ε
2238 1409 2282 1463 si
2308 1410 2451 1464 enim
2471 1425 2619 1465 amas
2648 1413 2921 1481 unitatem,
2948 1416 3107 1470 etiam
3133 1420 3224 1473 tibi
3246 1419 3403 1476 habet
3432 1424 3581 1493 quis-

1996 1498 2116 1566 quis
2136 1498 2188 1554 in
2218 1498 2303 1553 illa
2328 1500 2490 1555 habet
2512 1501 2731 1571 aliquid.
2765 1502 2913 1559 Tolle
2942 1504 3214 1575 invidiam,
3239 1519 3291 1565 et
3321 1519 3464 1566 tuum
3493 1521 3579 1568 est

1994 1588 2135 1658 quod
2166 1588 2335 1644 habeo
2364 1608 2378 1644 :
2407 1591 2587 1645 tollam
2626 1592 2898 1661 invidiam,
2928 1604 2981 1649 et
3003 1611 3180 1653 meum
3213 1608 3292 1653 est
3317 1602 3457 1669 quod
3482 1602 3577 1656 ha-

1996 1678 2109 1732 bes.
2138 1679 2297 1734 Livor
2325 1690 2556 1750 separat,
2586 1683 2786 1738 sanitas
2808 1684 3000 1755 jungit.
3034 1687 3232 1743 Oculus
3256 1690 3400 1744 solus
3432 1692 3578 1746 videt

1996 1770 2049 1823 in
2090 1786 2313 1840 corpore
2343 1788 2356 1825 :
2389 1772 2482 1827 sed
2513 1774 2769 1844 numquid
2810 1777 2907 1831 soli
2957 1778 3056 1832 sibi
3094 1780 3278 1835 oculus
3306 1781 3485 1837 videt?
3512 1784 3579 1838 Et

1996 1864 2173 1917 manui
2204 1864 2363 1927 videt,
2390 1874 2444 1919 et
2466 1866 2587 1934 pedi
2607 1867 2768 1934 videt,
2796 1878 2851 1923 ct
2875 1871 3081 1925 cmteris
3108 1873 3527 1943 membrisvidet
3557 1892 3574 1931 :

1997 1968 2100 2006 non
2128 1955 2268 2009 enim
2296 1955 2339 2008 si
2367 1956 2559 2025 aliquis
2585 1956 2719 2012 ictus
2746 1958 2797 2012 in
2839 1960 3027 2028 pedem
3068 1962 3266 2031 veniat,
3301 1966 3493 2019 avertit
3517 1980 3577 2021 se

1995 2046 2181 2099 oculus
2229 2046 2351 2101 inde
2400 2055 2457 2100 ut
2500 2063 2605 2102 non
2654 2060 2970 2118 prcecaveat.
3013 2052 3217 2108 Rursus
3246 2056 3357 2109 sola
3386 2073 3575 2111 manus

1994 2146 2244 2203 operatur
2267 2137 2319 2191 in
2343 2153 2598 2209 corpore;
2631 2141 2723 2194 sed
2752 2143 3004 2211 numquid
3030 2145 3129 2198 sibi
3159 2146 3256 2199 soli
3288 2149 3575 2216 operatur?

1996 2227 2062 2280 Et
2089 2230 2241 2284 oculo
2267 2240 2517 2299 operatur
2546 2251 2558 2285 :
2590 2249 2709 2286 nam
2751 2235 2796 2287 si
2839 2236 2972 2289 ictus
3000 2237 3190 2305 aliquis
3222 2241 3443 2294 veniens
3468 2255 3573 2294 non

1994 2328 2083 2372 eat
2120 2320 2171 2373 in
2218 2336 2451 2387 manum,
2486 2323 2576 2377 sed
2607 2334 2804 2377 tantum
2848 2325 2898 2378 in
2930 2326 3136 2392 faciem,
3170 2330 3421 2398 numquid
3450 2330 3577 2385 dicit

1995 2424 2204 2475 manus,
2231 2410 2344 2465 Non
2376 2428 2461 2466 me
2502 2428 2709 2478 moveo,
2741 2414 2859 2483 quia
2902 2432 3003 2469 non
3048 2418 3215 2471 tendit
3250 2418 3314 2471 ad
3344 2420 3464 2475 me?
3490 2418 3579 2474 Sic

1996 2514 2090 2568 pes
2131 2501 2451 2555 ambulando
2499 2503 2743 2557 omnibus
2785 2504 3036 2559 membris
3075 2507 3301 2560 militat:
3339 2509 3579 2564 membra

1996 2601 2189 2646 caetera
2234 2601 2430 2658 tacent,
2463 2602 2517 2647 et
2544 2594 2715 2663 lingua
2746 2595 2993 2649 omnibus
3031 2594 3277 2664 loquitur.
3311 2597 3579 2654 Habemus

1997 2698 2123 2751 ergo
2149 2682 2401 2753 Spiritum
2431 2693 2694 2751 sanctum,
2723 2685 2767 2739 si
2794 2700 3032 2739 amamus
3068 2686 3358 2742 Ecclesiam
3390 2708 3404 2743 :
3434 2705 3583 2745 ama-

1996 2788 2116 2827 mus
2154 2782 2353 2837 autem,
2396 2774 2441 2828 si
2480 2775 2531 2827 in
2563 2775 2676 2843 ejus
2717 2790 2971 2845 compage
3008 2786 3062 2830 et
3101 2778 3359 2833 charitate
3398 2780 3578 2833 consi-

1996 2865 2205 2920 stimus.
2235 2864 2365 2919 Nam
2390 2867 2501 2934 ipse
2530 2867 2818 2935 Apostolus
2848 2884 2968 2921 cum
2997 2868 3222 2923 dixisset
3246 2870 3453 2925 diversa
3481 2871 3579 2926 do-

1996 2971 2061 3010 na
2091 2956 2206 3011 dari
2240 2957 2467 3011 diversis
2495 2956 2816 3020 hominibus,
2844 2966 3089 3027 tanquam
3113 2958 3285 3013 ol‘licia
3315 2976 3575 3029 quorum-

1996 3062 2099 3116 que
2143 3047 2525 3111 membrorum,
2571 3045 2769 3111 Adhuc,
2818 3047 3005 3116 inquit,
3056 3051 3578 3119 supereminentiorem

1996 3138 2128 3190 viam
2168 3136 2303 3191 vobis
2340 3136 2658 3201 demonstro;
2703 3144 2757 3191 et
2797 3137 2958 3206 coepit
3004 3138 3144 3207 loqui
3190 3139 3257 3193 de
3300 3138 3576 3203 charitate.

1997 3228 2293 3298 Prreposuit
2318 3243 2435 3283 eam
2464 3227 2655 3298 linguis
2691 3226 2965 3282 hominum
2991 3238 3043 3283 et
3070 3229 3412 3298 Angelorum,
3443 3246 3581 3301 pra:-

1997 3318 2173 3387 posuit
2200 3317 2467 3372 miraculis
2504 3316 2644 3381 ﬁdei,
2682 3318 2972 3386 przeposuit
3010 3317 3245 3371 scientia:
3270 3328 3324 3373 et
3350 3320 3581 3390 prophe-

1998 3409 2104 3474 tiae,
2134 3408 2423 3477 praeposuit
2452 3408 2609 3462 etiam
2643 3407 2715 3461 illi
2753 3423 2944 3479 magno
2970 3410 3119 3477 operi
3160 3410 3575 3479 misericordiae,

1996 3513 2103 3567 quo
2143 3512 2236 3552 sua
2272 3513 2389 3567 qure
2418 3498 2654 3567 possidet
2682 3498 2949 3553 distribuit
2975 3500 3196 3570 quisque
3224 3502 3577 3571 pauperibus;

1998 3600 2049 3643 et
2077 3590 2142 3643 ad
2170 3598 2464 3644 extremum
2504 3591 2788 3659 praeposuit
2815 3606 2931 3644 eam
2976 3592 3134 3645 etiam
3177 3594 3418 3661 corporis
3460 3609 3582 3666 pas-

1998 3683 2134 3736 sioni
2167 3700 2179 3735 :
2204 3682 2285 3737 his
2312 3682 2557 3737 omnibus
2587 3691 2694 3735 tam
2728 3684 2931 3753 magnis
2959 3685 3118 3738 rebus
3145 3688 3431 3753 praeposuit
3462 3686 3581 3741 cha-

1998 3773 2209 3827 ritatem
2242 3773 2285 3842 (Ι
2309 3770 2429 3827 Cor.
2460 3787 2555 3838 xu,
2585 3774 2762 3837 7-xm,
2788 3770 2863 3844 5).
2900 3772 3071 3842 Ipsam
3113 3774 3323 3840 habeto,
3367 3784 3422 3829 et
3448 3790 3582 3833 cun-

1995 3871 2080 3917 cta
2110 3861 2329 3916 habebis
2369 3861 2532 3930 :quia
2576 3862 2691 3915 sine
2732 3861 2818 3914 illa
2860 3861 2992 3915 nihil
3022 3860 3277 3930 proderit,
3322 3864 3578 3933 quidquid

2000 3952 2197 4009 habere
2222 3952 2477 4023 potueris.
2502 3952 2632 4018 Quia
2661 3966 2789 4006 vero
2817 3951 2882 4005 ad
2910 3951 3161 4021 Spiritum
3189 3961 3429 4007 sanctum
3458 3969 3582 4023 pcr-

2000 4045 2134 4099 tinet
2154 4043 2386 4099 charitas
2406 4041 2473 4096 de
2498 4041 2882 4110 qua‘loquimur
2900 4040 3147 4110 (quaestio
3176 4041 3317 4095 enim
3345 4041 3504 4096 modo
3525 4042 3581 4097 in

1999 4136 2289 4206 Evangelio
2327 4133 2395 4188 de
2422 4132 2621 4203 Spiritu
2665 4141 2851 4187 sancto
2888 4129 3247 4206 retractatur),
3281 4132 3405 4187 audi
3435 4133 3580 4203 Apo-

1999 4228 2193 4283 stolum
2231 4226 2517 4287 dicentem,
2548 4221 2781 4277 Charitas
2810 4222 2901 4276 Dei
2938 4222 3128 4289 diffusa
3156 4233 3226 4277 est
3255 4224 3308 4276 in
3344 4224 3583 4278 cordibus

2000 4320 2181 4372 nostris
2210 4335 2297 4388 per
2325 4317 2575 4386 Spiritum
2602 4326 2848 4381 sanctum,
2872 4315 2958 4384 qui
2984 4315 3133 4367 datus
3154 4324 3225 4369 est
3242 4314 3381 4370 nobis
3398 4314 3578 4387 (Rom.

1999 4425 2051 4475 ν,
2079 4408 2157 4479 5).

2070 4521 2123 4576 9.
2164 4522 2338 4587 Quare
2363 4533 2491 4588 ergo
2528 4519 2779 4571 Dominus
2818 4516 3103 4585 Spiritum,
3151 4518 3304 4586 cujus
3342 4520 3572 4575 maxima

2000 4612 2255 4666 beneficia
2291 4618 2413 4663 sunt
2454 4610 2503 4661 in
2537 4608 2710 4674 nobis,
2739 4608 2859 4676 quia
2903 4608 3134 4661 charitas
3166 4608 3257 4663 Dei
3286 4624 3381 4678 per
3406 4609 3580 4679 ipsum

2001 4702 2187 4757 diﬂ‘usa
2231 4700 2390 4753 estin
2432 4697 2681 4751 cordibus
2718 4698 2931 4759 nostris.
2980 4711 3097 4766 post
3136 4701 3579 4755 resurrectionem

2001 4805 2151 4845 Suam
2186 4790 2313 4843 dare
2358 4786 2557 4841 voluit?
2589 4788 2713 4856 quid
2754 4788 3100 4857 significavit?
3145 4786 3213 4843 Ut
3242 4789 3293 4842 in
3337 4802 3579 4844 resurre-

2002 4882 2176 4936 ctione
2222 4887 2401 4935 nostra
2442 4879 2671 4933 charitas
2717 4890 2893 4933 nostra
2945 4879 3151 4949 ﬂagret,
3193 4890 3247 4937 et
3289 4880 3357 4934 ab
3396 4895 3580 4935 amore

2002 4972 2178 5027 sazculi
2218 4978 2447 5039 separet,
2489 4979 2546 5023 ut
2591 4977 2695 5022 tota
2744 4978 2921 5022 currat
2963 4970 3014 5023 in
3065 4970 3252 5024 Deum.
3299 4969 3395 5023 llic
3433 4969 3578 5024 enim

2004 5063 2269 5117 nascimur
2313 5070 2363 5114 et
2397 5060 2674 5124 morimur,
2717 5059 2816 5113 hoc
2860 5075 2962 5113 non
3004 5074 3239 5114 amemus
3273 5076 3286 5111 :
3323 5059 3581 5114 charitate

2005 5156 2314 5224 migremus,
2337 5152 2592 5207 charitate
2619 5167 2827 5206 sursum
2860 5152 3175 5217 habitemus,
3203 5151 3458 5219 charitate
3491 5152 3581 5207 illa

2005 5261 2109 5316 qua
2150 5244 2417 5313 diligimus
2450 5244 2634 5297 Deum.
2665 5243 2802 5296 Nihil
2832 5243 2973 5297 aliud
3018 5244 3070 5296 in
3102 5242 3201 5296 hac
3236 5243 3355 5297 vita:
3381 5252 3580 5298 nostra:

2004 5336 2430 5409 peregrinatione
2467 5334 2803 5399 meditemur,
2831 5335 2929 5389 nisi
2966 5334 3087 5403 quia
3112 5341 3169 5387 et
3197 5334 3280 5387 hic
3308 5347 3411 5387 non
3438 5348 3582 5389 sem-

2006 5445 2103 5499 per
2129 5428 2349 5491 erimus,
2378 5432 2432 5481 et
2458 5426 2527 5479 ibi
2564 5425 2720 5479 nobis
2750 5426 2923 5479 locum
2954 5424 3089 5478 bene
3118 5423 3342 5479 vivendo
3371 5440 3579 5494 pmpa.

2007 5519 2271 5582 rabimus,
2312 5515 2454 5571 unde
2492 5530 2756 5583 nunquam
2801 5514 3106 5582 migremus.
3152 5513 3407 5569 Dominus
3437 5515 3579 5569 enim

2008 5616 2187 5663 noster
2229 5606 2385 5661 Jesus
2432 5603 2695 5666 Christus,
2740 5612 3080 5671 posteaquam
3125 5603 3435 5669 resurrexit,
3463 5604 3581 5675 jam

2007 5717 2109 5754 non
2144 5697 2389 5761 moritur;
2438 5711 2571 5748 mors
2618 5693 2691 5747 illi
2738 5693 2891 5759 ultra,
2934 5692 3069 5747 sicut
3105 5692 3393 5764 Apostolus
3428 5693 3576 5756 dicit,

2010 5807 2110 5844 non
2130 5787 2464 5845 dominabitur
2488 5784 2594 5858 (Id.
2610 5800 2660 5839 vi
2680 5827 2696 5853 ,
2725 5782 2799 5855 9).
2824 5784 2958 5839 Ecce
2970 5783 3109 5855 quod
3133 5798 3391 5841 amemus.
3421 5781 3480 5840 Si
3498 5781 3581 5838 vi-
