4082 6476
479 402 634 467 1647

498 529 692 592 vimus,
738 521 782 577 si
823 519 874 573 in
920 517 1090 587 ipsum
1137 507 1402 565 credimus
1444 501 1530 572 qni
1569 492 1895 592 resurresit;
1934 486 2081 544 dabit

499 583 691 680 nobis;
721 625 826 666 non
865 583 1005 678 quod
1051 602 1136 656 hic
1161 603 1342 654 amant
1372 591 1614 646 homines
1643 583 1936 681 qui-Deum
1964 591 2078 681 .non

501 675 709 772 amant,
750 709 842 756 aut
883 675 1030 753 tanto
1071 693 1187 762 plus
1221 693 1431 747 amant,
1474 689 1671 750 quanto
1718 675 1866 773 illum
1907 675 2084 773 minus

501 761 724 855 amant':
758 802 904 849 tanto
937 761 1115 843 autem
1139 782 1241 836 hoc
1270 777 1444 832 minus
1478 776 1678 836 amant,
1706 771 1904 837 quanto
1933 761 2082 815 illum

501 889 621 959 plus
663 891 863 940 amant.
892 877 998 935 Sed
1028 873 1298 929 videamus
1325 864 1450 938 quid
1480 861 1632 959 nobis
1663 855 1906 959 promisit

503 951 712 1034 divitias
742 981 979 1029 terrenas
1005 973 1059 1022 et
1091 959 1431 1032 temporales,
1460 969 1566 1010 non
1593 953 1904 1044 honoreset
1942 951 2086 1044 pote:

504 1079 669 1127 states
710 1068 763 1121 in
807 1061 1001 1118 smeulo
1038 1058 1172 1119 isto;
1214 1049 1404 1106 videtis
1433 1047 1573 1103 enim
1612 1041 1789 1098 omnia
1827 1038 1940 1092 lure
1965 1034 2082 1127 dari

505 1123 882 1215 etibominibus
910 1148 1088 1214 malis,
1117 1159 1186 1199 ne
1211 1136 1687 1211 magnipendantur
1710 1145 1739 1184 a
1762 1127 1937 1184 bonis.
1967 1123 2085 1179 Non

504 1250 672 1319 ipsam
715 1252 980 1315 postremo
1023 1234 1265 1305 corporis
1301 1229 1580 1287 sanitatem
1615 1243 1627 1278 :
1665 1236 1770 1277 non
1809 1220 1930 1319 quia
1973 1217 2086 1319 ipse

502 1307 649 1395 illam
676 1307 781 1391 non
816 1334 926 1400 dat,
956 1329 1049 1385 sed
1075 1328 1218 1398 quia,
1254 1332 1312 1377 ut
1339 1319 1552 1381 videtis,
1588 1323 1643 1371 et
1670 1312 1948 1400 pecoribus
1973 1307 2084 1400 dat.

506 1431 621 1486 Non
651 1429 812 1482 vitam
837 1397 1070 1491 longam.
1096 1397 1247 1484 Quid
1273 1421 1356 1468 est
1391 1411 1532 1466 enim
1567 1407 1784 1474 longum
1812 1398 1951 1470 quod
1976 1397 2087 1491 ali-

505 1519 719 1593 quando
773 1488 984 1569 linitur?
1025 1509 1144 1563 Non
1190 1520 1285 1576 pro
1333 1514 1526 1571 magno
1558 1495 1726 1593 nobis
1753 1488 2090 1593 credentibus

507 1589 750 1681 promisit
787 1602 1196 1674 longrevitatem,
1229 1604 1320 1650 aut
1361 1590 1684 1660 decrepitam
1723 1589 2055 1684 senectutem“
2070 1596 2086 1644 ;

507 1671 666 1773 quam
693 1671 904 1753 omnes-
921 1699 1105 1764 optant
1135 1696 1415 1757 antequam
1443 1682 1639 1745 veniat,
1680 1690 1865 1734 omnes
1898 1674 1965 1729 de
1997 1671 2089 1726 illa

509 1770 631 1848 eum
656 1787 864 1845 venerit
892 1788 1241 1840 murmurant.
1270 1778 1384 1832 Non
1414 1770 1857 1845 pulchritudinem
1891 1779 2086 1834 corpo-

510 1883 606 1949 ris,
633 1894 788 1951 quam
809 1877 895 1932 vel
926 1871 1164 1942 corporis
1187 1868 1425 1932 morbus,
1454 1865 1537 1918 vel
1561 1863 1672 1929 ipsa
1699 1864 1946 1951 senectus
1970 1867 2089 1925 qua:

510 1947 722 2044 optatur
747 1965 1091 2026 exterminat.
1131 1961 1257 2016 Vult
1298 1972 1416 2013 esse
1453 1953 1696 2027 pulcher,
1741 1959 1795 2006 et
1821 1947 1935 2002 vult
1971 1960 2090 2044 esse

511 2038 676 2120 senex
709 2079 723 2116 :
757 2062 857 2116 ista
898 2057 1003 2113 duo
1040 2052 1305 2110 desideria
1350 2048 1452 2104 sibi
1498 2047 1720 2100 invicem
1765 2038 2092 2096 concordare

509 2172 618 2212 non
648 2160 871 2225 possunt
898 2167 911 2202 :
936 2149 979 2204 si
1007 2161 1166 2203 senex
1191 2143 1317 2208 eris,
1342 2139 1563 2210 pulcher
1585 2150 1693 2190 non
1709 2134 1817 2189 eris
1840 2149 1854 2186 :
1877 2129 2088 2225 quando

509 2221 762 2304 senectus
799 2240 1023 2303 venerit,
1057 2233 1391 2308 pulchritudo
1419 2230 1608 2301 fugiet;
1645 2227 1773 2282 etin
1803 2240 1908 2278 uno
1938 2221 2091 2276 habi-

513 2350 629 2395 tare
654 2353 759 2392 non
787 2339 1008 2406 possunt
1039 2331 1189 2400 vigor
1216 2321 1643 2397 pulchritudinis,
1674 2327 1727 2374 ct
1751 2317 1978 2388 gemitus
2005 2331 2093 2368 sc-

511 2431 762 2486 nectntis.
806 2423 992 2481 Omnia
1043 2436 1169 2492 ergo
1213 2421 1310 2472 ista
1354 2431 1458 2470 non
1507 2413 1659 2467 nobis
1689 2409 1957 2481 promisit,
2003 2407 2093 2476 qui

511 2521 668 2587 dixit,
701 2519 799 2586 Qui
826 2516 979 2572 credit
1006 2515 1060 2568 in
1096 2528 1193 2576 me,
1230 2510 1415 2572 veniat,
1459 2515 1506 2560 et
1533 2502 1705 2566 bibat;
1731 2511 1777 2555 et
1803 2499 2014 2571 flumina
2036 2497 2101 2587 de

513 2586 685 2667 ventre
709 2611 815 2680 ejus
844 2608 1000 2677 ﬂuent
1028 2612 1172 2674 aqua:
1190 2601 1331 2653 vince.
1355 2596 1527 2651 Vitam
1549 2601 1804 2647 mternam
1830 2586 2094 2680 promisit,

513 2701 606 2758 ubi
630 2677 760 2754 nihil
789 2697 1091 2758 timeamus,
1124 2689 1210 2744 ubi
1237 2703 1342 2742 non
1387 2683 1784 2746 conturbemur,
1818 2677 1960 2733 unde
1989 2691 2096 2730 non

510 2793 824 2864 migremus,
853 2787 939 2843 ubi
967 2799 1076 2840 non
1096 2781 1413 2842 moriamur;
1437 2776 1525 2831 ubi
1555 2789 1654 2830 nec
1679 2773 1931 2828 decessor
1949 2769 2102 2838 plan-

513 2861 706 2956 gatur,
740 2893 842 2937 nec
886 2890 1164 2934 successor
1211 2879 1471 2942 speretur.
1520 2867 1832 2961 Quia-ergo
1869 2861 1976 2916 tale
2019 2866 2101 2961 est

514 2955 657 3046 quod
701 2972 854 3029 nobis
905 2967 1154 3042 promisit
1206 2961 1523 3026 amantibus,
1565 2965 1620 3014 et
1662 2955 1891 3026 Spiritus
1929 2955 2099 3046 sancti

516 3040 779 3121 citaritate
830 3040 1188 3123 ferventibus;
1244 3054 1364 3110 ideo
1403 3053 1576 3121 ipsum
1626 3047 1881 3117 Spiritum
1933 3040 2102 3095 noluit

517 3157 667 3222 dare,
697 3155 798 3210 nisi
839 3168 960 3208 cum
1006 3158 1151 3207 esset
1174 3146 1499 3218 glorilicatus
1532 3159 1546 3195 :
1575 3149 1634 3194 ut
1671 3139 1723 3191 in
1751 3151 1849 3191 suo
1876 3147 2101 3201 corpore

518 3248 826 3306 ostenderet
867 3246 1049 3307 vitam,
1072 3255 1229 3313 quam
1276 3235 1435 3292 modo
1475 3247 1584 3289 non
1612 3231 1892 3294 habemus,
1923 3226 2016 3282 sed
2048 3226 2101 3279 in

520 3337 911 3398 resurrectione
938 3345 1233 3404 speramus.

963 3439 1375 3502 TRACTATUS
1412 3433 1653 3493 XXXIII.

521 3567 600 3622 Ab
617 3583 672 3621 eo
698 3567 809 3619 loco
837 3559 1122 3632 Evangelii,
1148 3558 1226 3612 Ex
1253 3555 1340 3611 illa
1367 3568 1494 3624 ergo
1510 3550 1662 3606 turba
1683 3562 1802 3603 cum
1833 3543 2105 3598 audissent

585 3659 694 3713 —hos
742 3666 1020 3711 sermones
1068 3651 1205 3721 ejus,
1237 3659 1356 3715 etc.,
1400 3660 1556 3716 usque
1579 3643 1646 3697 ad
1686 3642 1759 3703 id,
1789 3640 1897 3694 Nec
1925 3652 2024 3705 ego
2053 3645 2104 3689 te

592 3746 1000 3810 condemnabo;
1029 3741 1183 3804 vade,
1211 3748 1266 3796 et
1291 3737 1518 3806 amplius
1561 3733 1670 3788 noli
1707 3744 1948 3802 peccare.
1973 3727 2100 3798 Cap.

591 3857 687 3907 vn,
731 3841 762 3910 ᾗ
788 3877 802 3892 .
825 3837 1013 3904 40-55,
1042 3843 1097 3891 et
1122 3848 1239 3904 cap.
1265 3847 1380 3898 Vlll,
1423 3830 1457 3898 7
1484 3868 1498 3882 .
1528 3827 1683 3882 t-H.

594 3955 649 4008 1.
688 3951 925 4005 Meminit
966 3948 1208 4004 Charitas
1247 3952 1446 4009 vestra,
1491 3955 1738 3996 sermone
1777 3939 2000 4009 pristino
2037 3952 2101 3991 cx

523 4044 802 4100 occasione
830 4040 1074 4095 lectionis
1105 4037 1421 4108 evangelicae
1446 4036 1652 4089 locutos
1683 4045 1780 4085 nos
1812 4045 1929 4085 esse
1955 4031 2105 4083 vobis

522 4135 592 4189 de
617 4133 816 4201 Spiritu
848 4139 1054 4185 sancto.
1085 4128 1166 4182 Ad
1211 4127 1354 4180 hunc
1384 4123 1672 4194 potandum
1699 4137 1820 4174 cum
1855 4122 2106 4173 Dominus

523 4224 799 4278 invitasset
823 4218 1103 4276 credentes
1128 4218 1179 4271 in
1206 4230 1285 4279 se,
1317 4217 1539 4284 loquens
1565 4214 1704 4267 inter
1733 4227 1826 4267 eos
1849 4211 1937 4282 qni
1961 4213 2103 4264 illum

525 4325 710 4370 tenere
750 4309 1072 4382 cogitabant,
1103 4317 1156 4364 et
1187 4307 1485 4362 interficere
1513 4305 1798 4374 cupiebant
1835 4320 1933 4358 nec
1966 4304 2129 4370 \‘alc-p

524 4407 673 4469 bant,
699 4405 821 4474 quia
849 4403 940 4457 ille
965 4401 1178 4456 nolebat
1209 4416 1222 4452 :
1255 4413 1375 4453 cum
1405 4410 1534 4468 ergo
1559 4396 1674 4452 haec
1702 4397 1909 4451 locutus
1940 4405 2102 4462 esset,

525 4505 650 4550 nata
673 4504 756 4550 est
793 4494 860 4549 de
906 4493 997 4548 illo
1040 4493 1094 4546 in
1140 4492 1294 4547 turba
1323 4490 1604 4552 dissensio,
1647 4488 1766 4543 aliis
1803 4489 2108 4558 putantibus

527 4589 670 4658 quod
697 4589 810 4659 ipse
838 4594 980 4642 esset
1007 4583 1268 4650 Christus,
1288 4583 1408 4639 aliis
1435 4581 1732 4638 dicentibus
1759 4582 1879 4651 quia
1910 4581 1976 4634 de
2002 4581 2129 4649 Ga-l

526 4681 666 4734 lilaza
696 4693 800 4734 non
821 4686 1074 4748 exsurget
1099 4675 1363 4732 Christus.
1400 4673 1502 4743 Qui
1535 4689 1664 4730 vero
1697 4674 1846 4730 missi
1879 4674 2105 4737 fuerant,
2153 4679 2159 4746 ί
2217 4705 2277 4751 ω
2320 4711 2446 4767 ergo
2469 4673 2593 4767 (Ibid
2639 4695 2809 4750 dicis?
2855 4697 2978 4752 Haec
3017 4706 3191 4751 autem
3234 4673 3484 4752 dicebam
3526 4673 3812 4754 ιέηωηιρε

525 4782 589 4828 ut
614 4787 739 4829 eum
780 4779 1043 4839 tenerent,
1092 4769 1364 4825 redierunt
1403 4770 1667 4825 immunes
1705 4783 1737 4823 a
1776 4769 2018 4837 crimine,
2056 4778 2114 4825 et
2153 4767 2179 4837 ᾗ*

529 4867 673 4936 pleni
701 4865 1071 4921 admiratione.
1100 4864 1228 4916 Nam
1256 4872 1309 4919 et
1341 4864 1704 4919 testimonium
1726 4863 2111 4932 perhibuerunt

530 4960 725 5016 divina:
765 4959 1022 5014 doctrinae
1063 4958 1196 5026 ejus,
1245 4972 1364 5010 cum
1405 4956 1642 5012 dicerent
1681 4971 1712 5011 a
1741 4957 1932 5026 quibus
1959 4958 2108 5012 missi

529 5050 762 5116 fuerant,
815 5049 984 5116 Quare
1030 5065 1130 5104 non
1172 5048 1457 5105 adduxistis
1504 5049 1653 5103 eum?
1700 5049 2112 5118 Responderunt

527 5144 673 5198 enim
718 5156 985 5213 nunquam
1026 5155 1086 5198 se
1132 5141 1344 5198 audisse
1385 5141 1654 5198 hominem
1704 5141 1781 5196 sic
1824 5144 2056 5197 locutum
2093 5161 2106 5197 :

535 5230 659 5286 Non
689 5234 822 5287 enim
857 5233 1122 5303 quisquam
1145 5234 1218 5287 sic
1245 5233 1466 5302 loquitur
1495 5234 1664 5288 homo.
1706 5233 1801 5288 Ille
1829 5243 2006 5288 autem
2033 5236 2111 5290 sic

530 5321 744 5380 locutus
762 5329 865 5390 est,
892 5323 1014 5394 quia
1045 5321 1183 5378 Deus
1205 5332 1320 5378 erat
1342 5333 1398 5380 et
1428 5325 1608 5379 homo.
1644 5324 1840 5380 Tamen
1859 5325 2111 5380 Pharismi

531 5413 892 5468 testimonium
919 5429 1106 5469 eorum
1135 5414 1760 5484 repellentes,.dixerunt
1787 5417 1864 5470 eis
1895 5435 1909 5470 :
1939 5416 2108 5471 Num-

531 5500 655 5572 quid
679 5510 724 5555 et
747 5518 831 5557 vos
855 5504 1044 5558 seducti
1071 5505 1226 5559 estis?
1251 5504 1503 5559 Videmus
1538 5507 1677 5561 enim
1699 5508 1990 5565 delectatos
2015 5527 2112 5568 vos
2153 5518 2166 5531 "

531 5606 656 5649 esse
683 5595 1017 5651 sermonibus
1043 5595 1199 5652 illius.
1231 5595 1497 5667 Numquid
1515 5597 1696 5668 aliquis
1721 5599 1784 5653 de
1804 5603 2112 5672 principibus

533 5684 745 5739 credidit
772 5687 824 5740 in
846 5704 980 5755 eum,
1007 5699 1094 5744 aut
1120 5706 1182 5745 ea:
1207 5690 1525 5746 Phariswis?
1557 5689 1660 5745 Sed
1689 5691 1834 5746 turba
1867 5695 1974 5747 lucc
1999 5711 2112 5766 qua:

1432 386 1495 441 IN
1533 375 1810 439 JOANNIS
1839 361 2309 434 EVANGELIUM,
2350 366 2405 422 S.
2450 361 2810 426 AUGUSTINI

3617 366 3760 426 κω

2186 495 2330 551 gem,
2357 482 2456 552 ipsi
2483 484 2771 538 credebant
2820 484 2870 537 in
2911 497 3033 538 cum
3077 482 3168 554 qui
3195 483 3413 538 miserat
3441 482 3672 556 Legem;
3704 495 3762 540 et

2188 587 2309 626 eum
2338 572 2427 642 qui
2467 573 2680 628 miserat
2711 573 2922 643 Legem,
2953 574 3361 630 contemnebant
3382 574 3456 630 illi
3480 575 3571 645 qui
3603 575 3768 631 doce-

2188 663 2316 718 bant
2339 664 2532 734 Legcm
2565 682 2577 716 :
2612 675 2670 718 ut
2698 665 3005 733 impleretur
3033 664 3171 734 quod
3196 664 3401 720 dixerat
3440 666 3556 734 ipse
3584 666 3766 720 Domi-

2189 769 2309 821 nus,
2341 753 2449 826 Ego
2478 757 2589 809 veni
2614 764 2670 808 ut
2704 771 2804 809 non
2829 754 3048 809 videntes
3076 755 3294 821 videant,
3317 765 3366 810 ct
3399 757 3621 812 videntes
3646 761 3770 814 caci

2189 849 2312 918 ﬁant
2340 845 2516 920 (Joan.
2563 863 2642 912 ix,
2673 845 2787 918 39).
2836 848 2969 902 Caeci
3016 847 3156 903 enim
3196 847 3315 902 facti
3357 857 3480 903 sunt
3508 848 3768 904 Pharismi

2189 941 2455 1006 doctores,
2491 941 2766 995 illuminati
2797 951 2920 996 sunt
2944 941 3121 1010 populi
3147 941 3448 998 nescientes
3476 942 3693 1012 Legem,
3714 953 3770 1000 ct

2191 1034 2243 1088 in
2271 1043 2539 1088 auctorem
2565 1033 2724 1104 chis
2750 1033 3047 1088 credentes.

2260 1122 2315 1176 2.
2355 1121 2664 1178 Nicodcmus
2684 1131 2858 1178 tamen
2883 1139 3014 1177 unus
3038 1139 3102 1178 ea:
3127 1122 3418 1188 Pltariatzis,
3447 1125 3532 1194 qui
3557 1126 3624 1178 ad
3657 1127 3768 1179 Do-

2190 1216 2380 1269 minum
2405 1225 2548 1269 nocte
2573 1225 2791 1282 venerat,
2841 1224 2895 1270 et
2925 1217 3039 1286 ipse
3070 1231 3172 1270 non
3201 1217 3412 1286 quidem
3442 1218 3770 1284 incredulus,

2193 1306 2288 1361 sed
2313 1306 2558 1371 timidus;
2593 1321 2712 1360 nam
2742 1306 2862 1361 ideo
2886 1315 3042 1362 nocte
3080 1316 3299 1363 venerat
3325 1307 3392 1362 ad
3421 1309 3611 1374 lucem,
3643 1312 3769 1380 quia

2192 1393 2481 1452 illuminari
2502 1397 2734 1463 volebat,
2757 1407 2812 1452 et
2829 1399 2953 1452 sciri
2977 1398 3194 1453 timebat
3217 1416 3230 1450 :
3255 1399 3529 1468 respondit
3546 1399 3770 1467 inda-is,

2195 1487 2462 1556 Numquid
2488 1486 2591 1541 Lex
2610 1498 2779 1542 nostra
2798 1489 2994 1559 judicat
3025 1489 3295 1554 hominem,
3329 1490 3427 1543 nisi
3465 1491 3682 1545 audierit
3707 1492 3779 1544 ab

2192 1579 2303 1649 ipso
2345 1579 2484 1648 prius
2522 1587 2570 1632 et
2604 1580 2890 1650 cognoverit
2933 1579 3055 1648 quid
3095 1579 3284 1649 faciat?
3328 1579 3590 1635 Volebant
3630 1582 3777 1635 enim

2195 1671 2267 1725 illi
2299 1685 2546 1740 perverse
2570 1679 2694 1726 ante
2728 1687 2848 1728 esse
2885 1671 3222 1727 damnatores
3259 1688 3416 1742 quam
3447 1673 3772 1744 cognitores.

2197 1763 2402 1819 Sciebat
2428 1765 2568 1818 enim
2601 1763 2941 1832 Nieodemus,
2967 1767 3052 1819 vel
3081 1766 3255 1836 potius
3284 1765 3554 1833 credebat,
3578 1768 3696 1838 quia
3729 1769 3776 1821 si

2197 1854 2564 1911 tantummodo
2605 1871 2726 1912 eum
2770 1857 2964 1912 vellent
2996 1859 3258 1927 patienter
3282 1857 3485 1924 audire,
3519 1859 3656 1913 forte
3697 1860 3776 1912 si-

2196 1947 2353 2002 miles
2384 1946 2572 2002 ﬁerent
2596 1947 2697 2002 illis
2722 1948 2809 2017 qui
2835 1948 2984 2002 missi
3014 1957 3138 2003 sunt
3167 1958 3368 2013 tenere,
3397 1959 3452 2005 et
3476 1951 3778 2006 maluerunt

2197 2037 2440 2094 credere.
2468 2037 2560 2090 Illi
2598 2039 2983 2107 responderunt,
3013 2055 3075 2094 ex
3117 2039 3425 2109 pra'judicio
3454 2041 3630 2096 cordis
3670 2044 3776 2106 sui,

2198 2128 2336 2199 quod
2362 2137 2414 2184 et
2445 2128 2545 2183 illis
2570 2144 2584 2182 :
2615 2127 2877 2200 Numquid
2901 2138 2946 2182 et
2970 2138 3022 2182 tu
3052 2128 3294 2183 Galilwus
3320 2130 3408 2184 es?
3430 2130 3483 2184 Id
3507 2139 3608 2198 est,
3625 2132 3779 2201 quasi

2199 2235 2228 2272 a
2257 2219 2473 2274 Galilaeo
2503 2219 2772 2274 seductus.
2817 2221 3070 2275 Dominus
3103 2221 3244 2275 enim
3272 2222 3521 2277 Calilznus
3558 2223 3779 2278 diceba-

2203 2319 2303 2375 tur,
2333 2310 2581 2381 quoniam
2606 2310 2672 2364 de
2692 2310 2949 2364 Nazarcth
2973 2311 3185 2365 civitate
3205 2321 3354 2365 erant
3375 2322 3620 2380 parentes
3639 2313 3774 2382 ejus.

2202 2400 2503 2455 Secundum
2535 2401 2750 2454 Mariam
2789 2401 2894 2455 dixi
2924 2413 3192 2471 parentes,
3231 2418 3334 2456 non
3364 2404 3652 2458 secundum
3699 2406 3780 2459 vi-

2202 2494 2300 2548 rile
2326 2510 2506 2550 semen
2539 2513 2550 2548 :
2581 2510 2685 2548 non
2716 2495 2856 2548 enim
2888 2495 3130 2564 quaesivit
3158 2495 3208 2548 in
3242 2505 3378 2550 terra
3405 2496 3505 2550 nisi
3532 2505 3781 2560 matrem,

2203 2585 2292 2655 qui
2317 2586 2428 2654 jam
2471 2584 2694 2640 habebat
2734 2585 2963 2654 desuper
2993 2585 3224 2640 Patrem.
3254 2585 3386 2640 Nam
3414 2594 3636 2656 utraque
3667 2587 3788 2656 ejus

2207 2679 2450 2731 nativitas
2493 2677 2749 2731 mirabilis
2787 2676 2916 2739 fuit;
2947 2679 3121 2731 divina
3162 2680 3278 2732 sine
3318 2690 3504 2745 matre,
3553 2678 3790 2734 humana

2206 2772 2321 2824 sine
2347 2777 2512 2840 patre.
2551 2769 2686 2836 Quid
2716 2784 2841 2839 ergo
2865 2769 2936 2829 illi
2967 2771 3116 2840 quasi
3148 2771 3299 2840 Legis
3320 2771 3567 2826 duetorcs
3592 2772 3656 2826 ad
3685 2772 3782 2825 Ni-

2206 2862 2484 2917 codemum
2509 2861 2793 2914 dixerunt?
2836 2860 3077 2915 Scrutare
3107 2861 3417 2929 Scripturas,
3441 2873 3486 2916 et
3523 2863 3633 2916 vide
3665 2865 3796 2931 quia

2208 2955 2451 3022 prapheta
2486 2970 2514 3005 a
2546 2952 2761 3006 Galilwa
2788 2969 2887 3006 non
2915 2955 3091 3023 surgit.
3128 2953 3231 3008 Sed
3267 2955 3517 3008 Dominus
3543 2956 3792 3024 l’rOphe-

2210 3055 2378 3099 tarum
2410 3044 2530 3099 inde
2555 3045 2803 3099 surrexit.
2839 3045 3043 3099 Reversi
3061 3056 3200 3112 sunt,
3230 3046 3398 3116 inquit
3429 3046 3796 3118 Evangelista,

2208 3140 2546 3209 unusquisque
2569 3140 2621 3192 in
2647 3139 2851 3192 domum
2875 3155 3040 3192 suam.

2279 3232 2332 3286 5.
2375 3230 2505 3284 Inde
2533 3230 2683 3284 Jesus
2721 3233 2941 3302 perrexit
2969 3233 3018 3286 in
3048 3241 3265 3286 montem
3293 3249 3311 3287 :
3335 3232 3387 3288 in
3413 3241 3648 3288 montem
3695 3250 3765 3288 an
3783 3266 3799 3275 -

2212 3332 2315 3376 tem
2350 3321 2551 3388 Oliveli,
2600 3323 2649 3375 in
2684 3330 2918 3376 montem
2960 3322 3304 3389 fructuosum,
3335 3324 3388 3378 in
3421 3332 3656 3379 montem
3685 3342 3794 3380 nn-

2210 3415 2406 3483 guenti,
2438 3415 2492 3468 in
2531 3423 2763 3469 montem
2807 3414 3127 3469 chrismatis.
3158 3415 3258 3470 Ubi
3279 3417 3418 3470 enim
3442 3416 3663 3472 decebat
3687 3419 3798 3472 dn-

2211 3519 2332 3559 cere
2379 3503 2670 3570 Christum,
2711 3504 2813 3558 nisi
2862 3505 2913 3558 in
2944 3515 3125 3559 monte
3162 3505 3390 3559 Olivcti?
3418 3505 3612 3560 Christi
3643 3509 3796 3562 enim

2211 3613 2403 3652 nomen
2432 3612 2462 3651 a
2492 3596 2779 3652 chrismate
2797 3596 2996 3651 dictum
3025 3604 3107 3652 est
3139 3615 3152 3653 :
3184 3607 3361 3667 χρίσμα
3389 3606 3566 3654 autem
3587 3614 3794 3668 graece,

2211 3691 2372 3746 latine
2391 3691 2570 3745 unctio
2594 3700 2945 3760 nuncupatur.
2983 3689 3106 3745 Ideo
3135 3701 3310 3746 autem
3336 3706 3434 3747 nos
3459 3693 3629 3760 unxit,
3661 3695 3795 3763 quia

2211 3781 2495 3836 luctatores
2524 3791 2708 3836 contra
2748 3781 3016 3836 diabolum
3056 3780 3200 3836 fecit.
3252 3781 3317 3836 Et
3355 3783 3578 3837 diluculo
3606 3784 3803 3839 iterum

2212 3875 2344 3929 venit
2381 3875 2434 3928 in
2461 3874 2720 3944 templum,
2764 3885 2811 3928 et
2840 3875 2999 3929 omnis
3039 3875 3255 3945 papulas
3299 3876 3429 3929 venit
3472 3877 3539 3929 ad
3577 3894 3714 3943 eum,
3745 3890 3800 3933 et

2210 3967 2388 4021 sedens
2417 3966 2620 4020 docebat
2651 3982 2754 4020 eos.
2790 3965 2855 4020 Et
2897 3981 3002 4020 non
3048 3967 3345 4033 tenebatur,
3390 3967 3512 4037 quia
3552 3968 3802 4023 nondum

2214 4059 2316 4126 pali
2348 4057 2679 4126 dignabatur.

2283 4151 2335 4202 4.
2377 4147 2525 4202 Nunc
2558 4147 2667 4217 jam
2697 4147 2970 4211 attendite,
3017 4149 3105 4202 ubi
3137 4149 3203 4203 ab
3231 4149 3456 4204 inimicis
3495 4158 3692 4204 tentata
3723 4152 3805 4208 sit

2215 4240 2421 4294 Domini
2449 4239 2816 4295 mansuetudo.
2851 4258 2870 4291 ι
2905 4240 3188 4296 Adducunt
3213 4250 3391 4297 autem
3422 4242 3497 4297 illi
3517 4243 3716 4299 Scribac
3740 4255 3804 4299 et

2215 4333 2468 4386 Pharisaei
2498 4333 2773 4387 mulierem
2802 4333 2852 4386 in
2878 4333 3136 4387 adulterio
3163 4333 3570 4402 deprehensam,
3603 4345 3656 4389 et
3679 4345 3804 4389 sta-

2217 4431 2428 4477 tucrunt
2455 4439 2570 4477 eam
2599 4423 2652 4476 in
2673 4422 2875 4488 medio;
2906 4433 2960 4477 et
2982 4423 3228 4478 dixerunt
3253 4426 3299 4478 ei
3332 4443 3344 4476 :
3377 4425 3644 4494 Magister,
3676 4427 3803 4482 ha-c

2213 4514 2405 4569 mulier
2450 4513 2607 4567 modo
2653 4513 2980 4583 deprehensa
3023 4524 3102 4568 est
3143 4516 3192 4568 in
3233 4515 3516 4570 adulterio.
3565 4515 3619 4570 In
3653 4516 3809 4586 Lege

2215 4616 2388 4662 autem
2418 4605 2624 4676 Moyses
2662 4606 2928 4660 mandavit
2971 4606 3121 4660 nobis
3164 4607 3464 4676 hujusmodi
3503 4607 3746 4677 lapidare
3785 4629 3802 4662 :

2215 4805 2358 4855 eum,
2375 4798 2915 4859 utpossentaccusarc
2937 4805 3076 4842 eum.
3108 4809 3124 4840 ι
3149 4789 3299 4844 Unde
3319 4791 3606 4844 accusare?
3626 4790 3772 4845 Num
3796 4821 3815 4834 ο

2215 4881 2339 4950 quid
2383 4881 2552 4950 ipsum
2601 4881 2651 4934 in
2687 4881 2864 4950 aliquo
2913 4879 3147 4934 facinore
3187 4879 3669 4950 deprehenderunt,
3706 4892 3816 4938 ant

2218 4973 2303 5026 illa
2329 4974 2518 5027 mulier
2561 4972 2626 5026 ad
2661 4988 2781 5027 eum
2813 4973 2992 5042 aliquo
3035 4972 3192 5028 modo
3230 4973 3548 5042 pertinuisse
3577 4973 3816 5033 diccba-

2221 5067 2338 5120 tur?
2369 5065 2502 5132 Quid
2529 5073 2612 5120 est
2643 5079 2789 5136 ergo,
2819 5074 3064 5121 tentantes
3085 5083 3217 5137 eum,
3248 5075 3302 5120 ut
3337 5076 3537 5136 possent
3560 5083 3821 5126 accusare

2217 5156 2369 5211 eum?
2401 5155 2782 5226 lntclligimus,
2819 5155 3042 5221 fratres,
3080 5155 3445 5211 admirabilem
3485 5170 3819 5216 mansuetu-

2217 5248 2394 5303 dinem
2449 5248 2499 5301 in
2555 5247 2777 5300 Domino
2827 5246 3243 5316 prmeminuisse.
3292 5248 3823 5308 Animadverterunt

2219 5355 2340 5395 cum
2366 5339 2586 5393 nimium
2626 5353 2746 5393 esse
2771 5338 2974 5403 mitem,
3008 5337 3232 5392 nimium
3260 5354 3376 5394 esse
3414 5350 3762 5398 mansuetum
3802 5363 3821 5400 :

2217 5431 2284 5486 de
2308 5431 2398 5484 illo
2422 5431 2616 5500 quippe
2637 5427 2809 5484 fuerat
2834 5437 2956 5484 ante
2978 5428 3308 5498 praedictum,
3332 5430 3602 5502 Accingere
3625 5432 3826 5502 gladio

2219 5533 2302 5577 tuo
2328 5525 2460 5576 circa
2493 5523 2654 5591 femur
2686 5531 2845 5586 tuum,
2875 5521 3248 5590 potentissime;
3286 5524 3450 5592 specie
3489 5533 3574 5577 tua
3601 5533 3649 5576 et
3676 5529 3824 5594 put-

2217 5612 2498 5667 chriludine
2553 5621 2638 5665 tua
2683 5611 2903 5679 intende,
2941 5627 3178 5682 prospere
3222 5612 3451 5681 procede,
3504 5622 3551 5666 et
3597 5631 3771 5683 regna
3833 5634 3855 5677 :

2220 5713 2421 5774 prapter
2441 5703 2696 5757 veritatem
2716 5710 2761 5755 et
2793 5695 3221 5757 mansuetudinem
3261 5711 3308 5757 et
3324 5703 3596 5772 justitiam.
3622 5703 3830 5773 (Psal.

534 5789 639 5832 non
660 5779 794 5834 novit
815 5777 1017 5852 Legem,
1041 5783 1295 5840 maledicti
1313 5792 1447 5840 sunt.
1475 5783 1575 5853 Qui
1599 5797 1707 5842 non
1734 5795 1990 5846 noverant
2009 5780 2109 5847 Le?
2147 5837 2176 5858 τ,
2221 5797 2412 5863 ιιιν,4
2428 5793 2564 5867 ειδ).
2593 5793 2734 5865 Ergo
2755 5793 2925 5851 attulit
2951 5795 3226 5853 veritatem
3245 5797 3516 5864 utdoctor,
3541 5811 3830 5858 mansue-

1515 6008 1554 6021 1-
