4118 6476
338 326 482 386 {1319

340 440 583 497 tudinem
621 444 680 492 ut
705 434 981 500 liberator,
1006 430 1264 501 justitiam
1304 438 1362 483 ut
1399 428 1659 499 ccg’nitor.
1701 426 1927 495 Propter

340 532 458 588 haec
481 545 608 586 eum
634 542 754 585 esse
781 531 1123 596 regnaturum
1150 522 1203 577 in
1231 520 1429 591 Spiritu
1456 527 1640 574 sancto
1665 516 1925 588 propheta

335 622 670 696 pnedixerat
697 617 848 689 (Isai.
891 614 985 687 χι).
1007 614 1141 669 Cum
1161 613 1486 682 loqueretur,
1528 609 1723 664 veritas
1765 619 1928 675 agno-

336 714 596 769 scebatur
641 728 654 764 :
701 724 821 764 cum
868 706 1124 761 adversus
1159 704 1402 758 inimicos
1434 716 1545 756 non
1592 705 1926 763 moveretur,

339 801 699 862 mansuetudo
731 800 1060 855 laudabatur.
1089 797 1220 853 Cum
1246 811 1373 866 ergo
1398 794 1464 849 de
1485 790 1690 847 duobus
1718 790 1855 855 istis,
1875 787 1926 843 id

347 895 531 951 estde
566 894 791 948 veritate
824 899 886 946 et
920 886 1332 945 mansuetudine
1369 885 1505 954 ejus,
1529 881 1737 951 inimici
1766 880 1932 935 livore

343 995 403 1041 et
450 984 651 1040 mvidia
700 986 1110 1051 torquerentur;
1162 979 1213 1033 in
1262 975 1440 1039 tertio,
1490 974 1543 1029 id
1587 980 1670 1027 est
1705 971 1929 1041 justitia,

345 1078 666 1133 scandalum
718 1081 1032 1145 posuerunt.
1091 1071 1301 1139 Quare?
1358 1068 1489 1136 Quia
1546 1068 1656 1121 Lex
1704 1066 1935 1135 jusserat

342 1170 620 1225 adulteros
644 1166 900 1237 lapidari;
923 1175 978 1220 et
1007 1165 1191 1231 utique
1226 1162 1335 1217 Lex
1364 1159 1505 1230 quod
1538 1158 1789 1228 iujustum
1821 1163 1936 1211 erat

341 1260 532 1331 jubere
560 1273 664 1312 non
693 1264 896 1326 poterat
941 1272 954 1308 :
993 1254 1038 1307 si
1081 1251 1201 1322 quis
1240 1250 1381 1305 aliud
1410 1249 1611 1304 diceret
1638 1261 1795 1317 quam
1825 1245 1933 1299 Lex

344 1351 611 1419 jusserat,
660 1347 889 1416 injustas
938 1341 1450 1412 deprehenderetur.
1502 1339 1761 1393 Dixerunt
1807 1350 1936 1405 ergo

345 1442 487 1512 apud
511 1440 868 1508 semetipsos:
898 1436 1070 1491 Verax
1102 1442 1333 1504 putatur,
1362 1441 1671 1487 mansuetus
1695 1428 1933 1493 videtur;

349 1534 417 1587 de
436 1530 644 1601 iustitia
673 1529 747 1582 illi
788 1525 1075 1596 quaerenda
1119 1524 1381 1579 calumnia
1420 1530 1523 1577 est.
1565 1519 1863 1575 Oll‘eramus
1889 1518 1937 1573 ei

348 1624 628 1679 mulierem
650 1621 705 1675 in
730 1619 992 1675 adulterio
1017 1616 1425 1686 deprehensam,
1460 1613 1700 1668 dicamus
1728 1610 1849 1681 quid
1870 1609 1939 1665 de

348 1715 439 1769 illa
466 1715 516 1767 in
542 1714 682 1783 Lege
710 1718 1036 1781 prmceptum
1078 1708 1148 1762 sit
1176 1724 1189 1760 :
1220 1707 1262 1760 si
1289 1721 1407 1761 eam
1445 1704 1664 1775 jusserit
1684 1701 1929 1773 lapidari,

347 1804 815 1861 mansuetudinem
845 1817 951 1856 non
984 1799 1227 1861 habebit;
1262 1798 1305 1852 si
1336 1811 1453 1852 eam
1483 1795 1677 1850 dimitti
1703 1807 1930 1849 censue-

350 1901 442 1963 rit,
464 1898 727 1969 justitiam
752 1910 857 1951 non
886 1893 1110 1948 tenebit.
1144 1891 1215 1947 Ut
1245 1898 1427 1946 autem
1456 1886 1937 1952 mansuetudinem,

347 1992 621 2061 inquiunt,
648 2002 754 2044 non
801 1985 1007 2057 perdat,
1053 1984 1106 2037 in
1146 1998 1248 2053 qua
1286 1981 1396 2052 jam
1441 1979 1650 2050 populis
1696 1976 1939 2032 amabilis

345 2083 523 2137 {actus
549 2090 653 2147 est,
676 2080 791 2134 sine
812 2078 979 2132 dubio
997 2091 1114 2130 eam
1144 2073 1335 2129 dimitti
1358 2071 1556 2126 debere
1582 2069 1819 2124 dicturus
1838 2076 1938 2122 est.

346 2174 488 2229 lliuc
514 2187 614 2227 nos
656 2169 953 2225 invenimus
986 2163 1271 2221 accusandi
1316 2162 1672 2227 occasionem,
1704 2168 1759 2214 et
1793 2173 1940 2213 reum

346 2268 577 2321 iacimus
606 2274 854 2334 tanquam
880 2260 1039 2330 Legis
1069 2255 1530 2328 prrevaricatorem
1558 2271 1569 2306 :
1604 2253 1841 2307 dicentes
1869 2251 1942 2315 ei,

344 2362 535 2416 Hostis
564 2373 623 2414 es
652 2357 828 2427 Legis,
858 2362 1043 2410 contra
1069 2352 1287 2422 Moysen
1327 2347 1639 2417 respondes,
1675 2346 1781 2400 imo
1809 2359 1941 2398 con-

348 2461 436 2505 tra
464 2466 586 2506 eum
610 2450 698 2519 qui
720 2463 817 2518 per
842 2446 1058 2516 Moysen
1079 2442 1274 2512 Legem
1297 2439 1473 2503 dedit;
1503 2453 1627 2492 reus
1646 2452 1705 2492 es
1730 2436 1940 2501 mortis,

347 2558 478 2595 cum
528 2540 615 2594 illa
663 2548 719 2594 et
771 2550 826 2593 tu
879 2537 994 2605 ipse
1042 2531 1375 2604 lapidandus.
1409 2531 1598 2585 Posset
1646 2528 1730 2583 bis
1769 2526 1945 2581 verbis

345 2641 513 2701 atque
543 2631 625 2684 his
648 2628 925 2685 sententiis
957 2623 1275 2682 inﬂammari
1305 2622 1521 2686 invidia,
1547 2620 1753 2675 fervere
1783 2633 1943 2673 accu-

354 2726 514 2788 satio,
538 2719 1065 2793 tlagitaridamnatio.
1085 2716 1189 2772 Sed
1229 2715 1313 2769 cui
1342 2713 1474 2767 hoc?
1505 2711 1831 2767 Perversitas
1856 2726 1944 2764 re-

347 2816 629 2882 ctitudini,
655 2814 856 2869 falsitas
881 2811 1120 2875 veritati,
1147 2816 1455 2877 corruptum
1480 2820 1576 2860 cor
1599 2803 1746 2859 cordi
1778 2812 1942 2867 recto,

349 2909 582 2963 stultitia
610 2906 905 2977 sapientiae.
938 2902 1162 2971 Quando
1206 2901 1278 2955 illi
1316 2900 1534 2969 laqueos
1563 2905 1943 2967 prrepararent,

349 2996 409 3047 iu
437 3009 572 3063 quos
600 3007 705 3046 non
729 2992 874 3062 prius
901 2989 1000 3060 ipsi
1020 2997 1178 3058 caput
1200 2984 1511 3054 injicerent?
1532 2983 1669 3036 Ecce
1695 2981 1949 3063 Dominus

350 3084 410 3137 in
444 3081 817 3154 respondendo
837 3088 890 3135 et
909 3078 1169 3149 justitiam
1200 3084 1505 3131 servaturos
1534 3082 1636 3134 est,
1665 3081 1717 3127 et
1745 3087 1773 3125 a
1793 3086 1947 3125 man-

350 3174 642 3229 suetudine
670 3187 779 3227 nen
824 3185 1153 3227 recessurus.
1190 3167 1306 3222 Non
1343 3175 1426 3221 est
1451 3172 1633 3234 captus
1654 3164 1737 3218 cui
1766 3164 1951 3219 tende-

354 3267 540 3330 !iatur,
604 3263 699 3319 sed
752 3263 928 3333 potius
975 3260 1116 3330 capti
1169 3257 1409 3328 suntqui
1464 3255 1777 3319 tendebant;
1828 3256 1950 3324 quia

356 3358 413 3411 in
442 3372 565 3410 eum
592 3357 683 3426 qui
716 3370 808 3411 eos
832 3336 1009 3425 posset
1033 3352 1099 3407 de
1129 3350 1332 3421 laqueis
1371 3364 1580 3413 eruere,
1614 3362 1720 3402 non
1760 3347 1945 3403 crede-

356 3451 509 3503 bant.

433 3541 487 3594 5.
534 3538 671 3607 Quid
716 3553 843 3609 ergo
889 3534 1161 3607 respondit
1192 3535 1444 3589 Dominus
1482 3533 1682 3589 Jesus?
1712 3532 1836 3603 quid
1866 3547 1950 3586 re-

355 3632 582 3701 spondit
625 3632 863 3687 veritas?
897 3630 1026 3701 quid
1073 3629 1347 3700 respondit
1384 3628 1681 3695 sapientia?
1712 3627 1835 3696 quid
1864 3641 1951 3681 re-

355 3726 575 3795 spondit
605 3726 716 3795 ipsa
744 3724 829 3779 cui
854 3723 1117 3779 calumnia
1155 3722 1440 3792 parabatur
1460 3720 1706 3790 justitia?
1730 3719 1842 3773 Non
1866 3719 1950 3774 di-

363 3820 460 3881 xit,
506 3819 621 3873 Non
652 3817 944 3888 lapidetur;
972 3831 1042 3871 ne
1081 3825 1264 3870 contra
1306 3815 1500 3884 Legem
1538 3813 1716 3869 dicere
1743 3813 1952 3868 videre-

361 3919 469 3963 tnr.
490 3909 640 3963 Absit
658 3918 835 3964 autem
851 3917 905 3962 ut
924 3908 1146 3975 diceret,
1176 3906 1495 3975 Lapidetur:
1518 3905 1664 3960 venit
1681 3904 1821 3961 enim
1847 3919 1951 3959 non

363 4001 592 4069 perdere
618 4000 761 4070 quod
806 4000 1103 4065 invenerat,
1134 3998 1227 4053 sed
1270 4012 1511 4068 quaerere
1537 3996 1677 4067 quod
1722 3996 1954 4067 perierat

363 4092 526 4161 (Luc.
554 4108 665 4156 xix,
710 4089 839 4163 10).
873 4090 1014 4157 Quid
1059 4104 1188 4159 ergo
1238 4088 1556 4159 respondit?
1579 4088 1768 4143 Videte
1795 4103 1952 4157 quam

362 4185 580 4252 plenum
613 4182 682 4236 sit
716 4181 941 4251 justitia,
987 4182 1199 4250 plenum
1234 4179 1649 4235 mansuetudine
1677 4188 1732 4234 et
1761 4179 1953 4233 verita-

362 4273 453 4326 te!
491 4271 593 4338 Qui
621 4272 729 4326 sine
749 4282 949 4342 peccato
993 4281 1063 4325 est
1087 4280 1323 4335 vestrum,
1357 4270 1546 4339 inquit,
1573 4270 1711 4340 prior
1734 4270 1788 4323 in
1813 4269 1954 4322 illam

363 4363 588 4433 lapidem
629 4364 810 4415 mittat.
833 4363 877 4417 Ο
908 4362 1183 4432 responsio
1231 4362 1531 4430 sapientius!
1560 4359 1836 4427 Quomodo
1860 4374 1955 4414 eos

362 4454 653 4508 intromisit
682 4454 732 4506 in
763 4454 860 4508 se?
890 4453 1045 4507 Foris
1074 4452 1214 4507 enim
1242 4450 1724 4515 calumniabantur,
1749 4450 1956 4518 seipsos

364 4545 682 4599 intrinsecus
700 4559 805 4598 non
823 4543 1289 4613 perscrutabantur
1321 4559 1334 4595 :
1362 4542 1658 4596 adulteram
1684 4540 1952 4605 videbant,

363 4650 423 4688 se
445 4651 548 4688 non
573 4634 982 4704 perspiciebant.
1006 4634 1446 4688 Praevarieatores
1468 4632 1620 4703 Legis
1640 4632 1836 4702 Legem
1861 4632 1951 4686 itu-

367 4724 501 4792 pleri
525 4724 828 4793 cupiebant,
873 4732 928 4778 et
971 4723 1073 4779 hoc
1096 4721 1506 4788 calumniando;
1535 4737 1641 4777 non
1667 4737 1812 4787 vere,
1836 4730 1953 4776 tan~

362 4830 525 4883 quam
550 4814 816 4869 adulteria
844 4814 1087 4869 castitate
1123 4813 1443 4868 damnando.
1475 4813 1733 4881 Audistis,
1751 4812 1953 4879 Judaei;

361 4904 610 4971 audistis,
661 4905 954 4969 Pharisaei;
997 4904 1239 4969 audistis,
1287 4905 1440 4974 Legis
1478 4904 1748 4967 doctores,
1802 4904 1956 4973 chis

361 4996 673 5061 custodem,
724 4996 819 5050 sed
882 4995 1117 5050 nondum
1167 4993 1509 5049 intellexistis
1550 4994 1952 5064 Legislatorem.

362 5086 502 5153 Quid
526 5086 679 5142 vobis
698 5087 837 5140 aliud
861 5087 1143 5156 signiﬁcat,
1176 5102 1295 5142 cum
1326 5086 1489 5156 digito
1506 5087 1690 5142 scribit
1708 5088 1757 5142 in
1779 5087 1957 5142 terra?

366 5177 541 5247 Digito
569 5177 712 5232 enim
766 5177 862 5232 Dei
898 5178 1005 5233 Lex
1039 5178 1235 5247 scripta
1276 5189 1354 5233 est
1386 5193 1401 5241 ;
1434 5177 1527 5232 sed
1553 5187 1770 5248 propter
1794 5178 1957 5234 duros

363 5269 417 5324 in
438 5269 616 5341 lapide
642 5270 839 5339 scripta
857 5278 940 5325 est
962 5270 980 5342 (
1001 5269 1172 5325 Exod.
1199 5285 1357 5334 xxxi,
1381 5270 1449 5324 18
1476 5268 1518 5339 ).
1549 5269 1821 5339 Nuncjam
1852 5270 1958 5324 Do-

362 5362 540 5416 minus
565 5361 619 5415 in
647 5368 786 5416 terra
811 5360 1095 5426 scribebat,
1128 5360 1250 5431 quia
1272 5356 1498 5415 fructum
1525 5359 1816 5431 qumrebat.
1842 5362 1955 5416 Au-

358 5454 515 5510 distis
544 5469 695 5526 ergo,
738 5454 1025 5525 lmpleatur
1061 5454 1191 5520 Lex,
1243 5454 1512 5524 lapidetur
1537 5453 1782 5509 adultera
1816 5472 1829 5508 :
1861 5454 1957 5510 sed

362 5545 621 5616 numquid
638 5546 690 5600 in
710 5545 797 5599 illa
825 5545 1113 5615 punienda,
1146 5546 1258 5601 Lex
1289 5543 1556 5614 implenda
1577 5552 1705 5600 esta
1731 5543 1958 5614 punien-

360 5636 488 5692 dis?
518 5636 833 5692 Consideret
852 5651 910 5691 se
937 5636 1298 5706 unusquisque
1322 5644 1578 5699 vestrum,
1612 5635 1775 5689 intret
1795 5634 1846 5687 in
1869 5649 1956 5689 se-

363 5727 675 5796 metipsum,
720 5725 975 5781 ascendat
1019 5726 1252 5780 tribunal
1283 5727 1477 5780 mentis
1508 5739 1637 5789 suae,
1668 5725 1957 5779 constituat

368 5830 425 5870 se
456 5825 578 5871 ante
599 5816 980 5873 conscientiam
1016 5830 1165 5871 suam
1222 5825 1373 5885 eogat
1422 5828 1478 5871 se
1533 5815 1793 5871 CUlllllL‘l‘l.
1839 5814 1949 5870 Scit

1252 308 1661 370 TRACTATUS
1693 305 1929 364 xxxut.
1970 304 2166 362 care.
2220 303 2311 360 vn
2360 304 2449 361 ET
2489 302 2621 361 Vill.
2708 256 2743 257 id

3480 306 3617 365 1630

2033 422 2173 478 enim
2200 424 2290 493 qui
2317 423 2425 477 sit‘
2460 441 2473 477 :
2508 423 2632 492 quia
2684 435 2841 478 nemo
2869 421 2970 477 scit
3020 421 3294 477 hominum
3335 439 3451 494 quae
3493 434 3619 480 sunt

2033 512 2291 580 hominis,
2320 513 2416 569 nisi
2440 513 2656 583 spiritus
2682 513 2933 580 hominis,
2963 514 3055 583 qui
3076 513 3128 568 in
3156 514 3272 584 ipso
3288 522 3371 569 est
3395 514 3461 588 (1
3490 514 3612 571 Cor.

2033 620 2089 670 ιι,
2120 604 2178 659 11
2207 601 2248 677 ).
2279 604 2655 676 Unusquisque
2692 605 2746 660 in
2780 619 2840 660 se
2866 604 3166 672 intendens,
3194 613 3529 676 peccatorem
3554 622 3614 663 se

2034 696 2255 751 invenit.
2296 695 2371 749 Ita
2401 697 2578 766 plane.
2611 696 2751 767 Ergo
2800 703 2893 750 aut
2937 696 3094 750 istam
3124 695 3393 763 dimittite,
3423 705 3514 751 aut
3542 696 3617 752 si-

2035 787 2142 840 mul
2168 801 2289 841 eum
2316 786 2401 841 illa
2446 801 2658 857 pinnam
2694 786 2851 856 Legis
2876 786 3123 856 excipite.
3155 786 3209 842 Si
3253 785 3470 852 diceret,
3498 786 3617 842 Non

2036 878 2298 948 lapidetur
2317 877 2585 942 adultera;
2606 878 2833 949 injustas
2863 878 3271 934 convinceretur
3293 894 3306 932 :
3331 878 3375 934 si
3391 878 3614 944 diceret,

2036 971 2356 1041 Lapidetur;
2389 980 2697 1026 mansuetus
2726 986 2833 1026 non
2859 970 3134 1026 videretur
3158 988 3171 1024 :
3206 969 3346 1026 dicat
3366 969 3505 1040 quod
3535 969 3618 1024 di-

2037 1076 2159 1117 cere
2182 1061 2361 1127 debet,
2385 1069 2440 1116 et
2464 1069 2771 1115 mansuetus
2797 1068 2850 1115 et
2892 1060 3089 1130 justus,
3122 1059 3224 1125 Qui
3274 1060 3381 1113 sine
3417 1069 3618 1130 peccato

2037 1164 2108 1207 est
2130 1162 2364 1221 vestrum,
2397 1153 2536 1223 prior
2555 1154 2606 1207 in
2626 1152 2769 1207 illam
2797 1152 3019 1222 lapidem
3041 1153 3223 1206 mittat.
3248 1152 3376 1207 llaec
3403 1166 3502 1207 vox
3523 1152 3615 1222 ju-

2039 1247 2195 1300 stitiae
2221 1254 2304 1301 est
2328 1265 2340 1299 :
2370 1246 2627 1301 Puniatur
2652 1245 2938 1315 peccatrix,
2963 1244 3056 1300 sed
3107 1260 3214 1299 non
3260 1260 3292 1301 a
3319 1232 3618 1315 peccatori-

2040 1336 2176 1401 bus;
2206 1337 2486 1407 impleatur
2535 1336 2667 1402 Lex,
2696 1335 2790 1391 sed
2818 1350 2924 1390 non
2952 1350 2981 1389 a
3008 1335 3498 1413 praevaricatoriqu
3522 1335 3622 1389 Le-

2039 1426 2139 1496 gis.
2165 1426 2289 1481 limo
2309 1441 2411 1481 vox
2437 1426 2888 1497 omninojustitite
2915 1434 3032 1481 est:
3060 1426 3375 1496 quajustitia
3403 1425 3478 1481 illi
3506 1433 3622 1480 tan-

2041 1534 2199 1589 quam
2228 1519 2414 1575 trabali
2457 1520 2561 1575 telo
2594 1519 2851 1590 percussi,
2873 1533 2993 1573 sese
3042 1519 3383 1587 inSpicientes
3423 1526 3478 1573 et
3501 1531 3624 1572 reos

2042 1613 2389 1679 invenientes,
2422 1630 2553 1667 unus
2578 1622 2689 1683 post
2711 1628 2868 1667 unum
2892 1627 3062 1665 omnes
3082 1618 3407 1663 recesserunt.
3433 1608 3625 1664 Relieti

2045 1713 2168 1759 sunt
2214 1705 2337 1769 duo,
2397 1704 2594 1759 misera
2624 1714 2678 1759 et
2728 1703 3118 1759 misericordia.
3160 1702 3415 1757 Dominus
3448 1710 3626 1756 autem

2042 1811 2161 1851 eum
2186 1812 2278 1851 eos
2307 1796 2399 1851 illo
2427 1796 2533 1851 telo
2571 1795 2791 1866 justitiae
2821 1794 3191 1864 percussisset,
3239 1808 3339 1848 nec
3381 1793 3627 1863 dignatus

2042 1896 2126 1943 est
2149 1887 2400 1942 cadentes
2429 1887 2730 1953 attendere,
2752 1886 2846 1941 sed
2867 1900 3059 1941 averso
3084 1886 3150 1941 ab
3166 1885 3243 1941 eis
3268 1885 3476 1951 obtutu,
3504 1900 3624 1953 rur—

2042 1994 2154 2032 sum
2192 1978 2348 2049 digito
2378 1978 2619 2033 scribebat
2655 1979 2708 2031 in
2735 1986 2890 2032 terra.

2116 2068 2168 2123 6.
2202 2068 2408 2124 Relicta
2466 2076 2643 2124 autem
2690 2069 2801 2124 sola
2851 2069 2937 2123 illa
2992 2068 3238 2135 muliere,
3270 2069 3625 2139 omnibusque

2046 2159 2382 2225 abeuntibus,
2417 2160 2611 2216 levavit
2641 2160 2825 2215 oculos
2845 2175 2973 2215 suos
2993 2159 3058 2215 ad
3076 2160 3375 2216 mulierem.
3401 2159 3625 2215 Audivi-

2047 2266 2167 2306 mus
2189 2266 2371 2306 vocem
2392 2251 2631 2321 justitiae,
2658 2252 2936 2307 audiamus
2957 2261 3009 2307 et
3033 2253 3476 2308 mansuetudinis.
3504 2253 3631 2308 Plus

2047 2343 2415 2409 enim,credo,
2441 2343 2621 2398 territa
2664 2352 2785 2399 erat
2812 2343 2899 2397 illa
2939 2343 3129 2398 mulier
3158 2358 3279 2398 cum
3326 2344 3562 2403 audisset
3603 2360 3633 2397 a

2050 2436 2275 2492 Domino
2300 2437 2520 2502 dictum,
2564 2438 2664 2504 Qui
2693 2439 2803 2493 sine
2827 2447 3032 2509 peccato
3058 2448 3130 2493 est
3150 2448 3385 2503 oestrum,
3414 2438 3552 2509 prior
3576 2438 3631 2490 in

2043 2528 2190 2582 illaut
2222 2529 2443 2599 lapidem
2469 2529 2647 2582 mittat.
2679 2530 2759 2584 llli
2801 2545 2927 2600 ergo
2956 2530 3290 2585 attendentes
3315 2545 3395 2593 se,
3427 2540 3482 2584 et
3514 2528 3639 2583 abs-

2048 2636 2202 2677 cessa
2232 2622 2349 2692 ipso
2392 2621 2624 2677 confessi
2653 2622 2721 2677 de
2744 2638 2821 2686 se,
2854 2623 3180 2693 reliquerant
3209 2624 3484 2677 mulierem
3513 2636 3634 2676 cum

2049 2714 2235 2784 grandi
2266 2724 2502 2782 peccato,
2532 2714 2583 2770 ei
2612 2714 2703 2784 qui
2741 2723 2855 2770 erat
2876 2716 2991 2768 sine
3020 2723 3256 2784 peccato.
3309 2714 3375 2768 Et
3402 2713 3524 2783 quia
3552 2712 3639 2765 illa

2053 2805 2152 2860 hoc
2179 2805 2441 2869 audierat,
2479 2806 2580 2872 Qui
2607 2807 2720 2861 sine
2747 2814 2948 2876 peccato
2974 2815 3066 2870 est,
3093 2807 3231 2869 prior
3258 2805 3311 2858 in
3333 2804 3477 2858 illaut
3510 2803 3641 2872 lapi-

2051 2896 2165 2951 dem
2209 2898 2410 2963 mittat;
2436 2897 2503 2952 ab
2544 2897 2636 2951 illo
2659 2911 2718 2952 se
2764 2896 3011 2967 sperabat
3059 2895 3398 2965 puniendam,
3437 2894 3491 2949 in
3534 2908 3641 2963 quo

2054 2997 2324 3059 peccatum
2350 2986 2575 3043 inveniri
2604 3004 2708 3045 non
2753 2998 2980 3058 poterat.
3013 2988 3105 3043 llle
3133 2997 3310 3044 autem
3338 2988 3427 3057 qui
3453 2986 3640 3042 adver-

2052 3082 2221 3137 sarios
2254 3081 2369 3152 ejus
2416 3081 2688 3151 repulerat
2728 3081 2909 3151 lingua
2935 3080 3172 3151 justitize,
3205 3082 3389 3135 levans
3432 3081 3485 3134 in
3516 3094 3636 3135 eam

2053 3174 2238 3229 oculos
2286 3173 2728 3239 mansuetudinis,
2777 3173 3124 3242 interrogavit
3174 3187 3292 3228 eam
3327 3189 3339 3225 :
3377 3171 3545 3227 Nemo
3589 3180 3640 3226 te

2053 3264 2440 3321 condemnavit?
2466 3263 2757 3334 lleSpondit
2777 3264 2865 3318 illa
2896 3282 2908 3316 :
2938 3262 3171 3327 Domine,
3204 3279 3368 3317 nemo.
3402 3263 3470 3316 Et
3512 3261 3639 3317 ille:

2057 3357 2167 3413 Nec
2194 3375 2284 3429 ego
2314 3367 2360 3413 te
2376 3357 2755 3422 condemnabo;
2794 3373 2824 3412 a
2854 3373 2959 3427 quo
2976 3366 3026 3412 te
3047 3356 3181 3411 forte
3197 3355 3439 3410 damnari
3464 3355 3637 3409 timui-

2052 3451 2142 3513 sti,
2193 3449 2317 3520 quia
2364 3451 2418 3504 in
2470 3464 2557 3504 me
2582 3458 2857 3519 peccatum
2903 3465 3007 3503 non
3041 3448 3309 3503 invenisti.
3347 3447 3456 3502 Nec
3482 3464 3573 3518 ego
3598 3456 3646 3500 te

2055 3538 2325 3593 damnabo.
2371 3538 2509 3605 Quid
2545 3547 2647 3604 est,
2691 3538 2963 3593 Domine?
2990 3538 3160 3592 Faves
3209 3552 3337 3608 ergo
3373 3538 3645 3607 peccatis?

2054 3627 2169 3683 Non
2202 3628 2357 3697 plane
2400 3629 2491 3682 ita.
2540 3627 2772 3683 Attende
2814 3627 2955 3698 quod
2981 3626 3221 3697 sequitur
3254 3645 3266 3679 :
3313 3626 3468 3693 Vade,
3499 3626 3645 3682 deiu-

2055 3734 2170 3787 ceps
2191 3719 2305 3787 jam
2334 3718 2439 3771 noli
2460 3734 2681 3787 peccare.
2718 3718 2858 3788 Ergo
2880 3727 2933 3773 et
2964 3717 3218 3772 Dominus
3233 3717 3521 3783 damnavit,
3550 3720 3644 3773 sed

2058 3819 2351 3878 peccatum,
2386 3824 2489 3864 non
2532 3809 2822 3863 hominem.
2856 3809 2987 3865 Nam
3015 3810 3059 3862 si
3086 3818 3424 3879 peccatorum
3468 3808 3645 3864 fautor

2056 3910 2219 3967 esset,
2246 3900 2466 3967 diceret,
2490 3900 2599 3957 Nec
2615 3915 2716 3971 ego
2733 3911 2783 3955 te
2803 3900 3095 3966 damnabo;
3129 3898 3280 3965 vade,
3304 3899 3425 3955 vive
3450 3910 3505 3954 ut
3528 3902 3642 3955 vis:

2058 3993 2124 4047 de
2152 4008 2265 4047 utea
2294 3992 2607 4049 liberatione
2635 4002 2751 4048 esto
2781 4008 3003 4058 secura;
3034 4008 3132 4061 ego
3156 4000 3645 4061 quantumcumque

2060 4086 2383 4157 peccaveris,
2418 4095 2470 4143 te
2489 4087 2556 4143 ab
2570 4086 2717 4141 omni
2748 4101 2904 4155 poma
2933 4086 3091 4141 etiam
3120 4084 3377 4155 gehennae
3402 4094 3457 4140 et
3483 4085 3645 4140 inl‘et'~

2059 4180 2112 4235 ui
2141 4179 2699 4236 tortoribusliberabo.
2727 4179 2842 4234 Non
2873 4179 2974 4235 hoc
3002 4178 3151 4233 dixit.

2132 4273 2183 4325 7.
2214 4271 2495 4326 lnteudant
2518 4286 2645 4341 ergo
2674 4272 2762 4341 qui
2788 4271 3051 4327 amantin
3093 4271 3317 4325 Domino
3344 4280 3651 4327 mansuetu-

2060 4363 2260 4430 dinem,
2290 4371 2344 4417 et
2392 4364 2611 4419 timeant
2640 4363 2939 4418 veritatem.
2969 4363 3180 4418 Etenim
3225 4362 3389 4417 dulcis
3416 4373 3461 4417 et
3486 4373 3651 4416 rectus

2063 4454 2310 4509 Dominus
2333 4455 2350 4525 (
2371 4454 2513 4509 Psal.
2546 4468 2690 4522 xxw,
2724 4454 2813 4525 8).
2847 4456 3012 4509 Amas
3026 4453 3166 4524 quod
3190 4453 3357 4509 dulcis
3384 4463 3485 4519 est,
3519 4454 3652 4508 time

2062 4547 2203 4615 quod
2247 4554 2423 4600 rectus
2465 4555 2569 4601 est.
2599 4546 2870 4614 Tanquam
2918 4554 3227 4601 mansuetus
3256 4545 3409 4610 dixit,
3444 4546 3606 4599 Tacui
3631 4564 3647 4597 :

2063 4636 2157 4692 sed
2197 4646 2445 4706 tanquam
2486 4636 2680 4705 justus,
2722 4634 3001 4706 Numquid.
3042 4653 3236 4707 semper
3280 4636 3450 4691 tacebo
3477 4636 3494 4707 (
3520 4636 3648 4688 Isai.

2063 4743 2192 4792 xm,
2219 4728 2302 4793 14,
2334 4744 2435 4782 sec.
2468 4725 2673 4799 LXX)?
2705 4727 2995 4782 Misericors
3019 4738 3066 4782 et
3089 4729 3352 4783 miserator
3375 4728 3647 4782 Dominus.

2063 4816 2137 4872 Ita
2181 4817 2357 4887 plane.
2388 4816 2576 4872 Adhuc
2622 4816 2779 4883 adde,
2817 4819 3151 4889 longanimis;
3190 4818 3364 4873 adhuc
3407 4816 3563 4879 adde,
3593 4825 3645 4870 et

2064 4908 2279 4963 multum
2302 4909 2581 4963 misericors
2610 4925 2628 4963 :
2654 4908 2751 4963 sed
2796 4908 2929 4964 time
2951 4908 3106 4978 quod
3135 4917 3218 4964 est
3246 4909 3299 4963 in
3330 4906 3643 4972 novissimo,

2063 5008 2112 5054 et
2151 5016 2303 5054 verax
2331 5000 2349 5071 (
2374 4999 2517 5054 Psal.
2548 5016 2748 5068 Lxxxv,
2783 5000 2850 5056 15
2876 4998 2918 5072 ).
2947 5001 3094 5068 Quos
3118 5000 3258 5056 enim
3292 4998 3451 5053 modo
3482 4998 3649 5053 susti-

2064 5102 2159 5145 net
2187 5100 2488 5160 peceantes,
2526 5091 2856 5161 judicaturus
2886 5099 2968 5147 est
3011 5097 3432 5146 contemnentes.
3462 5087 3544 5141 An
3563 5088 3649 5143 di-

2064 5183 2211 5236 uitias
2253 5183 2651 5254 longanimitatis
2696 5192 2742 5238 et
2767 5183 3168 5241 mansuetudinis
3215 5182 3324 5252 ejus
3348 5181 3647 5247 contemnis,

2064 5278 2304 5348 ignorans
2328 5277 2447 5346 quia
2475 5276 2713 5346 patientia
2740 5274 2836 5329 Dei
2860 5276 2927 5328 ad
2949 5274 3289 5345 paenitentiam
3319 5282 3367 5326 te
3407 5272 3652 5328 adducit?

2068 5368 2145 5423 Tu
2168 5378 2336 5422 autem
2364 5367 2637 5422 secundum
2667 5368 2904 5421 duritiam
2927 5366 3091 5419 cordis
3128 5365 3199 5418 tui
3219 5374 3267 5419 et
3296 5380 3381 5418 cor
3416 5365 3653 5436 impaeni-

2067 5472 2194 5530 tens,
2224 5462 2531 5516 thesaurizas
2558 5461 2645 5515 tibi
2685 5462 2811 5514 iram
2836 5461 2887 5513 in
2913 5460 2995 5512 die
3018 5459 3107 5513 ira:
3127 5467 3172 5511 et
3192 5458 3506 5513 reuelationis
3520 5457 3652 5529 justi

2056 5557 2241 5627 jndicii
2277 5555 2395 5618 Dei,
2442 5556 2527 5625 qui
2555 5554 2724 5607 reddet
2768 5553 3036 5622 unicuique
3072 5553 3347 5607 secundum
3381 5569 3533 5624 Opera
3556 5565 3653 5611 sua

2068 5647 2083 5715 (
2116 5646 2259 5700 Rom.
2289 5662 2344 5711 ιι,
2376 5646 2527 5715 4-6).
2554 5644 2860 5701 Mansuetus
2892 5644 3166 5715 Dominus,
3191 5645 3508 5718 longanimis
3540 5645 3649 5701 Do-

2135 5822 2147 5853 ¹
2176 5820 2307 5883 Αιηιιι]
2330 5826 2426 5882 En,
2452 5831 2553 5881 quis
2578 5816 2654 5869 sit.
2720 5825 2775 5870 tt.
