4118 6486
488 313 624 372 1651

485 428 684 495 minus,
722 426 1026 482 misericors
1052 424 1309 481 Dominus
1337 439 1352 476 :
1380 421 1473 478 sed
1500 430 1555 479 et
1586 421 1762 492 justus
1790 417 2064 483 Dominus,

402 522 410 534 '
486 533 543 578 et
561 537 720 577 verax
746 519 1020 576 Dominus.
1044 519 1290 589 Largitur
1323 515 1414 571 tibi
1433 515 1662 586 spatium
1683 511 2068 569 correctionis:

485 595 582 670 sed
609 622 662 668 tu
687 611 807 682 plus
826 626 975 667 amas
993 610 1302 666 dilationem
1321 621 1478 679 quam
1495 602 1937 661 emendationem.
1965 597 2074 656 Ma-

485 705 572 760 lus
599 703 745 762 fuisti
778 703 932 759 heri?
955 701 1114 802 hodie
1130 702 1302 802 bonus
1327 706 1462 755 esto.
1494 697 1563 753 Et
1587 696 1901 802 hodiernum
1926 695 2070 750 diem
2245 747 2356 797 ηπ,
2405 732 2441 802 ᾖ
2464 769 2480 786 ⁸
2507 733 2594 788 η.

482 795 543 851 in
585 794 785 850 malitia
817 792 1105 864 peregisti?
1129 793 1216 847 vel
1235 805 1355 847 cras
1380 797 1607 844 mutare.
1634 787 1856 856 Semper
1880 799 2072 854 exspe.

485 893 618 949 etas.
645 892 700 941 et
725 885 794 942 de
819 882 1184 940 misericordia
1215 882 1309 936 Dei
1337 881 1428 936 tibi
1460 878 1744 951 plurimum
1768 876 2068 947 polliceris:

482 976 638 1047 quasi
663 977 755 1034 il_.e
782 976 871 1047 qui
895 975 987 1030 tibi
1029 990 1125 1044 per
1165 973 1530 1043 pmnitentiam
1560 971 1578 1003 ¹
1603 969 1846 1041 promisit
1888 966 2069 1022 indul-

484 1067 738 1138 gentiam,
763 1065 1066 1138 promiserit
1085 1063 1178 1120 tibi
1204 1062 1362 1119 etiam
1386 1062 1727 1133 prolixiorem
1749 1059 1932 1136 vitam.
1953 1054 2069 1113 11η-

484 1157 553 1214 de
572 1157 678 1213 scis
701 1155 825 1227 quid
845 1156 1017 1226 pariat
1043 1154 1308 1214 crastinus
1337 1151 1490 1208 dies?
1518 1152 1684 1206 Recte
1709 1150 1842 1205 dicis
1864 1149 1918 1203 in
1946 1160 2069 1202 cor-

484 1247 554 1304 de
573 1257 668 1303 tuo
690 1264 703 1300 :
730 1244 955 1314 Quando
979 1260 1067 1301 me
1091 1258 1396 1310 correxere,
1425 1243 1568 1299 Deus
1589 1241 1717 1296 mihi
1743 1240 1921 1296 omnia
1943 1251 2068 1309 pec-

483 1347 603 1394 cata
654 1337 903 1392 dimittet.
933 1336 1137 1407 Negare
1183 1349 1288 1390 non
1319 1348 1600 1404 possumus
1650 1331 1789 1403 quod
1815 1329 2070 1386 correctis

485 1438 646 1501 atque
684 1429 960 1486 conversis
997 1428 1380 1500 indulgentiam
1407 1427 1551 1482 Deus
1568 1425 1829 1495 promisit.
1859 1423 1989 1478 Nam
2015 1423 2066 1476 in

483 1534 592 1590 quo
616 1520 873 1592 prqiheta
898 1519 1030 1575 mihi
1046 1520 1178 1590 legis
1197 1517 1320 1590 quia
1354 1517 1599 1590 promisit
1623 1524 1866 1570 correcto
1896 1512 2072 1567 indul-

482 1610 864 1680 gentiam,non
903 1609 1036 1667 mihi
1075 1610 1207 1681 legis
1228 1609 1352 1681 quia
1393 1608 1636 1680 promisit
1663 1606 1754 1662 tibi
1781 1606 1920 1662 Deus
1949 1604 2071 1660 lon-

483 1716 604 1773 gam
629 1703 814 1758 vitam.

556 1793 610 1850 8.
635 1794 712 1848 Ex
743 1801 968 1864 utroque
991 1793 1152 1864 igitur
1172 1791 1418 1848 homines
1435 1791 1824 1868 periclitantur,
1857 1796 1912 1844 et
1944 1802 2067 1857 spe-

482 1885 654 1940 rando
675 1893 731 1941 et
755 1883 1108 1954 desperando,
1142 1881 1424 1939 contrariis
1445 1883 1624 1949 rebus,
1648 1880 1924 1938 contrariis
1944 1877 2074 1933 atie—

483 1973 769 2032 ctionibus.
798 1973 1074 2045 Sperando
1099 1973 1190 2044 qui
1209 1971 1506 2044 decipitur?
1532 1971 1634 2040 Qui
1660 1971 1789 2027 dicit
1817 1972 1860 2036 ',
1889 1970 2069 2024 Bonus

483 2074 569 2122 est
595 2067 757 2134 Deus,
782 2068 1086 2123 misericors
1115 2075 1199 2122 est
1231 2067 1396 2132 Deus,
1423 2063 1615 2120 faciam
1635 2063 1775 2135 quod
1803 2062 1932 2117 mihi
1961 2062 2074 2132 pla-

483 2166 591 2225 cet,
622 2157 766 2229 quod
810 2157 972 2224 libet;
998 2157 1174 2215 laxem
1221 2157 1456 2213 habenas
1501 2156 1876 2227 cupiditatibus
1915 2155 2071 2224 meis,

483 2249 733 2320 impleam
759 2249 1024 2305 desideria
1053 2250 1246 2305 anima:
1271 2265 1426 2306 mete.
1457 2248 1632 2316 Quare
1649 2248 1792 2305 hoc?
1818 2248 1950 2317 Quia
1975 2249 2076 2302 mi-

485 2340 716 2397 sericors
729 2350 814 2396 est
828 2341 989 2407 Deus,
1009 2342 1180 2396 bonus
1201 2348 1286 2396 est
1304 2341 1465 2408 Deus,
1481 2350 1791 2396 mansuetus
1810 2348 1894 2394 est
1911 2341 2071 2395 Deus.

485 2431 594 2503 Spe
630 2433 718 2488 isti
761 2433 1142 2503 periclitantur.
1181 2433 1562 2505 Desperatione
1589 2439 1788 2498 autem,
1835 2429 2073 2502 quicum

487 2525 773 2582 inciderint
801 2527 852 2581 in
878 2527 1061 2597 gravia
1092 2534 1330 2596 peccata,
1360 2532 1606 2595 putantes
1641 2525 1743 2581 sibi
1784 2539 1890 2580 non
1917 2538 2076 2594 posse

484 2617 596 2686 jam
620 2616 823 2688 ignosci
850 2616 1252 2687 paenitentibus,
1281 2624 1337 2672 et
1365 2624 1658 2671 statuentes
1683 2629 1744 2671 se
1771 2615 1835 2668 ad
1857 2614 2078 2670 damna-

488 2708 691 2764 tionem
732 2708 848 2764 sine
877 2709 1042 2765 dubio
1089 2709 1404 2776 destinatos,
1448 2708 1631 2765 dicunt
1679 2707 1819 2778 apud
1845 2708 2071 2778 seipsos,

489 2797 608 2854 Jam
633 2798 919 2855 damnandi
950 2814 1132 2854 sumus
1155 2799 1199 2867 ⁸,
1231 2814 1398 2870 quare
1423 2815 1527 2854 non
1555 2799 1697 2869 quod
1719 2800 1967 2854 volumus
1994 2797 2075 2852 fa-

489 2888 694 2945 cimus?
719 2890 899 2943 animo
935 2890 1285 2960 gladiatorum
1341 2888 1483 2945 ferro
1527 2888 2076 2945 destinatorum.ldeo

489 2981 700 3036 molesti
727 2988 854 3037 sunt
878 2981 1143 3052 desperati
1167 2999 1179 3034 :
1201 2981 1310 3050 jam
1341 2983 1483 3037 enim
1531 2981 1675 3052 quod
1717 2981 1938 3036 timeant
1971 2996 2076 3035 non

491 3071 709 3140 habent,
741 3080 796 3127 et
820 3071 1171 3128 vehementer
1199 3073 1416 3127 timendi
1447 3082 1591 3128 sunt.
1625 3072 1761 3128 istos
1775 3072 2077 3142 desperatio

489 3169 665 3229 necat,
691 3177 815 3232 spes
870 3161 1010 3218 illos.
1044 3163 1186 3218 inter
1214 3179 1363 3233 spem
1395 3174 1448 3219 et
1491 3163 1917 3233 desperationem
1971 3163 2077 3218 llu-

490 3263 636 3311 ctnat
663 3255 890 3310 animus.
930 3257 1266 3312 Metuendnm
1296 3265 1373 3312 est
1415 3273 1483 3312 ne
1512 3264 1564 3312 te
1601 3257 1808 3312 occidat
1856 3271 1999 3327 spes,
2024 3265 2079 3312 et

489 3359 612 3400 cum
639 3345 864 3401 multum
898 3361 1082 3417 speras
1111 3345 1179 3403 de
1219 3348 1605 3413 misericordia,
1630 3348 1829 3403 incidas
1857 3348 1909 3402 in
1935 3347 2078 3418 judi-

491 3437 631 3494 cium
655 3455 671 3492 :
699 3439 1036 3494 metuendum
1059 3450 1140 3496 est
1158 3455 1344 3495 rursus
1365 3455 1431 3495 ne
1455 3448 1506 3495 te
1525 3439 1733 3496 occidat
1755 3440 2076 3510 desperatio,

492 3536 547 3583 et
574 3543 693 3583 cum
721 3539 874 3599 putas
897 3529 1006 3599 jam
1043 3531 1140 3586 tibi
1165 3547 1268 3585 non
1286 3531 1487 3600 ignosci
1507 3545 1625 3600 qua)
1649 3530 1831 3602 gravia
1853 3531 2076 3586 commi-

491 3619 631 3686 sisti,
664 3635 772 3674 non
805 3635 931 3691 agas
960 3622 1350 3691 pmnitentiam,
1383 3629 1439 3677 et
1462 3621 1708 3677 iucurras
1751 3622 1803 3676 in
1842 3619 2076 3691 judicem

490 3709 836 3780 Sapientiam,
863 3727 981 3782 qua
1011 3712 1160 3780 dicit,
1183 3711 1254 3767 Et
1283 3729 1374 3785 ego
1400 3723 1578 3769 vestras
1604 3712 1874 3784 perditioni
1901 3730 2078 3784 super-

490 3799 706 3873 ridebo(
735 3801 888 3856 Prov.
921 3820 958 3869 ι,
987 3802 1058 3858 26
1084 3806 1122 3875 ).
1169 3803 1306 3872 Quid
1349 3819 1477 3873 ergo
1515 3805 1625 3874 agit
1657 3803 1913 3859 Dominus
1953 3819 2078 3859 cum

491 3892 921 3960 periclitantibus
967 3905 1191 3965 utroque
1217 3895 1449 3951 morbo?
1479 3895 1586 3951 lllis
1615 3897 1701 3966 qui
1731 3911 1826 3966 spe
1865 3897 2078 3966 pericli-

489 3989 692 4052 tantur,
717 3987 819 4042 hoc
847 3986 976 4041 dicit
999 4004 1012 4040 :
1049 3985 1129 4041 Ne
1151 3987 1318 4042 tardes
1341 3987 1561 4042 converti
1579 3987 1648 4042 ad
1673 3987 1966 4052 Dominum,
1991 4006 2080 4043 ne-

492 4092 591 4148 que
617 4077 828 4146 di/feras
849 4078 911 4133 de
930 4079 1012 4132 die
1028 4080 1079 4132 in
1102 4079 1269 4144 diem;
1296 4078 1460 4134 subito
1483 4080 1617 4134 enim
1641 4082 1799 4135 veniet
1815 4081 1894 4134 ira
1916 4082 2075 4149 illius,

497 4179 544 4222 et
593 4176 648 4224 in
689 4181 911 4240 tempore
952 4171 1186 4225 vindictas
1228 4171 1482 4241 disperdat
1511 4181 1556 4225 te
1583 4170 1605 4245 (
1625 4170 1786 4226 Eccli.
1816 4187 1872 4238 v,
1898 4173 1951 4236 8,
1975 4171 2074 4243 9).

500 4261 612 4317 Illis
663 4264 754 4334 qui
799 4263 1172 4334 desperatione
1217 4264 1603 4334 periclitantur,
1639 4264 1766 4334 quid
1811 4264 1981 4319 dicit?
2011 4263 2076 4320 In

495 4367 805 4424 quacumque
838 4353 919 4408 die
936 4354 1134 4426 iniquus
1154 4371 1419 4409 conversus
1446 4356 1616 4426 fuerit,
1641 4372 1812 4410 omnes
1841 4357 2077 4426 iniquita-

495 4451 573 4499 tes
599 4444 712 4514 ejus
739 4444 1042 4516 obliviscar(
1075 4445 1258 4500 Ezech.
1289 4461 1442 4508 xvut,
1466 4446 1556 4512 21,
1574 4445 1664 4510 22,
1693 4444 1762 4500 27
1781 4444 1826 4517 ).
1850 4447 2078 4517 Propter

493 4530 617 4589 illos
642 4550 769 4606 ergo
788 4536 877 4606 qui
898 4535 1266 4606 desperatione
1293 4535 1674 4606 periclitantur,
1697 4538 1972 4606 preposuit
1999 4537 2082 4592 in-

493 4622 780 4696 dulgentim
800 4635 1006 4696 portum
1041 4645 1054 4682 :
1087 4636 1306 4698 propter
1327 4628 1446 4681 illos
1465 4628 1554 4697 qui
1593 4641 1686 4697 Spe
1715 4627 2080 4697 periclitantur

494 4728 550 4775 et
577 4719 918 4776 dilationibus
943 4719 1256 4788 illuduntur,
1282 4721 1402 4776 fecit
1420 4720 1560 4776 diem
1587 4721 1772 4775 mortis
1794 4721 2074 4776 incertum.

494 4811 722 4878 Quando
741 4813 922 4867 veniat
947 4813 1161 4868 ultimus
1186 4812 1320 4881 dies,
1343 4813 1536 4868 neseis.
1578 4813 1818 4884 Ingratus
1843 4828 1922 4877 es,
1955 4813 2079 4884 quia

493 4901 812 4959 hodiernum
832 4902 1016 4970 habes,
1038 4903 1090 4958 in
1114 4919 1220 4974 quo
1239 4904 1558 4979 corrigaris?
1581 4904 1670 4960 Sic
1684 4919 1810 4974 ergo
1829 4903 1896 4959 ad
1922 4903 2078 4959 istam

493 4992 796 5060 mulierem,
817 4991 928 5047 Nec
962 5009 1055 5065 ego
1103 5004 1149 5048 te
1185 4993 1472 5060 damnabo;
1495 4993 1588 5050 sed
1635 4993 1768 5049 facta
1805 5008 1991 5050 secura
2011 4994 2080 5050 de

493 5085 787 5154 prasterito,
819 5098 948 5139 cave
981 5083 1180 5140 futura.
1229 5083 1340 5140 Nec
1378 5102 1468 5157 ego
1494 5095 1542 5140 te
1581 5085 1830 5141 damnabo
1855 5101 1875 5141 :
1901 5085 2080 5142 delevi

494 5174 638 5246 quod
666 5177 1000 5245 commisisti,
1033 5177 1257 5234 observa
1288 5179 1428 5250 quod
1459 5178 1711 5250 praccpi,
1745 5186 1802 5235 ut
1839 5178 2080 5236 invenias

409 5331 414 5337 _
495 5267 634 5338 quod
655 5267 891 5338 promisi.

559 5439 778 5508 {elegis
799 5440 1208 5508 Carcassonensls,
1236 5447 1291 5494 At
1306 5441 1480 5508 atteri
1498 5441 1626 5508 libri,
1647 5455 1734 5508 per
1757 5442 2047 5508 patientiam.

559 5499 582 5530 ²
606 5506 658 5573 ῳ
671 5501 1016 5573 ράερρνᾳηάο
1039 5500 1297 5573 decipitur,
1333 5502 1417 5567 qui
1449 5499 1707 5570 decipitur,
1730 5499 1814 5573 ᾠιὶ
1833 5504 1968 5561 άίεὶι.
2004 5514 2078 5557 Er.

497 5559 648 5656 lngd.
671 5559 870 5614 \'en.'et
891 5571 1000 5615 Lor.
1023 5559 1181 5637 secuti
1203 5559 1383 5635 sumus:
1449 5573 1506 5615 Μ.

609 5631 655 5656 In
677 5623 866 5656 dnnlmc
893 5635 979 5656 inca
1042 5639 1140 5656 um.
1165 5628 1378 5656 Αηηηιηοο
1401 5641 1502 5656 Mn“

605 5631 656 5674 tn
677 5623 870 5676 duobus
892 5635 1018 5687 Mss,
1032 5624 1143 5689 jam
1163 5625 1378 5680 danmati
1398 5641 1578 5682 smnus.

1408 305 1476 364 IN
1510 302 1788 364 JOANNIS
1825 294 2285 366 EVANGELIUM,
2323 297 2380 355 S.
2419 296 2784 356 AUGUSTINI

3617 296 3766 361 9659

2604 413 3036 473 'TRACTATUS
3072 414 3316 474 XXXIV.

2175 543 2244 601 In
2267 545 2416 614 illud,
2438 545 2552 618 Ego
2574 561 2690 602 sum
2719 548 2811 603 lux
2849 549 3034 604 mundi
3064 567 3078 604 :
3111 552 3199 622 qui
3226 551 3464 622 sequitur
3494 565 3610 622 me,
3637 569 3749 612 non

2245 639 2480 694 ambulat
2505 639 2558 694 in
2586 639 2839 711 tenebris,
2862 641 2957 697 sed
2986 642 3199 699 habebit
3223 644 3405 700 lumen
3440 645 3586 703 vitae.
3624 647 3757 706 Cao.

2247 861 2299 916 1.
2326 861 2480 929 Quod
2498 862 2656 919 modo
2675 864 2973 920 audivimus
2992 875 3044 922 et
3073 867 3259 924 intenti
3277 870 3600 940 accepimus,
3628 887 3752 930 cum

2120 972 2130 982 ’
2175 963 2414 1010 sanctum
2433 955 2772 1027 Evangelium
2794 956 3077 1029 legeretur,
3096 974 3198 1013 non
3211 959 3393 1015 dubito
3407 963 3548 1032 quod
3566 978 3758 1020 omnes

2175 1045 2334 1100 etiam
2365 1046 2660 1118 intelligere
2701 1049 2876 1104 conati
2916 1065 3100 1105 sumus
3130 1068 3144 1104 :
3173 1059 3228 1106 et
3251 1053 3478 1122 quisque
3503 1065 3746 1111 nostrum

2174 1134 2243 1191 de
2269 1152 2328 1191 re
2351 1145 2456 1192 tam
2480 1154 2668 1209 magna
2692 1156 2811 1210 quas
2839 1142 2975 1197 lecta
3015 1152 3118 1210 est,
3150 1159 3247 1213 pro
3276 1158 3374 1200 suo
3399 1147 3614 1202 modulo
3656 1164 3754 1206 ce-

2175 1227 2253 1295 pit
2294 1228 2434 1297 quod
2476 1231 2677 1300 potuit;
2709 1241 2763 1286 et
2793 1234 2964 1302 posito
2992 1249 3129 1304 pane
3154 1237 3327 1305 verbi,
3358 1254 3518 1295 nemo
3549 1242 3758 1311 estqui

2175 1330 2235 1371 se
2261 1329 2514 1387 queratur
2555 1322 2684 1375 nihil
2717 1334 2977 1394 gustasse.
3017 1325 3124 1382 Sed
3167 1327 3360 1384 iterum
3406 1345 3512 1386 non
3544 1331 3756 1400 dubito,

2175 1410 2296 1478 quia
2323 1409 2539 1467 difficile
2563 1414 2839 1484 quisquam
2869 1424 2952 1472 est
2978 1418 3066 1488 qui
3086 1425 3256 1474 totum
3284 1420 3630 1478 intellexerit.
3655 1424 3755 1478 'l‘a-

2175 1515 2298 1555 men
2327 1503 2535 1559 etiamsi
2557 1515 2638 1560 est
2661 1507 2752 1576 qui
2771 1509 2949 1584 omnia
2973 1510 3134 1565 verba
3179 1512 3387 1568 Domini
3429 1516 3597 1570 nostri
3625 1516 3759 1572 Jesu

2175 1589 2374 1649 Christi
2414 1596 2574 1651 modo
2599 1613 2663 1652 ex
2708 1599 2992 1672 Evangelio
3016 1603 3234 1659 recitata
3282 1607 3412 1661 satis
3445 1607 3753 1679 intelligat;

2179 1685 2368 1742 toleret
2394 1687 2746 1744 ministerium
2767 1701 3032 1760 nostrum,
3061 1709 3360 1766 quousque,
3391 1697 3437 1751 si
3459 1700 3758 1768 possimus,

2178 1776 2272 1831 illo
2323 1777 2608 1848 adjuvante
2657 1783 2930 1839 tractando
2972 1784 3225 1841 faciamus
3273 1789 3429 1844 utvcl
3459 1804 3647 1846 omnes
3673 1792 3758 1848 vel

2176 1869 2328 1924 multi
2346 1870 2658 1943 intelligant,
2681 1874 2822 1944 quod
2849 1890 2908 1930 se
2931 1877 3083 1946 pauci
3113 1879 3436 1936 intellexisse
3463 1883 3729 1939 laetantur.

2245 1959 2301 2015 2.
2333 1962 2482 2030 Quod
2507 1965 2583 2020 ait
2610 1966 2884 2033 Dominus,
2916 1967 3024 2040 Ego
3061 1988 3175 2024 sum
3201 1972 3291 2027 tua:
3314 1974 3520 2041 mundi,
3551 1976 3756 2031 clarum

2179 2060 2309 2124 puto
2347 2069 2467 2112 esse
2505 2057 2583 2112 eis
2613 2059 2703 2129 qui
2756 2059 2953 2116 habent
2993 2064 3199 2132 oculos,
3245 2067 3384 2122 unde
3431 2067 3587 2139 hujus
3626 2069 3762 2126 lucis

2177 2145 2462 2215 participes
2499 2145 2660 2203 ﬁant:
2691 2150 2778 2219 qui
2808 2159 2985 2207 autem
3011 2169 3118 2209 non
3146 2153 3342 2211 habent
3360 2159 3545 2214 oculos
3571 2160 3672 2215 nisi
3700 2160 3764 2217 in

2179 2234 2290 2289 sola
2317 2249 2499 2302 carne,
2532 2239 2792 2296 mirantur
2819 2243 2958 2312 quod
2985 2244 3185 2300 dictum
3209 2260 3290 2302 est
3315 2264 3345 2302 a
3364 2249 3591 2306 Domino
3630 2251 3759 2308 Jesu

2179 2322 2412 2394 Christo,
2441 2326 2556 2399 Ego
2601 2347 2712 2385 sum
2740 2330 2833 2386 lux
2875 2335 3071 2389 ntundi.
3103 2336 3172 2392 Et
3193 2336 3326 2393 forte
3356 2355 3462 2394 non
3490 2339 3627 2396 desit
3669 2343 3763 2414 qui

2179 2415 2322 2471 dicat
2368 2419 2511 2488 apud
2553 2422 2896 2492 semetipsum
2941 2443 2955 2479 :
3003 2426 3266 2498 Numquid
3322 2429 3459 2488 forte
3506 2432 3767 2490 Dominus

2178 2506 2423 2566 Christus
2445 2521 2528 2567 est
2547 2514 2628 2567 sol
2654 2514 2774 2582 iste,
2804 2515 2895 2587 qui
2911 2526 3031 2572 ortu
3052 2526 3108 2574 et
3127 2535 3318 2576 occasu
3342 2523 3547 2592 peragit
3569 2523 3712 2580 diem
3736 2525 3766 2578 2

2178 2596 2295 2654 Νοη
2324 2600 2466 2654 enim
2509 2600 2791 2658 detuerunt
2819 2606 3053 2664 haeretici
3073 2609 3160 2679 qui
3189 2609 3287 2664 ista
3319 2621 3619 2667 senserunt.
3649 2613 3766 2670 Ma-

2181 2688 2372 2744 nielnei
2416 2692 2586 2747 solem
2628 2694 2786 2749 istum
2822 2698 2994 2752 oculis
3033 2701 3210 2754 carnis
3251 2701 3510 2756 visibilem
3545 2705 3764 2774 exposi-

2183 2787 2294 2834 tum
2334 2789 2386 2835 et
2415 2783 2682 2850 publicum
2709 2801 2812 2840 nou
2865 2796 3068 2843 tantum
3099 2790 3436 2860 hominibus,
3468 2793 3562 2848 sed
3601 2794 3770 2850 etiam

2183 2871 2464 2938 pecoribus
2509 2874 2576 2928 ad
2623 2875 2936 2943 videndum,
2993 2880 3262 2936 Christum
3311 2883 3594 2938 Dominum
3644 2900 3768 2942 esse

2182 2973 2522 3033 putaverunt.
2589 2968 2693 3024 Sed
2747 2972 3026 3029 catholicae
3108 2975 3364 3032 Ecclesia:
3429 2987 3578 3034 recta
3632 2978 3775 3035 fides

2181 3055 2446 3126 improbat
2481 3060 2585 3115 tale
2613 3073 2971 3118 commentum
2992 3105 3008 3132 ,
3039 3075 3091 3122 et
3129 3066 3443 3127 diabolicam
3470 3069 3767 3126 doctrinam

2181 3163 2301 3204 esse
2325 3155 2598 3222 cognoscit
2626 3171 2640 3208 :
2672 3171 2770 3210 nec
2798 3158 2967 3212 solum
2991 3161 3229 3229 agnoscit
3257 3161 3545 3228 credendo,
3573 3162 3667 3218 sed
3711 3163 3769 3217 in
3857 3180 3871 3192 δ

2182 3241 2374 3310 quibus
2417 3252 2594 3312 potest
2639 3248 2907 3303 convincit
2931 3251 3092 3304 etiam
3130 3251 3469 3322 disputando.
3505 3253 3771 3323 Improbe-

2182 3347 2301 3386 mus
2351 3333 2524 3403 itaque
2553 3335 2852 3406 hujusmodi
2878 3355 3138 3408 errorem,
3163 3357 3320 3410 quem
3342 3351 3526 3398 sancta
3570 3344 3638 3399 ab
3668 3346 3772 3400 ini-

2184 3425 2257 3478 tio
2293 3425 2756 3483 anathematizavit
2794 3430 3054 3485 Ecclesia.
3078 3431 3193 3486 Non
3221 3434 3546 3490 asbitremur
3589 3437 3770 3492 Domi-

2182 3530 2308 3569 num
2332 3515 2514 3572 lesum
2539 3517 2806 3574 Christum
2829 3521 2970 3576 hunc
2991 3536 3110 3578 esse
3130 3523 3298 3579 solem
3327 3540 3487 3594 quem
3525 3525 3775 3582 videmus

2182 3609 2310 3665 oriri
2354 3611 2423 3665 ab
2445 3612 2669 3677 oriente,
2699 3612 2943 3670 occidere
2983 3613 3035 3668 in
3062 3614 3374 3682 occidente;
3401 3617 3552 3687 cujus
3586 3618 3768 3673 cursui

2184 3714 2288 3757 nox
2335 3703 2611 3770 succedit,
2669 3704 2819 3773 cujus
2858 3704 2994 3760 radii
3031 3705 3172 3762 nube
3212 3707 3636 3776 obumbrantur,
3675 3707 3768 3778 qui

2182 3803 2325 3850 certa
2350 3795 2418 3851 de
2443 3797 2562 3852 loco
2585 3797 2638 3850 in
2666 3797 2842 3851 locum
2891 3797 3126 3853 motione
3156 3800 3507 3870 commigrat:
3549 3815 3656 3856 non
3684 3808 3770 3857 est

2184 3887 2286 3942 hoc
2311 3887 2566 3942 Dominus
2593 3887 2853 3943 Christus.
2878 3888 2992 3944 Non
3017 3901 3097 3945 est
3127 3891 3384 3948 Dominus
3409 3892 3655 3948 Christus
3683 3893 3768 3949 sol

2184 3977 2373 4045 factus,
2397 3978 2489 4034 sed
2512 3995 2604 4048 per
2621 3995 2776 4049 quem
2796 3980 2878 4035 sol
2899 3980 3068 4036 factus
3087 3990 3186 4038 est.
3207 3982 3394 4037 Omnia
3411 3984 3552 4039 enim
3575 4000 3673 4054 per
3689 3985 3770 4055 ip-

2184 4085 2298 4125 sum
2321 4070 2456 4125 facta
2476 4081 2617 4135 sunt,
2637 4073 2821 4127 etsiue
2837 4073 2955 4142 ipso
2977 4073 3171 4128 factum
3185 4085 3269 4130 est
3284 4075 3412 4128 nihil
3444 4075 3672 4145 (learnt,
3688 4073 3768 4147 5).

2254 4165 2306 4219 5.
2351 4163 2448 4218 Est
2473 4179 2602 4233 ergo
2626 4165 2713 4218 lux
2740 4180 2858 4234 quae
2885 4165 3006 4220 fecit
3032 4165 3171 4220 hanc
3197 4165 3407 4221 lucem:
3441 4166 3580 4221 hanc
3619 4181 3769 4220 ame-

2183 4270 2322 4321 mus,
2373 4256 2509 4311 hauc
2553 4257 2847 4328 intelligere
2867 4258 3163 4328 cupiamus,
3196 4259 3364 4328 ipsam
3393 4259 3666 4320 sitiamus;
3710 4265 3772 4311 ut

2183 4348 2249 4402 ad
2277 4349 2443 4418 ipsam
2472 4348 2608 4403 duce
2635 4350 2744 4418 ipsa
2775 4349 3059 4419 aliquando
3088 4351 3385 4416 veniamus,
3428 4360 3482 4405 et
3509 4352 3561 4404 in
3583 4350 3668 4404 illa
3696 4349 3769 4403 ita

2183 4443 2444 4509 vivamus,
2496 4451 2557 4497 ut
2583 4457 2849 4512 nunquam
2880 4443 3100 4498 omnino
3143 4444 3458 4498 moriamur.
3487 4444 3590 4497 Ista
3623 4443 3771 4498 enim

2185 4534 2272 4588 lux
2305 4544 2406 4600 est,
2431 4535 2499 4590 de
2520 4551 2622 4605 qua
2645 4536 2922 4606 prophetia
2942 4537 3069 4590 olim
3092 4535 3368 4608 prazmissa
3386 4537 3457 4590 ita
3485 4537 3534 4590 in
3555 4535 3774 4591 Psalmo

2184 4625 2378 4680 cecinit
2409 4643 2423 4680 :
2465 4625 2707 4680 Homines
2746 4635 2792 4679 et
2823 4628 3050 4694 iumenta
3092 4627 3258 4681 salvos
3301 4627 3486 4698 facies,
3518 4624 3769 4690 Domine;

2183 4717 2312 4770 sicut
2349 4717 2682 4788 multiplicata
2735 4727 2808 4772 est
2854 4718 3200 4772 misericordia
3223 4726 3330 4785 tua,
3384 4716 3542 4770 Deus.
3568 4715 3768 4772 Psalmi

2184 4809 2355 4863 sancti
2397 4809 2495 4863 ista
2540 4809 2700 4864 verba
2743 4817 2869 4864 sunt
2920 4826 2933 4862 :
2984 4809 3247 4864 advertite
3275 4808 3401 4878 quid
3431 4808 3498 4863 de
3529 4808 3620 4862 tali
3651 4807 3770 4863 luce

2185 4900 2431 4970 antiquus
2452 4908 2755 4955 sanctorum
2789 4901 3062 4956 hominum
3110 4901 3203 4957 Dei
3229 4916 3408 4957 sermo
3429 4901 3768 4972 praemiserit.

2189 4991 2431 5047 Homines
2450 5034 2464 5058 ,
2518 4993 2721 5064 inquit,
2767 5002 2813 5049 et
2835 4995 3071 5066 jumenta
3097 4995 3263 5050 salvos
3291 4995 3480 5065 facies,
3512 4993 3773 5061 Domine;

2185 5085 2314 5139 sicut
2337 5085 2668 5155 multiplicata
2697 5096 2770 5140 est
2795 5087 3142 5142 misericordia
3172 5098 3291 5153 tua,
3319 5087 3480 5142 Deus.
3505 5087 3773 5154 Quoniam

2185 5179 2327 5232 enim
2355 5177 2498 5232 Deus
2520 5190 2614 5242 es,
2639 5185 2696 5232 et
2724 5177 2888 5232 habes
2925 5179 3275 5250 multiplicem
3311 5178 3768 5234 misericordiam:

2187 5269 2428 5338 pervenit
2463 5267 2647 5323 eadem
2687 5268 3047 5338 multiplicitas
3077 5270 3455 5326 misericordia:
3483 5278 3611 5337 tute,
3663 5285 3771 5325 non

2186 5359 2360 5414 solum
2387 5357 2456 5413 ad
2484 5358 2727 5416 homines
2775 5375 2908 5431 quos
2945 5361 3137 5416 creasti
3165 5361 3233 5416 ad
3274 5362 3559 5432 imaginem
3589 5371 3731 5416 tuam
3752 5401 3770 5426 ,

2187 5452 2281 5508 sed
2313 5452 2472 5508 etiam
2495 5452 2560 5507 ad
2583 5468 2772 5523 pecora
2800 5470 2918 5524 quae
2941 5453 3247 5510 hominibus
3270 5453 3572 5510 subdidisti.
3596 5454 3641 5508 Α
3665 5467 3774 5524 quo

2186 5545 2328 5600 enim
2355 5545 2499 5601 salus
2527 5544 2777 5612 hominis,
2801 5547 2868 5602 ab
2893 5546 2985 5602 illo
3011 5547 3158 5603 salus
3176 5556 3230 5602 et
3254 5547 3482 5618 pecoris.
3501 5545 3622 5603 Non
3649 5561 3775 5602 cru-

2194 5637 2382 5694 liescas
2411 5636 2512 5693 hoc
2537 5637 2734 5694 sentire
2759 5638 2827 5693 de
2855 5639 3079 5695 Domino
3108 5639 3219 5696 Deo
3244 5649 3336 5694 tuo
3361 5655 3378 5695 :
3418 5639 3529 5695 imo
3561 5653 3772 5709 praesu-

2195 5743 2310 5786 mas
2335 5739 2388 5786 et
2404 5729 2555 5799 ﬁdas,
2586 5739 2640 5787 et
2678 5745 2868 5788 caveas
2896 5746 2964 5788 ne
3005 5730 3162 5788 aliter
3180 5731 3396 5789 sentias.
3425 5730 3528 5802 Qui
3563 5729 3770 5788 salvum
