4082 6508
331 312 472 373 1653

330 433 457 489 facit
487 437 562 494 te;
593 427 709 498 ipse
752 423 957 481 salvum
987 419 1112 477 facit
1155 434 1350 490 equum
1392 427 1538 474 tuum
1559 457 1576 485 ,
1619 419 1733 488 ipse
1762 429 1917 472 ovem

329 533 513 585 tuam;
541 517 609 574 ad
647 515 865 572 minima
914 512 1134 569 omnino
1176 510 1471 576 veniamus,
1523 509 1637 578 ipse
1665 504 1916 578 gallinam

332 625 512 670 tuam:
539 608 748 665 Domini
777 615 859 662 est
879 604 1024 660 salus
1049 603 1066 670 (
1077 599 1398 674 Psal.m,9),
1415 609 1472 656 et
1499 601 1600 654 ista
1634 599 1774 654 Deus
1811 595 1920 652 sal-

331 714 439 759 vat.
458 702 634 758 Movet
655 708 727 764 te,
753 698 1069 765 interrogas;
1094 693 1256 747 miror
1273 690 1396 763 quid
1409 689 1638 746 dubitas.
1658 687 1918 758 Dedigna-

329 797 474 852 bitur
500 792 731 856 salvare,
760 788 848 858 qui
874 787 1116 856 dignatus
1135 792 1217 838 est
1238 780 1460 838 creare?
1488 781 1696 836 Domini
1717 789 1800 834 est
1827 795 1916 834 sa-

331 887 416 941 lus
431 882 753 954 Angelorum
774 921 788 944 ,
817 878 1114 942 hominum,
1140 887 1428 945 pecorum;
1475 870 1685 925 Domini
1716 877 1800 926 est
1832 884 1914 924 sa-

330 973 600 1031 lus.Sieut
619 983 779 1027 nemo
812 977 896 1025 est
922 983 952 1021 a
973 967 1168 1036 seipso,
1197 965 1265 1018 ita
1296 976 1454 1018 nemo
1475 961 1652 1017 salvus
1679 967 1808 1015 esta
1840 975 1920 1015 se-

331 1066 472 1138 ipse.
505 1061 745 1120 Proinde
795 1059 1073 1115 verissime
1111 1056 1354 1111 Psalmus
1379 1064 1537 1124 atque
1566 1055 1766 1123 optime
1815 1053 1913 1118 ait,

333 1156 581 1211 Homines
591 1163 638 1208 et
655 1154 891 1225 jumenta
911 1150 1075 1204 salvos
1103 1150 1274 1220 facies,
1295 1145 1526 1201 Domine.
1550 1145 1748 1212 Quare?
1771 1143 1917 1200 Sicut

329 1246 673 1316 ntultiplicata
727 1253 798 1298 est
844 1240 1184 1296 misericordia
1225 1248 1338 1304 tua,
1384 1237 1536 1292 Deus.
1579 1237 1658 1291 Tu
1685 1236 1826 1292 enim
1857 1250 1916 1288 es

329 1338 496 1403 Deus,
529 1345 586 1391 tu
611 1333 807 1391 creasti
827 1375 842 1402 ,
895 1341 950 1388 tu
973 1331 1186 1388 salvas:
1219 1341 1272 1386 tu
1299 1329 1491 1385 dedisti
1521 1342 1664 1396 esse,
1709 1336 1763 1382 tu
1818 1325 1916 1381 das

328 1443 519 1484 sanum
549 1443 690 1483 esse.

399 1521 454 1575 4.
489 1518 546 1575 Si
567 1533 697 1589 ergo
721 1517 860 1572 sicut
904 1515 1248 1585 multiplicata
1269 1523 1352 1569 est
1389 1511 1751 1568 misericordia
1774 1510 1867 1565 Dei
1896 1551 1913 1578 ,

331 1611 402 1666 ab
440 1611 531 1664 illo
558 1610 808 1664 homines
839 1616 892 1662 et
915 1607 1153 1677 jumenta
1200 1605 1496 1670 salvantur;
1538 1618 1714 1658 nonne
1741 1603 1914 1657 homi-

329 1716 430 1756 nes
470 1698 670 1753 habent
700 1697 894 1768 aliquid
923 1696 1066 1750 aliud
1090 1694 1230 1766 quod
1259 1694 1337 1748 eis
1370 1693 1506 1748 Deus
1524 1701 1740 1763 praestet
1765 1707 1918 1748 crea-

328 1800 434 1856 tor,
491 1790 630 1862 quod
667 1789 924 1860 jnmentis
962 1804 1068 1842 non
1115 1787 1367 1858 prmstat?
1413 1785 1638 1842 Nullane
1664 1787 1916 1841 discretio

328 1891 412 1938 est
438 1884 580 1936 inter
604 1880 800 1935 animal
840 1879 1034 1934 factum
1060 1878 1128 1934 ad
1158 1879 1440 1949 imaginem
1481 1877 1615 1942 Dei,
1647 1887 1701 1932 et
1722 1877 1917 1932 animal

327 1973 605 2029 subditum
648 1971 864 2042 imagini
908 1969 1040 2025 Dei?
1083 1968 1178 2025 ESt
1211 1971 1400 2040 plane:
1452 1978 1645 2038 prmter
1693 1969 1916 2024 salutem

329 2065 488 2120 istam
513 2077 854 2119 communem
877 2062 1030 2116 nobis
1053 2076 1175 2116 eum
1217 2060 1575 2116 animantibus
1624 2061 1804 2128 mutis,
1836 2069 1920 2116 est

326 2154 472 2225 quod
524 2153 680 2209 nobis
725 2161 941 2224 prmStet
984 2152 1163 2217 Dens,
1207 2151 1310 2206 illis
1337 2161 1514 2207 autem
1550 2166 1653 2206 non
1675 2158 1910 2220 prmstat.

326 2244 466 2314 Quid
497 2244 738 2300 esthoc?
759 2243 993 2313 Sequere
1019 2243 1071 2296 in
1097 2241 1285 2297 eodem
1313 2242 1519 2312 psalmo
1549 2259 1560 2293 :
1599 2241 1726 2296 Filii
1750 2251 1916 2296 autem

329 2338 594 2392 hominum
635 2335 727 2391 sub
755 2338 970 2409 tegmine
1011 2336 1210 2392 alarum
1248 2345 1448 2390 tuarum
1475 2336 1762 2408 sperabunt.
1808 2336 1916 2388 lla-

331 2427 526 2484 bentes
552 2427 715 2483 modo
743 2428 966 2483 salutem
980 2442 1317 2484 communem
1334 2444 1452 2483 cum
1483 2427 1762 2497 pecoribus
1783 2427 1913 2496 suis,

331 2519 458 2576 Filii
485 2520 747 2575 hominum
769 2519 858 2574 sub
900 2520 1116 2592 tegmine
1152 2521 1350 2574 alarum
1399 2529 1595 2574 tuarum
1623 2519 1914 2589 sperabunt.

330 2618 507 2673 Aliam
539 2618 740 2674 habent
776 2617 999 2672 salutem
1031 2617 1082 2670 in
1111 2632 1189 2680 re,
1218 2617 1376 2670 aliam
1402 2617 1452 2669 in
1479 2630 1593 2684 spe.
1620 2614 1778 2670 Salus
1816 2611 1916 2668 ista

331 2725 451 2780 qua:
477 2709 528 2763 in
580 2709 824 2779 praesenti
870 2718 971 2775 est,
1020 2697 1323 2761 hominibus
1356 2704 1742 2777 pecoribusque
1767 2719 1917 2760 com-

330 2798 511 2853 munis
536 2806 664 2854 est:
695 2797 788 2853 sed
816 2807 899 2854 est
936 2798 1036 2852 alia
1067 2814 1223 2868 quam
1274 2806 1490 2866 sperant
1534 2796 1806 2862 homines;
1864 2805 1920 2851 et

331 2889 604 2958 accipiunt
631 2888 723 2959 qui
767 2896 1018 2957 sperant,
1049 2902 1158 2942 non
1201 2886 1466 2956 accipiunt
1495 2886 1583 2957 qui
1610 2886 1916 2956 deSperant.

335 2977 464 3032 Filii
487 2978 632 3034 enim
672 2978 930 3033 hominum
959 2978 1053 3034 sub
1073 2978 1308 3050 tegmine,
1341 2977 1532 3048 inquit,
1557 2978 1758 3032 alarum
1801 2986 1918 3030 tua-

331 3087 448 3123 rum
495 3071 792 3139 sperabunt.
837 3069 938 3136 Qui
984 3080 1161 3125 autem
1191 3055 1597 3138 perseveranter
1621 3075 1860 3139 sperant,
1888 3082 1920 3122 a

333 3169 390 3216 te
430 3169 802 3231 proteguntur,
831 3177 899 3216 ne
925 3161 992 3216 de
1018 3177 1112 3232 spe
1141 3177 1170 3214 a
1193 3161 1403 3216 diabolo
1433 3159 1751 3230 dejiciantur
1779 3178 1792 3214 :
1829 3159 1921 3214 sub

333 3254 553 3324 tegmine
575 3253 774 3308 alarum
803 3263 1002 3308 tuarum
1028 3253 1319 3326 sperabunt.
1367 3253 1422 3309 Si
1453 3269 1582 3324 ergo
1603 3254 1917 3324 Sperabunt,

331 3345 460 3415 quid
486 3345 796 3415 sperabunt,
828 3346 928 3400 nisi
949 3346 1088 3418 quod
1115 3361 1306 3416 pecora
1338 3360 1441 3400 non
1493 3345 1797 3399 habebunt?
1824 3343 1919 3399 In-

332 3436 668 3491 ebriabuntur
685 3438 747 3490 ab
776 3438 994 3492 ubertate
1018 3439 1198 3492 donius
1227 3448 1327 3492 tute
1345 3454 1361 3500 ;
1380 3447 1423 3491 et
1450 3445 1664 3490 torrente
1687 3437 1922 3506 volupta-

336 3532 402 3584 tis
443 3541 547 3586 tua:
586 3529 780 3603 potabis
821 3548 925 3586 eos.
977 3531 1143 3597 Quale
1172 3531 1350 3584 vimnn
1378 3539 1479 3595 est,
1504 3529 1640 3584 unde
1671 3530 1921 3584 inebriari

336 3621 609 3677 laudabile
629 3621 751 3677 est?
771 3623 926 3691 quale
954 3623 1133 3676 vinum
1155 3632 1256 3686 est,
1281 3621 1419 3691 quod
1449 3636 1553 3674 non
1585 3620 1792 3685 turbat,
1827 3620 1921 3674 sed

333 3711 517 3781 dirigit
543 3712 814 3767 mentem?
834 3711 992 3781 quale
1013 3713 1191 3765 viuum
1214 3720 1296 3766 est
1311 3754 1325 3775 ,
1349 3711 1489 3780 quod
1516 3711 1639 3765 facit
1666 3719 1922 3780 perpetuo

333 3815 545 3870 sanum,
577 3817 681 3857 non
710 3801 1023 3858 inebriando
1055 3801 1181 3857 facit
1203 3803 1482 3856 insanum?
1505 3801 1919 3857 Inebriabuntur'.

330 3891 528 3950 Unde?
572 3890 648 3946 Ab
683 3892 908 3947 ubertate
944 3892 1124 3947 domus
1167 3902 1363 3955 tuaz;et
1391 3902 1609 3960 torrente
1647 3893 1921 3963 voluptatis

330 3998 434 4040 tua:
468 3986 667 4058 potabis
711 4003 815 4042 eos.
860 3987 1053 4044 Unde?
1103 3987 1356 4052 Quoniam
1377 3987 1517 4058 apud
1541 3996 1588 4041 te
1631 3987 1744 4056 fons
1787 3987 1918 4041 vitw.

329 4074 450 4144 Ipse
481 4077 600 4131 fons
632 4078 755 4132 vita:
783 4077 1084 4132 ambulabat
1107 4077 1158 4131 in
1200 4086 1358 4139 terra,
1387 4079 1498 4147 ipse
1518 4076 1726 4132 dicebat
1745 4119 1758 4143 ,
1821 4075 1922 4142 Qui

328 4168 453 4233 sitit,
472 4168 638 4222 veniat
658 4170 726 4222 ad
741 4186 820 4223 me
853 4168 1028 4241 (Joan.
1048 4185 1142 4237 vn,
1164 4169 1275 4241 57).
1298 4168 1434 4225 Ecce
1452 4169 1587 4224 fons.
1616 4169 1719 4224 Sed
1743 4184 1840 4223 nos
1854 4170 1921 4225 de

329 4258 531 4316 lumine
555 4261 698 4332 loqui
725 4277 1078 4332 cmperamus,
1109 4273 1161 4317 et
1190 4264 1509 4333 propesitam
1542 4279 1604 4316 ex
1638 4264 1920 4333 Evangelio

327 4355 680 4424 quaestionem
703 4355 770 4411 de
797 4357 994 4411 lumine
1024 4357 1395 4411 tractabamus.
1424 4357 1640 4410 Lectum
1672 4366 1753 4411 est
1779 4358 1918 4410 enim

327 4447 485 4503 nobis
525 4448 737 4505 dicente
791 4447 1054 4514 Domino,
1114 4447 1222 4520 Ego
1270 4465 1384 4502 sum
1409 4447 1499 4502 lux
1543 4447 1739 4502 mundi.
1794 4448 1921 4502 inde

328 4538 578 4607 qumstio,
606 4555 674 4594 ne
698 4539 817 4610 quis
837 4540 1119 4594 carnaliter
1144 4539 1355 4608 sapiens
1380 4539 1548 4593 solem
1576 4540 1731 4592 istum
1762 4539 1921 4594 intel-

329 4629 602 4700 ligendum
631 4641 840 4700 putaret
875 4650 888 4685 :
943 4632 1184 4685 venimus
1224 4629 1344 4684 inde
1365 4629 1428 4684 ad
1471 4629 1768 4695 Psalmum,
1816 4644 1923 4698 quo

329 4722 714 4789 considerato,
772 4722 1074 4778 invenimus
1120 4722 1330 4776 interim
1382 4722 1661 4775 Dominum
1719 4719 1919 4775 fontem

339 4815 483 4870 vita.
519 4815 651 4870 Bibe
671 4825 724 4870 et
750 4815 886 4871 vive.
928 4815 1081 4885 Apud
1123 4823 1190 4883 te,
1235 4815 1436 4885 inquit,
1486 4815 1599 4883 fons
1623 4814 1735 4868 vilic
1762 4812 1922 4867 :idco

335 4905 436 4961 sub
465 4907 780 4962 umbraculo
809 4909 1012 4962 alarum
1040 4915 1247 4961 tuarum
1269 4915 1484 4977 sperant
1515 4907 1605 4960 lii
1623 4906 1917 4971 hominum,

340 4998 595 5054 inebriari
626 4999 728 5054 isto
751 4999 894 5054 fonte
919 5008 1236 5070 quaerentes.
1264 5000 1367 5055 Sed
1391 4999 1455 5055 de
1486 5000 1685 5055 lumine
1705 5001 1919 5056 diccba-

337 5106 477 5146 mus.
534 5091 776 5162 Sequere
809 5106 936 5162 ergo
974 5109 987 5144 :
1041 5107 1160 5145 nam
1191 5091 1454 5161 lmpheta
1508 5109 1628 5147 cum
1655 5093 1876 5149 dixisset
1903 5135 1918 5158 ,

335 5182 487 5253 Apud
513 5195 563 5235 te
591 5187 707 5254 fons
735 5183 864 5246 vitta,
895 5191 1110 5237 secutus
1139 5181 1396 5252 adiunxit,
1427 5181 1493 5236 In
1517 5184 1705 5238 lumine
1729 5194 1814 5238 tuo
1843 5187 1916 5238 ri-

337 5273 564 5330 debimus
590 5274 760 5328 lumen
793 5273 960 5346 (Psal.
981 5276 1223 5342 xxxv,8,
1246 5274 1366 5345 l0);
1396 5276 1560 5332 Deum
1590 5277 1655 5331 de
1681 5279 1807 5345 Deo,
1837 5279 1918 5332 lu-

335 5358 456 5422 men
477 5367 547 5422 de
570 5367 792 5422 lumine.
814 5367 915 5423 Per
928 5367 1030 5423 hoc
1056 5367 1232 5424 lumen
1251 5366 1444 5423 factum
1465 5377 1546 5424 est
1562 5370 1688 5424 solis
1719 5371 1917 5426 lumen:

330 5460 583 5516 etlumen
625 5461 771 5531 quod
805 5458 930 5516 fecit
949 5459 1116 5514 solem
1137 5500 1153 5528 ,
1181 5459 1283 5517 sub
1303 5475 1410 5530 quo
1431 5459 1557 5517 fecit
1584 5471 1638 5517 et
1664 5477 1781 5529 nos,
1807 5464 1916 5519 fac-

333 5557 440 5606 tum
496 5559 588 5609 est
632 5550 735 5607 sub
768 5551 882 5607 sole
920 5561 1136 5623 propter
1153 5567 1272 5609 nos.
1299 5552 1518 5610 Factum
1533 5565 1633 5624 est,
1683 5556 1919 5628 inquam,

332 5651 550 5716 propter
582 5657 682 5699 nos
693 5643 792 5700 sub
807 5642 923 5701 sole
936 5644 1116 5702 lumen
1133 5645 1273 5719 quod
1302 5645 1426 5704 fecit
1450 5647 1638 5705 solem.
1658 5647 1775 5706 Noli
1792 5664 1922 5708 con-

1365 299 1772 360 TRAUTATUS
1805 295 2049 356 XXXIV.
2088 297 2316 358 CAPUT
2353 299 2486 358 Vll..

3460 308 3615 366 165.57

2025 420 2263 472 temnere
2290 415 2487 472 nubem
2508 415 2721 473 carnis:
2751 427 2893 472 nunc
2918 429 3130 488 tegitur,
3165 433 3274 474 non
3299 428 3359 474 ut
3404 421 3603 478 obscu-

2026 516 2192 571 retur,
2209 506 2305 563 sed
2323 516 2380 562 ut
2409 514 2758 577 temperetur.

2094 596 2146 650 5.
2178 595 2427 666 Loquens
2468 612 2596 668 ergo
2617 611 2712 667 per
2738 593 2935 655 nubem
2969 597 3147 654 carnis
3184 597 3362 655 lumen
3407 601 3602 658 indeli-

2023 687 2191 753 cicns,
2218 687 2396 743 lumen
2423 688 2733 759 sapientiae,
2759 693 2833 743 alt
2852 685 3178 757 hominibus,
3211 689 3322 760 Ego
3353 707 3468 746 sum
3511 693 3603 746 lux

2021 779 2237 833 mundi:
2266 779 2354 850 qui
2370 781 2590 848 sequitur
2615 796 2712 848 me,
2735 795 2838 834 non
2864 779 3138 836 ambulabit
3161 782 3216 836 in
3239 782 3450 837 tenebris
3473 801 3492 849 ;
3516 785 3604 837 sed

2022 869 2217 924 habebit
2247 869 2412 924 lumen
2433 872 2564 925 uiue.
2594 871 2872 938 Quomodo
2893 881 2944 926 te
2962 870 3178 927 abstulit
3202 872 3270 928 ab
3295 873 3464 928 oculis
3483 888 3603 928 car-

2022 963 2128 1028 nis,
2160 972 2214 1017 et
2241 963 2504 1016 revocavit
2529 963 2593 1018 ad
2619 963 2803 1019 oculos
2830 959 3046 1020 cordis?
3080 961 3197 1020 Non
3223 964 3365 1020 enim
3411 963 3604 1020 sufcit

2021 1051 2218 1116 dicere,
2251 1050 2349 1118 Qui
2373 1067 2452 1106 me
2473 1053 2712 1124 sequitur,
2735 1069 2836 1108 non
2863 1051 3134 1109 ambulabit
3160 1054 3212 1110 in
3236 1056 3468 1121 tenebris,
3517 1055 3604 1109 secl

2023 1150 2219 1203 habebit
2261 1151 2469 1216 lumen;
2497 1148 2701 1204 addidit
2740 1151 2902 1217 enim,
2937 1151 3051 1206 vita:
3079 1165 3101 1218 ,
3127 1150 3266 1207 sicut
3308 1151 3380 1206 ibi
3405 1151 3601 1206 dictum

2023 1251 2127 1308 est,
2153 1241 2405 1306 Quoniam
2431 1245 2567 1310 apud
2594 1251 2641 1295 te
2667 1245 2781 1313 fons
2799 1241 3162 1298 vilw:.Videte
3190 1242 3387 1312 itaque,
3414 1243 3603 1296 fratres

2022 1333 2158 1400 mei,
2191 1331 2460 1403 quomodo
2485 1333 2643 1388 verba
2687 1333 2895 1388 Domini
2931 1348 3051 1388 cum
3079 1333 3219 1388 illius
3247 1333 3438 1404 psalmi
3462 1331 3602 1386 veri-

2025 1434 2130 1478 tate
2157 1423 2480 1479 concordant
2510 1443 2522 1478 :
2551 1433 2605 1479 et
2631 1425 2699 1480 ibi
2723 1424 2902 1479 lumen
2921 1425 3151 1494 positum
3173 1433 3254 1480 est
3281 1438 3400 1480 cum
3457 1424 3603 1478 fonte

2022 1518 2163 1579 vitai,
2193 1525 2248 1570 et
2273 1530 2304 1569 a
2337 1515 2560 1570 Domino
2583 1514 2780 1570 dictum
2817 1524 2897 1570 est
2925 1515 3090 1570 lumen
3124 1516 3254 1570 sine.
3285 1515 3341 1570 ln
3372 1515 3487 1569 istis
3511 1529 3604 1567 au-

2024 1615 2128 1661 tem
2157 1607 2336 1661 usibus
2360 1606 2724 1676 corporalibus
2752 1605 2897 1661 aliud
2922 1615 3005 1662 est
3027 1606 3238 1669 lumen,
3267 1604 3412 1660 aliud
3442 1603 3560 1658 fons
3587 1621 3600 1655 :

2023 1698 2222 1754 fontem
2250 1698 2707 1768 faucesquzerunt,
2731 1698 2911 1752 lumen
2939 1697 3079 1752 oculi
3107 1713 3120 1750 :
3149 1695 3362 1767 quando
3388 1695 3600 1750 sitimus

2021 1789 2310 1860 quaerimus
2336 1789 2570 1856 fontem;
2599 1789 2814 1860 quando
2843 1789 2897 1843 in
2940 1787 3174 1844 tenebris
3204 1803 3407 1851 sumus,
3461 1803 3610 1857 qua:-

2023 1883 2189 1936 rimus
2215 1882 2425 1947 lumen;
2456 1891 2509 1937 et
2534 1882 2579 1936 si
2601 1879 2737 1937 forte
2757 1890 2913 1936 nocte
2942 1880 3204 1944 sitiamus,
3229 1880 3405 1934 lumen
3427 1894 3608 1933 accen-

2022 1974 2196 2030 dimus
2219 1983 2279 2029 ut
2323 1974 2388 2030 ad
2417 1973 2615 2030 fantem
2667 1975 2960 2030 veniamus.
2990 1973 3104 2028 Non
3131 1973 3209 2028 sic
3226 1971 3366 2041 apud
3398 1973 3562 2026 Deum
3594 1989 3606 2025 :

2023 2065 2164 2137 quod
2184 2066 2363 2120 lumen
2392 2075 2495 2134 est,
2522 2063 2624 2120 hoc
2649 2073 2732 2121 est
2759 2063 3117 2134 fons;quitibl
3147 2063 3291 2119 lueet
3316 2071 3372 2117 ut
3401 2061 3607 2127 videas,

2026 2159 2142 2230 ipse
2173 2159 2267 2214 tibi
2300 2169 2480 2213 manat
2509 2168 2565 2212 ut
2587 2158 2755 2213 bibas.

2096 2253 2148 2307 6.
2190 2251 2395 2308 Videtis
2421 2266 2568 2320 ergo,
2593 2249 2786 2304 fratres
2815 2250 2952 2315 mei,
2974 2247 3163 2303 videtis
3180 2287 3196 2314 ,
3227 2245 3274 2301 si
3299 2246 3439 2301 intus
3465 2243 3612 2299 vide-

2025 2344 2112 2410 tis,
2140 2343 2297 2413 quale
2329 2343 2429 2397 hoc
2459 2343 2635 2395 lumen
2663 2351 2745 2396 est
2785 2342 2850 2395 de
2891 2355 2996 2409 quo
3023 2338 3282 2393 Dominus
3317 2336 3466 2402 dicit,
3513 2333 3611 2399 Qui

2025 2453 2104 2489 me
2130 2437 2374 2503 sequitur,
2404 2451 2506 2487 non
2527 2432 2801 2487 ambulabit
2827 2433 2878 2484 in
2910 2430 3140 2485 tenebris.
3173 2428 3408 2498 Sequere
3453 2426 3610 2480 istum

2027 2530 2195 2584 solem
2217 2569 2232 2593 ,
2276 2528 2550 2582 videamus
2577 2526 2622 2580 si
2646 2540 2751 2580 non
2781 2523 3078 2578 ambulabis
3113 2519 3441 2576 intenebris.
3477 2517 3613 2572 Ecce

2024 2617 2250 2676 oriundo
2273 2618 2383 2673 exit
2418 2617 2483 2670 ad
2505 2625 2556 2672 te
2583 2634 2597 2670 :
2626 2615 2717 2670 ille
2742 2631 2900 2670 cursu
2931 2628 3028 2669 suo
3047 2612 3114 2668 ad
3135 2609 3464 2667 occidentem
3491 2622 3613 2678 per-

2026 2713 2134 2783 git;
2169 2711 2261 2766 tibi
2288 2709 2426 2766 forte
2469 2709 2535 2764 ad
2583 2708 2848 2764 orientem
2890 2703 3146 2775 profectio
3178 2711 3303 2758 est:
3351 2701 3449 2755 nisi
3477 2699 3613 2754 tuin

2027 2802 2349 2858 contrariam
2373 2810 2574 2870 partem
2596 2812 2807 2870 pergas,
2835 2811 2939 2850 non
2960 2811 3064 2865 qua
3080 2794 3169 2848 ille
3188 2791 3376 2856 tendit,
3396 2804 3615 2858 sequen-

2027 2896 2098 2951 do
2133 2911 2253 2951 eum
2305 2894 2543 2965 profecto
2583 2891 2805 2957 errabis,
2852 2897 2906 2943 et
2937 2903 3032 2958 pro
3057 2887 3262 2941 oriente
3283 2882 3611 2938 occidentem

2030 2988 2255 3045 tenebis.
2285 2987 2364 3043 Tu
2396 3004 2517 3042 eum
2541 2986 2593 3040 in
2623 2993 2767 3040 terra
2797 2985 2840 3038 si
2872 2981 3143 3052 sequaris,
3175 2977 3412 3034 errabis:
3453 2985 3609 3030 nauta

2028 3082 2071 3137 si
2097 3097 2219 3136 eum
2245 3081 2297 3134 in
2345 3080 2475 3132 mari
2521 3085 2794 3147 sequatur,
2835 3073 3051 3130 errabit.
3083 3072 3360 3127 Postremo
3406 3067 3617 3122 videtur

2030 3173 2124 3230 tibi
2162 3171 2491 3242 sequendmn
2532 3183 2650 3224 esse
2678 3168 2866 3232 solem,
2895 3175 2950 3222 et
2994 3163 3168 3220 tendis
3197 3163 3355 3217 etiam
3384 3161 3497 3228 ipse
3547 3159 3615 3212 ad

2029 3265 2382 3331 occidentem,
2423 3277 2528 3333 quo
2549 3271 2603 3317 et
2628 3262 2715 3315 ille
2739 3259 2912 3314 tendit
2937 3276 2949 3312 :
2983 3257 3255 3312 videamus
3272 3252 3616 3310 cmuoceidc-

2029 3358 2132 3423 rit,
2176 3357 2221 3411 si
2253 3371 2354 3410 non
2393 3353 2690 3408 ambulabis
2718 3353 2774 3406 in
2820 3348 3075 3405 tenebris.
3108 3347 3242 3402 Vide
3267 3344 3614 3416 quemadmo-

2027 3452 2154 3506 dum
2182 3450 2282 3506 ctsi
2319 3448 2554 3503 uolucris
2584 3462 2705 3500 cum
2735 3454 2792 3500 tu
2827 3444 3095 3506 deserere,
3128 3441 3241 3511 ipse
3273 3449 3324 3494 te
3370 3437 3579 3493 deseret
3599 3476 3612 3499 ,

2029 3541 2301 3597 servitutis
2345 3554 2454 3594 sua:
2497 3538 2814 3594 necessitate
2862 3548 3124 3606 peragens
3151 3531 3311 3586 diem.
3361 3528 3616 3582 Dominus

2029 3642 2210 3688 autem
2237 3641 2419 3687 noster
2448 3630 2604 3685 Jesus
2623 3628 2872 3684 Christus
2895 3625 3104 3680 interim
3139 3631 3193 3677 et
3221 3639 3340 3677 eum
3372 3637 3466 3690 per
3494 3636 3613 3674 car-

2031 3727 2114 3779 nis
2150 3724 2346 3776 nubem
2405 3736 2508 3775 non
2556 3719 2804 3774 omnibus
2845 3713 3152 3785 apparebat,
3209 3727 3302 3780 per
3339 3709 3616 3778 sapienti-ia

2031 3823 2342 3885 potestatem
2363 3812 2540 3865 omnia
2561 3809 2793 3864 tenebat.
2822 3807 2960 3860 Deus
2980 3812 3100 3858 tuus
3123 3802 3316 3870 ubique
3345 3813 3483 3853 totus
3507 3808 3612 3852 est:

2029 3913 2072 3964 si
2097 3925 2200 3962 non
2226 3907 2293 3961 ab
2324 3907 2410 3960 illo
2432 3904 2596 3959 facias
2623 3915 2804 3957 casum
2826 3941 2839 3965 ,
2873 3911 3144 3966 nunquam
3171 3910 3200 3948 a
3229 3904 3279 3948 te
3327 3893 3442 3962 ipse
3487 3889 3616 3944 facit

2028 4016 2298 4058 occasum.

2100 4095 2151 4148 7.
2183 4091 2283 4158 Qui
2309 4102 2436 4160 ergo
2456 4104 2535 4142 me
2556 4128 2569 4151 ,
2604 4084 2802 4155 inquit,
2827 4082 3068 4152 sequitur,
3100 4095 3202 4132 non
3240 4075 3517 4128 ambulabit
3563 4075 3613 4126 in

2031 4184 2280 4246 tenebris;
2321 4179 2410 4234 sed
2439 4178 2634 4232 habebit
2666 4175 2834 4229 lumen
2859 4175 2990 4226 vitaz.
3026 4169 3175 4238 Quod
3214 4167 3476 4237 pl'tHlllall,
3530 4166 3613 4218 lu-

2031 4277 2130 4330 turi
2164 4271 2420 4342 temporis
2471 4268 2636 4323 verbo
2677 4267 2894 4338 posuit:
2952 4277 3057 4318 non
3093 4263 3232 4315 enim
3282 4261 3374 4318 ait,
3419 4258 3611 4320 habet;

2031 4365 2154 4429 sed,
2209 4361 2428 4427 habebit,
2455 4358 2645 4429 inquit,
2675 4358 2842 4410 lumen
2882 4356 3014 4408 vitm.
3038 4351 3147 4406 Nec
3171 4353 3242 4404 ait
3267 4360 3440 4404 tamen
3461 4391 3474 4412 ,
3525 4350 3615 4417 qui

2029 4464 2280 4527 sequetur
2307 4469 2425 4518 me;
2454 4451 2548 4507 sed
2569 4491 2583 4513 ,
2613 4450 2698 4520 qui
2731 4448 2950 4518 sequitur
2983 4461 3078 4498 me.
3108 4443 3163 4497 ln
3192 4459 3256 4498 eo
3443 4442 3617 4496 facere

2028 4549 2308 4611 debemus,
2339 4557 2575 4614 prmsens
2625 4551 2836 4608 tempus
2877 4538 3087 4607 posuit:
3117 4535 3455 4605 quodautem
3502 4548 3619 4602 pro-

2031 4639 2182 4694 misit
2221 4634 2558 4700 facientibus,
2599 4631 2760 4685 futuri
2806 4631 3059 4700 temporis
3085 4629 3249 4683 verbo
3276 4627 3612 4697 significavit.

2033 4731 2131 4798 Qui
2160 4729 2385 4800 sequitur
2431 4725 2646 4779 habebit.
2703 4723 2859 4778 Modo
2909 4723 3169 4792 sequitur,
3213 4731 3332 4790 post
3359 4718 3612 4774 habebit:

2029 4823 2189 4879 modo
2220 4821 2458 4890 sequitur
2483 4834 2580 4888 per
2603 4816 2758 4870 fidem
2781 4859 2794 4877 ,
2827 4826 2944 4885 post
2975 4815 3188 4868 habebit
3241 4828 3336 4882 per
3359 4809 3610 4879 speciem.

2033 4915 2288 4983 Quamdiu
2315 4913 2456 4968 enim
2488 4927 2660 4965 sumus
2700 4910 2753 4962 in
2796 4924 3026 4979 corpore,
3058 4909 3132 4960 ait
3159 4904 3460 4974 Apostolus,
3492 4916 3610 4969 per-

2029 5008 2320 5080 egrinantur
2347 5021 2377 5056 a
2399 5002 2616 5057 Domino
2648 5016 2666 5054 :
2692 5018 2779 5069 per
2809 5000 2961 5065 [idem
2994 4999 3126 5050 enim
3150 4994 3482 5052 ambulamus,
3514 5007 3614 5044 non

2031 5078 2118 5162 per
2142 5108 2357 5162 spectem
2403 5088 2466 5163 (ll
2498 5088 2614 5142 Cor.
2644 5104 2697 5152 v,
2728 5087 2780 5152 6,
2815 5085 2888 5157 7).
2941 5084 3164 5151 Quando
3222 5096 3317 5149 per
3343 5078 3615 5147 speciem?

2028 5186 2158 5239 Cum
2192 5183 2534 5239 habuerimus
2560 5180 2737 5234 lumen
2765 5178 2908 5241 vitm,
2931 5192 3050 5231 eum
3087 5173 3149 5228 ad
3184 5173 3323 5226 illam
3356 5172 3613 5224 visionem

2027 5277 2352 5337 venerimus,
2384 5272 2597 5344 quando
2623 5285 2723 5324 uox
2757 5270 2854 5323 ista
2883 5265 3173 5321 transierit.
3214 5264 3288 5335 De
3310 5261 3398 5315 illo
3420 5263 3616 5331 quippe

2030 5368 2114 5422 die
2144 5367 2231 5436 qui
2254 5373 2537 5420 exorturus
2563 5371 2665 5426 est,
2698 5362 2895 5416 dictum
2926 5367 3027 5422 est,
3063 5355 3219 5410 Mane
3239 5355 3408 5408 astabo
3429 5355 3536 5421 tibi,
3570 5365 3614 5407 et

2029 5457 2403 5531 contemplabor
2449 5455 2622 5530 (Psal.
2707 5497 2719 5521 ,
2772 5455 2851 5524 5).
2879 5449 3016 5520 Quid
3043 5457 3143 5513 est,
3187 5465 3335 5503 mane
3361 5449 3386 5502 ?
3416 5448 3614 5503 Traus-

2029 5564 2144 5608 acta
2174 5561 2330 5608 nocte
2355 5551 2536 5607 saeculi
2582 5549 2758 5619 hujus,
2805 5543 3087 5601 transactis
3111 5543 3402 5601 terroribus
3440 5551 3612 5598 tenta-

2029 5646 2254 5712 tionnm,
2283 5652 2534 5713 superato
2563 5642 2654 5696 illo
2678 5639 2832 5696 leone
2851 5637 2940 5709 qui
2959 5643 3118 5693 nocte
3141 5633 3357 5704 rugiens
3385 5633 3568 5687 circuit
3596 5673 3611 5694 ,

2030 5751 2189 5809 quem
2217 5733 2435 5792 devoret
2457 5743 2702 5803 qutcrens
2747 5727 2812 5806 (1
2839 5725 2978 5786 Patr.
3005 5744 3059 5798 ,
3086 5726 3168 5800 )
3239 5724 3393 5780 Mane
3441 5733 3612 5779 senss
