4118 6494
516 343 661 401 £655,

511 457 620 523 tibi,
642 467 689 512 et
708 459 1101 532 contmplabor.
1126 459 1276 517 Nunc
1305 476 1430 518 vero
1457 463 1581 533 quid
1606 472 1877 532 putamus,
1897 464 2088 521 fratres

513 547 638 603 huic
672 550 896 619 tempori
918 564 1236 622 congruere,
1265 552 1365 608 nisi
1387 553 1529 622 quod
1571 569 1758 608 rursus
1784 554 1841 609 in
1877 555 2088 610 Psalmo

511 638 724 702 dicitur,
748 637 950 694 Lavabo
977 658 1064 710 per
1079 643 1305 712 singulas
1323 652 1489 697 noctes
1509 643 1689 696 lectum
1717 662 1900 711 meum,
1917 647 2088 717 lacry-

510 731 606 784 mis
630 731 750 785 meis
765 740 976 786 stratum
997 749 1160 787 meum
1178 733 1351 804 rigabo
1374 733 1554 806 (Psal.
1605 753 1657 791 vt
1675 777 1688 802 ,
1715 737 1824 806 7)?
1851 738 1954 792 Per
1975 737 2090 792 sin-

510 822 663 890 gulas
703 829 908 890 noctes,
961 823 1162 894 inquit,
1191 823 1332 880 ﬂebo
1368 825 1665 882 :desiderio
1691 827 1822 882 lucis
1865 827 2086 882 ardebo.

513 913 668 970 Videt
694 915 949 971 Dominus
973 915 1295 972 desiderium
1340 933 1548 986 meum;
1590 920 1838 990 quoniam
1869 920 2088 975 dicitilli

509 1005 645 1060 alter
671 1007 938 1076 psalmus,
972 992 1104 1062 Ante
1129 1017 1176 1062 te
1191 1019 1264 1063 cst
1289 1026 1434 1064 omne
1471 1012 1774 1066 desiderium
1801 1028 1998 1076 meum,
2044 1019 2090 1065 et

507 1099 722 1166 gemitus
747 1115 887 1152 meus
913 1115 947 1153 a
976 1109 1024 1155 te
1047 1117 1148 1154 non
1178 1111 1248 1156 est
1280 1101 1598 1157 absconditus
1650 1102 1832 1174 (Psal.
1864 1119 2051 1157 xxxvn
2073 1144 2086 1168 ,

508 1188 638 1260 10).
671 1191 949 1245 Desideras
972 1193 1195 1246 aurum?
1232 1193 1397 1248 videri
1424 1206 1611 1263 potes;
1651 1209 1894 1264 quaerens
1944 1194 2088 1248 enim

505 1293 694 1332 aurum
724 1280 1033 1334 manifestus
1059 1284 1168 1336 eris
1193 1281 1516 1337 hominibus.
1549 1283 1828 1338 Desideras
1855 1282 2089 1337 frumen-

509 1370 657 1422 tum?
685 1370 980 1442 interrogas
1007 1373 1098 1440 qui
1128 1372 1348 1440 habeat;
1376 1376 1459 1428 cui
1482 1382 1535 1428 et
1556 1375 1776 1442 cupiens
1804 1374 2088 1444 pervenire

505 1459 570 1514 ad
599 1460 651 1515 id
681 1462 822 1531 quod
843 1464 1138 1532 desideras,
1161 1466 1382 1521 indicas.
1413 1466 1694 1522 Desideras
1723 1467 1936 1522 Deum?
1969 1469 2088 1538 quis

503 1549 670 1619 videt,
697 1552 797 1607 nisi
829 1554 1007 1611 Deus?
1047 1555 1094 1610 A
1137 1571 1241 1626 quo
1264 1557 1407 1611 enim
1447 1557 1585 1628 petis
1613 1558 1813 1624 Deum,
1837 1557 1972 1613 sicut
1991 1574 2086 1628 pa-

503 1657 658 1710 nem,
685 1645 824 1700 sicut
883 1661 1106 1716 aquam,
1162 1649 1298 1703 sicut
1332 1664 1556 1715 aurum,
1604 1649 1744 1704 sicut
1773 1657 2082 1720 argentum,

503 1739 644 1794 sicut
664 1741 1031 1797 frumentum?
1074 1744 1120 1798 A
1163 1758 1278 1814 quo
1299 1745 1437 1814 petis
1482 1744 1682 1809 Deum,
1737 1744 1837 1798 nisi
1863 1759 1893 1798 a
1937 1745 2086 1799 Deo?

501 1831 620 1900 Ipse
644 1834 839 1902 petitur
862 1850 900 1888 a
937 1835 1143 1904 seipse,
1177 1837 1264 1906 qui
1293 1837 1552 1906 promittit
1595 1837 1854 1906 seipsum.
1885 1836 2084 1891 Exten-

501 1925 592 1979 dat
621 1926 795 1979 anima
819 1927 1160 1996 cupiditatem
1187 1943 1336 1984 suam
1357 1945 1372 1993 ;
1397 1937 1453 1984 et
1484 1929 1603 1984 sinu
1619 1929 1897 1998 capaciore
1936 1943 2084 1999 qua:-

499 2023 584 2068 rat
607 2016 1059 2085 comprehendere
1085 2018 1225 2088 quod
1251 2018 1436 2073 oculus
1463 2032 1569 2072 non
1597 2018 1749 2085 vidit,
1793 2032 1893 2074 nec
1940 2017 2084 2072 auris

499 2104 724 2174 audivit,
747 2122 843 2162 nec
871 2108 922 2161 in
953 2122 1046 2163 cor
1073 2107 1300 2163 hominis
1328 2108 1570 2164 ascendit
1625 2107 1646 2180 (
1673 2109 1692 2163 Ι
1735 2106 1852 2164 Cor.
1885 2125 1954 2176 ιι,
1983 2106 2078 2178 9).

498 2195 799 2252 Desiderari
851 2206 1058 2267 potest,
1113 2198 1416 2268 concupisci
1463 2208 1680 2269 potest,
1729 2200 1982 2269 suspirari
2026 2200 2081 2254 in

497 2287 625 2341 illud
643 2297 816 2356 potest
846 2307 859 2344 :
889 2289 1047 2360 digne
1082 2291 1329 2361 cogitari,
1359 2299 1415 2346 et
1458 2291 1635 2347 verbis
1679 2290 1934 2361 explicari
1973 2306 2079 2346 non

498 2387 694 2446 potest.

569 2471 623 2524 8.
667 2470 822 2541 Ergo,
873 2471 1063 2528 fratres
1097 2473 1225 2539 mei,
1257 2473 1505 2543 quoniam
1548 2472 1804 2527 Dominus
1846 2471 2079 2528 breviter

495 2561 588 2626 ait,
615 2560 724 2632 Ego
750 2579 859 2615 sum
886 2563 976 2617 lua:
1003 2563 1178 2617 mundi
1198 2579 1216 2622 :
1243 2564 1329 2634 qui
1361 2581 1438 2618 me
1465 2565 1704 2633 sequitur,
1726 2579 1823 2617 non
1847 2562 2079 2616 ambula-

497 2652 565 2705 bit
595 2653 913 2719 intenebris;
956 2655 1044 2708 sed
1081 2654 1281 2708 habebit
1304 2655 1471 2708 lumen
1503 2654 1647 2707 vitaz:
1670 2653 1860 2724 quibus
1901 2653 2078 2708 verbis

493 2742 636 2796 aliud
677 2753 757 2798 cst
782 2744 923 2814 quod
948 2744 1126 2814 jussit,
1167 2744 1309 2799 aliud
1348 2744 1488 2814 quod
1520 2744 1792 2814 promisit:
1825 2743 2077 2798 faciamus

491 2835 635 2905 quod
670 2836 846 2905 jussit,
879 2852 947 2892 ne
988 2837 1279 2908 impudenti
1306 2837 1481 2892 fronte
1509 2836 1891 2901 desideremus,
1934 2835 2074 2906 quod

492 2929 763 2996 promisit;
792 2945 869 2985 ne-
887 2929 1028 2984 dicat
1065 2930 1221 2984 nobis
1245 2932 1307 2984 in.
1324 2929 1524 2999 judicio
1549 2943 1666 2994 suo,
1699 2927 1893 2982 Fecisti
1933 2927 2072 2981 enim

490 3022 638 3090 quod
659 3021 814 3091 jussi,
849 3031 904 3076 ut
926 3033 1143 3092 expetas
1171 3021 1310 3092 quod
1340 3021 1590 3091 promisi?
1631 3018 1768 3086 Quid
1798 3033 1926 3089 ergo
1960 3019 2076 3088 jus-

489 3113 628 3176 sisti,
675 3113 894 3169 Domine
940 3115 1079 3168 Deus
1112 3113 1325 3168 noster?
1354 3113 1490 3167 Dicit
1525 3112 1638 3179 tibi,
1673 3111 1742 3167 Ut
1779 3110 2075 3180 sequereris

489 3219 597 3260 me.
618 3203 904 3260 Consilium
933 3205 1053 3260 vita:
1074 3205 1288 3274 petiisti.
1303 3203 1467 3273 Cujus
1491 3203 1633 3270 vitm,
1657 3201 1755 3256 nisi
1783 3201 1848 3256 de
1869 3217 1968 3270 qua
1989 3200 2074 3257 di-

488 3307 633 3352 ctum
661 3307 762 3366 est,
797 3297 950 3367 Apud
992 3307 1039 3351 te
1075 3298 1189 3367 fons
1214 3298 1364 3350 vitaz?
1401 3294 1616 3350 Audivit
1638 3294 1871 3365 quidam,
1911 3292 2070 3358 Vade,

486 3390 647 3445 vende
669 3392 836 3444 omnia
864 3407 977 3460 qua:
1001 3389 1172 3456 habes,
1191 3398 1236 3444 et
1254 3390 1320 3443 da
1346 3388 1671 3460 pauperibus,
1695 3397 1739 3441 et
1756 3386 1954 3440 habebis
1973 3386 2075 3440 the-

487 3497 700 3535 saurum
726 3481 780 3535 in
805 3482 963 3549 caelo;
987 3491 1034 3536 et
1059 3481 1189 3547 veni,
1219 3496 1422 3551 sequere
1446 3497 1542 3534 me.
1576 3479 1768 3534 Tristis
1793 3479 2068 3543 abscessit,

487 3590 596 3630 non
616 3583 699 3631 est
714 3583 926 3629 secutus
946 3593 960 3628 :
984 3573 1228 3643 qumsivit
1253 3573 1561 3644 magistrum
1584 3572 1803 3636 bonum,
1821 3569 2072 3638 interpel-

486 3667 616 3720 lavit
639 3666 931 3733 doctorem,
955 3675 1009 3721 et
1040 3665 1360 3734 contempsit
1403 3664 1715 3718 docentem:
1749 3662 1915 3716 tristis
1945 3661 2070 3716 abs-

484 3758 668 3825 cessit,
695 3758 885 3827 ligatus
905 3757 1281 3827 cupiditatibus
1307 3759 1452 3822 suis;
1479 3756 1644 3810 tristis
1673 3753 1952 3820 abscessit,
1977 3753 2071 3808 ba-

482 3851 618 3905 bens
641 3850 904 3920 grandem.
921 3849 1182 3904 sarcinam
1212 3849 1446 3903 avaritia:
1473 3863 1631 3918 super
1667 3848 1916 3903 humeros
1942 3861 2069 3900 suos

484 3937 699 4010 (Matth.
731 3956 839 4004 xtx,
869 3939 1076 4008 16-22).
1104 3938 1421 4006 Laborabat,
1451 3938 1737 4003 :estuabat;
1783 3945 1839 3992 et
1875 3936 1964 4006 qui
2002 3935 2069 3990 ab

484 4033 580 4086 illo
603 4032 865 4087 sarcinam
896 4032 1163 4102 deponere
1192 4033 1378 4098 voluit,
1408 4047 1512 4085 non
1546 4037 1629 4086 est
1649 4029 1949 4098 sequendus
1976 4045 2071 4098 pu-

485 4132 650 4188 tatus,
672 4123 766 4177 sed
788 4122 1136 4178 deserendus.
1161 4123 1349 4177 Postea
1373 4137 1500 4176 vero
1523 4137 1679 4190 quam
1703 4121 1956 4174 Dominus
1974 4135 2069 4188 per

483 4212 832 4282 Evangelium
855 4213 1120 4279 clamavit,
1149 4212 1402 4266 Veniteead
1421 4228 1518 4276 nte,
1543 4227 1711 4264 omnes
1726 4211 1811 4282 qui
1832 4210 2070 4266 laboratis

482 4315 531 4359 et
556 4307 748 4360 onerati
767 4307 902 4368 estis,
931 4316 975 4358 et
998 4321 1086 4374 ego
1115 4320 1200 4358 vos
1224 4303 1479 4372 reﬁciam;
1506 4301 1663 4356 tollite
1681 4302 1865 4372 jugum
1902 4318 2070 4356 meum

481 4412 634 4466 super
658 4411 762 4460 vos,
794 4403 840 4449 rt
863 4396 1086 4450 discitea
1109 4410 1188 4447 me
1201 4394 1319 4462 quia
1344 4393 1474 4446 mitis
1499 4408 1610 4445 sum
1627 4401 1673 4444 et
1699 4391 1902 4445 humilis
1919 4391 2069 4445 corde

481 4485 594 4556 (Id.
618 4501 696 4552 xl,
725 4485 796 4542 28
822 4496 870 4541 et
890 4483 982 4558 29)
1002 4501 1018 4540 :
1041 4499 1206 4554 quam
1231 4483 1383 4537 multi
1414 4483 1650 4537 fecerunt
1672 4481 1852 4536 audito
1891 4481 2068 4536 Evan-

481 4580 642 4650 gelio,
665 4581 803 4651 quod
820 4595 883 4636 ex
912 4596 1006 4636 ore
1029 4579 1192 4650 ipsius
1215 4578 1449 4633 auditum
1477 4577 1624 4632 dives
1651 4578 1739 4632 ille
1769 4593 1872 4632 non
1905 4577 2068 4633 fecit?

481 4673 624 4742 Ergo
654 4672 812 4727 modo
844 4671 1116 4737 faciamus,
1141 4686 1425 4741 sequamur
1455 4670 1764 4735 Dominum;
1797 4671 2067 4726 solvamus

479 4762 767 4832 compedes
795 4763 988 4832 quibus
1014 4761 1330 4831 impedimur
1363 4761 1538 4830 sequi.
1581 4760 1648 4815 Et
1684 4761 1804 4830 quis
1846 4760 2068 4815 idoneus

478 4853 690 4907 solvere
729 4853 862 4908 tales
903 4851 1091 4916 nodos,
1123 4852 1224 4907 nisi
1269 4852 1357 4906 ille
1387 4851 1597 4921 adjuvet
1627 4852 1712 4906 cui
1737 4851 1934 4905 dictum
1963 4860 2064 4917 est,

416 4976 426 4980 α
476 4943 760 5014 Disrupisti
785 4944 984 4997 vincula
1009 4960 1120 4997 mea
1151 4941 1319 5016 (Psal.
1349 4957 1472 5006 exv,
1523 4941 1648 5013 16)?
1687 4942 1760 4997 De
1798 4957 1903 5011 quo
1932 4941 2066 4996 alius

476 5036 717 5105 psalmus
743 5035 892 5102 dicit,
931 5035 1174 5089 Dominus
1190 5035 1334 5090 solvit
1351 5036 1676 5105 compeditos,
1699 5033 1951 5089 Dominus.
1971 5034 2068 5089 eri-

476 5127 549 5197 git
564 5127 713 5180 elisos
738 5124 887 5198 (Psal
896 5173 903 5181 .
925 5141 1085 5192 chv,
1115 5125 1194 5197 8).

549 5217 603 5272 9.
647 5217 714 5271 Et
741 5216 864 5287 quid
891 5225 1182 5286 sequuntur
1207 5216 1363 5272 soluti
1393 5224 1445 5271 et
1470 5215 1655 5281 erecti,
1699 5215 1804 5269 nisi
1824 5214 2000 5269 lumen
2030 5232 2061 5272 a

476 5323 584 5378 quo
610 5309 849 5375 audiunt,
882 5308 994 5381 Ego
1019 5326 1132 5363 sum
1167 5308 1332 5363 lumen
1370 5308 1583 5362 mundi:
1605 5308 1691 5381 qui
1717 5324 1795 5361 me
1818 5309 2059 5378 sequitur,

475 5415 582 5455 non
606 5399 878 5455 ambulabit
898 5402 951 5456 in
973 5399 1220 5456 tenebris?
1239 5400 1362 5471 quia
1390 5399 1642 5455 Dominus
1673 5399 1928 5453 illuminat
1953 5414 2058 5454 c.2-

474 5506 592 5548 cos.
625 5491 988 5548 llluminamur
1016 5507 1142 5562 ergo
1165 5491 1344 5554 modo,
1377 5491 1588 5556 fratres,
1614 5489 1869 5544 habentes
1895 5490 2060 5560 colly-

472 5584 617 5641 rium
645 5583 785 5640 fidei.
812 5583 1093 5639 Praecessit
1115 5583 1255 5638 enim
1281 5581 1396 5652 ejus
1417 5581 1579 5636 saliva
1604 5595 1722 5635 cum
1742 5589 1904 5647 terra,
1921 5580 2062 5636 unde

472 5683 819 5746 mungeretur
843 5675 934 5744 qui
963 5688 1134 5729 caseus
1163 5682 1245 5730 est
1269 5680 1422 5728 natus
1452 5671 1631 5742 (Joan.
1661 5688 1742 5735 ιχ,
1773 5671 1851 5741 6).
1869 5671 1938 5726 Et
1965 5686 2062 5726 nos

474 5766 544 5827 de
581 5763 748 5823 Adam
793 5764 920 5822 eieci
950 5764 1058 5820 nati
1099 5778 1303 5834 sumus,
1337 5773 1390 5821 et
1432 5763 1524 5820 illo
1567 5761 1896 5820 illuminante
1925 5778 2061 5835 opus

1455 350 1519 406 IN
1556 312 1830 408 temtas
1867 351 2333 422 evsucsuuu,
2373 353 2430 410 s.
2473 355 2841 415 AUGUSTle

3637 369 3774 427 i656

2201 466 2473 523 habemus.
2499 469 2705 526 Miscuit
2729 473 2945 528 salivam
2963 488 3082 530 cum
3105 484 3277 532 terra:
3315 477 3528 534 Verbum
3553 499 3670 538 curo
3694 490 3776 555 [a-

2195 567 2329 611 ctum
2347 569 2439 624 est,
2453 569 2498 613 et
2522 560 2758 615 habitavit
2784 580 2840 617 in
2859 565 2998 620 nobis
3023 567 3200 637 (Joan.
3219 585 3256 635 ι,
3278 568 3389 642 li).
3417 573 3625 628 Miscuit
3649 578 3777 632 salt-

2194 665 2312 703 vam
2337 666 2455 704 cum
2486 660 2658 717 terra;
2696 653 2814 709 ideo
2838 657 3145 726 praedictum
3175 670 3274 726 est,
3321 661 3511 718 Veritas
3546 665 3610 719 de
3643 678 3780 724 terra

2193 749 2304 794 orta
2332 752 2403 796 est
2425 740 2596 816 (Psal.
2626 760 2842 811 Lxxxtv,
2867 747 2954 818 12)
2976 767 2988 803 :
3014 750 3126 818 ipse
3150 761 3324 807 autem
3345 753 3496 822 dixit,
3527 755 3639 828 Ego
3661 776 3774 814 sum

2192 835 2292 900 sia,
2319 836 2498 890 ueritas
2517 846 2562 890 et
2587 838 2687 890 vita
2713 838 2887 908 (Joan.
2910 856 3018 907 xtv,
3046 842 3124 913 6).
3148 843 3379 902 Veritate
3416 847 3774 919 perfrucmur,

2193 938 2313 978 eum
2339 926 2626 982 viderimus
2656 928 2791 985 facie
2813 932 2878 986 ad
2906 930 3129 1000 faciem;
3153 937 3276 1005 quia
3303 945 3359 993 ct
3383 938 3485 994 hoc
3513 943 3776 1010 promitti-

2195 1022 2278 1068 tur
2304 1017 2476 1072 nobis.
2518 1018 2652 1074 Nam
2697 1021 2818 1088 quis
2841 1023 3062 1080 auderet
3085 1039 3303 1094 sperare
3331 1030 3472 1098 quod
3502 1032 3640 1088 Deus
3668 1049 3771 1090 non

2192 1103 2438 1174 dignatus
2465 1118 2607 1164 esset
2627 1111 2710 1165 vel
2737 1113 2973 1181 polliceri
2999 1116 3082 1170 vel
3110 1115 3274 1172 dare?
3317 1119 3618 1176 Videbimus
3642 1124 3774 1180 facie

2191 1195 2257 1250 ad
2283 1195 2490 1253 faciem.
2519 1202 2802 1270 Apostolus
2825 1204 2953 1260 dicit
2981 1224 2994 1260 :
3025 1205 3179 1261 Nunc
3213 1210 3321 1264 scio
3345 1227 3407 1264 ea:
3444 1224 3604 1281 parte,
3634 1232 3771 1270 nunc

2190 1285 2244 1339 in
2273 1289 2537 1358 tenigmate
2576 1309 2664 1361 per
2699 1295 2975 1362 speculum,
3008 1306 3125 1351 tunc
3151 1308 3318 1353 autent
3340 1301 3470 1369 {acie
3497 1304 3566 1356 ad
3590 1307 3771 1375 faciem

2193 1375 2234 1446 (Ι
2261 1375 2378 1432 Cor.
2403 1395 2517 1445 xm,
2546 1381 2654 1450 12).
2679 1383 2747 1438 Ει
2765 1384 2997 1440 Joannes
3022 1390 3291 1456 apostolus
3314 1391 3364 1444 in
3383 1391 3614 1460 Epistola
3636 1409 3764 1450 sua:

2189 1466 2532 1538 Dilectissimi,
2573 1490 2704 1527 nunc
2741 1475 2837 1543 ﬁlii
2870 1476 2963 1530 Dei
2988 1495 3180 1547 sumus,
3212 1491 3257 1534 et
3283 1482 3506 1537 nondum
3533 1489 3772 1556 apparuit

2188 1558 2311 1626 quid
2348 1560 2531 1615 erimus
2561 1578 2580 1613 :
2601 1564 2784 1618 scimus
2815 1567 2933 1634 quia
2973 1584 3085 1621 cum
3133 1574 3446 1641 apparuerit,
3497 1575 3689 1629 similes
3724 1578 3770 1632 ei

2189 1649 2403 1715 erimus;
2423 1653 2656 1720 quoniam
2673 1655 2944 1712 videbimus
2965 1675 3076 1712 eum
3091 1661 3240 1718 sicuti
3259 1672 3332 1716 est
3352 1663 3392 1734 (1
3413 1663 3569 1719 Joan.
3593 1683 3669 1735 ιιι,
3685 1667 3766 1738 2).

2191 1741 2313 1796 llzec
2355 1753 2438 1798 est
2484 1761 2672 1826 magna
2715 1749 3024 1817 promissio;
3062 1751 3105 1804 si
3134 1768 3302 1816 amas,
3331 1770 3574 1825 sequere.
3606 1759 3765 1826 Amo,

2187 1833 2390 1902 inquis;
2417 1836 2510 1891 sed
2538 1853 2639 1906 qua
2666 1839 2892 1908 sequor?
2917 1841 2971 1896 Si
2992 1842 3213 1897 dixisset
3240 1844 3334 1900 tibi
3354 1846 3605 1903 Dominus
3627 1849 3768 1906 Deus

2188 1932 2328 1989 tuus,
2362 1927 2472 1995 Ego
2497 1941 2615 1981 sum
2644 1930 2838 1985 veritas
2875 1938 2931 1984 et
2960 1931 3092 1997 vita;
3124 1932 3440 1990 desiderans
3467 1938 3766 2006 veritatem,

2185 2016 2565 2085 concupiscens
2586 2017 2766 2084 vitam,
2796 2020 2932 2074 viam
2961 2036 3062 2091 qua
3093 2022 3160 2077 ad
3191 2023 3302 2078 haec
3335 2026 3610 2092 pervenire
3639 2044 3765 2098 pos-

2185 2118 2272 2159 ses
2297 2105 2534 2174 profecto
2561 2123 2849 2177 quaereres,
2871 2119 2925 2164 et
2948 2110 3155 2167 diceres
3183 2113 3309 2168 tibi:
3333 2113 3517 2185 Magna
3555 2132 3643 2174 res
3671 2133 3766 2174 ve-

2183 2195 2334 2263 ritas,
2362 2212 2548 2268 magna
2583 2213 2669 2254 res
2693 2200 2830 2266 vita;
2863 2201 2908 2255 si
2933 2212 3076 2256 esset
3101 2206 3366 2273 quomodo
3406 2207 3533 2262 illuc
3573 2225 3767 2279 perve-

2183 2286 2326 2348 niret-
2361 2288 2535 2342 anima
2564 2291 2711 2344 mea!
2742 2290 2948 2356 Qumris
2991 2293 3128 2361 qua?
3166 2295 3287 2350 audi
3332 2311 3454 2352 eum
3500 2298 3765 2356 dicentem

2184 2380 2374 2449 primo,
2410 2380 2519 2452 Ego
2541 2399 2651 2436 sum
2676 2384 2772 2436 via.
2804 2385 3101 2452 Antequam
3131 2387 3334 2444 diceret
3364 2391 3454 2444 tibi
3472 2407 3596 2461 quo,
3627 2409 3766 2462 prte-

2183 2473 2325 2527 misit
2345 2490 2479 2542 qua:
2506 2475 2620 2545 Ego.
2639 2492 2766 2539 sum,
2801 2476 2990 2546 inquit,
3009 2478 3109 2531 via.
3134 2478 3385 2546 Quovia?
3406 2481 3474 2534 Et
3503 2485 3679 2538 veritas
3708 2495 3756 2540 et

2182 2565 2300 2618 vita.
2330 2565 2508 2620 Primo
2533 2566 2665 2620 dixit
2692 2581 2796 2636 qua
2826 2569 3025 2635 venias,
3055 2579 3240 2638 postea
3265 2570 3395 2625 dixit
3420 2589 3526 2642 quo
3555 2574 3760 2630 venias.

2180 2655 2292 2724 Ego
2313 2671 2430 2710 sum
2459 2657 2562 2721 via,
2591 2672 2689 2727 ego
2715 2672 2834 2713 sum
2858 2661 3073 2727 veritas,
3103 2677 3202 2732 ego
3227 2664 3351 2717 vita.
3380 2664 3600 2720 Muneris
3623 2667 3764 2736 apud

2180 2747 2412 2814 Patrem,
2435 2749 2632 2804 veritas
2656 2758 2709 2804 et
2728 2751 2834 2804 vita
2857 2769 2870 2805 :
2895 2751 3118 2808 induens
3143 2767 3202 2808 se
3228 2769 3464 2822 carnem,
3491 2755 3663 2812 factus
3679 2767 3765 2818 est

2179 2839 2282 2892 via.
2314 2840 2429 2894 Non
2457 2841 2548 2894 tibi
2575 2841 2786 2908 dicitur,
2815 2843 3019 2898 Labore
3046 2847 3332 2914 quaerendo
3358 2848 3515 2915 viam,
3554 2859 3609 2902 ut
3638 2866 3763 2919 per-

2180 2932 2360 2986 venias
2383 2933 2449 2987 ad
2477 2934 2749 2990 veritatem
2774 2945 2829 2991 et
2853 2937 3043 3002 vitam;
3076 2953 3180 2992 non
3203 2937 3306 2994 hoc
3327 2940 3418 2994 tibi
3440 2941 3653 2996 dicitur.
3673 2942 3762 2996 Pi-

2179 3038 2288 3092 ger,
2322 3037 2513 3094 surge;
2540 3025 2622 3080 via
2662 3026 2772 3094 ipsa
2797 3027 2863 3082 ad
2896 3037 2946 3083 te
2984 3029 3145 3092 venit,
3177 3038 3230 3084 et
3256 3038 3307 3084 te
3329 3029 3396 3085 de
3419 3045 3608 3086 somno
3627 3033 3760 3088 dor-

2177 3114 2429 3169 mientem
2459 3115 2726 3181 excitavit,
2755 3117 2801 3172 si
2831 3125 3008 3173 tamen
3038 3120 3283 3175 excitavit
3310 3139 3323 3174 :
3355 3129 3534 3192 'surge,
3568 3131 3623 3178 et
3645 3138 3760 3178 am-

2177 3204 2320 3258 bula.
2354 3205 2511 3260 Forte
2539 3208 2748 3262 conaris
2776 3208 3074 3277 ambulare,
3105 3220 3160 3266 et
3184 3227 3288 3266 non
3312 3221 3482 3283 potes,
3512 3214 3635 3284 quia
3664 3214 3760 3270 do-

2176 3293 2288 3350 lent
2313 3295 2492 3364 pedes.
2514 3295 2664 3352 Unde
2679 3297 2860 3353 dolent
2877 3299 3074 3369 pedes?
3095 3317 3160 3355 an
3183 3302 3401 3371 jubente
3425 3305 3643 3358 avaritia
3665 3322 3760 3374 per

2176 3401 2365 3454 aspera
2393 3390 2778 3444 cucurrerunt?
2799 3389 2903 3445 Sed
2927 3391 3020 3446 Dei
3046 3392 3277 3458 Verbum
3303 3396 3510 3450 sanavit
3531 3404 3584 3451 et
3611 3397 3760 3455 clau-

2175 3475 2293 3532 dos.
2321 3478 2482 3544 Ecce,
2507 3479 2700 3549 inquis,
2727 3495 2887 3536 sanos
2916 3480 3085 3537 habeo
3110 3483 3403 3552 pedes,sed
3431 3486 3599 3556 ipsam
3617 3487 3758 3543 viam

2175 3583 2280 3622 non
2304 3568 2476 3623 video.
2513 3569 2830 3625 llluminavit
2845 3580 2899 3626 et
2917 3587 3107 3628 caecos.

2248 3664 2336 3718 l0.
2378 3664 2487 3719 lloc
2514 3673 2682 3722 totum
2713 3681 2805 3734 per
2835 3665 3011 3732 fidem,
3043 3667 3292 3736 quamdiu
3313 3669 3757 3739 peregrinamura

2175 3755 2420 3821 Domino,
2457 3767 2736 3812 manentes
2769 3759 2820 3811 in
2847 3773 3104 3826 corpore:
3126 3776 3246 3815 eum
3272 3769 3447 3816 autem
3477 3763 3757 3830 perambu-

2174 3847 2460 3902 laverimus
2489 3847 2807 3912 viam,et‘ad
2826 3849 2993 3918 ipsam
3022 3850 3246 3918 patriam
3274 3853 3597 3916 venerimus,
3625 3852 3754 3922 quid

2175 3938 2276 3993 erit
2301 3939 2459 3994 nobis
2478 3939 2686 3993 lectius?
2711 3939 2835 4009 quid
2882 3940 2982 3994 erit
3010 3941 3162 3996 nobis
3186 3942 3424 3996 beatius?
3449 3942 3582 4008 Quia
3622 3942 3754 4002 nihil

2173 4029 2448 4098 pacatius:
2487 4028 2618 4082 nihil
2660 4030 2801 4084 enim
2840 4029 3095 4085 adversus
3138 4032 3404 4086 hominem
3451 4031 3754 4087 rebellabit.

2173 4117 2324 4173 Nunc
2351 4133 2495 4185 vero,
2529 4117 2740 4185 fratres,
2768 4119 2983 4175 difficile
3017 4121 3131 4174 sine
3162 4122 3275 4175 rixa
3302 4136 3506 4176 sumus.
3528 4122 3609 4176 Ad
3627 4136 3756 4178 con-

2173 4209 2409 4264 cordiam
2435 4209 2646 4278 quidem
2666 4210 2834 4264 vocati
2856 4225 3057 4275 sumus,
3079 4211 3331 4281 jubemur
3348 4227 3529 4282 pacem
3557 4211 3756 4268 habere

2175 4300 2313 4354 inter
2343 4314 2468 4365 nos;
2496 4300 2562 4354 ad
2609 4300 2711 4355 hoc
2747 4301 3043 4356 conandtuu
3074 4312 3174 4369 est,
3205 4304 3555 4373 omnibusque
3583 4303 3764 4358 niten-.

2173 4389 2300 4445 dum
2322 4390 2542 4455 viribus,
2563 4401 2618 4444 ut
2634 4391 2915 4461 aliquando
2933 4393 3214 4447 veniamus
3228 4392 3292 4447 ad
3315 4392 3754 4462 perfectissimam

2175 4495 2394 4550 pacem:
2423 4480 2580 4535 modo
2621 4490 2797 4536 autem
2841 4481 3106 4552 litigamus
3151 4484 3460 4554 plerumque
3507 4499 3630 4538 eum
3677 4484 3756 4539 eis

2175 4572 2363 4642 quibus
2391 4573 2668 4627 consulere
2689 4573 2951 4628 volumus.
2981 4573 3072 4629 llle
3097 4583 3260 4639 errat,
3292 4583 3347 4629 tu
3374 4576 3450 4629 vis
3476 4575 3670 4630 ducere
3687 4575 3758 4630 ad

2176 4663 2348 4728 viam;
2392 4664 2591 4719 resistit
2629 4665 2741 4730 tibi,
2784 4666 3207 4735 litigaszresistit
3235 4683 3487 4737 paganus,
3517 4668 3756 4738 disputas

2172 4765 2357 4810 contra
2382 4770 2593 4811 errores
2619 4755 2877 4811 idolorum
2895 4765 2950 4812 et
2967 4757 3384 4814 daemoniorum:
3413 4759 3615 4814 resistit
3643 4759 3755 4814 bte-

2172 4847 2388 4913 reticus,
2411 4846 2650 4918 disputas
2675 4857 2857 4904 contra
2883 4850 3015 4904 alias
3041 4849 3310 4905 doctrinas
3337 4850 3752 4907 daemoniorum:

2173 4936 2342 4990 malus
2370 4937 2660 4991 catholicus
2689 4952 2794 4992 non
2820 4938 2932 4992 vult
2958 4938 3092 4993 bene
3120 4939 3319 5003 vivere,
3344 4941 3568 5009 corripis
3592 4942 3754 4996 etiam

2173 5027 2482 5082 interiorem
2525 5028 2740 5083 fratrem
2785 5038 2964 5087 tuum:
2995 5038 3169 5084 tecum
3202 5039 3379 5086 manet
3409 5031 3462 5085 in
3492 5031 3678 5101 domo,
3701 5041 3757 5088 et

2173 5118 2406 5189 perditas
2430 5119 2540 5174 vias
2568 5121 2786 5190 quaerit;
2811 5129 3002 5176 aestuas
3027 5121 3294 5194 quomodo
3318 5124 3572 5194 corrigas,
3599 5133 3659 5178 ut
3686 5124 3758 5179 de

2173 5210 2264 5266 illo
2281 5213 2470 5268 bonam
2487 5213 2742 5268 rationem
2764 5214 2988 5270 Domino
3003 5216 3278 5272 amborum
3297 5216 3507 5272 reddas.
3531 5218 3757 5284 Quanta:

2174 5303 2408 5374 undique
2453 5305 2686 5360 rixarum
2716 5306 3090 5361 necessitates?
3119 5306 3439 5376 Plerumque
3471 5308 3630 5362 homo
3656 5317 3756 5369 tte-

2171 5393 2261 5449 dio
2287 5394 2526 5462 affectus,
2577 5395 2704 5451 dicit
2743 5397 2883 5468 apud
2923 5398 3459 5467 scmetipsum:Quid
3505 5399 3636 5452 mibi
3675 5407 3759 5453 est

2171 5489 2277 5557 pati
2305 5489 2742 5556 contradictores,
2767 5489 2872 5558 pati
2899 5505 2991 5546 eos
3015 5490 3101 5560 qui
3119 5490 3348 5548 reddunt
3373 5490 3508 5544 mala
3537 5506 3633 5561 pro
3654 5489 3756 5552 bo-

2171 5578 2289 5633 nis?
2318 5579 2429 5648 Ego
2457 5579 2578 5633 volo
2617 5580 2914 5646 consulere,
2947 5581 3020 5634 illi
3052 5581 3228 5636 volunt
3260 5581 3468 5651 perire:
3493 5595 3757 5635 consumo

2173 5669 2336 5724 vitam
2366 5685 2536 5725 meam
2582 5670 2867 5742 litigando;
2897 5687 3080 5742 pacem
3126 5690 3230 5728 non
3273 5673 3478 5730 habeo:
3509 5673 3756 5729 inimicos

2173 5762 2386 5835 insuper
2414 5763 2570 5832 facio,
2601 5779 2734 5836 quos
2763 5765 2962 5824 amicos
2987 5765 3183 5825 habere
3209 5766 3486 5838 deberem,
3513 5765 3562 5824 si
3588 5765 3755 5824 bene-
