4118 6472
324 308 463 366 i657

313 423 606 482 volentiam
638 419 962 477 conSUIeutis
991 417 1360 475 attenderem:
1388 419 1513 491 quid
1546 420 1673 475 tuilti
1698 429 1779 475 est
1809 420 1907 476 ista

314 535 351 591 p
370 517 560 588 ‘rpcti?
586 514 796 571 redeam
825 513 891 568 ad
914 528 1018 579 me,
1045 530 1250 568 meeum
1276 529 1390 581 cro,
1425 515 1586 569 Deum
1618 531 1792 570 meum
1824 515 1908 570 in-

315 611 543 665 vite-ibo.
573 608 704 663 Redi
734 606 800 661 ad
833 607 1078 677 teipsum,
1121 607 1191 661 ibi
1230 605 1434 661 invenis
1475 607 1644 662 rixam
1677 609 1755 663 :si
1795 623 1907 664 cm-

315 704 446 776 pisti
479 701 642 757 Deum
666 700 837 770 sequi,
871 701 941 754 ibi
968 700 1175 755 iuvenis
1206 701 1392 754 rixam.
1422 700 1588 769 Quam
1618 701 1804 768 rixam,
1831 703 1910 756 in-

315 795 460 866 quis,
490 792 746 848 invenio?
774 791 914 846 Caro
941 791 1264 859 concupiscit
1284 790 1538 846 adversus
1563 791 1828 861 Spiritum,
1857 801 1912 848 et

225 923 233 930 -
313 885 539 956 Spiritus
569 881 826 938 adversus
847 897 1061 936 carnem
1093 880 1286 952 (Culat.
1315 897 1368 948 v,
1404 882 1514 951 l7).
1547 881 1686 937 Ecce
1715 891 1766 936 tu
1799 882 1912 952 ipse

311 995 397 1041 cs,
422 991 552 1032 cccc
573 982 629 1029 tu
654 974 800 1030 solus
822 988 896 1040 es,
926 988 1050 1028 ecce
1074 981 1244 1028 tecum
1271 989 1350 1038 es,
1373 988 1498 1028 ecce
1523 972 1683 1026 alium
1705 973 1910 1028 nullum

311 1070 594 1125 li-nuiuem
634 1067 864 1138 pateris:
898 1065 991 1121 sed
1019 1065 1166 1121 vides
1193 1064 1346 1119 aliam
1373 1066 1542 1136 legem
1573 1066 1626 1119 in
1657 1065 1913 1120 membris

315 1164 449 1228 tuis,
483 1169 868 1231 repugnantem
900 1157 1001 1229 legi
1029 1159 1225 1212 mentis
1253 1167 1377 1224 tum,
1411 1165 1464 1212 ct
1489 1156 1841 1228 captivantem
1863 1167 1914 1211 te

314 1257 372 1309 in
401 1256 520 1324 lege
551 1251 774 1323 peccati,
815 1265 932 1320 qua:
978 1258 1060 1306 est
1108 1249 1160 1303 in
1210 1247 1463 1302 membris
1508 1247 1630 1302 tuis.
1660 1247 1912 1302 Exclama

314 1362 472 1417 ergo,
504 1354 561 1401 et
587 1359 615 1398 a
646 1345 760 1398 rixa
788 1341 1041 1397 interiore
1068 1341 1235 1397 clama
1264 1340 1328 1395 ad
1362 1342 1548 1403 Deum,
1575 1349 1633 1394 ut
1654 1341 1745 1395 tibi
1773 1340 1916 1410 paci-

316 1439 446 1492 ﬁcet
475 1447 562 1490 te:
591 1434 748 1489 Miser
773 1451 864 1504 ego
891 1433 1062 1498 homo,
1091 1434 1200 1505 quis
1231 1450 1307 1486 me
1348 1433 1575 1486 liberabit
1610 1432 1674 1488 de
1708 1449 1916 1504 corpore

313 1529 496 1581 ntortis
525 1526 721 1598 hujus?
766 1522 945 1578 Gratia
977 1523 1072 1576 Dei
1100 1541 1188 1594 per
1229 1523 1407 1577 Jesum
1437 1511 1690 1578 Christum
1733 1522 1915 1578 Denti—

314 1636 442 1672 num
472 1626 700 1671 nostrunt
726 1613 901 1689 (Rom.
931 1631 1026 1683 vn,
1053 1612 1269 1687 23-25).
1317 1614 1450 1681 Quia
1485 1615 1570 1685 qui
1593 1631 1690 1683 me,
1724 1614 1913 1686 inquit,

315 1711 564 1780 sequitur,
595 1726 697 1763 non
723 1708 997 1762 ambulabit
1036 1709 1089 1762 in
1132 1708 1376 1773 tenebris;
1412 1709 1498 1762 sed
1528 1709 1722 1762 habebit
1751 1710 1916 1764 lumen

316 1805 453 1857 riae.
486 1802 658 1857 Finita
687 1810 795 1856 tota
831 1803 965 1867 rixa,
999 1802 1368 1856 immortalitas
1392 1811 1767 1870 consequetur,
1795 1803 1914 1872 quia

318 1894 595 1948 novissima
622 1893 829 1947 inimica
854 1892 1138 1947 destruetur
1164 1909 1320 1946 mors.
1353 1892 1421 1947 Et
1447 1893 1617 1964 qualis
1645 1908 1742 1963 pax
1774 1896 1872 1948 erit
1894 1896 1916 1948 ?

324 1987 541 2055 Oportet
563 1983 889 2054 corruptibile
915 1985 1010 2038 hoc
1027 1983 1236 2038 induere
1250 1968 1699 2056 incoﬂuptionem,
1717 1995 1762 2040 et
1784 2003 1917 2039 mor-

319 2078 425 2131 tale
442 2077 538 2130 hac
562 2076 772 2130 induere
785 2074 1214 2130 immortalitatem
1236 2074 1278 2147 (l
1301 2075 1416 2130 Cor.
1442 2075 1647 2160 “~26,
1673 2077 1782 2146 55).
1801 2076 1918 2143 Quo

318 2178 378 2222 ut
417 2167 716 2233 veniamus,
757 2167 879 2238 quia
910 2179 1034 2222 tunc
1063 2167 1167 2222 erit
1195 2167 1246 2221 in
1274 2183 1353 2234 re,
1386 2182 1526 2222 nunc
1555 2183 1839 2238 sequantur
1864 2169 1916 2221 in

316 2275 417 2327 5pc
447 2274 570 2316 eum
600 2259 689 2329 qui
717 2258 870 2322 dixit,
903 2257 1018 2332 Ego
1046 2275 1158 2313 sum
1187 2259 1276 2312 lua:
1304 2259 1514 2312 mundi:
1538 2260 1621 2330 qui
1645 2276 1722 2313 me
1749 2261 1917 2330 sequi-

316 2361 423 2419 tur,
451 2368 553 2405 non
579 2349 854 2405 ambulabit
880 2351 930 2404 in
961 2350 1201 2416 tenebris;
1244 2349 1332 2404 sed
1362 2351 1556 2404 habebit
1589 2351 1757 2405 lumen
1782 2352 1914 2406 vitae.

788 2441 1107 2498 TRACTAT
1113 2441 1196 2498 US
1234 2438 1450 2496 XXXV.

317 2534 395 2588 Ab
427 2552 484 2590 eo
512 2536 650 2605 quod
675 2536 877 2607 legitur,
910 2535 1164 2590 Dixerunt
1188 2549 1316 2604 ergo
1348 2534 1622 2602 Pltariszni,
1653 2535 1731 2590 Tu
1757 2535 1822 2590 de
1842 2545 1918 2592 te-

394 2630 514 2699 ipso
557 2629 918 2685 testimonium
956 2628 1223 2699 perhibes,
1269 2637 1363 2682 etc.
1384 2669 1398 2692 ,
1429 2645 1583 2699 usque
1609 2629 1675 2681 ad
1702 2628 1775 2695 id,
1808 2629 1916 2684 Ve-

393 2738 514 2776 rum
542 2729 624 2776 est
669 2721 1028 2777 testimonium
1059 2734 1258 2786 meum,
1305 2720 1426 2790 quia
1453 2719 1566 2775 scio
1592 2719 1732 2776 unde
1771 2720 1913 2788 veni,

389 2823 448 2866 et
469 2828 577 2883 quo
601 2811 760 2867 vado.
789 2812 915 2883 Cap.
947 2827 1056 2878 vm,
1104 2811 1140 2883 Ῡ
1165 2851 1178 2864 .
1209 2812 1295 2875 15,
1331 2811 1416 2865 14.

394 2906 450 2959 1.
491 2904 569 2958 De
598 2903 776 2958 verbis
807 2903 1014 2957 Domini
1044 2902 1210 2958 nostri
1259 2901 1382 2957 Jesu
1427 2900 1646 2968 Christi,
1691 2901 1778 2956 ubi
1817 2901 1911 2967 ait,

317 2996 435 3068 Ego
459 3014 573 3051 sum
599 2997 689 3050 lux
717 2996 930 3049 mundi:
956 2995 1044 3067 qui
1073 3012 1152 3049 me
1168 2995 1410 3064 sequitur,
1437 3010 1538 3047 non
1568 2992 1842 3046 ambulabit
1861 2993 1915 3046 in

320 3088 572 3151 tenebris;
599 3087 688 3140 sed
727 3086 921 3140 habebit
950 3087 1118 3140 lumen
1145 3085 1260 3138 vita:
1298 3082 1475 3156 (Joan.
1519 3099 1629 3151 vm,
1671 3083 1781 3151 1'2),
1816 3082 1913 3138 hc-

314 3189 502 3232 sterno
530 3179 617 3234 die
645 3178 732 3248 qui
776 3177 1041 3241 adfuistis,
1070 3177 1158 3233 diu
1200 3177 1525 3246 disputatum
1568 3190 1688 3231 esse
1725 3175 1914 3230 memi-

314 3270 508 3324 nistis:
539 3279 594 3324 et
619 3269 665 3324 si
689 3269 864 3325 adhuc
889 3269 1113 3324 velimus
1159 3267 1225 3322 de
1270 3268 1361 3322 illo
1391 3268 1586 3321 lumine
1613 3266 1910 3336 diSputare,

311 3363 407 3416 diu
453 3362 599 3432 loqui
644 3375 961 3433 possumus;
1013 3375 1136 3415 nam
1176 3375 1280 3414 non
1328 3374 1609 3430 possumus
1647 3359 1913 3428 explicare

312 3451 660 3522 compendio.
704 3453 904 3522 Itaque,
939 3450 1130 3506 fratres
1172 3451 1298 3518 mei,
1327 3465 1613 3520 sequamur
1641 3450 1911 3504 Christum

313 3547 498 3605 liuncu
545 3545 750 3613 mundi,
797 3559 863 3599 ne
892 3543 1224 3598 ambulemus
1268 3543 1320 3596 in
1367 3541 1622 3598 tenebris.
1654 3541 1913 3597 Tcnebra:

313 3637 622 3692 metuendae
651 3645 796 3702 sunt,
827 3652 1058 3702 morum,
1102 3651 1207 3690 non
1237 3635 1546 3690 oculorum:
1575 3642 1628 3689 ct
1655 3634 1698 3689 si
1726 3634 1912 3688 oculo-

314 3744 458 3792 rum,
491 3743 598 3782 non
626 3728 974 3794 exteriorum,
1007 3726 1099 3783 sed
1123 3726 1456 3792 interiorum,
1491 3724 1630 3779 unde
1657 3724 1914 3779 discerni-

317 3829 406 3873 tur
433 3834 540 3873 non
566 3819 744 3874 album
773 3828 826 3874 et
845 3819 1075 3889 nigrum,
1105 3817 1197 3873 sed
1216 3818 1417 3887 justum
1448 3825 1503 3871 et
1526 3817 1802 3887 injustam.

387 3913 443 3966 2.
484 3911 619 3967 Cum
651 3912 765 3967 lure
795 3928 922 3982 ergo
964 3911 1186 3966 dixisset
1234 3910 1492 3966 Dominus
1536 3919 1716 3964 noster
1754 3909 1911 3965 Jesus

315 4004 582 4071 Christus,
616 4004 1004 4077 responderunt
1027 4003 1195 4058 Jud.ei
1223 4020 1235 4056 :
1263 4000 1344 4056 Tu
1388 4001 1451 4056 de
1489 4011 1536 4056 te
1574 4002 1911 4056 testimonium

317 4097 475 4161 dicis;
501 4097 844 4152 testimonium
873 4105 1014 4149 licunt
1045 4111 1146 4148 non
1176 4104 1248 4148 est
1274 4109 1463 4146 verum.
1493 4094 1788 4163 Antequam
1814 4107 1909 4148 ve-

316 4190 456 4242 niret
487 4187 745 4243 Dominus
783 4198 966 4243 noster
993 4185 1146 4242 Jesus
1173 4185 1432 4250 Christus,
1471 4184 1665 4238 multas
1705 4194 1826 4238 ante
1852 4199 1910 4239 se

317 4279 564 4335 lucernas
600 4279 940 4349 prepheticas
969 4277 1211 4334 accendit
1244 4285 1298 4332 et
1326 4276 1484 4330 misit.
1519 4276 1591 4329 De
1633 4274 1716 4328 his
1750 4275 1910 4329 etiam

316 4381 429 4426 erat
456 4372 694 4427 Joannes
713 4372 969 4442 Baptista,
993 4371 1076 4425 cui
1101 4380 1205 4424 tam
1230 4384 1476 4438 maguum
1507 4369 1676 4436 ipsum
1705 4367 1907 4430 lumen,

314 4463 456 4534 quod
500 4471 584 4519 est
614 4463 870 4519 Dominus
899 4461 1162 4527 Christus,
1211 4459 1479 4530 perhibuit
1523 4457 1907 4528 testimonium,

313 4553 473 4621 quale
492 4553 625 4608 nulli
653 4553 963 4607 hominum:
991 4551 1063 4606 ait
1083 4551 1246 4615 enim,
1269 4548 1334 4602 In
1357 4549 1487 4602 natis
1511 4547 1779 4601 mulierum
1809 4563 1909 4602 non

314 4645 535 4701 surrexit
559 4645 727 4716 major
751 4643 952 4698 Joanne
971 4641 1201 4712 Baptista
1231 4639 1445 4714 (Matth.
1473 4655 1548 4706 xt,
1576 4639 1684 4708 Η).
1715 4637 1810 4692 Hic
1833 4646 1910 4692 la-

315 4755 460 4806 men,
485 4753 594 4810 quo
622 4753 781 4792 nemo
810 4745 927 4792 erat
956 4736 1126 4806 major
1167 4734 1218 4788 in
1251 4733 1387 4789 natis
1433 4732 1735 4795 mulierum,
1782 4730 1910 4785 dicit

313 4830 380 4887 de
412 4831 640 4886 Domino
667 4829 795 4885 Jesu
823 4829 1072 4884 Christo:
1101 4825 1215 4898 Ego
1258 4825 1458 4898 quidem
1501 4823 1699 4896 baptizo
1741 4840 1826 4877 vos
1855 4824 1908 4876 in

313 4941 478 4993 aqua;
508 4925 595 4995 qui
630 4932 800 4978 autem
836 4922 985 4986 venit,
1018 4921 1198 4990 fortior
1235 4937 1314 4976 me
1359 4928 1450 4984 est,
1480 4920 1628 4988 cujus
1657 4935 1757 4972 non
1792 4934 1906 4971 sum

314 5016 498 5085 dignus
522 5014 915 5068 calceamen’tum
941 5013 1129 5067 solvere
1164 5009 1341 5080 (Joan.
1371 5025 1406 5074 1,
1438 5009 1530 5074 26,
1558 5010 1674 5073 27).
1714 5009 1904 5064 Videte

314 5104 763 5176 quemadmodum
809 5119 866 5159 se
894 5104 1108 5158 lucerna
1151 5102 1254 5156 diei
1284 5102 1577 5156 submittat.
1608 5101 1904 5155 Lucernam

313 5211 441 5252 vero
472 5197 646 5268 ipsum
690 5196 950 5253 Joannem
991 5196 1153 5252 fuisse
1194 5196 1449 5250 Dominus
1493 5197 1604 5265 ipse
1647 5204 1902 5250 testatur:

315 5289 416 5345 Ille
439 5299 570 5355 erat,
595 5291 784 5360 inquit,
818 5289 1020 5344 lucerna
1049 5286 1233 5342 ardens
1254 5296 1299 5340 et
1327 5287 1534 5352 lucens;
1562 5296 1605 5340 et
1632 5303 1716 5340 vos
1747 5287 1906 5340 volui-

313 5384 401 5441 stis
442 5384 513 5438 ad
560 5387 742 5438 horam
794 5381 1048 5443 exsultare
1093 5381 1147 5435 in
1189 5379 1378 5435 lumine
1423 5381 1534 5450 ejus
1565 5379 1676 5450 (Id.
1706 5395 1758 5445 v,
1789 5379 1901 5448 55).

314 5475 536 5544 Quando
564 5484 744 5530 autem
773 5473 1021 5529 dixerunt
1045 5470 1215 5529 Judazi
1253 5471 1496 5540 Domino,
1541 5470 1636 5524 Die
1663 5470 1822 5536 nobis,
1852 5471 1904 5524 in

313 5585 410 5638 qua
437 5576 681 5638 potestate
707 5566 806 5620 ista
827 5564 992 5638 facis?
1017 5563 1191 5620 sciens
1219 5562 1476 5617 Dominus
1505 5561 1624 5632 quia
1645 5560 1902 5616 Joannem

313 5660 609 5732 Baptistam
658 5673 755 5730 pro
798 5672 993 5730 magno
1038 5655 1320 5720 baberent,
1357 5652 1571 5724 etquod
1605 5652 1716 5723 ipse
1745 5668 1902 5728 quem

316 5769 413 5827 pro
439 5768 635 5827 magno
657 5746 945 5823 habebant,
964 5751 1042 5809 eis
1061 5750 1128 5808 de
1150 5749 1375 5807 Domino
1401 5747 1756 5805 testimonium
1783 5764 1903 5820 per-

1424 302 1828 364 TRACTATUS
1865 301 2082 361 xxxv.
2128 305 2354 367 CAPUT
2395 307 2531 366 Vllt.
2627 269 2630 272 λ

3468 320 3606 376 1638

2017 420 2294 491 hibuisset,
2323 426 2596 496 respondit
2615 426 2693 482 eis
2715 445 2727 482 :
2752 426 3092 499 luterrogabo
3117 438 3169 485 et
3195 447 3291 502 ego
3318 445 3410 488 vos
3441 450 3604 488 unum

2015 529 2350 572 sermonem:
2379 518 2538 573 dicite
2559 519 2707 587 mihi,
2734 521 3033 591 Baptismus
3053 523 3275 579 Joannis
3306 525 3446 581 unde
3485 535 3608 583 est?

2017 605 2082 660 de
2107 608 2264 674 cmlo,
2293 624 2358 662 an
2389 625 2454 665 ex
2499 610 2838 668 hominibus?
2866 613 3082 670 Turbati
3115 616 3187 670 illi
3219 619 3356 672 intra
3402 629 3608 676 semet-

2018 697 2162 767 ipsos
2190 700 2510 769 cogitabant,
2535 702 2658 772 quia
2690 704 2734 757 si
2764 704 3022 770 dicerent,
3054 706 3135 761 Ab
3166 706 3491 777 hominibus,
3526 710 3607 764 la-

2019 789 2185 858 pidari
2217 801 2434 860 po~seut
2455 808 2482 845 a
2512 793 2683 860 turba,
2713 812 2832 864 qua:
2855 796 3113 851 Joannem
3144 799 3455 868 prophetam
3486 816 3608 856 esse

2017 879 2298 934 credebat:
2333 881 2375 935 si
2402 882 2656 949 dicerent,
2706 887 2778 941 De
2818 887 2973 953 ccelo,
3007 890 3359 959 responderet
3385 892 3482 957 eis,
3515 893 3608 947 Ille

2019 986 2174 1042 quem
2207 973 2530 1028 conﬁtemini
2559 975 2625 1030 de
2650 979 2787 1032 casio
2811 978 3060 1034 habuisse
3088 983 3444 1052 prophetiam,
3479 985 3607 1038 mihi

2021 1067 2378 1122 tcStimouium
2410 1068 2695 1138 perhibuit,
2727 1080 2781 1126 et
2809 1073 2875 1127 ab
2906 1073 2996 1127 illo
3040 1075 3264 1130 audistis
3300 1077 3349 1130 in
3377 1092 3480 1147 qua
3509 1092 3610 1147 ego

2020 1157 2118 1212 ista
2148 1159 2333 1213 faciam
2365 1169 2643 1228 potestate.
2677 1161 2932 1218 Viderunt
2978 1180 3128 1235 ergo,
3177 1166 3455 1236 quodlibet
3505 1167 3608 1222 ho-

2019 1267 2137 1305 rum
2169 1251 2586 1322 rCSpondissent,
2631 1255 2681 1308 in
2724 1255 2967 1324 laqueum
2997 1274 3055 1312 se
3081 1274 3329 1324 casuros;
3361 1268 3413 1314 et
3453 1259 3608 1314 dixe-

2021 1351 2164 1410 runt,
2197 1341 2480 1397 Nescimus.
2513 1344 2577 1398 Et
2606 1344 2861 1400 Dominus
2894 1347 3008 1402 eis:
3036 1347 3144 1402 Nec
3183 1339 3272 1419 ego
3297 1350 3410 1404 dico
3446 1351 3605 1418 vobis,

2020 1431 2072 1485 in
2101 1449 2200 1502 qua
2221 1442 2462 1503 potestate
2484 1435 2577 1487 ista
2603 1435 2735 1506 facio
2759 1435 2972 1503 (Matth.
3000 1454 3108 1503 xxI,
3136 1439 3351 1510 25-27).
3379 1440 3495 1494 Non
3519 1455 3608 1495 vo-

2020 1523 2102 1579 bis
2131 1525 2248 1580 dico
2279 1525 2418 1595 quod
2440 1526 2568 1592 scio,
2601 1527 2722 1597 quia
2751 1544 2856 1581 non
2898 1529 3055 1582 vultis
3082 1531 3231 1584 fateri
3262 1532 3404 1600 quod
3436 1532 3604 1586 scitis.

2021 1617 2321 1673 Justissime
2340 1619 2520 1689 utique
2540 1619 2760 1688 repulsi,
2778 1618 2984 1674 confusi
3006 1621 3411 1676 abscesserunt:
3434 1633 3488 1677 et
3505 1623 3607 1676 im-

2021 1708 2218 1778 pletum
2245 1718 2328 1763 est
2355 1709 2494 1778 quod
2524 1709 2576 1762 in
2599 1709 2809 1764 Psalmo
2837 1726 2936 1780 per
2963 1709 3280 1780 Prophetam
3312 1711 3440 1766 dicit
3469 1713 3609 1768 Deus

2023 1799 2198 1865 Pater,
2247 1798 2436 1853 Ριυάιοὶ
2484 1798 2739 1853 lucernam
2782 1801 2981 1856 Christo
3027 1817 3158 1866 meo,
3202 1801 3252 1855 id
3299 1813 3401 1868 est,
3436 1802 3606 1872 ipsum

2020 1892 2322 1958 Joannem;
2387 1893 2611 1949 inimicos
2658 1895 2767 1966 ejus
2813 1893 3024 1948 induant
3073 1894 3365 1966 confusione
3408 1894 3605 1966 (Psal.

2020 2001 2211 2048 CXXXI,
2246 1986 2332 2050 17,
2369 1986 2480 2056 18).

2092 2077 2144 2131 5.
2189 2076 2424 2130 llabebat
2466 2091 2591 2146 ergo
2622 2076 2876 2132 Dominus
2904 2077 3058 2133 Jesus
3083 2077 3327 2134 Christus
3355 2078 3598 2134 testimo-

2021 2169 2165 2222 nium
2197 2168 2584 2240 PrOphetarum
2613 2179 2735 2223 ante
2763 2184 2822 2224 se
2853 2171 3268 2239 prmmissorum,
3304 2187 3608 2242 pra'conum

2017 2261 2246 2332 judicem
2281 2261 2727 2330 praecedentium;
2762 2261 2992 2317 habebat
3018 2264 3377 2319 testimonium
3397 2278 3426 2318 a
3448 2264 3610 2319 Joan-

2021 2369 2090 2408 ne
2114 2369 2127 2406 :
2152 2353 2243 2408 sed
2273 2353 2385 2422 ipse
2411 2353 2580 2423 majus
2603 2355 2619 2384 ¹
2646 2355 3003 2408 testimonium
3034 2363 3171 2423 erat,
3196 2355 3338 2426 quod
3364 2356 3462 2410 sibi
3491 2371 3610 2427 per-

2023 2444 2256 2500 hibebat.
2285 2445 2359 2499 llli
2379 2451 2554 2500 autem
2580 2445 2802 2500 inﬁrmis
2823 2445 2992 2500 oculis
3015 2447 3259 2501 lucernas
3279 2447 3608 2517 qu:erebant,

2020 2542 2142 2609 quia
2171 2539 2310 2592 diem
2340 2538 2477 2594 ferre
2502 2555 2606 2594 non
2631 2548 2872 2608 poterant
2897 2556 2908 2590 :
2935 2555 3055 2592 nam
3077 2538 3310 2596 Joannes
3331 2538 3471 2596 idem
3494 2539 3610 2610 ipse

2020 2631 2314 2700 apostolus,
2348 2630 2500 2700 cujus
2524 2630 2870 2700 Evangelium
2902 2630 2955 2684 in
2984 2631 3226 2686 manibus
3256 2623 3530 2696 habemus,
3555 2632 3610 2686 in

2021 2721 2186 2792 ipsius
2216 2721 2485 2792 Evangelii
2507 2722 2587 2776 sui
2615 2721 2788 2792 capite
2817 2722 2890 2775 ait
2919 2721 2984 2776 de
3001 2721 3227 2789 Joanne,
3253 2742 3271 2775 ι
3301 2721 3429 2777 Erat
3450 2723 3611 2778 homo

2021 2813 2218 2867 missus
2246 2827 2276 2866 a
2307 2812 2446 2877 Deo,
2479 2813 2562 2867 cui
2605 2827 2800 2868 nomen
2827 2820 2943 2868 erat
2966 2811 3198 2867 Joannes
3226 2831 3238 2867 :
3271 2813 3358 2868 hic
3385 2814 3527 2870 venit
3555 2815 3610 2870 in

2024 2903 2420 2968 testimonium,
2449 2911 2507 2957 ut
2536 2903 2896 2957 testimonium
2928 2897 3234 2972 perhiberet
3271 2901 3337 2958 de
3375 2903 3604 2970 lumine,

2021 3003 2077 3047 ut
2105 3007 2291 3048 omnes
2315 2992 2596 3049 crederent
2620 3007 2715 3063 per
2743 3007 2886 3047 cum.
2929 2991 3042 3046 Non
3092 3001 3208 3046 erat
3256 2992 3343 3047 ille
3387 2993 3603 3060 lumen,

2019 3083 2115 3138 sed
2147 3093 2203 3137 ut
2229 3083 2585 3138 testimonium
2618 3083 2919 3152 perhiberet
2941 3082 3009 3137 de
3034 3082 3252 3137 lumine.
3279 3084 3404 3137 Erat
3429 3083 3606 3140 lumen

2020 3169 2202 3230 verum
2229 3216 2243 3240 ,
2271 3175 2412 3246 quod
2443 3175 2706 3229 illuminat
2731 3189 2946 3229 onmem
2990 3174 3260 3229 hominem
3307 3176 3606 3229 venientem

2019 3267 2071 3322 in
2101 3267 2376 3321 mundum.
2398 3286 2415 3316 ι
2448 3266 2504 3322 Si
2532 3282 2744 3331 omnem,
2771 3281 2896 3337 ergo
2917 3276 2970 3320 et
2996 3265 3275 3320 Joannem.
3303 3264 3456 3321 Unde
3482 3265 3612 3321 dicit

2019 3372 2074 3416 ct
2114 3360 2226 3430 ipse
2265 3359 2516 3416 Joannes.
2551 3357 2663 3413 Nos
2694 3376 2864 3414 omnes
2893 3359 2956 3412 de
2993 3359 3305 3430 plenitudine
3333 3359 3441 3430 ejus
3469 3376 3611 3414 acce-

2019 3454 2184 3522 pimus
2211 3452 2396 3525 (Joan.
2431 3469 2467 3518 l,
2501 3451 2616 3520 6-9,
2650 3451 2762 3522 16).
2797 3451 3090 3507 Discernitc
3113 3467 3240 3522 ergo
3262 3451 3383 3519 ista,
3409 3460 3464 3506 ut
3489 3466 3608 3521 pro-

2018 3544 2161 3599 ﬁciat
2191 3561 2343 3601 mens
2376 3554 2549 3600 vestra
2580 3545 2630 3599 in
2665 3545 2767 3600 lide
2793 3544 3024 3610 Christi;
3053 3559 3120 3599 ne
3143 3559 3356 3614 semper
3381 3544 3612 3601 infantes

2017 3635 2134 3689 sitis
2179 3635 2341 3690 ubera
2391 3644 2718 3705 quaerentes,
2750 3643 2804 3688 et
2843 3649 2872 3687 a
2911 3634 3030 3688 cibo
3075 3633 3244 3687 solido
3286 3633 3606 3689 resilientes.

2016 3727 2230 3782 Debetis
2259 3727 2398 3796 apud
2439 3735 2662 3782 matrem
2701 3737 2935 3782 sanctam
2964 3725 3254 3780 Ecclesiam
3285 3723 3480 3779 Christi
3506 3741 3607 3779 nu-

2018 3822 2132 3877 triri
2160 3831 2212 3877 et
2257 3820 2541 3888 ablactari,
2585 3829 2640 3874 et
2683 3819 2750 3873 ad
2797 3834 2946 3874 escas
2988 3817 3268 3873 solidiores
3310 3817 3604 3882 accedere,

2015 3922 2229 3981 mente,
2277 3929 2385 3972 non
2419 3921 2623 3968 ventre.
2666 3913 2778 3967 lloc
2813 3927 2941 3981 ergo
2967 3910 3288 3975 discernite,
3315 3909 3457 3964 aliud
3487 3925 3607 3966 esse

2015 4006 2193 4060 lumen
2223 4003 2364 4075 quod
2397 4003 2690 4070 illtuninat,
2723 4001 2865 4056 aliud
2909 4016 3029 4056 esse
3076 4000 3217 4071 quod
3259 4000 3602 4056 illuminatur.

2013 4098 2146 4154 Nam
2173 4107 2228 4152 et
2257 4096 2395 4150 oculi
2427 4096 2591 4150 nostri
2633 4096 2832 4150 lumina
2861 4094 3141 4159 dicuntur;
3169 4102 3223 4148 et
3248 4093 3608 4163 unusquisque

2015 4191 2086 4246 ita
2104 4191 2268 4260 jurat,
2301 4197 2522 4261 tangens
2542 4188 2725 4243 oculos
2755 4201 2900 4250 suos,
2931 4202 3028 4256 per
3049 4186 3246 4240 lumina
3273 4200 3389 4250 sua,
3416 4184 3505 4240 Sic
3529 4185 3609 4239 vi-

2013 4294 2140 4336 vant
2177 4281 2376 4335 lumina
2420 4295 2535 4335 mea
2562 4297 2573 4332 ε
2601 4279 2790 4334 usitata
2815 4278 3012 4348 juratio
3047 4287 3146 4332 est.
3179 4276 3307 4344 Quae
3331 4276 3532 4330 lumina
3560 4277 3605 4331 si

2015 4373 2212 4428 lumina
2243 4380 2368 4427 sunt
2386 4413 2399 4436 ,
2428 4371 2568 4426 desit
2594 4371 2772 4425 lumen
2799 4369 2850 4422 in
2879 4367 3123 4422 cubiculo
3150 4376 3240 4421 tuo
3269 4366 3474 4431 clauso,
3507 4381 3606 4436 pa-

2018 4473 2164 4519 teant
2188 4471 2243 4518 et
2268 4464 2481 4517 luceant
2520 4461 2610 4516 tibi
2635 4477 2647 4512 :
2674 4477 2776 4514 non
2820 4459 3003 4528 utique
3042 4466 3282 4528 possunt.
3323 4457 3607 4524 Quomodo

2014 4571 2141 4626 ergo
2167 4555 2267 4610 ista
2297 4556 2348 4609 iu
2381 4553 2512 4610 facie
2541 4569 2658 4624 qua:
2687 4551 2978 4616 habemus,
3008 4560 3060 4606 et
3085 4551 3284 4604 lumina
3326 4565 3603 4621 nuncupa-

2013 4664 2154 4714 mus,
2183 4656 2237 4703 et
2261 4647 2474 4718 quando
2501 4661 2627 4700 sana
2659 4654 2800 4709 sunt,
2823 4654 2876 4698 et
2902 4643 3112 4713 quando
3139 4649 3341 4713 patent,
3370 4642 3606 4711 indigent

2014 4739 2346 4794 extrinsecus
2371 4737 2638 4808 adjutorio
2664 4735 2910 4801 luminis;
2938 4751 3043 4804 quo
3067 4734 3243 4789 ablato
3277 4740 3370 4786 aut
3399 4747 3502 4786 non
3539 4732 3603 4784 il-

2014 4831 2142 4895 lato,
2173 4845 2300 4885 sana
2335 4839 2490 4894 sunt,
2529 4838 2710 4898 aperta
2749 4837 2907 4894 sunt,
2938 4843 3035 4882 nec
3073 4836 3250 4881 tamen
3279 4825 3459 4880 vident
3485 4839 3498 4878 :
3524 4824 3603 4880 sic

2014 4939 2169 4979 tuens
2195 4931 2394 4988 nostra,
2427 4922 2516 4993 qui
2541 4932 2626 4979 est
2651 4921 2836 4976 oculus
2864 4921 3074 4985 animae,
3111 4919 3211 4975 nisi
3249 4917 3485 4973 veritatis
3516 4917 3600 4971 lu-

2012 5017 2156 5072 mine
2184 5015 2436 5081 radietur,
2466 5024 2521 5070 et
2553 5015 2619 5068 ab
2650 5015 2739 5069 illo
2769 5015 2856 5084 qui
2896 5013 3156 5067 illuminat
3194 5026 3292 5066 nec
3329 5010 3600 5064 illumina-

2013 5118 2116 5174 tur,
2163 5109 2473 5164 mirabiliter
2503 5109 2810 5170 illustrctur,
2841 5121 2940 5162 nec
2967 5105 3032 5160 ad
3058 5104 3368 5176 sapientiam
3396 5117 3496 5158 nec
3529 5101 3598 5158 ad

2007 5199 2264 5270 justitiam
2295 5200 2490 5269 poterit
2513 5198 2808 5270 pervenire.
2841 5196 2958 5266 Ipsa
2993 5205 3074 5251 est
3101 5194 3244 5248 enim
3281 5192 3368 5247 via
3413 5201 3596 5247 nostra

2007 5290 2148 5360 juste
2176 5291 2376 5344 vivere.
2406 5289 2684 5358 Quomodo
2703 5297 2879 5343 autem
2902 5303 3011 5341 non
3038 5283 3270 5366 oll‘endat
3299 5283 3351 5338 in
3382 5282 3488 5351 via,
3509 5283 3598 5339 cui

2011 5396 2119 5438 non
2165 5383 2302 5438 lueet
2344 5382 2560 5437 lumen?
2591 5383 2667 5436 Ac
2697 5397 2790 5450 per
2821 5381 2923 5435 hoc
2954 5378 3007 5435 in
3034 5377 3123 5432 tali
3147 5377 3230 5430 via
3255 5376 3438 5432 videre
3464 5391 3600 5447 opus

2010 5481 2130 5538 est,
2177 5473 2229 5528 iu
2275 5472 2365 5528 tali
2414 5474 2497 5527 via
2541 5472 2721 5527 videre
2761 5486 3008 5540 magnum
3033 5478 3136 5525 est.
3163 5467 3297 5530 Nam
3323 5468 3517 5525 Tobias
3544 5467 3598 5522 in

2010 5563 2144 5620 facie
2182 5564 2366 5620 oculos
2407 5565 2614 5618 clausos
2653 5561 2918 5626 habebat,
2947 5568 3001 5615 et
3045 5559 3186 5616 ﬁlius
3217 5557 3353 5631 patri
3378 5570 3596 5636 manum

2074 5699 2092 5731 ι
2115 5703 2209 5746 Iov
2232 5731 2246 5755 ,
2268 5694 2620 5759 ipsummajus.
2647 5700 2701 5759 _At
2742 5700 2840 5741 Am.
2863 5691 2988 5759 had.
3016 5698 3067 5759 et
3095 5697 3192 5751 ἡκ,
3212 5690 3332 5759 ipse.
3357 5691 3433 5744 sic
3453 5690 3600 5743 etiam

2145 5772 2172 5811 e
2196 5753 2370 5824 quibus
2402 5753 2623 5822 [letique
2647 5754 2753 5807 loco
2775 5755 2949 5817 majus,
2973 5755 3172 5819 habent,
3195 5753 3365 5818 magis.
