4082 6470
540 353 737 419 dabat;
766 357 918 424 pater
940 348 1053 409 filio
1076 348 1216 406 viam
1241 346 1600 422 praecipiendo
1625 341 2118 416 monstrabat(Tob.

539 459 614 512 ιι,
648 444 738 512 Η,
764 442 862 514 tv).

611 537 664 590 4.
700 534 1112 608 Responderunt
1133 549 1260 606 ergo
1285 531 1454 590 Judaei
1471 573 1488 601 ,
1515 529 1592 586 Tu
1615 530 1680 585 de
1713 539 1761 585 te
1788 526 2123 585 testimonium

540 628 703 693 dicis;
733 629 1069 683 testimonium
1094 635 1236 682 tuum
1261 643 1362 681 non
1387 633 1456 680 est
1481 641 1668 679 verum.
1693 622 1978 678 Videamus
1999 617 2123 690 quid

541 720 796 776 audiant:
822 721 1100 776 audiamus
1119 728 1173 776 et
1198 734 1316 786 nos,
1348 718 1442 774 sed
1471 733 1572 772 non
1604 716 1740 772 sicut
1766 716 1860 770 illi.
1885 715 1964 770 Illi
1992 728 2123 768 con-

529 819 862 878 temnentes,
897 825 994 866 nos
1017 810 1297 868 credentes
1321 827 1334 864 :
1360 809 1432 865 illi
1461 807 1705 864 occidere
1729 805 1996 863 Christum
2024 819 2122 859 vo-

546 901 748 968 lentes,
773 917 872 957 nos
899 917 997 973 per
1029 900 1297 956 Christum
1341 902 1529 956 vivere
1569 899 1863 970 cupientes.
1907 896 2123 950 Interim

549 996 640 1050 ista
670 995 918 1050 distantia
945 994 1234 1064 distinguat
1277 1009 1431 1048 aures
1471 1001 1781 1060 mentesque
1817 997 2046 1054 nostras,
2071 995 2126 1040 et

539 1087 816 1144 audiamus
840 1088 964 1158 quid
982 1086 1178 1142 Judaeis
1200 1085 1535 1158 responderit
1551 1083 1824 1138 Dominus.
1841 1079 2122 1151 Respondit

535 1179 570 1233 Ι
577 1197 710 1244 esus,
732 1190 779 1234 et
803 1180 928 1233 dixit
951 1180 1020 1234 eis
1041 1195 1057 1234 .'
1082 1178 1195 1232 Etsi
1215 1196 1303 1250 ego
1325 1178 1386 1232 de
1417 1195 1494 1232 me
1513 1177 1846 1231 testimonium
1869 1173 2121 1245 perhibeo,

536 1286 706 1326 verum
731 1279 803 1326 est
831 1272 1166 1326 testimonium
1195 1288 1398 1338 meum;
1422 1271 1540 1340 quia
1580 1270 1684 1324 scio
1724 1267 1858 1322 unde
1894 1266 2035 1330 veni,
2078 1273 2126 1320 et

534 1379 633 1433 quo
651 1363 798 1418 vado.
812 1363 1019 1419 Lumen
1040 1362 1210 1418 etalia
1231 1362 1560 1418 demonstrat
1575 1369 1628 1416 et
1642 1360 1896 1430 seipsum.
1916 1358 2126 1413 Accen-

537 1453 623 1509 dis
646 1455 940 1521 lucernam,
958 1455 1106 1510 verbi
1133 1455 1322 1525 gratia,
1343 1463 1399 1508 ut
1414 1467 1623 1524 quaeras
1646 1451 1896 1515 tunicam,
1913 1460 1966 1504 et
1990 1463 2127 1518 prte—

533 1553 640 1599 stat
669 1545 761 1599 tibi
786 1545 981 1600 ardens
1009 1545 1224 1600 lucerna
1246 1554 1302 1598 ut
1322 1543 1560 1598 invenias
1591 1529 1821 1596 tunicam
1840 1558 1852 1594 :
1870 1539 2125 1609 numquid

531 1635 782 1690 accendis
805 1635 1077 1690 lucernam
1107 1644 1161 1690 ut
1190 1634 1371 1690 videas
1391 1633 1664 1689 ardentem
1686 1633 1954 1686 lucernam
1971 1631 1995 1684 ?
2015 1630 2125 1685 Lu-

533 1741 696 1782 cerna
716 1727 911 1799 quippe
924 1727 1118 1783 ardens
1137 1726 1326 1782 idonea
1343 1733 1484 1781 estet
1501 1726 1601 1780 alia
1613 1740 1730 1796 qua:
1743 1723 1979 1779 tenebris
1994 1738 2125 1794 ope-

531 1816 808 1873 riebantur
833 1817 1031 1873 nudare
1053 1860 1068 1884 ,
1105 1825 1162 1873 et
1184 1818 1413 1888 seipsam
1436 1818 1538 1871 tuis
1556 1816 1722 1871 oculis
1738 1815 2124 1870 demonstrare.

531 1905 623 1962 Sic
639 1915 690 1961 et
710 1907 962 1962 Dominus
973 1907 1216 1962 Christus
1231 1917 1286 1962 et
1303 1909 1438 1962 inter
1453 1905 1632 1961 fideles
1649 1920 1793 1972 suos,
1811 1913 1865 1960 et
1885 1905 2126 1959 inimicos

532 1997 778 2065 Iudaeos,
809 2008 1056 2071 tanquam
1100 2001 1239 2055 inter
1273 2000 1447 2054 lucem
1477 2008 1531 2055 et
1557 1999 1806 2054 tenebras
1837 1998 2126 2069 distingue-

532 2087 661 2155 bat;
686 2097 937 2161 tanquam
959 2090 1098 2146 inter
1122 2090 1243 2145 illos
1273 2106 1407 2160 quos
1438 2089 1586 2144 radio
1609 2089 1726 2144 fidei
1754 2087 2122 2158 perfundebat,

531 2189 588 2236 et
613 2181 732 2237 illos
758 2196 984 2252 quorum
1009 2183 1220 2238 clausos
1260 2182 1445 2239 oculos
1486 2181 1960 2238 circumfundebat.
1992 2182 2125 2237 Nam

531 2272 696 2327 etiam
739 2273 818 2327 sol
859 2273 958 2328 iste
1000 2281 1056 2328 et
1095 2273 1326 2330 videntis
1367 2273 1556 2328 faciem
1589 2273 1850 2340 illustrat,
1880 2273 2121 2328 eteteci:

532 2365 693 2420 ambo
724 2365 920 2433 pariter
947 2373 1186 2433 stantes,
1227 2365 1506 2420 etfaciem
1547 2365 1612 2418 ad
1660 2365 1827 2420 solem
1869 2364 2127 2420 habentes

531 2453 870 2509 illustrantur
903 2456 954 2508 in
977 2471 1156 2522 carne,
1201 2455 1295 2510 sed
1334 2472 1442 2510 non
1487 2455 1646 2511 ambo
1675 2455 2039 2510 illuminantur
2072 2456 2125 2510 in

531 2543 682 2608 acie;
711 2543 854 2598 videt
889 2544 979 2600 ille
997 2587 1013 2611 ,
1047 2545 1139 2601 ille
1165 2561 1272 2601 non
1301 2545 1474 2610 videt;
1497 2543 1757 2599 ambobus
1785 2545 1862 2599 sol
1891 2561 2125 2614 prmsens

533 2642 650 2702 est,
673 2634 765 2690 sed
801 2635 1050 2705 praesenti
1078 2635 1179 2690 soli
1204 2651 1340 2690 unus
1367 2643 1449 2691 est
1469 2636 1682 2690 absens.
1708 2634 1797 2691 Sic
1822 2644 1876 2690 et
1900 2634 2123 2705 Sapien-

531 2725 605 2781 tia
636 2726 1007 2791 Dei,\"erbum
1045 2727 1181 2795 Dei,
1231 2727 1486 2783 Dominus
1531 2727 1685 2782 Jcsus
1721 2725 1960 2783 Christus
2012 2729 2126 2784 ubi-

529 2830 635 2886 que
662 2831 901 2888 pracsens
920 2825 1030 2883 est;
1076 2817 1200 2888 quia
1244 2818 1437 2888 ubique
1461 2827 1542 2872 est
1570 2817 1796 2885 veritas,
1816 2817 2013 2888 ubique
2044 2826 2127 2873 est

533 2909 817 2978 sapientia.
857 2907 1108 2980 Intelligit
1131 2909 1252 2980 quis
1275 2909 1327 2964 in
1357 2909 1561 2964 oriente
1584 2907 1879 2977 justitiam;
1925 2909 2116 2963 intelli-

538 2997 617 3069 git
655 2998 792 3054 alius
837 2999 889 3053 in
941 2998 1214 3054 occidente
1237 2998 1494 3070 justitiam
1539 2999 1839 3069 :numquid
1889 2999 1988 3053 alia
2044 3007 2127 3054 est

529 3087 740 3159 iustitia
782 3103 942 3159 quam
974 3090 1062 3145 ille
1092 3089 1369 3160 intelligit,
1401 3090 1501 3143 alia
1530 3105 1687 3160 quam
1728 3090 1858 3144 iste?
1885 3089 2123 3159 Separati

532 3187 664 3236 sunt
689 3194 940 3250 corpore,
963 3190 1017 3236 et
1047 3181 1099 3236 in
1131 3197 1239 3236 uno
1285 3181 1483 3236 habent
1520 3183 1661 3236 acies
1700 3183 1955 3236 mentium
2000 3197 2124 3236 sua-

531 3285 677 3326 rum.
702 3273 872 3338 Quam
899 3272 1053 3328 video
1067 3273 1329 3344 justitiam
1369 3273 1455 3328 hic
1483 3274 1821 3338 constitutus,
1853 3274 1896 3327 si
1920 3273 2123 3343 justitia

533 3370 650 3431 est,
680 3363 850 3433 ipsam
870 3364 1015 3420 videt
1038 3365 1214 3436 justus
1236 3367 1416 3422 nescio
1441 3374 1572 3436 quot
1591 3365 1955 3420 mansionibus
1983 3381 2012 3420 a
2039 3382 2124 3423 me

531 3468 697 3509 carne
725 3453 997 3524 sejunetus
1016 3498 1032 3525 ,
1068 3465 1123 3512 et
1155 3457 1207 3511 in
1237 3457 1374 3510 illius
1397 3456 1616 3526 iustitia:
1642 3456 1761 3512 luce
1787 3456 2120 3526 conjunctus.

532 3543 678 3616 Ergo
707 3545 1064 3602 teSIimonium
1085 3548 1186 3603 sibi
1210 3547 1454 3618 perhibet
1483 3548 1571 3602 lux
1596 3565 1610 3602 :
1633 3549 1804 3618 aperit
1826 3564 1985 3604 sanos
2005 3565 2127 3604 ocu-

531 3636 650 3707 los,
677 3646 734 3695 et
773 3639 874 3695 sibi
913 3639 1024 3711 ipsa
1066 3642 1216 3696 testis
1258 3650 1373 3708 est,
1407 3651 1464 3696 ut
1491 3651 1841 3713 cognoscatur
1877 3643 1986 3698 lux.
2018 3644 2123 3699 Sed

532 3733 660 3804 quid
708 3733 914 3804 agimus
963 3733 1031 3789 de
1076 3733 1411 3789 infidelibus?
1454 3734 1707 3804 numquid
1748 3735 1853 3792 illis
1891 3752 1997 3790 non
2043 3747 2126 3791 est

531 3824 809 3894 praesens?
847 3823 945 3880 Est
990 3839 1227 3894 praesens
1256 3833 1311 3880 et
1341 3824 1445 3880 illis
1479 3846 1487 3876 :
1519 3825 1615 3881 sed
1659 3825 1850 3895 quibus
1888 3842 2004 3880 eam
2045 3827 2124 3881 vi-

532 3913 732 3978 deant,
764 3914 952 3969 oculos
995 3930 1099 3970 non
1145 3915 1344 3970 habent
1371 3915 1567 3971 cordis.
1617 3916 1756 3970 Audi
1799 3917 1865 3972 de
1910 3918 2010 3971 illis
2052 3933 2121 3972 ex

533 4005 827 4076 Evangelio
851 4007 966 4076 ipso
996 4009 1254 4076 prolatam
1291 4009 1645 4064 sententiam:
1673 4009 1738 4061 Et
1782 4009 1870 4062 tua:
1915 4012 2046 4064 lucet
2071 4012 2126 4066 in

535 4096 769 4162 tenebris,
799 4105 845 4150 et
872 4097 1084 4151 tenebrae
1107 4114 1216 4152 eam
1244 4115 1344 4152 non
1370 4098 1850 4169 comprehenderunt
1876 4099 2056 4169 (Joan.
2083 4117 2119 4166 l,

533 4185 614 4256 5).
647 4187 787 4256 Ergo
812 4187 887 4241 ait
914 4188 1190 4254 Dominus,
1221 4199 1278 4243 et
1317 4203 1498 4243 verum
1525 4190 1636 4255 ait,
1665 4188 1780 4244 Etsi
1824 4207 1914 4262 ego
1948 4192 2010 4245 de
2047 4209 2127 4247 me

534 4275 871 4348 testimonium
913 4277 1168 4348 perhibeo,
1209 4294 1379 4332 rerum
1420 4289 1493 4333 est
1541 4281 1881 4336 testimonium
1917 4299 2123 4347 meum;

533 4365 656 4435 quia
679 4345 782 4420 scio
807 4367 941 4421 unde
963 4369 1093 4434 veni,
1118 4379 1164 4421 et
1192 4385 1289 4440 quo
1318 4373 1464 4424 vado.
1499 4370 1708 4426 Patrem
1736 4373 1946 4428 volebat
1967 4375 2123 4429 intel-

534 4453 629 4526 ligi
650 4473 665 4522 ;
686 4456 828 4512 Patri
847 4458 1069 4528 gloriam
1087 4459 1244 4514 dabat
1259 4459 1444 4516 Filius.
1459 4461 1702 4531 Equalis
1729 4463 1984 4533 glorificat
1999 4480 2121 4519 eum

532 4562 565 4604 a
589 4563 696 4619 quo
735 4558 818 4605 est
855 4550 1086 4606 missus:
1114 4561 1369 4622 quantum
1421 4553 1582 4610 debet
1620 4553 1782 4610 homo
1825 4555 2156 4626 glorificare

465 4634 467 4636 ’
532 4653 656 4696 eum
687 4655 717 4694 a
743 4655 848 4710 quo
873 4652 956 4696 est
979 4643 1222 4697 creatus?

605 4731 661 4786 5.
704 4730 825 4786 Scio
853 4733 989 4786 unde
1012 4734 1156 4799 veni,
1179 4743 1228 4787 et
1251 4751 1350 4804 quo
1377 4735 1526 4789 vado.
1564 4735 1666 4791 Iste
1691 4737 1777 4806 qui
1809 4737 1861 4792 in
1890 4754 2122 4808 praesen-

530 4822 604 4878 tia
628 4823 777 4879 vobis
796 4824 1049 4893 loquitur,
1074 4825 1233 4880 habet
1252 4827 1391 4895 quod
1419 4843 1521 4882 non
1547 4828 1804 4896 deseruit,
1827 4831 1920 4885 sed
1945 4842 2118 4887 tamen

527 4917 675 4971 venit
700 4935 712 4970 :
738 4932 841 4972 non
863 4917 1004 4971 enim
1027 4919 1288 4973 veniendo
1313 4919 1432 4974 inde
1455 4921 1717 4989 discessit,
1736 4933 1825 4977 aut
1848 4924 2119 4982 redeundo

527 5023 628 5063 nos
657 5007 957 5078 dereliquit.
994 5007 1130 5075 Quid
1167 5010 1468 5065 miramini?
1501 5011 1639 5067 Deus
1666 5024 1764 5067 est.
1797 5015 1910 5070 Non
1944 5027 2119 5087 potest

528 5098 632 5153 hoc
659 5098 772 5154 ﬁeri
799 5098 867 5154 ab
891 5098 1139 5166 homine;
1163 5115 1266 5154 non
1293 5109 1462 5171 potest
1485 5101 1586 5158 hoc
1613 5103 1726 5158 ficri
1754 5104 1820 5159 ab
1844 5106 1957 5175 ipso
1981 5109 2112 5164 sole.

528 5187 750 5255 Quando
789 5190 960 5261 pergit
988 5188 1053 5244 ad
1086 5189 1448 5259 occidentem,
1492 5193 1689 5250 deserit
1733 5197 2023 5264 orientem,
2064 5209 2118 5256 et

527 5278 700 5335 donec
724 5283 959 5338 oriturus
978 5283 1161 5338 redeat
1183 5283 1248 5338 ad
1269 5285 1548 5351 orientem,
1571 5302 1675 5343 non
1697 5297 1780 5343 est
1800 5289 1853 5343 in
1875 5291 2111 5348 oriente:

527 5369 786 5429 Dominus
811 5384 988 5431 autem
1019 5384 1201 5430 noster
1225 5375 1381 5432 Jesus
1406 5376 1649 5434 Christus
1677 5389 1732 5434 et
1759 5381 1932 5450 venit,
1961 5394 2016 5438 et
2043 5384 2114 5438 ibi

526 5470 645 5530 est;
689 5473 746 5520 et
788 5466 959 5534 redit,
991 5477 1048 5524 et
1086 5467 1172 5525 hic
1197 5477 1300 5525 est.
1330 5468 1468 5524 Audi
1510 5469 1684 5539 ipsum
1725 5471 2112 5544 Evangelistam

525 5553 633 5619 alio
668 5553 784 5611 loco
814 5555 1099 5626 dicentem,
1132 5571 1186 5616 et
1209 5562 1252 5616 si
1284 5571 1454 5633 potes,
1479 5577 1644 5634 cape;
1691 5564 1734 5618 si
1788 5580 1892 5620 non
1937 5577 2110 5637 potes,

525 5645 727 5706 crede:
758 5645 953 5717 Demn,
999 5651 1199 5722 inquit,
1229 5670 1372 5710 nemo
1419 5654 1544 5710 vidit
1582 5671 1832 5727 unquam,
1863 5657 1958 5714 nisi
1997 5659 2111 5715 uni-

1487 235 1555 294 ῙΝ
1591 231 1869 292 JOANNIS
1897 227 2372 302 EVANGELIUM,
2409 231 2466 291 S.
2505 231 2868 294 AUCUSTINI

2234 345 2429 416 genitus
2465 345 2663 416 Filius,
2707 350 2795 422 qui
2829 359 2908 406 est
2944 350 2996 406 in
3037 353 3150 408 sinu
3177 351 3378 426 Patris,
3417 355 3526 431 ipse
3562 366 3813 418 enarrat-it

2231 434 2411 505 (Joan.
2444 454 2480 506 I,
2507 438 2616 510 18).
2643 438 2758 496 Non
2785 440 2952 510 dixit,
2971 441 3091 499 Fuit
3119 447 3171 501 in
3185 447 3300 502 sinu
3322 447 3690 523 Patris,quasn
3719 471 3812 508 ve-

2230 529 2425 585 niendo
2457 530 2753 588 deseruerit
2791 535 2963 590 sinum
2999 537 3187 594 Patris.
3233 540 3328 598 Hic
3366 542 3717 618 loquebatur,
3759 558 3812 604 et

2231 617 2299 708 ibi
2348 635 2404 672 se
2443 636 2563 676 esse
2605 622 2959 696 dicebat:qui
3011 636 3064 682 et
3107 628 3230 685 hinc
3272 631 3640 704 discessurus,
3681 617 3808 708 quid

2229 707 2398 764 dixit?
2427 710 2556 765 Ecce
2589 729 2680 783 ego
2719 714 2965 770 vobiscum
2991 735 3102 772 sum
3127 737 3281 790 usque
3315 723 3384 776 ad
3418 707 3811 786 consummatio-

2230 819 2342 856 nem
2366 805 2534 858 saeculi
2559 804 2767 875 (Matth.
2797 823 2989 877 xxvm,
3014 808 3127 883 20).

2301 893 2353 948 6.
2396 894 2536 964 Ergo
2580 913 2762 952 verum
2803 907 2885 953 est
2927 903 3281 958 testimonium
3323 906 3566 978 luminis,
3593 912 3706 969 sive
3753 930 3813 971 se

2228 986 2490 1054 ostendat,
2517 987 2628 1044 sive
2652 990 2786 1054 alia;
2811 992 2931 1062 quia
2953 994 3067 1049 sine
3097 995 3294 1053 lumine
3321 1016 3423 1054 non
3450 1011 3601 1072 potes
3631 1007 3814 1064 videre

2229 1079 2426 1144 lumen,
2451 1089 2503 1134 et
2528 1081 2642 1136 sine
2663 1082 2860 1139 lumine
2883 1101 2984 1139 non
3008 1095 3156 1154 potes
3177 1089 3355 1144 videre
3375 1094 3648 1160 quodlibet
3668 1099 3815 1154 aliud

2228 1171 2367 1240 quod
2393 1186 2494 1226 non
2519 1181 2600 1228 est
2623 1173 2819 1232 lumen.
2847 1175 2901 1232 Si
2926 1177 3170 1234 idoneum
3192 1191 3270 1237 est
3295 1183 3474 1240 lumen
3503 1188 3569 1242 ad
3592 1189 3817 1246 demon-

2229 1261 2441 1315 stranda
2467 1277 2529 1317 ea
2558 1279 2675 1334 quae
2710 1280 2817 1320 non
2856 1277 2980 1321 sunt
3009 1268 3205 1326 lumina
3227 1314 3240 1337 ,
3269 1277 3518 1346 numquid
3553 1279 3602 1332 in
3634 1295 3692 1335 se
3722 1275 3816 1335 de;

2229 1355 2374 1411 ﬁcit?
2415 1360 2668 1430 numquid
2716 1376 2774 1416 se
2814 1378 2918 1418 non
2960 1368 3162 1435 aperit,
3208 1370 3322 1425 sine
3363 1389 3468 1441 quo
3496 1375 3597 1429 alia
3629 1386 3818 1446 patere

2230 1465 2335 1504 non
2366 1451 2627 1520 possunt?
2658 1452 2891 1510 Locutus
2919 1465 2999 1511 est
3027 1458 3286 1528 Propheta
3315 1479 3497 1518 verum
3519 1481 3534 1529 ;
3558 1468 3650 1522 sed
3675 1470 3818 1524 unde

2228 1539 2480 1609 haberet,
2511 1543 2610 1598 nisi
2638 1543 2705 1599 de
2731 1543 2875 1602 fonte
2905 1549 3143 1606 veritatis
3173 1551 3444 1610 hauriret?
3472 1557 3702 1614 Locutus
3729 1573 3817 1617 est

2227 1631 2457 1689 Joannes
2481 1650 2700 1702 verum;
2731 1637 2824 1692 sed
2866 1639 3006 1694 unde
3045 1641 3252 1698 locutus
3293 1655 3375 1700 est
3399 1688 3412 1709 ,
3443 1647 3615 1716 ipsum
3646 1651 3815 1706 inter-

2231 1741 2354 1796 roga
2381 1744 2394 1780 :
2417 1726 2526 1782 Nos
2547 1745 2736 1794 omnes,
2765 1729 2952 1800 inquit,
2972 1731 3034 1786 de
3056 1733 3365 1803 plenitudine
3383 1738 3490 1808 ejus
3510 1738 3813 1813 accepimus.

2230 1817 2372 1888 Ergo
2397 1818 2618 1875 idoneus
2648 1831 2727 1876 est
2755 1821 3012 1878 Dominus
3041 1835 3222 1881 noster
3257 1827 3412 1884 Jesus
3447 1831 3686 1889 Christus
3725 1838 3817 1906 qui

2230 1910 2328 1964 sibi
2353 1909 2625 1980 perhibeat
2649 1915 3032 1992 testiinonium.
3064 1917 3168 1973 Sed
3197 1919 3371 1990 plane,
3399 1922 3586 1980 fratres
3610 1929 3733 1993 mei,
3763 1929 3819 1983 in

2230 2013 2387 2058 nocte
2417 2002 2574 2072 hujus
2600 2007 2777 2060 smculi
2806 2007 3079 2064 audiamus
3107 2019 3160 2066 et
3192 2013 3524 2083 prophetiam
3563 2019 3764 2075 intente
3802 2039 3816 2074 :

2229 2093 2388 2149 modo
2427 2094 2568 2148 enim
2613 2096 2679 2150 ad
2728 2095 3062 2168 fragilitatem
3121 2112 3356 2159 nostram
3417 2118 3817 2180 nocturnasque

2230 2186 2408 2240 cordis
2439 2187 2608 2241 nostri
2639 2188 2853 2245 intimas
2892 2191 3141 2248 tenebras
3184 2194 3399 2251 humilis
3427 2199 3591 2254 voluit
3635 2203 3824 2258 venire

2230 2277 2486 2333 Dominus
2512 2289 2714 2334 noster.
2749 2281 2920 2336 Homo
2952 2285 3096 2338 venit
3122 2288 3538 2346 contemnendus
3561 2301 3613 2347 et
3642 2291 3823 2350 hono-

2230 2370 2447 2436 randus,
2476 2373 2621 2427 venit
2645 2374 2914 2444 negandus
2934 2385 2986 2430 et
3006 2377 3370 2446 confitendus;
3395 2386 3823 2443 contemnendus

2228 2469 2284 2515 et
2321 2463 2590 2532 negandus
2633 2479 2662 2518 a
2704 2464 2900 2520 Iuda-is
2924 2509 2937 2530 ,
2979 2467 3319 2526 honorandus
3348 2481 3402 2527 et
3424 2475 3761 2531 confitendus
3787 2495 3822 2531 a

2228 2551 2383 2606 nobis
2412 2571 2424 2605 :
2451 2553 2766 2624 judicandus
2795 2556 3228 2627 etjudicaturus;
3248 2561 3564 2632 judicandus
3594 2565 3818 2636 injuste,

2224 2641 2722 2712 judicaturnsjuste.
2737 2645 2878 2701 Talis
2899 2663 3026 2718 ergo
3042 2652 3204 2718 venit,
3224 2661 3282 2707 ut
3299 2662 3566 2723 oporteret
3579 2657 3626 2712 ei
3645 2657 3825 2714 lucere

2229 2747 2353 2788 nam
2394 2735 2755 2791 testimonium
2779 2737 3077 2806 perhibere.
3125 2741 3256 2797 Nam
3293 2745 3414 2814 quid
3445 2761 3577 2816 opus
3606 2758 3722 2802 erat
3758 2759 3827 2804 ut

2227 2825 2458 2882 Joannes
2475 2836 2722 2898 tanquam
2741 2829 2952 2884 lucerna
2981 2831 3284 2901 perhiberet
3301 2836 3657 2893 testimonium
3684 2840 3822 2908 diei,

2229 2917 2272 2970 si
2312 2917 2425 2972 dies
2454 2918 2567 2988 ipse
2613 2919 2682 2973 ab
2712 2920 3015 2976 infirmitate
3059 2932 3236 2978 nostra
3279 2935 3459 2995 posset
3486 2927 3824 2986 videri?St-d

2228 3026 2333 3067 non
2363 3022 2665 3081 poteramus
2691 3031 2703 3066 :
2738 3013 2976 3068 infirmus
3001 3013 3172 3071 factus
3201 3026 3284 3072 est
3311 3018 3567 3085 infirmis,
3597 3037 3692 3090 per
3733 3025 3825 3078 in-

2229 3100 2531 3158 firmitatem
2581 3101 2787 3160 sanavit
2824 3105 3214 3174 infirmitatem;
3254 3125 3350 3179 per
3374 3113 3651 3168 mortalem
3693 3133 3823 3172 car-

2229 3209 2351 3248 nem
2374 3235 2388 3258 ,
2416 3195 2593 3250 carnis
2631 3196 2848 3252 abstulit
2871 3207 3125 3264 mortem;
3157 3199 3225 3254 de
3265 3216 3488 3272 corpore
3518 3218 3615 3258 suo
3643 3207 3823 3279 colly-

2227 3285 2364 3339 rium
2393 3284 2521 3340 fceit
2546 3285 2830 3342 luminibus
2852 3289 3065 3343 nostris.
3081 3289 3213 3356 Quia
3229 3307 3354 3362 ergo
3372 3293 3627 3350 Dominus
3646 3299 3821 3365 venit,

2227 3386 2282 3433 et
2325 3381 2375 3432 in
2418 3387 2573 3434 nocte
2601 3379 2784 3435 smculi
2820 3380 2994 3437 adhuc
3029 3397 3246 3453 sumus,
3277 3396 3486 3456 oportet
3525 3397 3583 3443 ut
3610 3398 3663 3446 et
3692 3405 3828 3460 pro-

2228 3468 2435 3539 phetias
2461 3470 2756 3525 audiamus.

2303 3561 2353 3616 7.
2372 3560 2500 3615 Nam
2519 3561 2584 3616 de
2601 3562 2875 3632 prophetia
2894 3565 3255 3623 convincimus
3273 3571 3696 3629 contradicentes
3711 3576 3786 3631 Pa
3799 3609 3821 3619 -

2227 3670 2414 3726 ganos.
2433 3654 2561 3720 Quis
2583 3664 2664 3709 est
2683 3655 2944 3722 Christus,
2967 3658 3094 3714 dicit
3115 3659 3354 3730 Paganus
3370 3662 3393 3716 ἲ
3409 3663 3501 3718 Cui
3525 3669 3827 3735 resliomle-

2229 3763 2348 3802 mus
2383 3747 2585 3816 :Quem
2619 3749 3102 3817 prmuuntiaverunt
3133 3752 3429 3824 PrOphetze.
3455 3756 3520 3811 Et
3551 3758 3638 3813 ille
3670 3777 3683 3812 :
3715 3761 3825 3828 Qui

2230 3839 2543 3910 Prophetze?
2569 3840 2875 3896 Recitamus
2909 3842 3118 3910 Isaiam,
3159 3846 3427 3902 Danielem
3448 3889 3463 3914 ,
3495 3849 3786 3908 Jcremiam
3806 3898 3820 3919 ,

2228 3931 2362 3986 alios
2372 3939 2583 3986 sanctos
2599 3931 2890 4001 Prophetas
2905 3948 2919 3996 ;
2934 3933 3325 4006 dicimusquam
3350 3939 3506 4010 longe
3522 3953 3644 3997 ante
3661 3943 3825 4001 illum

2230 4020 2707 4092 venerint,quanto
2730 4033 2966 4094 tempore
2988 4025 3269 4081 adventum
3287 4030 3403 4100 ejus
3426 4037 3825 4101 praecesserint.

2232 4111 2346 4168 [Ioc
2370 4128 2496 4183 ergo
2526 4114 2938 4183 respondemus:
2970 4115 3346 4174 Przevenerunt
3365 4136 3483 4176 eum
3504 4115 3826 4195 Pmphctai,

2230 4201 2597 4270 prmdixerunt
2611 4219 2730 4258 eum
2747 4219 2865 4259 esse
2882 4213 3177 4261 venturum.
3193 4208 3498 4280 Respondet
3512 4213 3704 4284 aliquis
3722 4233 3828 4272 eo-

2228 4309 2346 4347 rum
2367 4312 2380 4348 :
2397 4294 2496 4361 Qui
2525 4295 2831 4365 Propheta)?
2844 4295 2950 4352 Nos
2966 4299 3271 4365 recitamus,
3287 4303 3375 4372 qui
3401 4304 3553 4360 nobis
3577 4309 3831 4376 quotidie

2228 4387 2541 4442 recitantur.
2565 4389 2633 4442 Et
2648 4388 2763 4444 ille:
2789 4389 2889 4456 Qui
2909 4400 3031 4445 sunt
3051 4390 3103 4446 hi
3125 4392 3404 4464 Propheta:
3419 4396 3443 4450 ?
3461 4396 3566 4453 Nos
3588 4415 3828 4470 respon-

2227 4475 2443 4532 demus:
2463 4478 2561 4545 Ωιιὶ
2577 4486 2631 4533 et
2644 4478 2999 4548 prmdixerunt
3013 4496 3075 4537 ea
3088 4497 3206 4551 qua:
3219 4482 3330 4539 fieri
3346 4485 3602 4543 videmus.
3620 4489 3684 4543 Et
3701 4490 3828 4547 ille:

2229 4568 2337 4626 Vos
2349 4612 2364 4635 ,
2381 4570 2552 4638 inquit
2569 4611 2584 4638 ,
2599 4572 2750 4628 vobis
2763 4572 2862 4628 ista
2879 4572 3124 4643 finxistis,
3138 4576 3344 4634 vidistis
3358 4594 3418 4634 ea
3438 4580 3573 4650 fieri,
3592 4593 3648 4638 et
3662 4588 3829 4654 quasi

2227 4670 2449 4715 ventura
2496 4662 2748 4732 praedicta
2788 4675 3000 4733 essent,
3048 4668 3099 4721 in
3145 4667 3295 4724 libris
3337 4671 3529 4741 quibus
3571 4676 3832 4734 voluistis

2226 4754 2642 4822 conscripsistis.
2689 4755 2787 4811 llic
2833 4768 3018 4812 contra
3048 4758 3288 4816 inimicos
3317 4761 3554 4834 Paganos
3581 4771 3833 4825 occurrit

2226 4842 2378 4898 nobis
2421 4844 2645 4898 aliorum
2694 4846 3054 4902 testimonium
3096 4849 3454 4908 inimicorum.
3484 4856 3833 4916 Proferimus

2225 4933 2438 4989 codices
2468 4949 2496 4987 a
2518 4935 2735 5001 Iudaeis,
2766 4945 2822 4992 et
2845 4939 3226 5007 respondemus
3257 4961 3270 4996 :
3304 4943 3505 5016 Nempe
3534 4958 3581 5002 et
3625 4965 3724 5004 vos
3770 4965 3835 5008 et

2227 5024 2338 5091 illi,
2370 5025 2490 5079 fidei
2532 5035 2728 5082 nostrae
2763 5030 2892 5082 estis
2935 5031 3152 5086 inimici.
3185 5032 3307 5090 Ideo
3335 5039 3504 5106 sparsi
3549 5049 3673 5094 sunt
3721 5058 3837 5111 per

2222 5124 2428 5185 gentes,
2454 5125 2510 5170 ut
2532 5117 2662 5172 alios
2692 5134 2755 5173 ex
2785 5120 2902 5174 aliis
2932 5123 3311 5181 convincamus
3343 5128 3600 5186 inimicis.
3627 5132 3830 5190 Codex

2225 5204 2372 5262 Isaiae
2420 5208 2716 5278 proferatur
2741 5227 2770 5264 a
2796 5211 3012 5281 Judwis,
3041 5213 3315 5272 videamus
3339 5219 3383 5274 si
3411 5237 3516 5277 non
3555 5222 3625 5277 ibi
3667 5224 3832 5295 lego,

2228 5314 2248 5350 ι
2271 5297 2420 5354 Sicut
2438 5299 2554 5354 ovis
2573 5300 2639 5355 ad
2661 5301 3038 5359 immolandum
3060 5305 3250 5363 ductus
3271 5318 3382 5377 est,
3408 5320 3462 5366 et
3482 5313 3618 5368 sicut
3640 5329 3835 5385 agnus

2221 5404 2401 5446 coram
2443 5392 2694 5449 tondente
2739 5393 2838 5448 fuit
2881 5395 2998 5452 sine
3039 5412 3200 5467 voce,
3231 5401 3310 5459 sic
3350 5418 3455 5458 non
3495 5409 3707 5474 aperuit
3758 5424 3836 5467 os

2219 5496 2395 5538 suum.
2417 5483 2472 5538 In
2491 5483 2786 5542 humilitate
2800 5486 3058 5556 judicium
3075 5490 3193 5562 ejus
3212 5492 3476 5549 sublatum
3497 5506 3613 5561 est;
3637 5497 3838 5557 livore

2221 5573 2336 5645 ejus
2356 5577 2525 5630 sanati
2554 5591 2776 5633 sumus:
2800 5593 2987 5636 omnes
3018 5589 3073 5636 ut
3099 5599 3225 5639 oves
3255 5587 3576 5653 erravimus,
3606 5598 3662 5646 et
3690 5589 3836 5661 ipso

2224 5663 2444 5721 traditus
2486 5674 2567 5722 est
2616 5684 2713 5738 pro
2759 5670 2993 5740 peccatis
3034 5673 3272 5730 nostris»
3323 5673 3473 5750 (lsm'.
3506 5679 3828 5754 Lut,5-8}.
