4082 6504
300 305 432 366 1661

302 422 441 478 Ecce
477 418 698 476 lucerna
735 432 860 473 una.
902 416 1020 473 Alia
1050 416 1370 489 proferatur,
1398 420 1641 479 Psalmos
1680 422 1890 493 aperia-

304 524 411 576 tur,
431 514 594 568 etiam
624 511 748 566 inde
776 510 1023 581 prmdicta
1046 512 1221 581 passio
1232 509 1428 568 Christi
1448 515 1718 570 recitatur.
1741 533 1760 567 ι
1788 515 1891 571 Fo—

303 613 500 662 oerunt
541 618 735 659 manus
778 616 923 657 meas
950 612 1002 657 ct
1030 602 1193 673 pedes
1221 618 1399 670 meos,
1427 604 1890 663 dinumeraverunt

302 696 485 755 omnia
533 710 657 751 ossa
702 710 820 749 mea
848 711 861 747 :
889 695 988 764 ipsi
1023 710 1150 750 vero
1190 696 1657 753 consideraverunt
1681 706 1734 753 et
1756 714 1857 753 con

302 795 595 860 spexerunt
636 803 752 850 me,
803 786 1093 841 diviserunt
1135 787 1237 842 sibi
1283 787 1595 843 vestimenta
1639 805 1791 855 mea,
1835 802 1889 844 et

304 893 469 948 super
494 877 870 938 vestimentum
910 891 1086 932 meum
1116 876 1375 932 miserunt.
1406 887 1624 932 sortem.
1652 878 1803 948 Apud
1837 888 1886 934 te

303 970 416 1025 laus
445 984 597 1036 mea;
628 970 682 1024 in
710 970 947 1027 Ecclesia
978 985 1166 1040 magna
1186 970 1481 1026 conﬁtebor
1507 972 1619 1027 tibi.
1642 970 1886 1027 Comme-

300 1063 653 1119 morabuntur
693 1071 748 1119 et
785 1071 1167 1119 convertentur
1209 1062 1276 1117 ad
1322 1063 1601 1116 Dominum
1655 1063 1885 1118 universi

302 1158 434 1213 ﬁnes
464 1165 624 1213 terrae
645 1175 661 1212 :
684 1164 740 1211 et
766 1156 1063 1212 adorabunt
1091 1157 1141 1209 in
1170 1165 1457 1225 conspectu
1489 1157 1602 1225 ejus
1628 1157 1884 1211 universa:

299 1250 485 1321 patria:
510 1249 782 1319 gentium;
813 1249 933 1318 quia
960 1248 1169 1303 Domini
1200 1256 1282 1302 est
1300 1262 1544 1315 regnum,
1569 1256 1621 1301 et
1651 1248 1761 1315 ipse
1784 1246 1884 1301 do-

298 1341 587 1396 minabitur
619 1338 854 1410 gentium
882 1359 901 1391 ι
945 1338 1117 1409 (Psal.
1161 1356 1283 1405 xxi,
1326 1339 1537 1409 17-29).
1594 1339 1885 1395 Erubescat

298 1446 432 1486 unus
459 1431 729 1497 inimicus,
760 1430 881 1499 quia
907 1429 1146 1485 codicem
1174 1429 1303 1483 mihi
1335 1430 1602 1485 ministrat
1625 1430 1759 1483 alius
1787 1430 1884 1483 ini-

295 1524 487 1578 micus.
516 1521 625 1577 Sed
648 1536 775 1577 ecce
802 1520 868 1576 de
890 1520 1162 1575 codicibus
1188 1520 1407 1589 prolatis
1432 1521 1498 1574 ab
1536 1537 1639 1574 uno
1669 1521 1881 1576 inimico

295 1614 520 1669 alterum
536 1612 691 1665 dici:
720 1620 775 1666 et
810 1612 923 1680 ipse
953 1611 1041 1679 qui
1075 1610 1204 1664 mihi
1232 1610 1471 1665 codicem
1500 1611 1742 1679 protulit,
1776 1628 1879 1665 non

294 1704 659 1773 relinquatur;
682 1702 750 1756 ab
779 1702 869 1756 illo
898 1700 1215 1771 proferatur,
1236 1701 1376 1755 unde
1400 1710 1454 1755 et
1480 1702 1591 1770 ipse
1619 1702 1877 1757 vincatur.

294 1793 435 1863 Lego
464 1794 628 1846 alium
663 1792 971 1863 prophetam
994 1834 1007 1858 ,
1037 1802 1089 1845 et
1114 1791 1325 1845 invenio
1356 1792 1632 1845 Dominum
1656 1793 1879 1863 loquen-

294 1896 397 1942 tem
422 1887 495 1942 ad
519 1887 736 1942 Judmos
768 1904 780 1939 :
816 1884 934 1938 Non
962 1894 1035 1938 est
1062 1885 1184 1938 mihi
1214 1884 1441 1940 voluntas
1478 1887 1531 1938 in
1570 1886 1733 1952 vobis,
1759 1887 1880 1941 dicit

292 1978 563 2043 Dominus,
590 1995 680 2031 nec
699 1979 942 2048 accipiam
965 1979 1268 2046 sacri/icium
1300 1981 1315 2010 ¹
1340 1980 1402 2033 de
1422 1979 1647 2032 manibus
1671 1980 1843 2034 vestris
1860 1998 1879 2035 :

292 2072 528 2145 quoniam
570 2070 635 2122 ab
672 2079 784 2123 ortu
823 2070 941 2121 solis
982 2085 1137 2137 usque
1170 2068 1237 2121 ad
1275 2085 1539 2130 occasum,
1571 2071 1877 2137 sacri/icium

289 2165 535 2218 mundum
564 2161 777 2229 offertur
805 2162 994 2215 nomini
1018 2179 1124 2215 mea
1151 2161 1397 2234 (Malach.
1420 2179 1457 2227 ι,
1480 2162 1542 2217 10
1562 2172 1610 2216 et
1640 2163 1740 2231 ll).
1762 2163 1875 2218 Non

288 2257 457 2321 venis,
490 2254 709 2319 Judzce,
751 2254 818 2308 ad
854 2253 1170 2309 sacriﬁcium
1212 2254 1497 2319 mundum;
1540 2255 1800 2309 convinco
1828 2265 1877 2310 te

286 2344 642 2402 immundum.

353 2440 407 2495 8.
449 2439 593 2495 Ecce
642 2447 698 2495 et
734 2438 967 2496 lucernae
1018 2437 1298 2507 perhibent
1354 2438 1713 2492 testimonium
1771 2438 1875 2492 diei

285 2538 505 2600 propter
551 2531 913 2585 infirmitatem
960 2537 1216 2597 nostram,
1263 2528 1385 2597 quia
1425 2528 1531 2584 dici
1579 2530 1873 2584 claritatem

285 2620 517 2676 tolerare
562 2630 619 2677 et
659 2622 839 2676 videre
884 2610 991 2675 non
1035 2635 1333 2689 possumus.
1369 2620 1498 2674 Nam
1544 2631 1598 2675 et
1639 2635 1736 2674 nos
1776 2620 1873 2689 ipsi

284 2709 573 2766 Christiani
602 2712 653 2765 in
675 2711 1075 2781 comparatione
1102 2709 1311 2779 quidem
1341 2709 1628 2764 iulidelimn
1657 2711 1743 2763 lus
1763 2710 1870 2779 jam

282 2814 503 2867 sumus;
532 2801 678 2856 unde
712 2801 839 2855 dicit
868 2800 1176 2870 Apostolus,
1218 2798 1407 2852 Fuistis
1432 2800 1562 2852 enim
1600 2799 1873 2867 aliquando

283 2894 533 2957 tenebrat;
578 2909 711 2945 nunc
751 2901 915 2946 autem
960 2892 1049 2945 lux
1086 2892 1135 2944 in
1179 2890 1414 2953 Domino,
1451 2890 1576 2943 sicut
1610 2891 1706 2958 filii
1749 2892 1873 2946 luris

282 2983 535 3037 ambulate
564 2982 780 3055 (Ephes.
804 2998 855 3048 v,
886 2980 941 3050 8)
979 3000 992 3034 :
1021 2990 1074 3036 et
1096 2980 1219 3035 alibi
1249 2982 1411 3047 dixit,
1438 2979 1559 3034 Nox
1587 2992 1835 3051 pi'wcesstt
1854 3023 1868 3047 ,

283 3078 383 3130 dies
409 3086 582 3130 autem
610 3076 1033 3146 apprOpinquavit
1057 3091 1074 3128 :
1094 3075 1388 3145 abjiciamus
1417 3090 1533 3145 ergo
1556 3091 1707 3145 opera
1733 3085 1870 3128 tene-

282 3168 507 3235 brarum,
529 3176 577 3220 et
595 3168 866 3221 induamus
887 3183 977 3219 nos
1001 3182 1143 3219 arma
1164 3167 1288 3219 lucis
1309 3182 1329 3230 ;
1350 3166 1477 3219 sicut
1503 3166 1554 3219 in
1570 3164 1650 3217 die
1670 3166 1873 3220 honeste

282 3259 597 3316 ambulemus
631 3260 808 3328 (Rom.
839 3275 954 3322 xm,
987 3257 1073 3323 12,
1105 3258 1221 3328 15).
1249 3258 1451 3312 Tamen
1479 3257 1598 3325 quia
1638 3257 1689 3309 in
1721 3272 1871 3311 com-

281 3352 556 3421 paratione
601 3350 744 3404 illius
773 3350 907 3405 lucis
942 3350 1009 3404 ad
1048 3364 1205 3418 quam
1230 3348 1433 3402 venturi
1474 3361 1675 3411 sumus,
1698 3346 1873 3402 adhuc

282 3457 381 3497 nox
404 3451 493 3498 est
518 3441 682 3497 etiam
706 3441 822 3496 dies
851 3441 902 3495 in
924 3455 1028 3510 quo
1049 3455 1253 3504 sumus,
1281 3438 1399 3493 audi
1426 3439 1636 3493 Petrum
1660 3447 1871 3507 aposto-

283 3531 388 3586 lum
417 3550 430 3585 :
459 3531 693 3587 delatam
722 3530 844 3585 dicit
876 3531 1098 3585 Domino
1121 3529 1334 3586 Christo
1361 3544 1546 3584 vocem
1576 3529 1643 3585 de
1667 3531 1873 3600 magni-

282 3624 375 3679 ﬁca
403 3631 691 3695 potestate,
723 3622 801 3678 Tu
831 3640 883 3678 es
915 3622 1081 3677 Filius
1105 3639 1245 3676 meus
1274 3622 1483 3676 dilectus
1502 3664 1517 3689 ,
1547 3623 1600 3675 in
1624 3639 1722 3691 quo
1751 3622 1872 3676 bene

283 3716 435 3769 sensi.
468 3714 622 3768 Hanc
646 3730 836 3780 vacem,
867 3714 1057 3783 inquit,
1084 3730 1174 3768 nos
1198 3712 1260 3766 de
1277 3712 1400 3765 ccelo
1428 3712 1708 3766 audivimus
1731 3713 1873 3767 dela-

281 3817 403 3875 tam,
430 3824 551 3861 cum
593 3824 810 3862 essemus
840 3823 955 3860 cum
985 3807 1073 3860 illo
1107 3806 1159 3859 in
1188 3813 1355 3859 monte
1381 3813 1574 3858 sancto.
1606 3804 1709 3859 Sed
1747 3806 1868 3874 quia

282 3915 377 3954 nos
408 3916 514 3954 non
538 3900 609 3955 ibi
642 3898 853 3965 fuimus,
885 3906 939 3953 ct
962 3898 1113 3951 istam
1146 3912 1329 3951 vocem
1355 3895 1421 3952 de
1449 3896 1586 3951 cmlo
1614 3905 1735 3949 tunc
1763 3911 1868 3951 non

282 3990 614 4051 audivimus;
656 3989 732 4042 ait
767 3988 832 4043 ad
875 4003 973 4042 nos
1000 3987 1112 4057 ipse
1154 3987 1363 4052 Petrus,
1394 3986 1459 4040 Et
1489 3987 1725 4041 habemus
1758 4004 1868 4041 cer-

282 4082 455 4135 tiorem
485 4079 833 4150 prapheticum
870 4095 1172 4133 sermonem.
1198 4077 1313 4132 Non
1341 4077 1562 4132 audistis
1591 4092 1772 4131 vocem
1802 4078 1869 4132 de

281 4171 415 4226 caelo
439 4170 697 4236 delatam,
721 4169 814 4224 sed
837 4170 1118 4224 certiorem
1142 4168 1345 4222 habetis
1366 4167 1729 4237 propheticum
1755 4182 1869 4222 ser-

281 4276 519 4317 monem.
567 4260 873 4316 Pratvidens
929 4261 1072 4316 enim
1124 4260 1375 4314 Dominus
1422 4259 1578 4314 Jcsus
1624 4257 1869 4316 Christus

281 4355 472 4424 impios
495 4352 755 4423 quosdam
779 4353 1004 4418 futuros,
1033 4352 1121 4421 qui
1147 4350 1414 4404 miraculis
1442 4350 1559 4419 ejus
1579 4350 1870 4404 calumnia-

280 4454 486 4507 rentur,
520 4443 740 4512 magicis
764 4443 963 4497 artibus
999 4457 1061 4495 ea
1095 4440 1393 4507 tribuendo,
1414 4441 1708 4509 Prophetas
1745 4449 1870 4495 ante

280 4536 558 4606 prtemisit.
596 4533 861 4604 Numquid
893 4534 1056 4597 enim,
1099 4533 1142 4587 si
1186 4547 1369 4602 magns
1408 4540 1526 4586 erat
1560 4540 1615 4587 et
1652 4532 1868 4603 magicis

280 4626 483 4681 artibus
528 4624 656 4680 fecit
695 4632 755 4678 ut
798 4624 1061 4677 coleretur
1105 4630 1159 4677 et
1204 4631 1482 4687 mortuus,
1526 4636 1708 4691 magus
1754 4628 1871 4676 erat

281 4726 566 4786 antequam
599 4715 790 4769 natus?
817 4713 1108 4784 Prophetas
1131 4712 1248 4767 audi
1266 4755 1281 4779 ,
1309 4727 1342 4766 o
1368 4712 1528 4767 homo
1558 4721 1783 4779 mortue,
1815 4720 1870 4766 et

281 4806 669 4864 vermesecndo
692 4807 1039 4871 ealumuiose,
1081 4805 1374 4875 Prophetas
1399 4803 1555 4858 audi:
1586 4804 1723 4874 lego,
1746 4803 1868 4859 audi

280 4900 368 4970 qui
402 4908 529 4954 ante
568 4898 847 4953 Dominum
887 4906 1165 4951 venerunt.
1210 4894 1495 4963 Habemus,
1528 4896 1697 4965 inquit
1734 4908 1868 4965 apo-

279 4990 446 5046 stolus
489 4990 702 5055 Petrus,
753 4990 1013 5043 certiorem
1051 4988 1395 5058 prapheticum
1442 5004 1739 5053 sermonem,
1788 4987 1870 5041 cui

279 5082 401 5139 bene
438 5082 609 5154 facitis
641 5079 970 5145 attendentes,
1010 5080 1138 5132 sicut
1164 5080 1384 5134 lucerna:
1408 5081 1459 5134 in
1497 5080 1705 5134 obscuro
1735 5080 1864 5146 loco,

280 5172 437 5226 donec
466 5171 575 5227 dies
603 5170 840 5237 lucescat,
864 5178 909 5223 et
935 5167 1115 5239 lucifer
1143 5169 1335 5224 oriatur
1357 5169 1410 5224 in
1435 5168 1667 5224 cordibus
1693 5170 1868 5224 vestris

287 5259 349 5316 ut
373 5260 514 5315 Petr.
544 5276 583 5328 ι,
620 5260 828 5331 ιι-ιθ).

348 5351 404 5409 9.
443 5351 673 5419 Quando
715 5366 842 5421 ergo
894 5350 1150 5406 Dominus
1197 5357 1380 5405 noster
1425 5349 1581 5405 Jcsus
1623 5349 1868 5410 Christus

282 5444 501 5509 venerit,
530 5452 608 5512 et,
638 5444 776 5497 sicut
796 5442 921 5497 dicit
946 5443 1106 5498 etiam
1134 5441 1410 5513 apostolus
1434 5442 1649 5505 Paulus,
1672 5441 1870 5495 illumi-

281 5539 481 5594 naverit
508 5537 722 5593 occulta
749 5536 1105 5604 tenebrarum,
1138 5544 1194 5591 et
1222 5534 1640 5590 manifestavcrit
1663 5532 1864 5602 cogita-

281 5628 447 5683 tiones
468 5627 673 5693 cordis,
696 5634 754 5681 ut
771 5627 887 5681 laus
903 5626 969 5680 sit
993 5626 1275 5695 unicuique
1293 5641 1324 5681 a
1347 5626 1455 5681 Dco
1480 5624 1519 5699 (Ι
1537 5622 1652 5680 Cor.
1683 5639 1754 5693 tv,
1774 5621 1863 5695 5);

341 5741 359 5775 ⁸
381 5750 553 5808 Magno
575 5751 821 5793 consensu
844 5746 970 5801 Mss,
992 5736 1249 5803 sacriﬁcia.

1396 304 1804 366 TRACTATUS
1838 306 2076 363 XXXVI.
2109 308 2335 371 CAPUT
2371 312 2505 371 Vill.

3436 326 3577 381 i662

2002 432 2127 479 tunc
2153 437 2415 496 praesente
2439 428 2531 484 tali
2549 427 2639 486 die
2664 427 2898 488 lucerna:
2917 444 3026 489 non
3044 443 3199 490 erunt
3220 439 3535 493 necessariae
3557 456 3572 494 :

1998 528 2103 569 non
2128 518 2330 587 legetur
2351 518 2503 574 nobis
2524 520 2808 590 Propheta,
2834 537 2942 577 non
2963 524 3230 593 aperietur
3255 527 3419 582 codex
3441 530 3575 599 Apo-

1995 607 2138 668 stoli,
2170 623 2274 663 non
2302 609 2633 680 requiremus
2662 613 3021 668 testimonium
3049 614 3289 682 Joannis,
3320 633 3425 673 non
3454 621 3572 688 ipso

1994 697 2344 768 indigebimus
2393 702 2695 773 Evangelia.
2739 703 2882 773 Ergo
2918 720 3105 762 omnes
3144 707 3429 777 Scriptura:
3469 712 3571 765 tol—

1995 788 2170 844 lentur
2208 790 2274 844 de
2306 792 2511 861 medio,
2551 810 2668 864 qua:
2706 795 2858 850 nobis
2906 796 2959 850 in
3005 797 3160 868 hujus
3197 800 3376 854 smculi
3418 814 3572 857 nocte

1992 886 2241 949 tanquam
2276 882 2506 937 lucernm
2544 885 2987 952 accendebantur,
3017 903 3085 942 nc
3130 889 3182 942 in
3224 889 3456 945 tenebris
3482 907 3571 944 re-

1992 986 2327 1027 maneremus
2358 995 2371 1026 :
2410 975 2523 1029 istis
2559 977 2805 1031 omnibus
2837 977 3061 1032 sublatis
3082 1020 3098 1045 ,
3131 996 3197 1034 ne
3229 982 3378 1049 quasi
3417 983 3570 1036 nobis

1993 1062 2200 1116 luceant
2226 1064 2598 1134 indigentibus,
2625 1074 2677 1119 et
2697 1066 2824 1135 ipsis
2845 1066 3150 1123 hominibus
3174 1070 3289 1134 Dei,
3315 1086 3407 1139 per
3431 1087 3569 1140 quos

1992 1153 2105 1209 haec
2147 1156 2439 1211 ministrata
2479 1165 2635 1225 sunt,
2676 1158 2950 1213 nobiscum
2994 1159 3174 1215 lumen
3213 1162 3340 1215 illud
3384 1178 3567 1218 verum

1989 1248 2292 1317 clarumque
2338 1250 2653 1314 videntibus,
2703 1250 2918 1305 remotis
2962 1266 3087 1321 ergo
3128 1253 3208 1306 his
3248 1253 3566 1321 adjumentis

1988 1339 2112 1409 quid
2154 1340 2482 1395 videbimus?
2525 1340 2661 1395 unde
2702 1350 2949 1411 pascetur
2988 1358 3138 1398 mens
3175 1344 3392 1398 nostra?
3428 1344 3568 1399 unde

1988 1432 2203 1485 obtutus
2240 1432 2326 1485 ille
2358 1432 2659 1486 lmtabitur?
2687 1432 2825 1486 unde
2854 1433 2957 1486 erit
2996 1433 3120 1487 illud
3146 1434 3392 1504 gaudium
3423 1435 3564 1504 quod

1988 1538 2086 1577 nec
2114 1524 2297 1578 oculus
2325 1524 2470 1588 vidit,
2500 1539 2597 1577 uec
2615 1524 2757 1576 auris
2778 1523 2997 1589 audivit,
3023 1539 3122 1579 nec
3141 1524 3193 1577 in
3220 1540 3312 1578 cor
3333 1525 3565 1581 luminis

1987 1617 2217 1669 ascendit
2234 1618 2249 1681 (
2260 1617 2276 1669 l
2291 1616 2403 1669 Cor.
2416 1615 2561 1687 11,9)?
2575 1615 2699 1685 quid
2718 1614 3286 1670 videbimus?0bsecro
3296 1630 3411 1681 vos,
3425 1631 3565 1670 ama-

1987 1716 2038 1762 te
2053 1723 2280 1771 mccum,
2296 1708 2491 1762 currite
2514 1707 2779 1762 credendo
2792 1722 3000 1762 mecum
3016 1724 3028 1759 :
3044 1708 3266 1778 patriam
3282 1723 3564 1777 supernam

1985 1799 2367 1863 desideremus,
2391 1815 2635 1870 Superum
2665 1800 2846 1867 patria:
2875 1800 3222 1869 suspiremus,
3253 1799 3564 1868 peregrinos

1987 1905 2083 1943 nos
2108 1905 2227 1945 esse
2266 1891 2350 1945 hic
2378 1892 2689 1945 sentiamus.
2720 1889 2857 1957 Quid
2898 1898 3021 1944 tunc
3049 1887 3387 1946 videbimus?
3421 1890 3569 1944 Dicat

1986 1996 2123 2034 nunc
2154 1981 2494 2050 Evangelium
2531 1999 2544 2035 :
2573 1979 2635 2033 In
2669 1979 2916 2050 principio
2943 1990 3047 2031 erat
3086 1976 3319 2041 Verbum,
3353 1988 3401 2032 et
3435 1976 3566 2031 Ver-

1985 2073 2097 2126 bum
2127 2084 2232 2127 erat
2258 2076 2394 2142 apud
2425 2074 2604 2139 Deum,
2624 2084 2671 2127 et
2692 2073 2828 2128 Deus
2849 2084 2953 2127 erat
2981 2072 3196 2127 Verbum
3222 2073 3395 2144 (Joan.
3422 2089 3460 2139 l,
3482 2074 3561 2141 1).

1988 2162 2136 2217 Unde
2165 2164 2254 2216 tibi
2286 2180 2372 2218 ros
2403 2164 2671 2232 inspersos
2700 2174 2801 2227 est,
2832 2164 2896 2216 ad
2936 2163 3134 2217 fontem
3168 2164 3347 2216 venies
3380 2181 3392 2215 :
3424 2163 3565 2217 unde

1984 2255 2161 2308 radius
2187 2270 2281 2324 per
2305 2255 2514 2324 obliqua
2542 2263 2594 2308 ct
2622 2270 2713 2322 per
2732 2255 3065 2308 aniraetuosa
3096 2254 3187 2308 tibi
3209 2253 3275 2307 ad
3296 2267 3391 2306 cor
3417 2262 3566 2309 tene-

1980 2344 2197 2400 brosum
2230 2346 2425 2399 missus
2450 2352 2552 2409 est,
2595 2344 2785 2396 nudam
2820 2345 2984 2411 ipsam
3022 2343 3193 2397 lucem
3225 2342 3445 2407 videbis,
3479 2343 3566 2397 cui

1984 2437 2229 2492 videnda)
2269 2436 2604 2506 fercndzeqne
2640 2435 2934 2491 mundaris.
2965 2434 3311 2501 Dilactissimi,
3342 2434 3482 2504 quod
3511 2444 3567 2489 et

1989 2530 2245 2585 hesterno
2273 2528 2707 2592 commemoravi,
2745 2526 2978 2582 Joannes
3016 2526 3129 2594 ipse
3173 2525 3320 2590 dicit,
3349 2525 3444 2594 ﬁlii
3469 2524 3567 2578 Dei

1979 2640 2173 2689 sumus,
2213 2632 2259 2676 et
2296 2621 2520 2675 nondum
2549 2620 2786 2690 apparuit
2825 2619 2946 2689 quid
2971 2619 3156 2672 erintus
3188 2634 3207 2671 :
3231 2618 3416 2672 scimus
3448 2617 3567 2687 quia

1981 2730 2094 2767 cum
2132 2713 2447 2783 apparuerit,
2474 2711 2660 2764 similes
2697 2711 2742 2763 ei
2778 2711 2983 2771 erimus,
3018 2710 3255 2779 quoniam
3293 2708 3566 2763 videbimus

1984 2822 2097 2859 eum
2126 2804 2276 2858 sicuti
2302 2814 2372 2857 est
2402 2803 2439 2871 (I
2469 2802 2623 2856 Joan.
2654 2817 2734 2868 ιιι,
2766 2801 2846 2871 2).
2873 2800 3058 2856 Sentio
3098 2808 3306 2854 vestros
3344 2799 3565 2853 allectus

1977 2896 2145 2951 attolli
2171 2910 2377 2949 mecum
2415 2895 2466 2947 in
2490 2908 2718 2961 superna
2751 2884 2784 2945 τ’
2801 2892 2894 2946 sed
2925 2906 3120 2961 corpus
3158 2889 3297 2960 quod
3323 2904 3566 2945 corrum-

1979 2998 2139 3055 pitur,
2172 2993 2419 3055 aggravat
2444 2984 2709 3048 animam;
2738 2990 2791 3035 et
2828 2980 3080 3050 deprimit
3109 2990 3317 3034 terrena
3344 2978 3559 3034 inhabi-

1977 3079 2106 3134 tatio
2135 3093 2348 3133 scusmn
2379 3076 2541 3130 multa
2564 3075 2880 3145 cogitantem
2907 3072 3063 3143 (Sap.
3092 3087 3167 3137 lx,
3198 3071 3305 3142 15).
3337 3070 3559 3139 Deposi—

1978 3178 2128 3225 turus
2157 3185 2275 3226 sum
2313 3180 2366 3223 et
2402 3183 2502 3238 ego
2548 3167 2784 3221 codicem
2824 3166 3003 3229 istum,
3035 3164 3317 3219 discessuri
3350 3164 3481 3219 estis
3507 3172 3563 3219 et

1977 3277 2072 3317 vos
2096 3261 2316 3331 quisque
2341 3259 2404 3313 ad
2432 3274 2548 3314 sua.
2574 3258 2716 3312 Bene
2738 3256 2892 3311 nobis
2918 3256 3013 3309 init
3036 3254 3090 3309 in
3121 3256 3238 3309 luce
3263 3252 3558 3319 communi,

1976 3353 2113 3409 bene
2150 3352 2315 3423 gavisi
2346 3365 2527 3405 sumus
2549 3390 2565 3417 ,
2598 3349 2731 3403 bene
2760 3347 3140 3403 exsultavimus
3169 3362 3181 3397 :
3214 3344 3309 3399 sed
3341 3359 3462 3399 cum
3492 3342 3560 3399 ab

1978 3443 2203 3498 invicem
2232 3441 2558 3505 recedimus,
2591 3439 2657 3491 ab
2688 3438 2779 3491 illo
2806 3452 2910 3491 non
2941 3434 3273 3490 recedamus.

2420 3529 2831 3586 TRACTATUS
2867 3526 3107 3582 XXXVI.

1975 3628 2051 3682 Ab
2080 3644 2137 3681 eo
2174 3625 2310 3698 quod
2329 3626 2574 3693 scriptum
2602 3632 2695 3688 est,
2729 3620 2834 3675 Vos
2858 3617 3149 3674 secundum
3177 3631 3391 3673 carnem
3413 3616 3559 3688 judi-

2046 3719 2208 3783 catis;
2239 3732 2339 3787 ego
2364 3732 2467 3770 non
2490 3715 2672 3785 judico
2691 3725 3039 3783 quemquam;
3067 3725 3224 3778 usque
3242 3708 3311 3761 ad
3337 3708 3410 3775 id,
3442 3708 3557 3779 Ego

2045 3827 2162 3867 sum
2191 3810 2281 3879 qui
2305 3809 2661 3864 testimonium
2698 3803 2953 3873 perhibeo
2981 3800 3048 3855 de
3074 3800 3297 3869 meipso,
3329 3808 3383 3854 et
3408 3799 3559 3853 testi-

2048 3903 2282 3955 monium
2305 3897 2547 3967 perhibet
2574 3894 2639 3949 de
2672 3908 2780 3959 me,
2813 3891 2901 3963 qui
2931 3890 3073 3944 misit
3108 3903 3194 3942 me
3221 3888 3395 3941 Pater.
3425 3884 3556 3957 Cap.

2046 4008 2155 4051 vni.
2199 3991 2269 4061 ᾗ.
2304 3988 2491 4043 iii-18.

2048 4086 2099 4138 i.
2133 4082 2187 4136 lu
2217 4089 2444 4151 quatuor
2472 4075 2795 4146 Evangeliis,
2821 4072 2904 4127 vel
2944 4071 3117 4141 potius
3151 4076 3379 4140 quatuor
3406 4066 3558 4124 libris

1976 4162 2132 4231 unius
2180 4171 2482 4242 Evangelii,
2537 4179 2750 4223 sanctus
2797 4166 3029 4220 Joannes
3077 4161 3388 4232 apostolus,
3447 4173 3559 4214 non

1976 4268 2241 4323 immerito
2267 4263 2557 4320 secundum
2587 4257 2986 4328 intelligentiam
3012 4253 3338 4324 spiritnalem
3362 4251 3557 4321 aquilae

1978 4366 2335 4425 comparatus,
2382 4354 2540 4408 altius
2584 4351 2855 4417 multoque
2900 4345 3180 4401 sublimius
3223 4341 3562 4425 aliis‘tribts

1974 4451 2145 4505 erexit
2170 4446 2596 4517 praedicationem
2619 4456 2801 4502 suam;
2826 4448 2881 4493 et
2897 4438 2947 4491 in
2978 4436 3090 4506 ejus
3111 4419 3378 4489 erectioné
3397 4433 3562 4487 etiam

1976 4544 2136 4596 corda
2160 4550 2335 4593 nostra
2353 4538 2480 4605 erigi
2499 4534 2683 4589 voluit.
2706 4532 2839 4586 Nam
2862 4527 3040 4583 caeteri
3066 4539 3173 4581 tres
3194 4525 3557 4594 evangelista},

1977 4640 2228 4701 tanquam
2263 4642 2384 4682 cum
2426 4624 2639 4678 homine
2671 4621 2893 4676 Domino
2925 4619 2977 4673 in
3016 4627 3156 4673 terra
3189 4614 3551 4678 ambulabant,

1975 4721 2044 4777 de
2068 4719 2341 4775 divinitate
2367 4715 2482 4785 ejus
2503 4728 2666 4784 pauca
2692 4711 2943 4767 dixerunt
2971 4727 2984 4763 :
3014 4710 3171 4762 istum
3201 4714 3380 4760 autem
3407 4703 3559 4773 quasi

1976 4810 2201 4882 piguerit
2225 4809 2275 4863 in
2308 4816 2447 4861 terra
2476 4804 2766 4867 ambulare,
2797 4802 2933 4855 sicut
2960 4798 3077 4869 ipso
3096 4796 3314 4852 exordio
3335 4793 3415 4849 sui
3440 4807 3557 4847 ser-

1977 4901 2148 4957 monis
2178 4898 2425 4963 intonuit,
2453 4894 2621 4950 erexit
2647 4908 2725 4957 se,
2756 4906 2865 4946 non
2894 4890 3066 4945 solum
3091 4904 3251 4957 super
3276 4894 3469 4940 terram
3500 4891 3557 4936 et

1976 5011 2137 5065 super
2152 5008 2363 5048 omnem
2386 4990 2640 5045 ambitum
2661 4987 2801 5042 acris
2820 4995 2871 5040 ct
2887 4984 3028 5047 caeli,
3045 4982 3142 5046 sed
3165 4992 3323 5048 Super
3342 4990 3554 5031 onmem

1975 5088 2133 5143 etiam
2177 5084 2466 5141 exercitum
2487 5081 2832 5151 Angelorum,
2873 5086 3193 5141 omnemque
3222 5066 3557 5123 constitutio-

1973 5192 2099 5233 nem
2130 5174 2468 5230 invisibilium
2498 5178 2839 5242 potestatum,
2870 5173 2924 5220 et
2950 5159 3189 5232 pervenit
3217 5157 3282 5211 ad
3307 5171 3427 5211 eum
3460 5169 3556 5224 per

1974 5284 2133 5339 quem
2152 5269 2285 5321 tacta
2302 5262 2631 5325 suntomnia,
2647 5258 2890 5323 dicendo,
2911 5254 2978 5308 In
2998 5249 3242 5322 principio
3263 5257 3369 5339 erat
3398 5244 3555 5339 Verb-

1974 5337 2078 5427 um,
2106 5371 2151 5416 et
2172 5358 2384 5415 Verbum
2405 5365 2512 5411 erat
2536 5353 2676 5424 apud
2698 5352 2859 5405 Deum
2877 5390 2893 5415 ,
2923 5356 2972 5401 et
2995 5345 3129 5398 Deus
3151 5349 3256 5395 erat
3301 5337 3513 5393 Verbum
3534 5352 3553 5391 :

1975 5455 2069 5508 hoc
2094 5452 2271 5506 eratin
2290 5448 2536 5521 principio
2551 5442 2691 5515 apud
2720 5440 2902 5494 Deum.
2933 5435 3114 5489 Umnta
3129 5447 3217 5501 per
3234 5430 3398 5521 ipsum
3420 5429 3557 5521 [acta

1974 5529 2112 5611 sunt,
2136 5553 2190 5597 ‘et
2217 5515 2323 5595 sine
2359 5515 2468 5611 ipso
2498 5537 2685 5606 factum
2714 5540 2787 5586 est
2825 5526 2954 5582 nihil
2982 5521 3156 5597 (Joan.
3190 5537 3228 5588 ι,
3262 5519 3396 5589 1ο5).
3425 5515 3558 5571 Huic

1976 5642 2135 5690 tanta:
2160 5631 2466 5688 sublimitati
2496 5624 2736 5698 principii
2759 5621 2918 5676 ctiam
2940 5623 3134 5672 extera
3159 5625 3393 5683 congrua
3421 5621 3557 5678 prce-

1975 5726 2187 5793 dicavit,
2210 5733 2262 5779 et
2282 5722 2347 5777 dc
2370 5718 2575 5776 Domini
2596 5713 2889 5778 divinitate,
2913 5704 3180 5781 quomodo
3200 5702 3380 5761 nullus
3393 5699 3552 5767 alius,
