4082 6496
501 302 641 362 166⁸5

497 428 575 474 est
604 417 832 470 loeutus.
857 409 970 467 lloe
991 407 1228 465 ructabat
1252 392 1400 475 (ιιιοιι
1413 403 1636 459 biberat.
1661 400 1774 456 Non
1797 399 1937 455 enim
1966 396 2084 451 sine

502 523 664 564 causa
693 505 757 561 de
780 503 869 560 illo
897 504 949 557 in
977 502 1080 557 isto
1132 499 1248 569 ipso
1272 494 1558 565 Evangelio
1585 501 1848 556 narratur,
1876 489 1999 560 quia
2030 496 2086 543 et

502 599 558 654 in
593 595 837 652 convivio
865 606 1026 661 super
1055 597 1239 660 pectus
1276 584 1479 640 Domini
1514 581 1878 637 discumbebat
1903 577 2080 652 (Joan.

505 704 626 754 xm,
651 683 766 758 25).
795 685 868 738 De
895 683 986 736 illo
1012 694 1142 750 ergo
1169 685 1381 747 pectore
1406 675 1457 728 in
1479 681 1685 728 secreto
1707 671 1918 726 bibebat
1947 686 1960 722 :
1993 666 2088 721 sed

503 779 644 852 quod
675 780 725 833 in
756 783 963 832 secreto
991 773 1137 834 bibit,
1175 770 1226 822 in
1254 765 1537 821 manifesto
1562 762 1842 827 eruetavit,
1877 769 1934 852 ut
1965 773 2091 852 p_er-r

504 849 684 926 veniat
721 866 787 922 ad
833 879 1018 920 omnes
1055 870 1241 933 gentes
1283 872 1387 912 non
1424 856 1596 911 solum
1639 851 1933 908 incarnatio
1976 849 2089 903 Filii

506 961 625 1027 Dei,
668 967 722 1014 et
760 955 956 1027 passio,
997 962 1050 1008 et
1087 948 1442 1010 resurrectio;
1493 945 1587 1001 sed
1625 945 1784 1000 etiam
1815 940 1938 1012 quid
1977 947 2093 995 erat

507 1061 632 1106 ante
679 1047 1096 1104 incarnationem
1146 1041 1344 1098 Unicus
1399 1037 1572 1098 Patri,
1613 1035 1844 1090 Verbum
1897 1030 2090 1096 Patris,

508 1153 806 1201 coaeternus
833 1136 1132 1210 generanti,
1163 1133 1382 1204 :rqualis
1397 1133 1446 1188 ei
1473 1145 1502 1184 a
1529 1144 1632 1200 quo
1648 1129 1842 1182 missus
1856 1134 1969 1189 est;
1999 1122 2092 1178 sed

510 1238 564 1291 in
597 1235 708 1306 ipsa
735 1231 988 1286 missione
1023 1229 1197 1282 minor
1226 1226 1411 1286 laetus,
1440 1237 1544 1292 quo
1567 1220 1736 1289 major
1756 1227 1896 1306 esset
1915 1217 2089 1306 Pater.

581 1303 636 1378 Ξῖ
676 1319 940 1390 Quidquid
993 1331 1124 1387 ergo
1165 1314 1434 1369 humiliter
1480 1311 1710 1382 positum
1760 1305 1982 1361 audistis
2028 1303 2095 1358 de

511 1416 737 1474 Domino
757 1413 880 1469 Iesu
901 1410 1137 1476 Christo,
1162 1414 1423 1476 susceptae
1448 1403 1626 1460 carnis
1646 1398 2095 1470 dispensationem

512 1510 770 1578 cogitate;
812 1505 982 1576 qualis
1031 1502 1201 1558 lactus
1239 1509 1320 1554 est
1365 1505 1582 1568 propter
1617 1509 1736 1560 nos,
1776 1508 1883 1547 non
1926 1490 2098 1562 qualis

511 1610 628 1657 erat
649 1589 934 1653 utfaceret
959 1609 1057 1649 nos
1085 1611 1098 1647 :
1131 1589 1385 1662 quidquid
1411 1597 1588 1643 autem
1613 1586 1840 1641 sublime
1863 1592 1916 1639 et
1939 1597 2100 1652 supra

513 1707 702 1748 omnes
748 1698 1020 1744 creaturas
1060 1685 1328 1741 excelsum
1368 1691 1526 1751 atque
1569 1679 1827 1745 divinum,
1865 1684 1920 1732 et
1957 1673 2100 1730 Patri

514 1785 718 1854 a-qualc
747 1793 905 1851 atque
934 1788 1262 1835 cetetcruum
1299 1775 1366 1830 de
1406 1775 1497 1829 illo
1530 1772 1804 1828 audieritis
1840 1771 1892 1824 in
1924 1771 2100 1825 Evan-

513 1873 656 1944 gelio
697 1873 841 1942 poni,
869 1871 953 1924 vel
993 1869 1241 1938 leperitis,
1279 1867 1469 1922 scitote
1498 1878 1592 1918 vos
1620 1863 1722 1918 hoc
1745 1862 1924 1932 legere
1959 1859 2102 1931 quod

515 1965 582 2019 ad
613 1965 834 2016 formam
872 1962 966 2016 Dei
1009 1960 1255 2029 pertinet,
1286 1973 1389 2011 non
1417 1955 1559 2026 quod
1588 1954 1654 2009 ad
1690 1953 1914 2008 formam
1940 1951 2100 2006 servi.

513 2055 650 2122 Quia
675 2053 719 2107 si
751 2054 902 2107 istam
941 2050 1178 2121 regulam
1207 2047 1483 2103 tenueritis
1517 2045 1605 2116 qui
1636 2059 1826 2115 capere
1851 2041 2102 2113 potestis;

516 2162 623 2202 non
651 2155 826 2200 autem
859 2157 1045 2198 omnes
1070 2155 1262 2210 capere
1290 2137 1530 2208 potestis,
1558 2135 1651 2191 sed
1677 2148 1864 2190 omnes
1885 2131 2108 2186 credere

516 2236 726 2291 debetis
757 2253 769 2288 :
800 2235 843 2288 si
883 2247 1010 2304 ergo
1050 2232 1189 2286 hanc
1229 2230 1462 2299 regulam
1504 2225 1816 2291 tenueritis,
1852 2223 2110 2278 adversus

516 2327 811 2383 Calumnias
824 2323 1162 2379 tenebrarum
1178 2320 1566 2383 hatreticarum,
1585 2327 1829 2385 tanquam
1843 2312 2109 2368 inlumine

517 2415 872 2478 ambulantes,
913 2411 1086 2466 securi
1123 2409 1439 2480 pugnabitis.
1484 2407 1598 2461 Non
1637 2407 1780 2461 enim
1823 2403 2110 2459 defuerunt

519 2507 610 2578 qui
654 2507 766 2561 sola
807 2502 1110 2574 evangelica
1151 2500 1454 2556 testimonia
1490 2497 1716 2568 legendo
1752 2502 2106 2562 sectarentur,

521 2615 641 2668 qua:
666 2597 734 2652 de
773 2596 1073 2652 humilitate
1100 2593 1303 2648 Christi
1341 2591 1509 2662 posita
1551 2599 1692 2656 sunt,
1727 2589 1818 2660 qui
1855 2588 2110 2643 adversus

520 2704 586 2745 ea
616 2687 916 2742 testimonia
946 2700 1065 2755 quae
1091 2683 1420 2739 divinitatem
1450 2681 1566 2751 ejus
1590 2681 1763 2735 locuta
1791 2688 1932 2745 sunt,
1964 2676 2110 2737 surdi

521 2780 740 2835 fuerunt
774 2796 786 2832 :
819 2778 940 2832 ideo
982 2774 1151 2840 surdi,
1198 2783 1256 2828 ut
1293 2773 1431 2827 male
1461 2771 1689 2826 verbosi.
1732 2770 1860 2824 Item
1897 2768 2110 2839 quidam

521 2873 611 2927 illa
639 2871 752 2926 sola
784 2869 1119 2925 attendentes
1148 2881 1266 2938 qua:
1287 2866 1355 2921 de
1386 2865 1593 2920 Domini
1620 2862 1945 2919 sublimitate
1973 2862 2112 2917 dicta

523 2974 669 3029 sunt,
699 2963 858 3018 etiam
886 2961 984 3032 ipsi
1009 2957 1427 3014 misericordiam
1456 2957 1592 3026 ejus,
1625 2972 1727 3026 qua
1756 2956 1914 3011 homo
1943 2955 2112 3010 laetus

524 3064 609 3110 est
635 3063 849 3123 propter
875 3066 993 3115 nos,
1026 3059 1078 3106 et
1098 3051 1143 3106 si
1174 3050 1436 3120 legerunt,
1463 3063 1570 3102 non
1589 3046 1951 3112 crediderunt,
1973 3054 2028 3100 et
2046 3045 2114 3100 ab

525 3145 830 3200 hominibus
856 3141 1090 3208 inducta,
1122 3149 1282 3211 atque
1305 3139 1433 3194 falsa
1461 3153 1580 3194 esse
1607 3145 1956 3208 putaverunt;
1986 3150 2115 3190 con-

525 3237 806 3293 tendentes
827 3235 992 3290 Deum
1013 3229 1377 3286 tantummodo
1395 3229 1556 3283 fuisse
1576 3228 1856 3282 Dominum
1873 3234 2114 3281 nostrum

525 3328 824 3394 Christum,
848 3341 952 3380 non
975 3325 1133 3379 etiam
1158 3322 1451 3377 hominem.
1477 3319 1580 3373 Alii
1605 3319 1700 3382 sic,
1731 3317 1818 3371 alii
1849 3318 1957 3382 sic;
1987 3315 2116 3370 utri-

529 3440 634 3494 que
657 3424 706 3477 in
730 3435 934 3477 errore.
953 3416 1220 3475 Catholica
1240 3423 1416 3476 autem
1445 3411 1577 3466 ﬁdes
1598 3426 1664 3465 ex.
1689 3419 1916 3479 utroque
1932 3423 2115 3462 verum

530 3525 719 3570 tenens
739 3512 876 3583 quod
909 3519 1071 3570 tenet.
1090 3519 1143 3564 et
1167 3509 1460 3579 praedicans
1483 3502 1626 3578 quod
1653 3500 1840 3568 credit,
1868 3509 1920 3558 et
1951 3501 2115 3557 Deum

529 3607 796 3664 Christum
829 3603 1107 3669 intellexit,
1139 3613 1194 3657 et
1232 3602 1501 3656 hominem
1528 3597 1754 3655 credidit
1787 3615 1801 3651 :
1835 3606 2119 3666 utrumque

531 3699 672 3756 enim
703 3697 956 3767 scriptum
989 3703 1090 3758 est,
1123 3703 1177 3749 et
1204 3701 1488 3763 utrumque
1518 3705 1702 3746 verum
1729 3697 1831 3745 est.
1863 3687 1920 3744 Si
1949 3687 2118 3742 Deum

531 3788 969 3846 tantumdixeris
993 3786 1286 3850 Christum,
1316 3783 1632 3839 medicinam
1655 3795 1818 3852 negas
1837 3795 1938 3850 qua
1960 3794 2118 3834 sana-

532 3891 619 3938 tus
646 3897 704 3936 es
733 3899 746 3936 :
779 3881 823 3936 si
848 3879 1118 3934 hominem
1149 3885 1352 3930 tantum
1384 3874 1582 3930 dixeris
1606 3871 1897 3937 Christum,
1933 3878 2121 3940 poten-

531 3975 660 4029 tiam
703 3987 864 4043 negas
905 3985 1008 4041 qua
1054 3979 1266 4023 creatus
1306 3982 1385 4022 es.
1432 3966 1726 4034 Utrumque
1777 3964 1935 4034 igitur
1973 3971 2117 4028 tene,

535 4066 712 4120 anima
731 4064 900 4118 ﬁdelis
916 4071 970 4117 et
984 4076 1077 4115 cor
1097 4060 1436 4124 catholicum,
1455 4067 1740 4127 utrumque
1765 4066 1903 4120 tene,
1926 4065 2122 4108 utrum-

537 4170 641 4225 que
665 4152 843 4218 crede,
873 4162 1154 4219 utrumque
1183 4150 1409 4203 ﬁdeliter
1427 4148 1702 4203 conﬁtere.
1722 4147 1790 4201 Et
1811 4147 1950 4202 Deus
1969 4147 2123 4200 Chri-

538 4255 653 4300 stus
691 4251 802 4310 est,
838 4250 892 4296 et
931 4241 1091 4294 homo
1135 4238 1397 4292 Christus.
1437 4237 1620 4304 Qualis
1660 4238 1800 4293 Deus
1835 4237 2122 4292 Christus?

540 4323 782 4401 )Eqnalis
810 4330 981 4394 Patri,
1010 4342 1172 4383 unum
1204 4341 1324 4380 cum
1354 4325 1530 4381 Patre.
1561 4326 1743 4394 Qualis
1772 4325 1932 4380 homo
1961 4326 2121 4381 Chri-

539 4425 684 4480 stus?
715 4423 790 4477 De
817 4422 1022 4494 virgine
1057 4429 1245 4486 natus,
1289 4417 1507 4474 trahens
1532 4417 1600 4473 de
1635 4417 1850 4474 homine
1884 4418 2122 4474 mortali-

539 4527 722 4585 tatem,
755 4535 860 4573 non
893 4517 1111 4572 trahens
1135 4515 1484 4586 iniquitatem.

610 4611 663 4664 5.
696 4610 783 4664 Isti
813 4625 938 4680 ergo
967 4608 1136 4664 Judaei
1169 4607 1423 4662 videbant
1461 4605 1758 4670 hominem,
1795 4619 1893 4661 nec
1922 4605 2122 4660 intelli-

539 4705 733 4776 gchant
778 4719 876 4759 nec
921 4702 1211 4758 credebant
1257 4702 1424 4757 Deum
1474 4720 1487 4756 :
1539 4710 1696 4770 atque
1745 4701 1883 4755 inter
1931 4707 2123 4755 caetera

539 4795 762 4850 audistis
782 4795 892 4865 jam
917 4791 1363 4864 quemadmodum
1386 4792 1432 4847 ei
1460 4792 1710 4859 dixerint,
1733 4791 1812 4846 Tu
1834 4792 1894 4846 de
1920 4801 1966 4846 te
1990 4794 2126 4847 testi-

541 4889 766 4944 monium
806 4887 966 4958 dicis;
1010 4886 1347 4940 testimonium
1393 4895 1532 4938 tuum
1570 4902 1669 4938 non
1712 4895 1780 4939 est
1815 4903 1984 4939 verum
2013 4885 2122 4956 (Id.

541 4997 654 5045 vm,
691 4980 802 5051 15).
833 4978 1067 5034 Audistis
1108 4977 1267 5032 etiam
1307 4975 1433 5046 quid
1475 4977 1564 5031 ille
1604 4977 1959 5046 responderit,
2003 4993 2125 5032 cum

543 5072 794 5128 hesterno
841 5071 928 5127 die
977 5070 1169 5124 lectum
1219 5077 1389 5132 esset,
1434 5076 1488 5122 et
1535 5083 1630 5138 pro
1682 5069 1877 5123 nostris
1927 5069 2126 5125 viribus

542 5167 888 5236 disputatum.
939 5161 1106 5220 IIodie
1147 5162 1306 5216 verba
1347 5160 1464 5229 ejus
1504 5159 1620 5215 lucc
1659 5160 1793 5215 lecta
1835 5169 1983 5226 sunt,
2026 5160 2127 5217 Vos

543 5263 820 5317 secundum
847 5275 1046 5314 carnem
1068 5256 1334 5328 judicatis.
1370 5254 1514 5320 Ideo,
1549 5254 1739 5325 inquit,
1773 5255 1901 5308 mihi
1930 5255 2124 5321 dicitis,

548 5351 626 5406 Tu
651 5358 712 5406 a'e
738 5363 784 5406 te
821 5349 1156 5406 testimonium
1194 5346 1324 5401 dicis
1346 5361 1365 5410 ;
1395 5345 1732 5399 testimonium
1762 5355 1901 5398 tuum
1928 5363 2028 5399 non
2055 5355 2127 5400 est
2204 5347 2207 5352 ’

546 5459 748 5508 rerum,
777 5443 896 5511 quia
944 5440 1220 5496 secundum
1254 5454 1457 5492 carnem
1489 5436 1734 5508 judicatis
1754 5453 1774 5503 ;
1807 5438 1928 5507 quia
1963 5437 2127 5492 Deum

549 5551 658 5591 non
707 5534 1030 5605 intelligitis,
1076 5543 1130 5589 et
1177 5531 1449 5587 hominem
1499 5529 1723 5594 videtis,
1768 5540 1821 5584 et
1859 5529 2127 5585 hominem

549 5625 952 5697 persequendo,
980 5625 1146 5679 Deum
1176 5625 1428 5679 latentem
1467 5620 1751 5676 oll'enditis.
1784 5620 1926 5691 Ergo
1953 5637 2132 5677 secun-

551 5718 670 5774 dum
690 5733 889 5772 carnem
906 5717 1172 5786 judicatis.
1199 5716 1322 5775 Ideo
1345 5718 1493 5774 vobis
1513 5730 1765 5788 arrogans
1783 5715 1985 5786 videor,
2011 5717 2132 5788 quia

1448 289 1512 346 IN
1541 285 1815 346 JOANN’IS
1854 279 2322 348 EVANGELIUM,
2367 280 2422 338 S.
2467 280 2831 342 AUGUSTINI

3633 284 3769 349 ἴδω

2193 408 2292 463 ego
2315 395 2384 451 de
2407 411 2493 452 me
2525 398 2882 453 testimonium
2912 395 3182 467 perhibeo.
3207 395 3391 455 Omnis
3418 398 3562 455 enim
3588 399 3777 469 homo,

2193 487 2406 556 quando
2433 487 2500 544 de
2528 503 2586 544 se
2610 490 2724 544 vult
2762 489 3045 559 perhibere
3084 489 3445 544 testimonium
3479 490 3778 558 laudabile,

2193 592 2451 648 arrogans
2472 588 2526 634 et
2548 581 2809 650 superbus
2835 581 3062 634 videtur.
3091 580 3213 636 Ideo
3233 581 3495 652 scriptum
3521 590 3624 647 est,
3659 583 3780 638 Non

2196 678 2243 722 te
2266 669 2438 724 laudet
2473 687 2529 726 os
2558 680 2719 735 tuum,
2749 669 2838 724 sed
2863 671 3032 725 laudet
3068 681 3114 725 te
3145 688 3203 726 os
3237 672 3458 742 proximi
3495 673 3569 726 tui
3599 672 3781 742 (Prov.

2199 777 2368 828 xxvtt,
2396 761 2476 832 2).
2507 761 2610 817 Sed
2654 762 2755 816 hoc
2793 761 2993 816 homini
3019 761 3216 816 dictum
3254 770 3356 817 est.
3397 760 3600 817 Inﬁrmi
3639 764 3782 818 enim

2196 869 2399 923 sumus,
2427 866 2482 910 et
2520 855 2656 925 apud
2698 855 2934 910 inﬁrmos
2973 854 3256 925 loquimur.
3292 854 3491 910 Verum
3526 855 3704 910 dicere
3730 865 3788 910 et

2197 946 2409 1000 mentiri
2451 961 2733 1016 possumus
2769 963 2783 999 :
2820 946 2920 1000 etsi
2962 961 3145 1000 verum
3183 945 3365 1002 dicere
3409 944 3690 1012 debemus,
3731 953 3787 1000 et

2198 1035 2410 1091 mentiri
2441 1045 2619 1092 tamen
2658 1051 2941 1106 possumus
2968 1051 3088 1091 eum
3120 1037 3385 1092 volumus.
3416 1036 3532 1091 Lux
3571 1038 3787 1094 mentiri

2199 1145 2303 1183 non
2335 1139 2509 1198 potest
2539 1146 2552 1182 :
2584 1131 2723 1184 absit
2748 1140 2804 1185 ut
2833 1130 2884 1184 in
2917 1129 3048 1186 lucis
3085 1129 3278 1185 divina:
3314 1130 3600 1202 splendore
3631 1141 3786 1187 tene-

2199 1221 2310 1276 bra:
2339 1221 2598 1277 mendacii
2641 1223 2993 1292 reperiantur.
3021 1223 3360 1292 Loquebatur
3395 1223 3485 1280 ille
3533 1233 3786 1293 tanquam

2201 1310 2311 1376 lux,
2339 1311 2653 1381 loquebatur
2682 1321 2930 1382 tanquam
2960 1312 3190 1378 veritas;
3222 1312 3316 1367 sed
3346 1312 3435 1367 lux
3465 1312 3518 1366 in
3548 1313 3788 1368 tenebris

2204 1401 2432 1469 lucebat,
2461 1409 2516 1457 et
2542 1402 2776 1458 tenebrae
2804 1417 2922 1456 eam
2948 1417 3054 1457 non
3079 1402 3599 1474 comprehenderunt
3623 1421 3636 1457 :
3667 1403 3790 1458 ideo

2202 1492 2494 1548 secundum
2519 1508 2732 1549 carnem
2759 1492 3086 1565 judicabant.
3126 1493 3254 1563 Vos,
3287 1493 3478 1565 inquit,
3509 1494 3789 1550 secundum

2205 1601 2407 1639 carnem
2429 1585 2692 1656 judicatis.

2275 1677 2328 1731 4.
2371 1673 2482 1746 Ego
2525 1692 2624 1730 non
2657 1675 2838 1744 judico
2879 1693 3196 1748 quamquam.
3253 1676 3370 1732 Non
3411 1693 3539 1748 ergo
3578 1678 3784 1748 judicat

2205 1782 2523 1838 quemquam
2563 1768 2819 1824 Dominus
2843 1769 3000 1825 Jesus
3035 1769 3318 1825 Christus?
3343 1769 3530 1825 Nonne
3567 1771 3682 1840 ipse
3709 1780 3797 1827 est

2206 1873 2364 1927 quem
2399 1858 2716 1913 conﬁtemur
2749 1859 3106 1914 resurrexisso
3145 1861 3296 1914 tertia
3325 1860 3430 1926 dic,
3479 1861 3794 1918 ascendisse

2208 1949 2260 2003 in
2291 1949 2505 2016 emlunt,
2539 1951 2609 2005 ibi
2648 1949 2834 2005 sedere
2871 1949 2939 2004 ad
2967 1949 3239 2005 dexteram
3270 1951 3462 2014 Patris,
3511 1950 3633 2006 inde
3671 1966 3798 2007 esse

2207 2051 2487 2096 venturum
2512 2041 2577 2096 ad
2591 2042 2906 2112 jndicandos
2927 2043 3075 2096 vivos
3100 2051 3154 2097 et
3175 2043 3450 2098 mortuos?
3472 2043 3658 2098 Nonne
3679 2043 3799 2113 ipsa

2209 2145 2291 2191 est
2330 2135 2461 2190 ﬁdes
2493 2144 2696 2201 nostra,
2735 2135 2802 2190 de
2848 2150 2950 2205 qua
2982 2135 3109 2190 dicit
3139 2136 3446 2204 Apostolus,
3482 2133 3646 2190 Corde
3680 2151 3798 2188 cre-

2211 2228 2348 2281 ditur
2385 2226 2454 2281 ad
2467 2227 2743 2297 justitiam,
2785 2242 2869 2281 ore
2905 2238 3074 2280 autem
3111 2227 3359 2298 confessio
3397 2227 3454 2295 [it
3489 2225 3556 2279 ad
3583 2227 3802 2280 salutem

2214 2319 2391 2389 (Rom.
2434 2336 2488 2385 κ,
2540 2318 2665 2390 I0)?
2704 2320 2843 2389 Ergo
2884 2319 3095 2388 quando
3147 2321 3245 2374 ista
3285 2319 3621 2384 conﬁtemur,
3666 2334 3803 2374 con-

2215 2420 2292 2466 tra
2327 2412 2605 2466 Dominum
2630 2410 2936 2481 loquimur?
2965 2410 3070 2466 Nos
3096 2410 3323 2465 dicimus
3343 2419 3622 2465 venturum
3649 2409 3804 2480 judi-

2214 2518 2331 2559 cem
2360 2503 2600 2558 vivorum
2643 2511 2698 2557 et
2737 2513 3101 2566 mortuorum;
3143 2501 3257 2570 ipse
3296 2509 3474 2556 autem
3505 2499 3652 2567 dicit,
3683 2499 3805 2571 Ego

2215 2611 2316 2648 non
2355 2594 2534 2666 judico
2578 2609 2893 2664 quamquam.
2953 2592 3187 2660 Qurestio
3227 2592 3328 2646 ista
3371 2591 3580 2647 duobus
3627 2591 3807 2647 modis

2217 2685 2352 2740 solvi
2401 2693 2609 2755 potest;
2662 2693 2718 2738 ut
2774 2692 2866 2738 aut
2905 2683 3006 2738 hoc
3059 2684 3436 2754 intelligamus,
3483 2700 3583 2737 non
3626 2683 3807 2749 judico

2217 2791 2536 2848 quamquam,
2587 2774 2639 2828 id
2678 2783 2779 2839 est,
2819 2774 3014 2830 modo:
3047 2775 3182 2829 sicut
3208 2775 3336 2829 dicit
3372 2775 3477 2829 alio
3515 2774 3650 2838 loco,
3686 2773 3809 2845 Ego

2217 2883 2320 2922 non
2361 2869 2471 2920 veni
2510 2876 2563 2919 ut
2596 2866 2823 2936 judicem
2860 2864 3124 2929 mundum,
3165 2866 3252 2919 sed
3290 2875 3343 2918 ut
3385 2865 3577 2919 salvum
3615 2865 3812 2934 faciam

2218 2957 2462 3012 mundum
2487 2953 2663 3029 (Joan.
2687 2973 2780 3023 xu,
2805 2954 2894 3027 47)
2913 2971 2927 3021 ;
2949 2971 3054 3011 non
3075 2955 3329 3026 judicium
3356 2971 3506 3011 suum
3539 2954 3809 3025 negando,

2219 3049 2312 3104 sed
2347 3047 2659 3104 dilferendo.
2691 3049 2798 3102 Aut
2822 3057 2968 3103 certe
2996 3049 3116 3119 quia
3138 3047 3364 3114 dixerat,
3401 3046 3501 3102 Vos
3528 3048 3815 3102 scentulum

2221 3157 2424 3194 carnem
2441 3140 2715 3211 judicatis;
2733 3139 2804 3193 ita
2833 3139 3123 3210 subiunxit,
3157 3138 3268 3210 Ego
3301 3156 3401 3193 non
3421 3139 3600 3211 judico
3625 3155 3814 3210 quem-

2219 3250 2390 3304 quam,
2435 3241 2494 3288 ut
2529 3233 2834 3298 subaudias,
2864 3230 3153 3286 secundum
3179 3245 3414 3285 carnem.
3449 3229 3633 3285 Nullus
3673 3244 3813 3299 ergo

2223 3325 2377 3379 nobis
2405 3335 2591 3379 contra
2619 3323 2774 3379 ﬁdem
2803 3338 2959 3394 quam
2992 3333 3233 3378 tenemus
3261 3331 3314 3377 et
3337 3323 3717 3376 annuntiamus
3745 3323 3814 3378 de

2219 3417 2398 3487 judice
2424 3416 2658 3483 Christo,
2683 3417 2960 3486 scrupulus
2991 3415 3337 3470 dubitationis
3361 3416 3412 3470 in
3443 3415 3601 3470 corde
3629 3430 3814 3470 rema-

2223 3517 2366 3566 neat.
2408 3508 2562 3568 Venit
2585 3507 2850 3576 Christus,
2882 3507 2978 3562 sed
3006 3508 3176 3578 primo
3201 3508 3429 3574 salvare,
3458 3515 3642 3578 postea
3666 3506 3818 3576 judi-

2223 3619 2344 3660 care
2369 3621 2381 3657 :
2407 3603 2800 3674 eosjudicando
2828 3605 2879 3658 in
2909 3615 3144 3676 pinnam,
3168 3615 3257 3676 qetll
3277 3599 3467 3661 salvari
3487 3599 3812 3671 noluerunt;

2225 3711 2319 3752 cos
2350 3696 2688 3768 perducendo
2718 3696 2782 3751 ad
2813 3697 2995 3765 vitam,
3027 3698 3115 3768 qui
3141 3698 3406 3754 credendo
3449 3699 3672 3754 salutem
3705 3717 3814 3756 non

2225 3796 2562 3856 reSpuerunt.
2617 3787 2792 3842 Prima
2841 3803 2968 3858 ergo
3015 3789 3342 3858 dispensatio
3391 3791 3598 3844 Domini
3640 3794 3817 3847 nostri

2227 3878 2350 3934 Jesu
2396 3878 2591 3934 Christi
2634 3880 2964 3936 medicinalis
3005 3889 3106 3947 est,
3139 3897 3243 3936 non
3265 3881 3564 3951 judicialis:
3600 3899 3724 3938 nam
3771 3887 3818 3940 si

2228 3973 2400 4044 primo
2441 3973 2673 4028 venisset
2701 3973 3054 4044 judicaturus,
3094 3975 3358 4030 nemiuem
3403 3976 3693 4031 invenisset
3729 3980 3819 4034 cui

2231 4066 2446 4134 pra-mia
2478 4065 2697 4134 justitire
2723 4064 2984 4120 redderet.
3010 4064 3143 4131 Quia
3170 4081 3297 4136 ergo
3321 4067 3452 4120 vidit
3477 4081 3662 4122 omnes
3691 4085 3821 4138 pec-

2228 4163 2456 4219 (ratores,
2490 4164 2542 4208 et
2565 4155 2780 4209 omnino
2811 4157 3075 4211 neminem
3102 4171 3220 4211 esse
3260 4157 3544 4213 immunem
3579 4174 3609 4213 a
3638 4172 3821 4216 morte

2230 4251 2465 4320 peccati;
2497 4251 2640 4318 prius
2665 4259 2779 4305 erat
2811 4251 2926 4319 ejus
2965 4251 3324 4306 misericordia
3363 4253 3734 4323 przcroganda,
3766 4265 3823 4310 et

2231 4351 2351 4411 post
2396 4341 2746 4396 exserendum
2787 4340 3043 4411 judicium
3077 4359 3090 4394 :
3121 4341 3244 4411 quia
3269 4341 3346 4409 ,de
3391 4343 3479 4396 illo
3508 4354 3824 4400 cantaverat

2231 4433 2494 4498 Psaltnus,
2535 4432 2935 4486 Misericordium
2963 4442 3010 4486 et
3024 4433 3277 4504 judicium
3311 4436 3520 4489 cantabo
3559 4437 3666 4500 tibi,
3704 4436 3822 4492 Do-

2232 4527 2366 4579 mine
2395 4523 2568 4593 (Psat.
2611 4540 2660 4587 c,
2697 4523 2770 4595 l).
2807 4524 2920 4578 Non
2949 4525 3088 4578 enim
3115 4525 3372 4595 judicium
3399 4527 3474 4581 ait
3509 4536 3563 4581 et
3601 4529 3823 4583 miscri—

2232 4617 2467 4673 cordiam
2489 4635 2503 4681 ;
2527 4632 2647 4670 nam
2671 4616 2715 4670 si
2742 4617 2913 4686 primo
2933 4616 3362 4686 essetjudicium,
3387 4619 3527 4673 nulla
3552 4629 3696 4674 esset
3715 4623 3824 4675 tui-

2233 4709 2519 4766 sericordia
2546 4725 2559 4764 :
2589 4709 2682 4764 sed
2719 4709 2890 4780 primo
2916 4711 3299 4776 misericordia,
3330 4722 3511 4781 postea
3535 4713 3822 4782 judicium.

2234 4803 2363 4870 Qum
2404 4809 2486 4855 est
2515 4802 2684 4871 primo
2719 4801 3115 4857 misericordia?
3139 4802 3358 4856 Creator
3381 4803 3631 4870 hominis,
3657 4803 3828 4860 homo

2236 4908 2356 4950 esse
2387 4892 2630 4963 dignatus
2665 4901 2782 4947 est:
2813 4891 2981 4946 factus
3009 4901 3092 4948 est
3116 4892 3254 4963 quod
3279 4894 3494 4961 fecerat,
3527 4910 3593 4949 ne
3624 4899 3830 4966 periret

2236 4999 2394 5055 quem
2426 4982 2644 5037 fecerat.
2670 4981 2807 5050 Quid
2832 4981 2955 5038 huic
2969 4983 3343 5039 misericordize
3374 4985 3496 5040 addi
3525 4989 3738 5056 potest?
3759 4989 3829 5044 Et

2237 5084 2418 5129 tamen
2470 5073 2690 5127 addidit.
2731 5073 2924 5128 Parum
2969 5074 3068 5128 fuit
3115 5076 3164 5131 ei
3206 5076 3476 5133 hominem
3525 5079 3671 5145 ﬁeri;
3727 5082 3830 5137 sed

2238 5165 2423 5220 etiam‘
2471 5165 2539 5218 ab
2569 5164 2870 5220 hominibus
2915 5165 3186 5235 reprobari
3215 5185 3228 5219 :
3260 5184 3442 5236 parum
3473 5180 3586 5223 erat
3632 5186 3819 5239 repro-

2237 5257 2384 5323 bari;
2417 5267 2472 5314 et
2499 5257 2854 5313 exhonorari:
2883 5273 3068 5328 parum
3102 5269 3220 5314 erat
3257 5259 3606 5324 exhonorari;
3639 5271 3694 5315 et
3731 5279 3829 5318 oe-

2238 5350 2342 5405 cidi
2376 5369 2388 5404 :
2421 5349 2517 5405 sed
2559 5359 2612 5405 et
2647 5350 2748 5405 hoc
2778 5365 2961 5419 parum
2993 5360 3107 5416 est;
3138 5359 3310 5406 morte
3351 5352 3543 5407 crucis.
3590 5352 3725 5408 Nam
3779 5367 3837 5409 et

2239 5455 2361 5495 cum
2391 5441 2507 5511 ejus
2535 5440 2888 5498 obedientiam
2923 5455 3088 5511 usque
3113 5441 3177 5495 ad
3211 5452 3436 5497 mortem
3465 5443 3653 5497 tinctam
3686 5459 3840 5499 com-

2241 5533 2521 5589 mendarct
2561 5533 2866 5602 Apostolus,
2909 5547 3095 5603 parum
3138 5534 3212 5589 illi
3254 5534 3350 5590 fuit
3389 5535 3585 5603 dicere,
3636 5535 3838 5592 Factus

2309 5645 2324 5677 ⁸
2351 5645 2496 5706 Lugd.
2524 5652 2640 5693 ven.
2662 5651 2770 5693 Lov.
2787 5643 2978 5707 legunt,
3001 5644 3088 5695 sed
3108 5645 3247 5697 voluit
3271 5647 3431 5698 etiam.
3453 5655 3501 5696 In
3525 5655 3572 5697 Β.
3581 5683 3594 5710 ,
3619 5648 3678 5700 ad
3698 5662 3837 5701 mar.

2246 5729 2414 5790 ginem
2435 5735 2705 5792 annotalur,
2729 5727 2924 5792 supple,
2948 5745 3152 5778 Αυυιυιτ.
3219 5737 3274 5780 ιι.
