4118 6498
320 362 464 424 T665

317 582 577 635 mortem,
602 570 695 626 sed
717 567 936 635 addidit,
964 574 1169 620 mortem
1195 573 1359 619 autem
1381 564 1542 618 crucis
1570 562 1821 636 (Philipp.
1848 576 1902 626 ll,

318 668 398 728 8).
433 665 528 719 illa
556 671 730 719 morte
755 661 903 732 pejus
921 659 1049 714 nihil
1073 658 1169 713 fuit
1195 658 1329 712 inter
1348 657 1523 711 omnia
1546 670 1737 725 genera
1764 670 1908 708 mor-

319 758 478 811 tium.
507 755 744 825 Denique
768 753 855 808 ubi
880 751 1093 807 dolores
1121 749 1362 805 acerrimi
1390 748 1675 817 exagitant,
1703 744 1907 799 crucia-

320 859 407 903 tus
426 856 670 911 vocatur,
699 860 728 900 a
753 858 911 900 cruce
934 843 1256 898 nominatus.
1283 839 1582 895 Pendentes
1607 838 1749 893 enim
1774 836 1825 891 in
1846 835 1909 889 li-

317 954 426 1009 gno
471 936 735 1004 cruciﬁxi,
778 936 941 991 clavis
970 934 1037 989 ad
1066 934 1266 1005 lignum
1302 931 1520 1002 pedibus
1561 929 1910 999 manibusque

319 1030 543 1097 conﬁxi,
579 1028 833 1099 producta
862 1035 1030 1081 morte
1058 1025 1401 1082 necabantur.
1437 1021 1551 1077 Non
1578 1020 1717 1076 enim
1740 1019 1909 1073 eruci-

325 1124 413 1192 figi
458 1122 563 1177 hoc
607 1129 725 1177 erat
779 1120 948 1176 occidi
978 1136 991 1172 :
1024 1118 1120 1174 sed
1156 1117 1245 1172 diu
1289 1115 1566 1171 vivebatur
1613 1116 1664 1169 in
1708 1126 1903 1176 cruce;

314 1214 576 1283 nonquia
603 1211 811 1282 longior
847 1210 954 1265 vita
980 1208 1292 1280 eligebatur,
1325 1206 1419 1262 sed
1450 1206 1570 1276 quia
1610 1219 1755 1259 mors
1794 1203 1904 1272 ipsa

317 1303 760 1374 protendebatur,
804 1318 873 1357 ne
900 1302 1054 1356 dolor
1093 1300 1248 1355 citius
1276 1299 1537 1353 ﬁniretur.
1579 1296 1708 1350 Mori
1743 1293 1909 1348 voluit

317 1410 417 1465 pro
466 1395 875 1464 nobiszparum
941 1391 1187 1455 dicimus,
1232 1388 1466 1459 cruciﬁgi
1516 1387 1760 1455 dignatus
1802 1393 1903 1450 est,

318 1500 489 1554 usque
520 1484 587 1539 ad
621 1491 847 1538 mortem
874 1482 1047 1537 erucis
1075 1480 1329 1536 obediens
1367 1478 1556 1534 factus.
1598 1477 1771 1547 Elegit
1807 1488 1905 1529 ex-

316 1588 549 1631 tremum
578 1584 631 1632 et
658 1576 946 1647 pessimum
972 1588 1137 1644 genus
1158 1573 1362 1636 mortis,
1385 1571 1471 1641 qui
1498 1584 1709 1625 omnem
1737 1566 1907 1621 fuerat

308 1667 597 1723 ablaturus
624 1675 849 1721 mortem
873 1682 887 1718 :
915 1665 981 1720 de
1012 1672 1183 1719 morte
1210 1662 1439 1733 pessima
1469 1660 1661 1715 occidit
1688 1672 1903 1713 omnem

316 1769 576 1815 mortem.
621 1760 859 1815 Pessima
902 1760 1042 1814 enim
1070 1768 1184 1812 erat
1220 1772 1326 1813 non
1374 1755 1787 1824 intelligentibus
1810 1752 1904 1807 Ju-

315 1851 475 1916 dzcis;
499 1866 626 1905 nam
653 1866 682 1904 a
704 1851 928 1911 Domino
959 1850 1125 1905 electa
1155 1857 1287 1905 erat.
1323 1848 1491 1917 Ipsam
1520 1847 1662 1902 enim
1690 1860 1904 1925 cruqem

315 1954 468 1996 suam
509 1942 723 2010 signum
754 1940 1030 1996 habiturus
1070 1947 1204 2004 erat,
1240 1941 1406 2009 ipsam
1447 1952 1657 1992 crucem
1689 1936 1755 1991 de
1792 1936 1905 1990 dia-

315 2032 441 2087 bolo
460 2042 716 2102 superato
746 2040 993 2103 tanquam
1021 2040 1276 2101 tropzeum
1308 2030 1358 2083 in
1384 2028 1641 2083 frontibus
1670 2027 1904 2081 ﬁdelium

314 2124 607 2193 positurus,
638 2132 696 2178 ut
713 2123 914 2178 diceret
944 2122 1226 2194 Apostolus
1252 2140 1265 2176 :
1291 2119 1422 2175 Mihi
1450 2129 1616 2172 autem
1643 2119 1771 2173 absit
1794 2116 1905 2189 glo-

313 2216 439 2269 riari
469 2216 570 2269 nisi
592 2217 646 2269 in
673 2232 820 2269 cruce
857 2215 1059 2269 Domini
1084 2214 1239 2284 nostri
1258 2211 1382 2266 Jesu
1406 2211 1611 2277 Christi,
1650 2226 1736 2280 per
1759 2226 1904 2284 quem

314 2307 441 2360 mihi
470 2324 691 2361 munaus
735 2308 1008 2376 cruciﬁxus
1048 2315 1138 2371 est,
1174 2315 1221 2360 et
1260 2321 1349 2376 ego
1378 2305 1567 2357 mundo
1603 2302 1795 2374 (Galat.
1830 2319 1901 2367 vt,

322 2399 436 2469 14).
464 2399 611 2454 Nihil
641 2408 757 2455 erat
793 2408 919 2455 tunc
949 2399 1000 2453 in
1022 2413 1183 2454 carne
1220 2397 1622 2461 intolerabilius,
1663 2396 1791 2450 nihil
1823 2403 1906 2449 est

316 2508 461 2546 nunc
489 2492 544 2546 in
572 2492 749 2547 fronte
784 2492 1085 2562 gloriosius.
1117 2489 1253 2558 Quid
1288 2496 1465 2544 servat
1491 2487 1634 2543 ﬁdeli
1665 2503 1782 2552 suo,
1814 2486 1903 2556 qui

314 2584 477 2638 talem
502 2584 763 2639 honorem
790 2584 934 2638 dedit
964 2583 1224 2653 supplicio
1246 2581 1378 2637 suo?
1402 2581 1639 2650 Denique
1664 2580 1822 2634 modo
1852 2582 1901 2633 in

314 2675 491 2744 poenis
521 2690 737 2730 reorum
770 2684 979 2729 nonest
1004 2674 1141 2744 apud
1166 2674 1433 2728 Romanos
1464 2691 1476 2725 :
1510 2672 1596 2727 ubi
1623 2672 1764 2726 enim
1802 2672 1905 2724 Do-

315 2768 445 2820 mini
470 2782 605 2821 crux
632 2766 887 2821 honorata
914 2774 1016 2832 est,
1041 2775 1275 2835 putatum
1302 2774 1382 2819 est
1405 2764 1545 2834 quod
1575 2772 1626 2818 et
1653 2779 1773 2818 reus
1802 2763 1900 2816 ho—

316 2866 624 2924 noraretur,
652 2858 695 2911 si
723 2858 1137 2927 cruciﬁgeretur.
1170 2856 1267 2925 Qui
1295 2871 1421 2926 ergo
1448 2855 1567 2910 ideo
1605 2855 1770 2918 venit,
1806 2869 1901 2908 ne-

316 2948 516 3001 minem
543 2947 795 3017 judicavit
824 2964 836 2999 :
861 2955 915 3001 et
957 2946 1125 3001 malos
1162 2961 1349 3016 passus
1379 2952 1481 3001 est.
1515 2943 1737 2999 Pertulit
1766 2943 1903 3012 inju-

316 3048 456 3093 stum
497 3039 775 3107 judicium,
824 3048 882 3093 ut
920 3046 1101 3107 ageret
1134 3038 1354 3107 justum.
1404 3036 1509 3091 Sed
1543 3037 1596 3090 in
1654 3050 1719 3089 eo
1756 3035 1901 3104 quod

318 3124 541 3192 pertulit
566 3123 839 3193 injustum,
881 3122 1256 3180 misericordiae
1284 3123 1398 3177 fuit.
1442 3121 1679 3192 Denique
1709 3122 1776 3175 ita
1809 3122 1904 3175 hu-

319 3218 461 3271 milis
492 3217 662 3271 factus
688 3224 744 3270 ut
766 3217 971 3271 veniret
998 3216 1061 3270 ad
1082 3231 1315 3281 erucem,
1339 3214 1542 3270 distulit
1568 3214 1779 3285 quidem
1809 3230 1906 3284 po-

319 3310 563 3371 tentiam,
603 3308 694 3362 sed
736 3309 1019 3378 publicavit
1050 3307 1491 3361 misericordiam.
1527 3306 1674 3362 Unde
1700 3306 1905 3361 distulit

318 3398 655 3466 potentiam?
682 3397 813 3465 Quia
840 3398 907 3452 de
935 3412 1093 3453 cruce
1122 3398 1288 3451 noluit
1311 3397 1657 3463 descendere,
1685 3400 1773 3468 qui
1802 3415 1901 3468 po-

320 3491 419 3543 tuit
439 3490 511 3545 de
530 3490 774 3559 sepulcro
800 3505 1095 3561 resurgere.
1119 3490 1271 3547 Unde
1292 3491 1578 3560 publicavit
1602 3492 1906 3547 misericor-

321 3582 507 3636 diam?
529 3583 659 3650 Quia
690 3584 923 3652 pendens
950 3584 1000 3637 in
1036 3599 1195 3639 cruce
1229 3584 1359 3638 dixit
1385 3602 1397 3639 :
1423 3584 1597 3648 Pater,
1615 3586 1816 3655 ignosce
1839 3584 1903 3638 il-

319 3672 401 3735 lis,
446 3673 568 3741 quia
597 3673 822 3726 nesciunt
863 3673 983 3741 quid
1025 3674 1217 3743 faciunt
1250 3671 1396 3745 (Luc.
1426 3690 1575 3736 χχιιι,
1623 3675 1736 3744 54).
1782 3675 1903 3730 Sive

319 3777 447 3832 ergo
488 3771 703 3832 propter
746 3762 866 3829 hoe,
913 3764 1035 3833 quia
1073 3780 1175 3818 non
1221 3773 1439 3819 venerat
1461 3764 1700 3833 judicare
1743 3781 1901 3819 mun-

321 3853 466 3917 dum,
485 3854 580 3908 sed
602 3855 809 3909 salvare
830 3855 1104 3919 mundum,
1125 3855 1271 3920 dixit,
1293 3855 1405 3927 Ego
1427 3872 1524 3908 non
1532 3857 1710 3927 judico
1731 3874 1905 3927 quem-

320 3960 471 4011 quam
501 3960 520 3996 :
550 3945 667 3999 sive
696 3946 1143 4014 quemadmodum
1189 3949 1623 4013 commemoravi,
1652 3952 1900 4019 quoniam

320 4036 550 4102 dixerat,
588 4036 688 4091 Vos
715 4039 984 4092 secundum
1022 4055 1221 4091 carnem
1240 4039 1501 4109 judicatis,
1543 4041 1761 4107 addidit,
1789 4040 1901 4112 Ego

324 4145 421 4181 non
438 4128 619 4197 judico
643 4144 961 4199 quemquam,
1005 4136 1061 4182 ut
1099 4128 1456 4199 intelligamus
1482 4129 1751 4185 Christum
1794 4148 1900 4186 non

324 4218 613 4271 secundum
642 4233 855 4272 carnem
887 4219 1146 4289 judicare,
1178 4220 1311 4274 sicut
1339 4220 1406 4273 ab
1428 4219 1728 4279 hominibus
1753 4222 1900 4293 judi-

323 4319 471 4363 catus
493 4318 593 4383 est.

390 4400 447 4453 5.
489 4398 621 4453 Nam
667 4410 723 4455 ut
768 4402 1064 4471 agnoscatis
1095 4401 1203 4472 jam
1253 4410 1305 4456 et
1342 4402 1574 4471 judicem
1607 4404 1896 4471 Christum,

318 4492 497 4549 audite
523 4493 664 4562 quod
692 4495 927 4563 sequitur
952 4512 963 4547 :
989 4493 1057 4546 Et
1073 4495 1117 4548 si
1125 4496 1306 4565 judico
1329 4512 1437 4565 ego,
1461 4497 1710 4565 judicium
1739 4517 1900 4552 meum

323 4600 493 4638 verum
522 4593 612 4639 est.
651 4585 789 4640 Ecce
811 4586 973 4640 habes
1001 4596 1053 4640 et
1075 4587 1328 4655 judicem,
1359 4586 1453 4641 sed
1480 4602 1706 4657 agnosce
1732 4591 1900 4643 salva-

325 4686 513 4743 torem,
551 4692 618 4732 ne
650 4678 848 4732 sentias
873 4677 1124 4747 iudicem.
1157 4678 1331 4745 Quare
1375 4688 1551 4734 autem
1589 4680 1720 4735 dixit
1754 4682 1897 4751 judi-

321 4767 458 4820 cium
492 4782 647 4822 suum
674 4782 856 4821 verum
884 4768 1038 4821 esse?
1062 4766 1192 4831 Quia
1229 4768 1384 4832 solus,
1418 4769 1608 4839 inquit,
1641 4787 1739 4824 non
1763 4789 1895 4837 sum,

321 4859 408 4909 scd
436 4874 527 4927 ego
557 4869 602 4911 et
630 4860 715 4927 qui
734 4859 866 4912 misit
888 4876 964 4912 me
989 4858 1163 4912 Pater.
1200 4860 1313 4913 Dixi
1342 4861 1510 4926 vobis,
1544 4860 1752 4927 fratres,
1777 4866 1897 4933 quia

316 4947 554 5003 Joannes
585 4950 683 5004 iste
723 4949 1043 5018 evangelista
1072 4959 1286 5003 sanctus
1325 4953 1547 5005 multum
1580 4953 1684 5007 alte
1715 4956 1854 5008 volat
1882 4973 1893 5008 :

321 5041 407 5091 vix
438 5048 523 5094 est
559 5055 680 5094 eum
723 5049 904 5095 mente
946 5040 1417 5111 comprehendere.
1456 5042 1759 5114 Mysterium
1801 5062 1897 5099 au-

323 5138 429 5183 tem
445 5130 606 5185 altius
632 5130 858 5185 volantis
878 5146 1011 5201 opus
1036 5140 1117 5186 est
1143 5141 1197 5186 ut
1218 5147 1630 5189 commemorem
1658 5135 1899 5191 Charita-

326 5230 430 5275 tem
459 5231 709 5277 vestram.
750 5223 818 5277 Et
855 5223 991 5292 apud
1023 5223 1353 5278 Ezechielem
1383 5226 1715 5295 prophetam,
1760 5237 1814 5282 et
1845 5229 1898 5282 in

308 5314 646 5384 Apocalypsi
668 5315 833 5383 ipsius
861 5314 1097 5379 Joannis,
1127 5315 1277 5383 cujus
1306 5326 1385 5370 est
1412 5315 1511 5370 hoc
1529 5316 1893 5387 Evangelium,

321 5416 772 5460 commemoratur
808 5407 1001 5461 animal
1044 5407 1394 5478 quadruplex,
1436 5408 1637 5464 habens
1674 5423 1898 5479 quatuor

324 5511 608 5564 personas;
655 5496 902 5563 hominis,
938 5498 1108 5564 vituli,
1156 5498 1344 5566 leonis,
1388 5499 1579 5569 aquila:
1617 5499 1823 5570 (Ezech.
1856 5518 1894 5569 ι,

319 5589 482 5653 5-10;
526 5590 687 5659 Apoc.
734 5606 805 5657 iv,
851 5590 905 5654 6,
937 5589 1013 5663 7).
1054 5591 1152 5659 Qui
1197 5603 1319 5646 ante
1364 5604 1460 5646 nos
1507 5591 1897 5660 Scripturarum

319 5690 625 5734 emetat-um
649 5683 895 5752 mysteria
928 5690 1305 5750 tractaverunt,
1336 5683 1571 5753 plerique
1594 5684 1643 5739 in
1668 5684 1767 5739 hoc
1786 5686 1896 5740 ani-

320 5771 467 5835 mali,
509 5771 593 5828 vel
634 5773 805 5845 potius
828 5773 879 5830 in
908 5772 991 5830 bis
1029 5774 1344 5831 animalibus
1370 5783 1593 5846 quatuor
1618 5775 1898 5848 Evangelia

1385 356 1794 415 TllACTATUS
1826 350 2061 413 XXXVI.
2107 357 2330 417 CAPUT
2372 360 2502 419 Vill.

319 480 557 536 obedienc
598 493 756 550 usque
782 476 850 531 ad
876 487 1083 530 mortem
1107 489 1124 528 :
1149 488 1255 529 non
1292 472 1435 528 enim
1470 472 1933 543 qualemcumque,

3456 350 3599 430 mea

2015 482 2126 528 stas
2169 473 2558 530 intellexerunt.
2606 476 2837 533 Leonem
2869 494 2963 549 pro
3015 495 3139 553 rege
3175 484 3425 553 positum,
3460 502 3593 556 quo-

2012 561 2153 616 niam
2187 564 2395 620 videtur
2433 566 2516 621 leo
2560 581 2654 621 rex
2694 582 2814 623 esse
2851 570 3240 639 quodammodo
3277 574 3589 643 bestiarum,

2017 660 2235 723 propter
2273 657 2562 724 potentiam
2613 667 2666 713 et
2703 660 2990 717 terribilem
3039 664 3421 721 fortitudinem.
3467 668 3591 724 Haec

2012 757 2235 813 persona
2270 746 2461 802 tributa
2488 757 2569 803 est
2597 749 2864 814 Mattlmo,
2902 753 3025 822 quia
3058 754 3109 808 in
3160 756 3589 826 generationibus

2014 833 2222 888 Domini
2260 838 2457 906 regiam
2502 839 2692 894 seriem
2742 853 3052 911 prosecutus
3092 854 3193 912 est,
3236 847 3586 917 quemadmo-

2012 922 2138 979 dum
2184 935 2329 981 esset
2359 927 2611 983 Dominus
2653 944 2747 999 per
2786 932 3007 1003 stirpem
3052 936 3247 1004 regiam
3279 936 3346 991 de
3386 939 3591 995 semine

2016 1018 2179 1073 David
2215 1019 2375 1089 regis.
2409 1019 2577 1075 Lucas
2605 1030 2778 1077 autem
2816 1025 3062 1094 quoniam
3092 1027 3252 1096 coepit
3279 1043 3309 1082 a
3338 1029 3590 1083 sacerdo-

2014 1107 2091 1171 tio
2141 1108 2408 1164 Zachariae
2452 1112 2761 1179 sacerdotis,
2807 1112 3008 1171 faciens
3045 1119 3365 1173 mentionem
3426 1121 3588 1188 patris

2011 1196 2228 1253 Joannis
2269 1200 2539 1269 Baptistze,
2570 1202 2735 1257 vitulo
2769 1203 3050 1274 deputatus
3092 1217 3205 1273 est;
3238 1210 3360 1279 quia
3399 1224 3588 1280 magna

2012 1290 2223 1345 victima
2257 1291 2455 1347 vitulus
2485 1301 2599 1347 erat
2640 1294 2691 1347 in
2720 1296 2978 1351 sacriﬁcio
3007 1298 3358 1353 sacerdotum.
3408 1300 3585 1354 Marce

2012 1382 2172 1436 homo
2198 1383 2437 1439 Christus
2476 1386 2665 1440 merito
2706 1387 3002 1455 assignatus
3026 1398 3127 1456 est,
3159 1392 3278 1460 quia
3319 1407 3489 1462 neque
3518 1392 3588 1448 de

2013 1475 2158 1543 regia
2199 1483 2459 1543 potestate
2504 1476 2704 1548 aliquid
2748 1478 2899 1544 dixit,
2942 1494 3113 1549 neque
3150 1480 3217 1535 de
3266 1482 3588 1537 sacerdotali

2010 1564 2190 1633 coepit,
2219 1564 2313 1619 sed
2338 1573 2540 1620 tantum
2570 1567 2639 1621 ab
2666 1568 2879 1622 homine
2907 1568 3121 1625 Christo
3144 1586 3368 1627 exorsus
3386 1582 3485 1629 est.
3520 1575 3585 1629 lii

2009 1668 2197 1709 omnes
2224 1671 2387 1725 prope
2425 1656 2492 1712 de
2533 1660 2778 1723 terrenis,
2814 1660 2864 1715 id
2892 1662 3069 1717 estde
3107 1662 3169 1718 iis
3196 1679 3312 1733 qua:
3352 1666 3405 1719 in
3447 1674 3585 1722 terra

2009 1748 2173 1815 gessit
2208 1749 2464 1803 Dominus
2501 1759 2682 1806 noster
2715 1752 2869 1807 Jesus
2904 1753 3166 1819 Christus,
3209 1770 3312 1810 non
3345 1772 3586 1813 recesse-

2009 1845 2134 1892 runt
2163 1855 2176 1892 :
2209 1839 2276 1893 de
2319 1839 2591 1897 divinitate
2629 1842 2744 1911 ejus
2775 1859 3036 1913 perpauca
3077 1846 3236 1901 locuti
3283 1858 3423 1913 sunt,
3467 1859 3587 1903 tau-

2010 1944 2167 1998 quam
2196 1930 2245 1983 in
2279 1941 2417 1985 terra
2460 1948 2578 1987 eum
2620 1935 2712 1990 illo
2741 1938 3088 1993 ambulantes.
3123 1940 3309 1995 Restat
3352 1944 3528 2013 aquila
3567 1960 3582 1999 :

2009 2019 2124 2090 ipse
2151 2030 2232 2076 est
2255 2021 2507 2089 Joannes,
2537 2026 2840 2081 sublimium
2871 2030 3206 2097 przedicator,
3246 2041 3301 2087 et
3339 2032 3473 2089 lueis
3504 2035 3589 2089 in-

2010 2121 2175 2168 ternae
2214 2122 2370 2184 atque
2406 2124 2621 2173 (eterna:
2667 2119 2783 2174 ﬁxis
2825 2122 2993 2176 oculis
3034 2126 3441 2193 contemplator.
3494 2128 3586 2182 υἱ·
3669 2129 3684 2143 ’

2009 2216 2202 2261 cuntur
2227 2207 2368 2263 enim
2400 2217 2452 2264 et
2486 2210 2613 2279 pulli
2640 2212 2935 2281 aquilarum
2970 2231 2999 2269 a
3026 2217 3331 2284 parentibus
3359 2219 3437 2273 sic
3465 2236 3589 2289 pro-

2009 2298 2145 2362 bari,
2192 2301 2359 2368 patris
2402 2301 2605 2357 scilicet
2644 2318 2817 2373 ungue
2860 2307 3129 2375 suspendi,
3176 2316 3231 2362 et
3271 2308 3432 2365 radiis
3460 2312 3589 2367 Solis

2009 2388 2203 2457 opponi
2232 2408 2245 2443 :
2271 2391 2359 2460 qui
2383 2390 2533 2479 firme
2557 2393 2943 2462 contemplatus
2970 2395 3145 2463 fuerit,
3175 2398 3314 2452 filius
3340 2401 3587 2469 agnosci—

2009 2488 2127 2547 tur;
2160 2481 2205 2535 si
2233 2482 2347 2536 acie
2380 2484 2729 2553 palpitaverit,
2766 2494 3012 2556 tanquam
3040 2488 3365 2544 adulterinus
3391 2492 3459 2545 ab
3486 2508 3588 2546 un-

2007 2587 2109 2640 gue
2143 2572 2447 2627 ditnittitur.
2477 2573 2592 2628 Jam
2623 2590 2749 2645 ergo
2774 2576 2950 2631 videte
2989 2594 3145 2647 quam
3174 2580 3417 2635 sublimia
3445 2582 3591 2653 loqui

2007 2662 2209 2729 debuit,
2258 2665 2460 2733 quiest
2498 2666 2689 2735 aquin
2728 2678 3062 2736 comparatus
3087 2687 3100 2723 :
3126 2678 3179 2724 et
3223 2680 3398 2727 tamen
3427 2674 3588 2728 etiam

2009 2768 2107 2809 nos
2138 2754 2284 2808 humi
2312 2765 2580 2824 repentes,
2608 2756 2802 2810 inﬁrmi
2831 2766 2885 2810 et
2914 2758 2996 2811 vix
3026 2759 3182 2813 ullius
3216 2763 3473 2816 momenti
3502 2764 3588 2817 in-

2009 2852 2090 2899 ter
2114 2844 2375 2910 homines,
2400 2846 2663 2901 audemus
2687 2856 2912 2902 tractare
2934 2848 3052 2912 ista,
3079 2859 3134 2904 et
3162 2851 3265 2905 ista
3284 2867 3585 2921 exponere;

2008 2945 2063 2990 et
2092 2946 2335 3006 putamus
2362 2952 2458 2991 nos
2485 2948 2576 2993 aut
2594 2954 2785 3010 capere
2812 2954 2969 3011 posse
2994 2957 3113 2997 cum
3143 2944 3457 3014 cogitamus,
3496 2956 3589 3003 aut

2007 3028 2124 3097 capi
2150 3027 2274 3081 dum
2302 3028 2548 3083 dicimus.

2079 3121 2131 3175 6.
2174 3120 2348 3188 Quare
2388 3120 2485 3175 ista
2530 3122 2675 3176 dixi?
2724 3122 2883 3178 Forte
2922 3123 3063 3179 enim
3110 3134 3230 3193 post
3268 3126 3382 3182 haec
3424 3129 3586 3183 verba

2008 3212 2287 3282 quisquam
2317 3212 2443 3266 mihi
2462 3212 2605 3283 juste
2626 3214 2766 3268 dicat
2790 3233 2803 3270 :
2828 3216 2971 3270 Pone
2995 3232 3124 3286 ergo
3148 3218 3407 3274 codicem.
3434 3220 3587 3288 Quod

2008 3302 2215 3358 excedit
2243 3317 2543 3357 mensuram
2570 3313 2735 3371 tuam,
2763 3306 2888 3375 quid
2909 3308 3075 3360 sumis
3096 3307 3147 3361 in
3170 3324 3382 3363 manum
3406 3319 3546 3365 tuam
3563 3312 3588 3364 ?

2008 3395 2131 3464 quid
2160 3394 2206 3449 ei
2232 3395 2519 3450 committis
2551 3396 2780 3465 linguam
2804 3399 2985 3452 tuam?
3014 3399 3093 3453 Ad
3124 3400 3224 3455 hoc
3249 3403 3585 3471 respondeo:

2008 3485 2157 3539 Multi
2185 3485 2417 3541 haeretici
2455 3486 2743 3553 abundant,
2772 3497 2825 3542 et
2865 3489 2932 3542 ad
2978 3489 3077 3543 hoc
3120 3506 3213 3544 eos
3243 3492 3382 3547 Deus
3421 3494 3589 3549 abun-

2008 3578 2135 3632 dare
2164 3578 2423 3647 permisit,
2454 3593 2520 3632 ne
2540 3593 2750 3647 semper
2776 3579 2911 3634 lacte
2936 3580 3249 3647 nutriamur,
3271 3592 3325 3637 et
3354 3585 3404 3637 in
3434 3584 3587 3640 bruta

2008 3667 2227 3721 infantia
2268 3682 2661 3722 remaneamus.
2713 3668 2846 3734 Quia
2881 3670 3021 3723 enim
3069 3686 3173 3725 non
3213 3672 3589 3730 intellexerunt

2008 3755 2277 3827 quomodo
2306 3756 2767 3811 commendaretur
2787 3757 3035 3812 divinitas
3057 3759 3276 3824 Christi,
3301 3777 3587 3832 sapuerunt

2008 3850 2147 3905 sicut
2177 3849 2458 3901 voluerunt
2483 3866 2495 3899 :
2527 3863 2630 3902 non
2656 3858 2829 3903 autem
2859 3859 3001 3904 recte
3029 3852 3306 3921 sapicudo,
3343 3855 3587 3912 fidelibus

2006 3940 2284 3995 catholicis
2310 3940 2632 4010 qumstiones
2671 3940 3074 3996 molestissimas
3116 3944 3439 4013 intulerunt;
3470 3963 3585 4005 cm-

2008 4041 2199 4103 perunt
2222 4032 2474 4102 exagitari
2501 4040 2553 4087 et
2579 4030 2831 4087 ﬂuctuare
2851 4032 3011 4087 corda
3040 4034 3292 4090 fidelium.
3320 4038 3436 4093 Jam
3461 4049 3584 4095 tunc

2007 4123 2297 4178 necessitas
2329 4122 2462 4177 facta
2496 4131 2578 4176 est
2605 4121 2964 4191 spiritualibus
2991 4124 3137 4189 viris,
3166 4126 3254 4194 qui
3279 4128 3475 4198 aliquid
3499 4146 3585 4185 se-

2007 4213 2237 4268 cundum
2265 4212 2598 4267 divinitatem
2628 4211 2839 4266 Domini
2866 4215 3031 4267 nostri
3057 4213 3182 4269 Jesu
3219 4216 3435 4284 Christi,
3478 4236 3585 4275 non

2006 4310 2176 4364 solum
2202 4308 2440 4377 legerant
2469 4306 2519 4360 in
2551 4306 2857 4375 Evangelio,
2887 4307 2980 4360 sed
3010 4307 3167 4362 etiam
3194 4309 3583 4379 intellexerant,

2006 4412 2266 4459 utcontra
2293 4418 2439 4456 arma
2466 4402 2659 4456 diaboli
2687 4402 2888 4457 Christi
2913 4419 3057 4458 arma
3086 4403 3421 4474 proferrent:
3445 4414 3501 4460 et
3519 4406 3588 4462 de

2004 4497 2202 4553 Christi
2246 4496 2519 4549 divinitate
2562 4495 2818 4550 adversus
2859 4495 3019 4551 falsos
3049 4496 3367 4567 fallacesqne
3402 4497 3587 4553 docto-

2004 4604 2112 4654 res,
2166 4587 2377 4657 quantis
2422 4595 2638 4654 possent
2676 4588 2895 4650 viribus,
2944 4588 3273 4657 apertissima
3314 4588 3560 4642 conﬁicta

2005 4681 2147 4733 tione
2168 4686 2494 4747 pugnarent;
2537 4692 2604 4731 ne
2631 4692 2751 4732 cum
2788 4678 2887 4747 ipsi
2928 4686 3183 4743 tacerent,
3213 4680 3302 4733 alii
3329 4681 3580 4749 perirent.

2004 4770 2335 4837 Quicumque
2360 4766 2501 4822 enim
2531 4777 2814 4822 senserunt
2836 4769 3112 4823 Dominum
3140 4780 3375 4824 nostrum
3401 4771 3582 4826 Jesum

2004 4860 2268 4915 Christum
2282 4898 2296 4924 ,
2319 4865 2408 4912 aut
2423 4856 2647 4911 diversae
2663 4859 2969 4913 substantia:
2989 4873 3106 4914 esse
3125 4875 3281 4929 quam
3306 4860 3461 4914 Pater
3476 4869 3579 4924 est,

2002 4959 2092 5005 aut
2123 4958 2323 5003 tantum
2362 4962 2482 5003 esse
2514 4947 2783 5003 Christum
2830 4949 3027 5014 solum,
3070 4957 3129 5004 ut
3156 4952 3267 5019 ipse
3305 4950 3375 5005 sit
3400 4950 3579 5015 Pater,

2005 5041 2118 5109 ipse
2151 5040 2219 5093 sit
2258 5039 2444 5106 Filius,
2474 5039 2590 5108 ipse
2620 5040 2699 5093 sit
2727 5039 2953 5108 Spiritus
2981 5050 3192 5096 sanctus
3221 5058 3235 5094 :
3261 5040 3581 5110 quicumque

2004 5132 2161 5186 etiam
2202 5132 2400 5185 sentire
2427 5132 2705 5185 voluerunt
2734 5131 3003 5185 hominem
3046 5130 3210 5185 fuisse
3252 5130 3444 5196 solum,
3474 5148 3579 5186 non

2005 5224 2171 5277 Deum
2202 5223 2396 5277 factum
2425 5223 2716 5288 hominem,
2742 5233 2832 5277 aut
2856 5225 2924 5278 ita
2956 5224 3120 5278 Deum
3152 5232 3208 5276 ut
3236 5223 3289 5276 in
3318 5236 3412 5277 sua
3440 5223 3580 5277 divi-

2003 5316 2170 5369 nitate
2198 5315 2527 5381 mutabilem,
2557 5324 2650 5369 aut
2672 5316 2740 5369 ita
2775 5317 2937 5370 Deum
2966 5324 3023 5369 ut
3060 5330 3167 5370 non
3195 5324 3249 5370 et
3273 5315 3578 5383 hominem;

2003 5422 2034 5461 a
2063 5406 2166 5461 ﬁde
2204 5405 2672 5476 naufragaverunt,
2719 5416 2773 5461 et
2800 5408 2866 5462 de
2895 5416 3047 5477 portu
3076 5407 3330 5462 Ecclesia:
3359 5410 3579 5479 projecti

2002 5509 2145 5564 Sunt,
2176 5515 2243 5554 ne
2268 5499 2629 5570 inquietudine
2647 5514 2740 5554 sua
2766 5515 2926 5555 naves
2950 5515 3129 5563 secum
3158 5501 3356 5571 positas
3375 5503 3582 5572 frange-

2004 5604 2142 5648 rent.
2172 5593 2302 5659 Qua:
2344 5608 2431 5647 res
2467 5593 2641 5661 coegit
2668 5600 2726 5645 ut
2749 5592 2905 5646 etiam
2944 5607 3042 5647 nos
3076 5594 3302 5662 minimi,
3332 5603 3387 5650 et
3410 5611 3574 5665 quan-

2004 5697 2113 5739 tum
2134 5684 2196 5739 ad
2219 5700 2316 5739 nos
2329 5684 2554 5753 pertinet
2572 5698 2786 5752 prorsus
2806 5683 3023 5754 indigni,
3046 5693 3297 5756 quantum
3317 5696 3491 5740 autem
3511 5684 3579 5739 ad

2006 5779 2147 5835 illius
2175 5774 2591 5834 misericordiam
2617 5776 2667 5831 in
2697 5777 2871 5849 aliquo
2892 5777 3315 5851 dispensatorem
3344 5780 3459 5853 ejus
3478 5796 3580 5835 ne—
