  <div class='ocr_page' id='page_1' title='image "/cluster/home/n/w/nwhite01/storage/ocr_20150623/35/hvd.32044015706302/183.png"; bbox 0 0 4118 6496; ppageno 0'>
   <div class='ocr_carea' id='block_1_1' title="bbox 536 335 678 396">
    <p class='ocr_par' dir='ltr' id='par_1_1' title="bbox 536 335 678 396">
     <span class='ocr_line' id='line_1_1' title="bbox 536 335 678 396; baseline -0.042 0"><span class='ocrx_word' id='word_1_1' title='bbox 536 335 678 396; x_wconf 64' lang='lat'><strong>£667</strong></span> 
     </span>
    </p>
   </div>
   <div class='ocr_carea' id='block_1_2' title="bbox 534 444 2117 518">
    <p class='ocr_par' dir='ltr' id='par_1_2' title="bbox 534 444 2117 518">
     <span class='ocr_line' id='line_1_2' title="bbox 534 444 2117 518; baseline -0.006 -10"><span class='ocrx_word' id='word_1_2' title='bbox 534 468 685 510; x_wconf 87' lang='lat' dir='ltr'><strong>mero</strong></span> <span class='ocrx_word' id='word_1_3' title='bbox 712 450 1005 518; x_wconf 85' lang='lat' dir='ltr'><strong>constituti,</strong></span> <span class='ocrx_word' id='word_1_4' title='bbox 1033 463 1138 506; x_wconf 90' lang='lat' dir='ltr'><strong>non</strong></span> <span class='ocrx_word' id='word_1_5' title='bbox 1166 447 1318 506; x_wconf 80' lang='lat' dir='ltr'><strong>vobis</strong></span> <span class='ocrx_word' id='word_1_6' title='bbox 1343 455 1609 504; x_wconf 88' lang='lat' dir='ltr'><strong>taceamus</strong></span> <span class='ocrx_word' id='word_1_7' title='bbox 1634 445 1774 516; x_wconf 87' lang='lat' dir='ltr'><strong>quod</strong></span> <span class='ocrx_word' id='word_1_8' title='bbox 1799 453 1892 500; x_wconf 90' lang='lat' dir='ltr'><strong>aut</strong></span> <span class='ocrx_word' id='word_1_9' title='bbox 1919 444 2117 500; x_wconf 80' lang='lat' dir='ltr'><strong>intelli-</strong></span> 
     </span>
    </p>
   </div>
   <div class='ocr_carea' id='block_1_3' title="bbox 535 533 2116 617">
    <p class='ocr_par' dir='ltr' id='par_1_3' title="bbox 535 533 2116 617">
     <span class='ocr_line' id='line_1_3' title="bbox 535 533 2116 617; baseline -0.008 -16"><span class='ocrx_word' id='word_1_10' title='bbox 535 544 692 617; x_wconf 86' lang='lat' dir='ltr'><strong>gatis,</strong></span> <span class='ocrx_word' id='word_1_11' title='bbox 715 558 1030 614; x_wconf 83' lang='lat' dir='ltr'><strong>mecumque</strong></span> <span class='ocrx_word' id='word_1_12' title='bbox 1051 540 1352 614; x_wconf 74' lang='lat' dir='ltr'><strong>gaudeatis;</strong></span> <span class='ocrx_word' id='word_1_13' title='bbox 1374 546 1465 594; x_wconf 91' lang='lat' dir='ltr'><strong>aut</strong></span> <span class='ocrx_word' id='word_1_14' title='bbox 1491 539 1533 593; x_wconf 90' lang='lat' dir='ltr'><strong>si</strong></span> <span class='ocrx_word' id='word_1_15' title='bbox 1557 536 1856 607; x_wconf 89' lang='lat' dir='ltr'><strong>intelligere</strong></span> <span class='ocrx_word' id='word_1_16' title='bbox 1879 533 2116 591; x_wconf 89' lang='lat' dir='ltr'><strong>nondum</strong></span> 
     </span>
    </p>
   </div>
   <div class='ocr_carea' id='block_1_4' title="bbox 538 627 1804 704">
    <p class='ocr_par' dir='ltr' id='par_1_4' title="bbox 538 627 1804 704">
     <span class='ocr_line' id='line_1_4' title="bbox 538 627 1804 704; baseline -0.007 -14"><span class='ocrx_word' id='word_1_17' title='bbox 538 635 748 704; x_wconf 82' lang='lat' dir='ltr'><strong>valetis,</strong></span> <span class='ocrx_word' id='word_1_18' title='bbox 773 633 1045 692; x_wconf 84' lang='lat' dir='ltr'><strong>credendo</strong></span> <span class='ocrx_word' id='word_1_19' title='bbox 1063 631 1236 690; x_wconf 88' lang='lat' dir='ltr'><strong>securi</strong></span> <span class='ocrx_word' id='word_1_20' title='bbox 1265 631 1317 685; x_wconf 92' lang='lat' dir='ltr'><strong>in</strong></span> <span class='ocrx_word' id='word_1_21' title='bbox 1341 637 1496 700; x_wconf 89' lang='lat' dir='ltr'><strong>portu</strong></span> <span class='ocrx_word' id='word_1_22' title='bbox 1524 627 1804 684; x_wconf 86' lang='lat' dir='ltr'><strong>maneatis.</strong></span> 
     </span>
    </p>
   </div>
   <div class='ocr_carea' id='block_1_5' title="bbox 609 717 2116 796">
    <p class='ocr_par' dir='ltr' id='par_1_5' title="bbox 609 717 2116 796">
     <span class='ocr_line' id='line_1_5' title="bbox 609 717 2116 796; baseline -0.005 -16"><span class='ocrx_word' id='word_1_23' title='bbox 609 727 662 780; x_wconf 89' lang='lat'><strong>7.</strong></span> <span class='ocrx_word' id='word_1_24' title='bbox 691 727 872 781; x_wconf 84' lang='lat' dir='ltr'><strong>Dicam</strong></span> <span class='ocrx_word' id='word_1_25' title='bbox 901 739 1060 796; x_wconf 86' lang='lat' dir='ltr'><strong>ergo;</strong></span> <span class='ocrx_word' id='word_1_26' title='bbox 1085 723 1260 794; x_wconf 88' lang='lat' dir='ltr'><strong>capiat</strong></span> <span class='ocrx_word' id='word_1_27' title='bbox 1282 721 1373 791; x_wconf 91' lang='lat' dir='ltr'><strong>qui</strong></span> <span class='ocrx_word' id='word_1_28' title='bbox 1399 728 1611 790; x_wconf 89' lang='lat' dir='ltr'><strong>potest,</strong></span> <span class='ocrx_word' id='word_1_29' title='bbox 1655 718 1839 776; x_wconf 79' lang='lat' dir='ltr'><strong>credat</strong></span> <span class='ocrx_word' id='word_1_30' title='bbox 1879 717 1969 788; x_wconf 87' lang='lat' dir='ltr'><strong>qui</strong></span> <span class='ocrx_word' id='word_1_31' title='bbox 2008 731 2116 773; x_wconf 91' lang='lat' dir='ltr'><strong>non</strong></span> 
     </span>
    </p>
   </div>
   <div class='ocr_carea' id='block_1_6' title="bbox 536 809 2118 891">
    <p class='ocr_par' dir='ltr' id='par_1_6' title="bbox 536 809 2118 891">
     <span class='ocr_line' id='line_1_6' title="bbox 536 809 2118 891; baseline -0.008 -16"><span class='ocrx_word' id='word_1_32' title='bbox 536 828 754 891; x_wconf 85' lang='lat' dir='ltr'><strong>potest:</strong></span> <span class='ocrx_word' id='word_1_33' title='bbox 782 827 958 874; x_wconf 84' lang='lat' dir='ltr'><strong>tamen</strong></span> <span class='ocrx_word' id='word_1_34' title='bbox 983 816 1158 872; x_wconf 86' lang='lat' dir='ltr'><strong>dicam</strong></span> <span class='ocrx_word' id='word_1_35' title='bbox 1195 812 1340 884; x_wconf 92' lang='lat' dir='ltr'><strong>quod</strong></span> <span class='ocrx_word' id='word_1_36' title='bbox 1379 812 1456 868; x_wconf 86' lang='lat' dir='ltr'><strong>ait</strong></span> <span class='ocrx_word' id='word_1_37' title='bbox 1484 812 1771 877; x_wconf 82' lang='lat' dir='ltr'><strong>Dominus,</strong></span> <span class='ocrx_word' id='word_1_38' title='bbox 1810 809 1910 865; x_wconf 87' lang='lat' dir='ltr'><strong>Vos</strong></span> <span class='ocrx_word' id='word_1_39' title='bbox 1936 825 2118 866; x_wconf 82' lang='lat' dir='ltr'><strong>secun-</strong></span> 
     </span>
    </p>
   </div>
   <div class='ocr_carea' id='block_1_7' title="bbox 531 902 2118 978">
    <p class='ocr_par' dir='ltr' id='par_1_7' title="bbox 531 902 2118 978">
     <span class='ocr_line' id='line_1_7' title="bbox 531 902 2118 978; baseline -0.007 -14"><span class='ocrx_word' id='word_1_40' title='bbox 531 912 654 964; x_wconf 87' lang='lat' dir='ltr'><strong>dum</strong></span> <span class='ocrx_word' id='word_1_41' title='bbox 685 925 888 964; x_wconf 80' lang='lat' dir='ltr'><strong>carnem</strong></span> <span class='ocrx_word' id='word_1_42' title='bbox 912 905 1188 978; x_wconf 87' lang='lat' dir='ltr'><strong>judicatis;</strong></span> <span class='ocrx_word' id='word_1_43' title='bbox 1215 919 1307 974; x_wconf 88' lang='lat' dir='ltr'><strong>ego</strong></span> <span class='ocrx_word' id='word_1_44' title='bbox 1334 918 1435 957; x_wconf 82' lang='lat' dir='ltr'><strong>non</strong></span> <span class='ocrx_word' id='word_1_45' title='bbox 1467 902 1644 972; x_wconf 78' lang='lat' dir='ltr'><strong>judico</strong></span> <span class='ocrx_word' id='word_1_46' title='bbox 1668 917 1994 972; x_wconf 73' lang='lat' dir='ltr'><strong>quamquam,</strong></span> <span class='ocrx_word' id='word_1_47' title='bbox 2025 908 2118 954; x_wconf 86' lang='lat' dir='ltr'><strong>aut</strong></span> 
     </span>
    </p>
   </div>
   <div class='ocr_carea' id='block_1_8' title="bbox 533 991 2117 1063">
    <p class='ocr_par' dir='ltr' id='par_1_8' title="bbox 533 991 2117 1063">
     <span class='ocr_line' id='line_1_8' title="bbox 533 991 2117 1063; baseline -0.007 -7"><span class='ocrx_word' id='word_1_48' title='bbox 533 1000 714 1061; x_wconf 83' lang='lat' dir='ltr'><strong>modo,</strong></span> <span class='ocrx_word' id='word_1_49' title='bbox 743 1007 835 1054; x_wconf 85' lang='lat' dir='ltr'><strong>aut</strong></span> <span class='ocrx_word' id='word_1_50' title='bbox 854 995 1143 1054; x_wconf 90' lang='lat' dir='ltr'><strong>secundum</strong></span> <span class='ocrx_word' id='word_1_51' title='bbox 1167 1009 1404 1050; x_wconf 89' lang='lat' dir='ltr'><strong>carnem.</strong></span> <span class='ocrx_word' id='word_1_52' title='bbox 1431 992 1536 1048; x_wconf 87' lang='lat' dir='ltr'><strong>Sed</strong></span> <span class='ocrx_word' id='word_1_53' title='bbox 1560 1001 1605 1046; x_wconf 88' lang='lat' dir='ltr'><strong>et</strong></span> <span class='ocrx_word' id='word_1_54' title='bbox 1629 993 1673 1046; x_wconf 91' lang='lat' dir='ltr'><strong>si</strong></span> <span class='ocrx_word' id='word_1_55' title='bbox 1701 1009 1791 1063; x_wconf 78' lang='lat' dir='ltr'><strong>ego</strong></span> <span class='ocrx_word' id='word_1_56' title='bbox 1807 991 2008 1062; x_wconf 83' lang='lat' dir='ltr'><strong>judico,</strong></span> <span class='ocrx_word' id='word_1_57' title='bbox 2026 991 2117 1061; x_wconf 86' lang='lat' dir='ltr'><strong>ju-</strong></span> 
     </span>
    </p>
   </div>
   <div class='ocr_carea' id='block_1_9' title="bbox 530 1084 2112 1157">
    <p class='ocr_par' dir='ltr' id='par_1_9' title="bbox 530 1084 2112 1157">
     <span class='ocr_line' id='line_1_9' title="bbox 530 1084 2112 1157; baseline -0.006 -11"><span class='ocrx_word' id='word_1_58' title='bbox 530 1093 718 1146; x_wconf 83' lang='lat' dir='ltr'><strong>dicium</strong></span> <span class='ocrx_word' id='word_1_59' title='bbox 759 1107 925 1145; x_wconf 82' lang='lat' dir='ltr'><strong>meum</strong></span> <span class='ocrx_word' id='word_1_60' title='bbox 952 1103 1124 1142; x_wconf 81' lang='lat' dir='ltr'><strong>verum</strong></span> <span class='ocrx_word' id='word_1_61' title='bbox 1153 1096 1246 1141; x_wconf 86' lang='lat' dir='ltr'><strong>est.</strong></span> <span class='ocrx_word' id='word_1_62' title='bbox 1281 1086 1456 1153; x_wconf 84' lang='lat' dir='ltr'><strong>Quare</strong></span> <span class='ocrx_word' id='word_1_63' title='bbox 1474 1084 1730 1157; x_wconf 87' lang='lat' dir='ltr'><strong>judicium</strong></span> <span class='ocrx_word' id='word_1_64' title='bbox 1757 1092 1902 1148; x_wconf 87' lang='lat' dir='ltr'><strong>tuum</strong></span> <span class='ocrx_word' id='word_1_65' title='bbox 1930 1099 2112 1138; x_wconf 88' lang='lat' dir='ltr'><strong>verum</strong></span> 
     </span>
    </p>
   </div>
   <div class='ocr_carea' id='block_1_10' title="bbox 529 1177 2115 1250">
    <p class='ocr_par' dir='ltr' id='par_1_10' title="bbox 529 1177 2115 1250">
     <span class='ocr_line' id='line_1_10' title="bbox 529 1177 2115 1250; baseline -0.006 -10"><span class='ocrx_word' id='word_1_66' title='bbox 529 1185 654 1240; x_wconf 85' lang='lat' dir='ltr'><strong>est?</strong></span> <span class='ocrx_word' id='word_1_67' title='bbox 682 1184 812 1250; x_wconf 82' lang='lat' dir='ltr'><strong>Quia</strong></span> <span class='ocrx_word' id='word_1_68' title='bbox 836 1182 973 1236; x_wconf 84' lang='lat' dir='ltr'><strong>solus</strong></span> <span class='ocrx_word' id='word_1_69' title='bbox 998 1197 1098 1235; x_wconf 81' lang='lat' dir='ltr'><strong>non</strong></span> <span class='ocrx_word' id='word_1_70' title='bbox 1124 1196 1256 1244; x_wconf 80' lang='lat' dir='ltr'><strong>sum,</strong></span> <span class='ocrx_word' id='word_1_71' title='bbox 1304 1179 1502 1250; x_wconf 89' lang='lat' dir='ltr'><strong>inquit,</strong></span> <span class='ocrx_word' id='word_1_72' title='bbox 1534 1178 1624 1232; x_wconf 87' lang='lat' dir='ltr'><strong>sed</strong></span> <span class='ocrx_word' id='word_1_73' title='bbox 1649 1194 1742 1247; x_wconf 88' lang='lat' dir='ltr'><strong>ego</strong></span> <span class='ocrx_word' id='word_1_74' title='bbox 1779 1186 1825 1232; x_wconf 90' lang='lat' dir='ltr'><strong>et</strong></span> <span class='ocrx_word' id='word_1_75' title='bbox 1854 1179 1939 1247; x_wconf 89' lang='lat' dir='ltr'><strong>qui</strong></span> <span class='ocrx_word' id='word_1_76' title='bbox 1981 1177 2115 1232; x_wconf 90' lang='lat' dir='ltr'><strong>misit</strong></span> 
     </span>
    </p>
   </div>
   <div class='ocr_carea' id='block_1_11' title="bbox 530 1267 2110 1342">
    <p class='ocr_par' dir='ltr' id='par_1_11' title="bbox 530 1267 2110 1342">
     <span class='ocr_line' id='line_1_11' title="bbox 530 1267 2110 1342; baseline -0.004 -14"><span class='ocrx_word' id='word_1_77' title='bbox 530 1292 609 1328; x_wconf 88' lang='lat' dir='ltr'><strong>me</strong></span> <span class='ocrx_word' id='word_1_78' title='bbox 632 1274 806 1327; x_wconf 83' lang='lat' dir='ltr'><strong>Pater.</strong></span> <span class='ocrx_word' id='word_1_79' title='bbox 835 1270 972 1337; x_wconf 85' lang='lat' dir='ltr'><strong>Quid</strong></span> <span class='ocrx_word' id='word_1_80' title='bbox 999 1285 1147 1342; x_wconf 88' lang='lat' dir='ltr'><strong>ergo,</strong></span> <span class='ocrx_word' id='word_1_81' title='bbox 1181 1269 1404 1324; x_wconf 89' lang='lat' dir='ltr'><strong>Domine</strong></span> <span class='ocrx_word' id='word_1_82' title='bbox 1438 1269 1606 1324; x_wconf 67' lang='lat' dir='ltr'><strong>Jesu?</strong></span> <span class='ocrx_word' id='word_1_83' title='bbox 1641 1268 1698 1323; x_wconf 90' lang='lat' dir='ltr'><strong>Si</strong></span> <span class='ocrx_word' id='word_1_84' title='bbox 1727 1267 1881 1322; x_wconf 88' lang='lat' dir='ltr'><strong>solus</strong></span> <span class='ocrx_word' id='word_1_85' title='bbox 1924 1282 2071 1322; x_wconf 82' lang='lat' dir='ltr'><strong>esses</strong></span> <span class='ocrx_word' id='word_1_86' title='bbox 2095 1307 2110 1332; x_wconf 94' lang='lat'><strong>,</strong></span> 
     </span>
    </p>
   </div>
   <div class='ocr_carea' id='block_1_12' title="bbox 527 1359 2108 1434">
    <p class='ocr_par' dir='ltr' id='par_1_12' title="bbox 527 1359 2108 1434">
     <span class='ocr_line' id='line_1_12' title="bbox 527 1359 2108 1434; baseline -0.004 -13"><span class='ocrx_word' id='word_1_87' title='bbox 527 1366 720 1422; x_wconf 79' lang='lat' dir='ltr'><strong>falsum</strong></span> <span class='ocrx_word' id='word_1_88' title='bbox 749 1373 891 1420; x_wconf 88' lang='lat' dir='ltr'><strong>esset</strong></span> <span class='ocrx_word' id='word_1_89' title='bbox 919 1363 1176 1434; x_wconf 87' lang='lat' dir='ltr'><strong>judicium</strong></span> <span class='ocrx_word' id='word_1_90' title='bbox 1207 1371 1386 1427; x_wconf 91' lang='lat' dir='ltr'><strong>tuum;</strong></span> <span class='ocrx_word' id='word_1_91' title='bbox 1419 1372 1473 1416; x_wconf 92' lang='lat' dir='ltr'><strong>et</strong></span> <span class='ocrx_word' id='word_1_92' title='bbox 1502 1361 1623 1417; x_wconf 91' lang='lat' dir='ltr'><strong>ideo</strong></span> <span class='ocrx_word' id='word_1_93' title='bbox 1657 1376 1840 1416; x_wconf 90' lang='lat' dir='ltr'><strong>verum</strong></span> <span class='ocrx_word' id='word_1_94' title='bbox 1868 1359 2108 1430; x_wconf 88' lang='lat' dir='ltr'><strong>judicas,</strong></span> 
     </span>
    </p>
   </div>
   <div class='ocr_carea' id='block_1_13' title="bbox 524 1450 2111 1529">
    <p class='ocr_par' dir='ltr' id='par_1_13' title="bbox 524 1450 2111 1529">
     <span class='ocr_line' id='line_1_13' title="bbox 524 1450 2111 1529; baseline -0.004 -17"><span class='ocrx_word' id='word_1_95' title='bbox 524 1472 648 1529; x_wconf 74' lang='lat' dir='ltr'><strong>quia</strong></span> <span class='ocrx_word' id='word_1_96' title='bbox 675 1457 820 1511; x_wconf 90' lang='lat' dir='ltr'><strong>solus</strong></span> <span class='ocrx_word' id='word_1_97' title='bbox 848 1470 954 1510; x_wconf 91' lang='lat' dir='ltr'><strong>non</strong></span> <span class='ocrx_word' id='word_1_98' title='bbox 975 1469 1055 1522; x_wconf 88' lang='lat' dir='ltr'><strong>es,</strong></span> <span class='ocrx_word' id='word_1_99' title='bbox 1081 1453 1176 1509; x_wconf 89' lang='lat' dir='ltr'><strong>sed</strong></span> <span class='ocrx_word' id='word_1_100' title='bbox 1211 1463 1262 1508; x_wconf 94' lang='lat' dir='ltr'><strong>tu</strong></span> <span class='ocrx_word' id='word_1_101' title='bbox 1291 1461 1344 1508; x_wconf 89' lang='lat' dir='ltr'><strong>ct</strong></span> <span class='ocrx_word' id='word_1_102' title='bbox 1373 1453 1463 1524; x_wconf 85' lang='lat' dir='ltr'><strong>qui</strong></span> <span class='ocrx_word' id='word_1_103' title='bbox 1491 1462 1542 1507; x_wconf 91' lang='lat' dir='ltr'><strong>tc</strong></span> <span class='ocrx_word' id='word_1_104' title='bbox 1573 1452 1716 1506; x_wconf 89' lang='lat' dir='ltr'><strong>misit</strong></span> <span class='ocrx_word' id='word_1_105' title='bbox 1744 1450 1937 1506; x_wconf 87' lang='lat' dir='ltr'><strong>Pater?</strong></span> <span class='ocrx_word' id='word_1_106' title='bbox 1974 1450 2111 1519; x_wconf 66' lang='lat' dir='ltr'><strong>Quid</strong></span> 
     </span>
    </p>
   </div>
   <div class='ocr_carea' id='block_1_14' title="bbox 526 1544 2109 1620">
    <p class='ocr_par' dir='ltr' id='par_1_14' title="bbox 526 1544 2109 1620">
     <span class='ocr_line' id='line_1_14' title="bbox 526 1544 2109 1620; baseline -0.004 -15"><span class='ocrx_word' id='word_1_107' title='bbox 526 1564 878 1620; x_wconf 85' lang='lat' dir='ltr'><strong>responsurus</strong></span> <span class='ocrx_word' id='word_1_108' title='bbox 903 1547 1059 1602; x_wconf 90' lang='lat' dir='ltr'><strong>sum?</strong></span> <span class='ocrx_word' id='word_1_109' title='bbox 1091 1547 1207 1617; x_wconf 91' lang='lat' dir='ltr'><strong>Ipse</strong></span> <span class='ocrx_word' id='word_1_110' title='bbox 1248 1547 1569 1617; x_wconf 83' lang='lat' dir='ltr'><strong>rcSpondeat</strong></span> <span class='ocrx_word' id='word_1_111' title='bbox 1600 1563 1613 1599; x_wconf 88' lang='lat'><strong>:</strong></span> <span class='ocrx_word' id='word_1_112' title='bbox 1657 1545 1838 1600; x_wconf 87' lang='lat' dir='ltr'><strong>Verum</strong></span> <span class='ocrx_word' id='word_1_113' title='bbox 1878 1555 1986 1612; x_wconf 89' lang='lat' dir='ltr'><strong>est,</strong></span> <span class='ocrx_word' id='word_1_114' title='bbox 2025 1544 2109 1598; x_wconf 82' lang='lat' dir='ltr'><strong>iu-</strong></span> 
     </span>
    </p>
   </div>
   <div class='ocr_carea' id='block_1_15' title="bbox 522 1637 2111 1714">
    <p class='ocr_par' dir='ltr' id='par_1_15' title="bbox 522 1637 2111 1714">
     <span class='ocr_line' id='line_1_15' title="bbox 522 1637 2111 1714; baseline -0.004 -18"><span class='ocrx_word' id='word_1_115' title='bbox 522 1644 656 1713; x_wconf 86' lang='lat' dir='ltr'><strong>quit,</strong></span> <span class='ocrx_word' id='word_1_116' title='bbox 677 1642 928 1714; x_wconf 77' lang='lat' dir='ltr'><strong>judicium</strong></span> <span class='ocrx_word' id='word_1_117' title='bbox 949 1657 1130 1694; x_wconf 87' lang='lat' dir='ltr'><strong>meum.</strong></span> <span class='ocrx_word' id='word_1_118' title='bbox 1165 1639 1385 1706; x_wconf 80' lang='lat' dir='ltr'><strong>Quare?</strong></span> <span class='ocrx_word' id='word_1_119' title='bbox 1412 1639 1544 1704; x_wconf 84' lang='lat' dir='ltr'><strong>Quia</strong></span> <span class='ocrx_word' id='word_1_120' title='bbox 1570 1639 1709 1694; x_wconf 78' lang='lat' dir='ltr'><strong>solus</strong></span> <span class='ocrx_word' id='word_1_121' title='bbox 1733 1654 1835 1692; x_wconf 82' lang='lat' dir='ltr'><strong>non</strong></span> <span class='ocrx_word' id='word_1_122' title='bbox 1861 1655 1993 1703; x_wconf 84' lang='lat' dir='ltr'><strong>sum,</strong></span> <span class='ocrx_word' id='word_1_123' title='bbox 2021 1637 2111 1692; x_wconf 86' lang='lat' dir='ltr'><strong>sed</strong></span> 
     </span>
    </p>
   </div>
   <div class='ocr_carea' id='block_1_16' title="bbox 523 1729 2110 1807">
    <p class='ocr_par' dir='ltr' id='par_1_16' title="bbox 523 1729 2110 1807">
     <span class='ocr_line' id='line_1_16' title="bbox 523 1729 2110 1807; baseline -0.003 -18"><span class='ocrx_word' id='word_1_124' title='bbox 523 1752 614 1807; x_wconf 84' lang='lat' dir='ltr'><strong>ego</strong></span> <span class='ocrx_word' id='word_1_125' title='bbox 640 1744 685 1788; x_wconf 86' lang='lat' dir='ltr'><strong>et</strong></span> <span class='ocrx_word' id='word_1_126' title='bbox 708 1733 792 1805; x_wconf 88' lang='lat' dir='ltr'><strong>qui</strong></span> <span class='ocrx_word' id='word_1_127' title='bbox 821 1733 955 1786; x_wconf 82' lang='lat' dir='ltr'><strong>misit</strong></span> <span class='ocrx_word' id='word_1_128' title='bbox 979 1748 1058 1786; x_wconf 89' lang='lat' dir='ltr'><strong>me</strong></span> <span class='ocrx_word' id='word_1_129' title='bbox 1095 1730 1271 1785; x_wconf 86' lang='lat' dir='ltr'><strong>Pater.</strong></span> <span class='ocrx_word' id='word_1_130' title='bbox 1311 1729 1367 1786; x_wconf 92' lang='lat' dir='ltr'><strong>Si</strong></span> <span class='ocrx_word' id='word_1_131' title='bbox 1407 1738 1580 1785; x_wconf 91' lang='lat' dir='ltr'><strong>tecum</strong></span> <span class='ocrx_word' id='word_1_132' title='bbox 1623 1739 1738 1796; x_wconf 86' lang='lat' dir='ltr'><strong>est,</strong></span> <span class='ocrx_word' id='word_1_133' title='bbox 1767 1729 2032 1799; x_wconf 90' lang='lat' dir='ltr'><strong>quomodo</strong></span> <span class='ocrx_word' id='word_1_134' title='bbox 2059 1739 2110 1785; x_wconf 89' lang='lat' dir='ltr'><strong>te</strong></span> 
     </span>
    </p>
   </div>
   <div class='ocr_carea' id='block_1_17' title="bbox 526 1820 2107 1889">
    <p class='ocr_par' dir='ltr' id='par_1_17' title="bbox 526 1820 2107 1889">
     <span class='ocr_line' id='line_1_17' title="bbox 526 1820 2107 1889; baseline -0.003 -11"><span class='ocrx_word' id='word_1_135' title='bbox 526 1825 710 1879; x_wconf 86' lang='lat' dir='ltr'><strong>misit?</strong></span> <span class='ocrx_word' id='word_1_136' title='bbox 742 1824 804 1877; x_wconf 89' lang='lat' dir='ltr'><strong>Et</strong></span> <span class='ocrx_word' id='word_1_137' title='bbox 836 1832 886 1878; x_wconf 85' lang='lat' dir='ltr'><strong>te</strong></span> <span class='ocrx_word' id='word_1_138' title='bbox 913 1823 1077 1889; x_wconf 86' lang='lat' dir='ltr'><strong>misit,</strong></span> <span class='ocrx_word' id='word_1_139' title='bbox 1102 1830 1156 1876; x_wconf 90' lang='lat' dir='ltr'><strong>et</strong></span> <span class='ocrx_word' id='word_1_140' title='bbox 1184 1829 1357 1875; x_wconf 85' lang='lat' dir='ltr'><strong>tecum</strong></span> <span class='ocrx_word' id='word_1_141' title='bbox 1381 1820 1507 1876; x_wconf 90' lang='lat' dir='ltr'><strong>est?</strong></span> <span class='ocrx_word' id='word_1_142' title='bbox 1537 1821 1683 1876; x_wconf 84' lang='lat' dir='ltr'><strong>Itane</strong></span> <span class='ocrx_word' id='word_1_143' title='bbox 1704 1831 1755 1875; x_wconf 89' lang='lat' dir='ltr'><strong>et</strong></span> <span class='ocrx_word' id='word_1_144' title='bbox 1783 1821 1974 1874; x_wconf 89' lang='lat' dir='ltr'><strong>missus</strong></span> <span class='ocrx_word' id='word_1_145' title='bbox 2002 1835 2107 1874; x_wconf 90' lang='lat' dir='ltr'><strong>non</strong></span> 
     </span>
    </p>
   </div>
   <div class='ocr_carea' id='block_1_18' title="bbox 523 1909 2107 1977">
    <p class='ocr_par' dir='ltr' id='par_1_18' title="bbox 523 1909 2107 1977">
     <span class='ocr_line' id='line_1_18' title="bbox 523 1909 2107 1977; baseline -0.004 -7"><span class='ocrx_word' id='word_1_146' title='bbox 523 1913 835 1970; x_wconf 84' lang='lat' dir='ltr'><strong>recessisti?</strong></span> <span class='ocrx_word' id='word_1_147' title='bbox 865 1915 1005 1968; x_wconf 83' lang='lat' dir='ltr'><strong>itane</strong></span> <span class='ocrx_word' id='word_1_148' title='bbox 1045 1921 1100 1968; x_wconf 90' lang='lat' dir='ltr'><strong>et</strong></span> <span class='ocrx_word' id='word_1_149' title='bbox 1126 1911 1194 1966; x_wconf 90' lang='lat' dir='ltr'><strong>ad</strong></span> <span class='ocrx_word' id='word_1_150' title='bbox 1224 1926 1324 1967; x_wconf 87' lang='lat' dir='ltr'><strong>nos</strong></span> <span class='ocrx_word' id='word_1_151' title='bbox 1370 1911 1561 1966; x_wconf 80' lang='lat' dir='ltr'><strong>venisti</strong></span> <span class='ocrx_word' id='word_1_152' title='bbox 1587 1951 1602 1977; x_wconf 95' lang='lat'><strong>,</strong></span> <span class='ocrx_word' id='word_1_153' title='bbox 1633 1918 1690 1966; x_wconf 90' lang='lat' dir='ltr'><strong>et</strong></span> <span class='ocrx_word' id='word_1_154' title='bbox 1726 1911 1796 1966; x_wconf 85' lang='lat' dir='ltr'><strong>ibi</strong></span> <span class='ocrx_word' id='word_1_155' title='bbox 1825 1909 2107 1966; x_wconf 86' lang='lat' dir='ltr'><strong>mansisti?</strong></span> 
     </span>
    </p>
   </div>
   <div class='ocr_carea' id='block_1_19' title="bbox 521 2001 2106 2073">
    <p class='ocr_par' dir='ltr' id='par_1_19' title="bbox 521 2001 2106 2073">
     <span class='ocr_line' id='line_1_19' title="bbox 521 2001 2106 2073; baseline -0.001 -15"><span class='ocrx_word' id='word_1_156' title='bbox 521 2003 799 2073; x_wconf 88' lang='lat' dir='ltr'><strong>Quomodo</strong></span> <span class='ocrx_word' id='word_1_157' title='bbox 837 2003 976 2058; x_wconf 87' lang='lat' dir='ltr'><strong>istud</strong></span> <span class='ocrx_word' id='word_1_158' title='bbox 1005 2002 1284 2058; x_wconf 87' lang='lat' dir='ltr'><strong>creditur?</strong></span> <span class='ocrx_word' id='word_1_159' title='bbox 1321 2001 1586 2072; x_wconf 88' lang='lat' dir='ltr'><strong>quomodo</strong></span> <span class='ocrx_word' id='word_1_160' title='bbox 1624 2001 1860 2071; x_wconf 84' lang='lat' dir='ltr'><strong>capitur?</strong></span> <span class='ocrx_word' id='word_1_161' title='bbox 1885 2001 1964 2056; x_wconf 86' lang='lat' dir='ltr'><strong>Ad</strong></span> <span class='ocrx_word' id='word_1_162' title='bbox 1995 2002 2106 2056; x_wconf 67' lang='lat' dir='ltr'><strong>haec</strong></span> 
     </span>
    </p>
   </div>
   <div class='ocr_carea' id='block_1_20' title="bbox 521 2091 2105 2164">
    <p class='ocr_par' dir='ltr' id='par_1_20' title="bbox 521 2091 2105 2164">
     <span class='ocr_line' id='line_1_20' title="bbox 521 2091 2105 2164; baseline -0.003 -14"><span class='ocrx_word' id='word_1_163' title='bbox 521 2096 628 2150; x_wconf 86' lang='lat' dir='ltr'><strong>duo</strong></span> <span class='ocrx_word' id='word_1_164' title='bbox 666 2094 966 2164; x_wconf 86' lang='lat' dir='ltr'><strong>respondeo</strong></span> <span class='ocrx_word' id='word_1_165' title='bbox 994 2112 1008 2147; x_wconf 92' lang='lat'><strong>:</strong></span> <span class='ocrx_word' id='word_1_166' title='bbox 1035 2092 1312 2161; x_wconf 90' lang='lat' dir='ltr'><strong>Quomodo</strong></span> <span class='ocrx_word' id='word_1_167' title='bbox 1346 2093 1575 2162; x_wconf 83' lang='lat' dir='ltr'><strong>capitur,</strong></span> <span class='ocrx_word' id='word_1_168' title='bbox 1603 2100 1747 2147; x_wconf 88' lang='lat' dir='ltr'><strong>recte</strong></span> <span class='ocrx_word' id='word_1_169' title='bbox 1775 2091 1937 2156; x_wconf 90' lang='lat' dir='ltr'><strong>dicis;</strong></span> <span class='ocrx_word' id='word_1_170' title='bbox 1967 2105 2105 2162; x_wconf 89' lang='lat' dir='ltr'><strong>quo-</strong></span> 
     </span>
    </p>
   </div>
   <div class='ocr_carea' id='block_1_21' title="bbox 521 2179 2104 2252">
    <p class='ocr_par' dir='ltr' id='par_1_21' title="bbox 521 2179 2104 2252">
     <span class='ocr_line' id='line_1_21' title="bbox 521 2179 2104 2252; baseline -0.004 -10"><span class='ocrx_word' id='word_1_171' title='bbox 521 2186 680 2244; x_wconf 87' lang='lat' dir='ltr'><strong>modo</strong></span> <span class='ocrx_word' id='word_1_172' title='bbox 707 2185 962 2252; x_wconf 88' lang='lat' dir='ltr'><strong>creditur,</strong></span> <span class='ocrx_word' id='word_1_173' title='bbox 993 2200 1100 2240; x_wconf 91' lang='lat' dir='ltr'><strong>non</strong></span> <span class='ocrx_word' id='word_1_174' title='bbox 1129 2192 1277 2240; x_wconf 88' lang='lat' dir='ltr'><strong>recte</strong></span> <span class='ocrx_word' id='word_1_175' title='bbox 1304 2183 1456 2238; x_wconf 90' lang='lat' dir='ltr'><strong>dicis.</strong></span> <span class='ocrx_word' id='word_1_176' title='bbox 1482 2183 1594 2238; x_wconf 86' lang='lat' dir='ltr'><strong>Imo</strong></span> <span class='ocrx_word' id='word_1_177' title='bbox 1624 2181 1744 2238; x_wconf 89' lang='lat' dir='ltr'><strong>idco</strong></span> <span class='ocrx_word' id='word_1_178' title='bbox 1769 2179 2104 2238; x_wconf 53' lang='lat' dir='ltr'><strong>bene&#39;crcdi-</strong></span> 
     </span>
    </p>
   </div>
   <div class='ocr_carea' id='block_1_22' title="bbox 519 2275 2101 2351">
    <p class='ocr_par' dir='ltr' id='par_1_22' title="bbox 519 2275 2101 2351">
     <span class='ocr_line' id='line_1_22' title="bbox 519 2275 2101 2351; baseline -0.004 -17"><span class='ocrx_word' id='word_1_179' title='bbox 519 2291 640 2345; x_wconf 87' lang='lat' dir='ltr'><strong>tur,</strong></span> <span class='ocrx_word' id='word_1_180' title='bbox 671 2279 792 2351; x_wconf 90' lang='lat' dir='ltr'><strong>quia</strong></span> <span class='ocrx_word' id='word_1_181' title='bbox 819 2292 923 2333; x_wconf 88' lang='lat' dir='ltr'><strong>non</strong></span> <span class='ocrx_word' id='word_1_182' title='bbox 950 2278 1057 2334; x_wconf 90' lang='lat' dir='ltr'><strong>cito</strong></span> <span class='ocrx_word' id='word_1_183' title='bbox 1082 2277 1294 2346; x_wconf 83' lang='lat' dir='ltr'><strong>capitur</strong></span> <span class='ocrx_word' id='word_1_184' title='bbox 1322 2294 1334 2330; x_wconf 91' lang='lat'>:</span> <span class='ocrx_word' id='word_1_185' title='bbox 1374 2291 1498 2330; x_wconf 90' lang='lat' dir='ltr'><strong>nam</strong></span> <span class='ocrx_word' id='word_1_186' title='bbox 1542 2275 1588 2330; x_wconf 90' lang='lat' dir='ltr'><strong>si</strong></span> <span class='ocrx_word' id='word_1_187' title='bbox 1635 2275 1743 2330; x_wconf 91' lang='lat' dir='ltr'><strong>cito</strong></span> <span class='ocrx_word' id='word_1_188' title='bbox 1785 2284 2101 2344; x_wconf 83' lang='lat' dir='ltr'><strong>caperetur,</strong></span> 
     </span>
    </p>
   </div>
   <div class='ocr_carea' id='block_1_23' title="bbox 519 2364 2104 2440">
    <p class='ocr_par' dir='ltr' id='par_1_23' title="bbox 519 2364 2104 2440">
     <span class='ocr_line' id='line_1_23' title="bbox 519 2364 2104 2440; baseline -0.004 -14"><span class='ocrx_word' id='word_1_189' title='bbox 519 2387 624 2426; x_wconf 89' lang='lat' dir='ltr'><strong>non</strong></span> <span class='ocrx_word' id='word_1_190' title='bbox 651 2385 786 2440; x_wconf 90' lang='lat' dir='ltr'><strong>opus</strong></span> <span class='ocrx_word' id='word_1_191' title='bbox 807 2376 924 2424; x_wconf 90' lang='lat' dir='ltr'><strong>erat</strong></span> <span class='ocrx_word' id='word_1_192' title='bbox 950 2377 1008 2424; x_wconf 92' lang='lat' dir='ltr'><strong>ut</strong></span> <span class='ocrx_word' id='word_1_193' title='bbox 1031 2367 1372 2431; x_wconf 87' lang='lat' dir='ltr'><strong>crederetur;</strong></span> <span class='ocrx_word' id='word_1_194' title='bbox 1397 2367 1518 2436; x_wconf 89' lang='lat' dir='ltr'><strong>quia</strong></span> <span class='ocrx_word' id='word_1_195' title='bbox 1541 2365 1822 2440; x_wconf 76' lang='lat' dir='ltr'><strong>videretur.</strong></span> <span class='ocrx_word' id='word_1_196' title='bbox 1845 2364 1968 2419; x_wconf 81' lang='lat' dir='ltr'><strong>ideo</strong></span> <span class='ocrx_word' id='word_1_197' title='bbox 1988 2380 2104 2420; x_wconf 91' lang='lat' dir='ltr'><strong>cre-</strong></span> 
     </span>
    </p>
   </div>
   <div class='ocr_carea' id='block_1_24' title="bbox 515 2436 2101 2531">
    <p class='ocr_par' dir='ltr' id='par_1_24' title="bbox 515 2436 2101 2531">
     <span class='ocr_line' id='line_1_24' title="bbox 515 2436 2101 2531; baseline -0.004 -15"><span class='ocrx_word' id='word_1_198' title='bbox 515 2460 630 2528; x_wconf 86' lang='lat' dir='ltr'><strong>dis,</strong></span> <span class='ocrx_word' id='word_1_199' title='bbox 657 2436 778 2530; x_wconf 79' lang='lat' dir='ltr'><strong>quia</strong></span> <span class='ocrx_word' id='word_1_200' title='bbox 805 2474 911 2514; x_wconf 91' lang='lat' dir='ltr'><strong>non</strong></span> <span class='ocrx_word' id='word_1_201' title='bbox 939 2458 1118 2531; x_wconf 89' lang='lat' dir='ltr'><strong>capis;</strong></span> <span class='ocrx_word' id='word_1_202' title='bbox 1161 2457 1256 2514; x_wconf 89' lang='lat' dir='ltr'><strong>sed</strong></span> <span class='ocrx_word' id='word_1_203' title='bbox 1294 2457 1561 2514; x_wconf 90' lang='lat' dir='ltr'><strong>credendo</strong></span> <span class='ocrx_word' id='word_1_204' title='bbox 1589 2458 1651 2511; x_wconf 86' lang='lat' dir='ltr'><strong>tis</strong></span> <span class='ocrx_word' id='word_1_205' title='bbox 1683 2436 1904 2512; x_wconf 76' lang='lat' dir='ltr'><strong>idoneus</strong></span> <span class='ocrx_word' id='word_1_206' title='bbox 1930 2465 1987 2511; x_wconf 92' lang='lat' dir='ltr'><strong>ut</strong></span> <span class='ocrx_word' id='word_1_207' title='bbox 2010 2471 2101 2510; x_wconf 84' lang='lat' dir='ltr'><strong>ea-</strong></span> 
     </span>
    </p>
   </div>
   <div class='ocr_carea' id='block_1_25' title="bbox 515 2549 2099 2623">
    <p class='ocr_par' dir='ltr' id='par_1_25' title="bbox 515 2549 2099 2623">
     <span class='ocr_line' id='line_1_25' title="bbox 515 2549 2099 2623; baseline -0.003 -17"><span class='ocrx_word' id='word_1_208' title='bbox 515 2554 650 2623; x_wconf 82' lang='lat' dir='ltr'><strong>pias.</strong></span> <span class='ocrx_word' id='word_1_209' title='bbox 691 2552 823 2607; x_wconf 85' lang='lat' dir='ltr'><strong>Nam</strong></span> <span class='ocrx_word' id='word_1_210' title='bbox 848 2553 892 2608; x_wconf 89' lang='lat' dir='ltr'><strong>si</strong></span> <span class='ocrx_word' id='word_1_211' title='bbox 922 2565 1026 2606; x_wconf 92' lang='lat' dir='ltr'><strong>non</strong></span> <span class='ocrx_word' id='word_1_212' title='bbox 1049 2551 1255 2618; x_wconf 88' lang='lat' dir='ltr'><strong>credis,</strong></span> <span class='ocrx_word' id='word_1_213' title='bbox 1296 2565 1566 2620; x_wconf 85' lang='lat' dir='ltr'><strong>nunquam</strong></span> <span class='ocrx_word' id='word_1_214' title='bbox 1594 2550 1810 2618; x_wconf 86' lang='lat' dir='ltr'><strong>capies;</strong></span> <span class='ocrx_word' id='word_1_215' title='bbox 1844 2549 1967 2619; x_wconf 88' lang='lat' dir='ltr'><strong>quia</strong></span> <span class='ocrx_word' id='word_1_216' title='bbox 1997 2549 2099 2602; x_wconf 88' lang='lat' dir='ltr'><strong>mi-</strong></span> 
     </span>
    </p>
   </div>
   <div class='ocr_carea' id='block_1_26' title="bbox 515 2640 2098 2711">
    <p class='ocr_par' dir='ltr' id='par_1_26' title="bbox 515 2640 2098 2711">
     <span class='ocr_line' id='line_1_26' title="bbox 515 2640 2098 2711; baseline -0.003 -13"><span class='ocrx_word' id='word_1_217' title='bbox 515 2659 616 2698; x_wconf 89' lang='lat' dir='ltr'><strong>nus</strong></span> <span class='ocrx_word' id='word_1_218' title='bbox 644 2642 867 2699; x_wconf 87' lang='lat' dir='ltr'><strong>idoneus</strong></span> <span class='ocrx_word' id='word_1_219' title='bbox 891 2643 1212 2698; x_wconf 89' lang='lat' dir='ltr'><strong>remanebis.</strong></span> <span class='ocrx_word' id='word_1_220' title='bbox 1243 2641 1403 2696; x_wconf 86' lang='lat' dir='ltr'><strong>Fides</strong></span> <span class='ocrx_word' id='word_1_221' title='bbox 1428 2656 1554 2711; x_wconf 89' lang='lat' dir='ltr'><strong>ergo</strong></span> <span class='ocrx_word' id='word_1_222' title='bbox 1578 2641 1796 2696; x_wconf 90' lang='lat' dir='ltr'><strong>mundct</strong></span> <span class='ocrx_word' id='word_1_223' title='bbox 1826 2649 1876 2696; x_wconf 91' lang='lat' dir='ltr'><strong>te</strong></span> <span class='ocrx_word' id='word_1_224' title='bbox 1893 2681 1910 2708; x_wconf 94' lang='lat'><strong>,</strong></span> <span class='ocrx_word' id='word_1_225' title='bbox 1937 2650 1993 2695; x_wconf 95' lang='lat' dir='ltr'><strong>ut</strong></span> <span class='ocrx_word' id='word_1_226' title='bbox 2015 2640 2098 2694; x_wconf 91' lang='lat' dir='ltr'><strong>in-</strong></span> 
     </span>
    </p>
   </div>
   <div class='ocr_carea' id='block_1_27' title="bbox 517 2732 2099 2803">
    <p class='ocr_par' dir='ltr' id='par_1_27' title="bbox 517 2732 2099 2803">
     <span class='ocr_line' id='line_1_27' title="bbox 517 2732 2099 2803; baseline -0.001 -16"><span class='ocrx_word' id='word_1_227' title='bbox 517 2733 758 2789; x_wconf 89' lang='lat' dir='ltr'><strong>tellectus</strong></span> <span class='ocrx_word' id='word_1_228' title='bbox 804 2733 1021 2802; x_wconf 87' lang='lat' dir='ltr'><strong>impleat</strong></span> <span class='ocrx_word' id='word_1_229' title='bbox 1071 2740 1142 2787; x_wconf 91' lang='lat' dir='ltr'><strong>te.</strong></span> <span class='ocrx_word' id='word_1_230' title='bbox 1205 2732 1386 2786; x_wconf 87' lang='lat' dir='ltr'><strong>Verum</strong></span> <span class='ocrx_word' id='word_1_231' title='bbox 1431 2740 1542 2797; x_wconf 88' lang='lat' dir='ltr'><strong>est,</strong></span> <span class='ocrx_word' id='word_1_232' title='bbox 1598 2733 1804 2802; x_wconf 89' lang='lat' dir='ltr'><strong>inquit,</strong></span> <span class='ocrx_word' id='word_1_233' title='bbox 1847 2732 2099 2803; x_wconf 81' lang='lat' dir='ltr'><strong>judicium</strong></span> 
     </span>
    </p>
   </div>
   <div class='ocr_carea' id='block_1_28' title="bbox 514 2823 2098 2896">
    <p class='ocr_par' dir='ltr' id='par_1_28' title="bbox 514 2823 2098 2896">
     <span class='ocr_line' id='line_1_28' title="bbox 514 2823 2098 2896; baseline 0.001 -18"><span class='ocrx_word' id='word_1_234' title='bbox 514 2842 678 2879; x_wconf 86' lang='lat' dir='ltr'><strong>meum</strong></span> <span class='ocrx_word' id='word_1_235' title='bbox 691 2841 712 2890; x_wconf 90' lang='lat'><strong>;</strong></span> <span class='ocrx_word' id='word_1_236' title='bbox 741 2826 860 2895; x_wconf 84' lang='lat' dir='ltr'><strong>quia</strong></span> <span class='ocrx_word' id='word_1_237' title='bbox 877 2826 1015 2880; x_wconf 83' lang='lat' dir='ltr'><strong>solus</strong></span> <span class='ocrx_word' id='word_1_238' title='bbox 1039 2842 1138 2880; x_wconf 81' lang='lat' dir='ltr'><strong>non</strong></span> <span class='ocrx_word' id='word_1_239' title='bbox 1162 2841 1296 2890; x_wconf 86' lang='lat' dir='ltr'><strong>sum,</strong></span> <span class='ocrx_word' id='word_1_240' title='bbox 1319 2825 1407 2879; x_wconf 86' lang='lat' dir='ltr'><strong>sed</strong></span> <span class='ocrx_word' id='word_1_241' title='bbox 1431 2841 1521 2896; x_wconf 89' lang='lat' dir='ltr'><strong>ego</strong></span> <span class='ocrx_word' id='word_1_242' title='bbox 1549 2834 1594 2878; x_wconf 87' lang='lat' dir='ltr'><strong>et</strong></span> <span class='ocrx_word' id='word_1_243' title='bbox 1618 2825 1704 2895; x_wconf 89' lang='lat' dir='ltr'><strong>qui</strong></span> <span class='ocrx_word' id='word_1_244' title='bbox 1727 2825 1860 2880; x_wconf 86' lang='lat' dir='ltr'><strong>misit</strong></span> <span class='ocrx_word' id='word_1_245' title='bbox 1887 2841 1966 2879; x_wconf 84' lang='lat' dir='ltr'><strong>me</strong></span> <span class='ocrx_word' id='word_1_246' title='bbox 1985 2823 2098 2880; x_wconf 86' lang='lat' dir='ltr'><strong>Pa-</strong></span> 
     </span>
    </p>
   </div>
   <div class='ocr_carea' id='block_1_29' title="bbox 512 2917 2098 2988">
    <p class='ocr_par' dir='ltr' id='par_1_29' title="bbox 512 2917 2098 2988">
     <span class='ocr_line' id='line_1_29' title="bbox 512 2917 2098 2988; baseline 0 -16"><span class='ocrx_word' id='word_1_247' title='bbox 512 2927 607 2972; x_wconf 84' lang='lat' dir='ltr'><strong>ter.</strong></span> <span class='ocrx_word' id='word_1_248' title='bbox 641 2918 780 2988; x_wconf 87' lang='lat' dir='ltr'><strong>Ergo</strong></span> <span class='ocrx_word' id='word_1_249' title='bbox 802 2959 818 2985; x_wconf 93' lang='lat'><strong>,</strong></span> <span class='ocrx_word' id='word_1_250' title='bbox 865 2918 1087 2972; x_wconf 86' lang='lat' dir='ltr'><strong>Domine</strong></span> <span class='ocrx_word' id='word_1_251' title='bbox 1119 2918 1257 2972; x_wconf 90' lang='lat' dir='ltr'><strong>Deus</strong></span> <span class='ocrx_word' id='word_1_252' title='bbox 1285 2927 1468 2974; x_wconf 90' lang='lat' dir='ltr'><strong>noster</strong></span> <span class='ocrx_word' id='word_1_253' title='bbox 1491 2917 1615 2972; x_wconf 89' lang='lat' dir='ltr'><strong>Jesu</strong></span> <span class='ocrx_word' id='word_1_254' title='bbox 1639 2917 1887 2985; x_wconf 84' lang='lat' dir='ltr'><strong>Christe,</strong></span> <span class='ocrx_word' id='word_1_255' title='bbox 1915 2918 2098 2972; x_wconf 90' lang='lat' dir='ltr'><strong>missio</strong></span> 
     </span>
    </p>
   </div>
   <div class='ocr_carea' id='block_1_30' title="bbox 514 3007 2096 3078">
    <p class='ocr_par' dir='ltr' id='par_1_30' title="bbox 514 3007 2096 3078">
     <span class='ocr_line' id='line_1_30' title="bbox 514 3007 2096 3078; baseline 0.001 -16"><span class='ocrx_word' id='word_1_256' title='bbox 514 3019 599 3062; x_wconf 91' lang='lat' dir='ltr'><strong>tua</strong></span> <span class='ocrx_word' id='word_1_257' title='bbox 614 3009 904 3063; x_wconf 89' lang='lat' dir='ltr'><strong>incarnatio</strong></span> <span class='ocrx_word' id='word_1_258' title='bbox 923 3017 1008 3062; x_wconf 90' lang='lat' dir='ltr'><strong>tua</strong></span> <span class='ocrx_word' id='word_1_259' title='bbox 1027 3016 1126 3062; x_wconf 93' lang='lat' dir='ltr'><strong>est.</strong></span> <span class='ocrx_word' id='word_1_260' title='bbox 1141 3007 1229 3063; x_wconf 91' lang='lat' dir='ltr'><strong>Sic</strong></span> <span class='ocrx_word' id='word_1_261' title='bbox 1245 3008 1419 3076; x_wconf 91' lang='lat' dir='ltr'><strong>video,</strong></span> <span class='ocrx_word' id='word_1_262' title='bbox 1438 3008 1514 3062; x_wconf 86' lang='lat' dir='ltr'><strong>sic</strong></span> <span class='ocrx_word' id='word_1_263' title='bbox 1535 3007 1770 3078; x_wconf 75' lang='lat' dir='ltr'><strong>intelligo</strong></span> <span class='ocrx_word' id='word_1_264' title='bbox 1790 3025 1803 3061; x_wconf 89' lang='lat'><strong>:</strong></span> <span class='ocrx_word' id='word_1_265' title='bbox 1827 3017 2096 3077; x_wconf 86' lang='lat' dir='ltr'><strong>postremo</strong></span> 
     </span>
    </p>
   </div>
   <div class='ocr_carea' id='block_1_31' title="bbox 510 3098 2097 3170">
    <p class='ocr_par' dir='ltr' id='par_1_31' title="bbox 510 3098 2097 3170">
     <span class='ocr_line' id='line_1_31' title="bbox 510 3098 2097 3170; baseline -0.001 -15"><span class='ocrx_word' id='word_1_266' title='bbox 510 3101 588 3156; x_wconf 75' lang='lat' dir='ltr'><strong>sic</strong></span> <span class='ocrx_word' id='word_1_267' title='bbox 609 3099 790 3164; x_wconf 87' lang='lat' dir='ltr'><strong>credo,</strong></span> <span class='ocrx_word' id='word_1_268' title='bbox 814 3113 882 3154; x_wconf 91' lang='lat' dir='ltr'><strong>ne</strong></span> <span class='ocrx_word' id='word_1_269' title='bbox 904 3100 1221 3169; x_wconf 78' lang='lat' dir='ltr'><strong>arrogantia:</strong></span> <span class='ocrx_word' id='word_1_270' title='bbox 1245 3099 1316 3154; x_wconf 89' lang='lat' dir='ltr'><strong>sit</strong></span> <span class='ocrx_word' id='word_1_271' title='bbox 1333 3099 1529 3163; x_wconf 86' lang='lat' dir='ltr'><strong>dicere,</strong></span> <span class='ocrx_word' id='word_1_272' title='bbox 1551 3098 1640 3155; x_wconf 93' lang='lat' dir='ltr'><strong>Sic</strong></span> <span class='ocrx_word' id='word_1_273' title='bbox 1656 3100 1911 3170; x_wconf 77' lang='lat' dir='ltr'><strong>intelligo.</strong></span> <span class='ocrx_word' id='word_1_274' title='bbox 1937 3100 2097 3154; x_wconf 87' lang='lat' dir='ltr'><strong>Pror-</strong></span> 
     </span>
    </p>
   </div>
   <div class='ocr_carea' id='block_1_32' title="bbox 509 3188 2095 3255">
    <p class='ocr_par' dir='ltr' id='par_1_32' title="bbox 509 3188 2095 3255">
     <span class='ocr_line' id='line_1_32' title="bbox 509 3188 2095 3255; baseline 0 -10"><span class='ocrx_word' id='word_1_275' title='bbox 509 3207 604 3246; x_wconf 90' lang='lat' dir='ltr'><strong>sus</strong></span> <span class='ocrx_word' id='word_1_276' title='bbox 623 3201 676 3246; x_wconf 90' lang='lat' dir='ltr'><strong>ct</strong></span> <span class='ocrx_word' id='word_1_277' title='bbox 702 3192 787 3246; x_wconf 91' lang='lat' dir='ltr'><strong>hic</strong></span> <span class='ocrx_word' id='word_1_278' title='bbox 809 3199 890 3246; x_wconf 89' lang='lat' dir='ltr'><strong>est</strong></span> <span class='ocrx_word' id='word_1_279' title='bbox 916 3190 1170 3245; x_wconf 84' lang='lat' dir='ltr'><strong>Dominus</strong></span> <span class='ocrx_word' id='word_1_280' title='bbox 1199 3188 1545 3245; x_wconf 90' lang='lat' dir='ltr'><strong>nosterJesus</strong></span> <span class='ocrx_word' id='word_1_281' title='bbox 1572 3188 1841 3255; x_wconf 86' lang='lat' dir='ltr'><strong>Christus;</strong></span> <span class='ocrx_word' id='word_1_282' title='bbox 1875 3189 1983 3244; x_wconf 91' lang='lat' dir='ltr'><strong>imo</strong></span> <span class='ocrx_word' id='word_1_283' title='bbox 2010 3190 2095 3246; x_wconf 89' lang='lat' dir='ltr'><strong>hic</strong></span> 
     </span>
    </p>
   </div>
   <div class='ocr_carea' id='block_1_33' title="bbox 507 3278 2096 3344">
    <p class='ocr_par' dir='ltr' id='par_1_33' title="bbox 507 3278 2096 3344">
     <span class='ocr_line' id='line_1_33' title="bbox 507 3278 2096 3344; baseline 0.001 -9"><span class='ocrx_word' id='word_1_284' title='bbox 507 3290 626 3335; x_wconf 90' lang='lat' dir='ltr'><strong>erat</strong></span> <span class='ocrx_word' id='word_1_285' title='bbox 647 3279 938 3336; x_wconf 88' lang='lat' dir='ltr'><strong>secundum</strong></span> <span class='ocrx_word' id='word_1_286' title='bbox 966 3295 1202 3344; x_wconf 89' lang='lat' dir='ltr'><strong>carnem,</strong></span> <span class='ocrx_word' id='word_1_287' title='bbox 1236 3278 1395 3334; x_wconf 88' lang='lat' dir='ltr'><strong>modo</strong></span> <span class='ocrx_word' id='word_1_288' title='bbox 1417 3279 1502 3334; x_wconf 93' lang='lat' dir='ltr'><strong>hic</strong></span> <span class='ocrx_word' id='word_1_289' title='bbox 1520 3288 1604 3334; x_wconf 91' lang='lat' dir='ltr'><strong>est</strong></span> <span class='ocrx_word' id='word_1_290' title='bbox 1625 3279 1919 3335; x_wconf 89' lang='lat' dir='ltr'><strong>secundum</strong></span> <span class='ocrx_word' id='word_1_291' title='bbox 1961 3280 2096 3336; x_wconf 75' lang='lat' dir='ltr'><strong>divi-</strong></span> 
     </span>
    </p>
   </div>
   <div class='ocr_carea' id='block_1_34' title="bbox 510 3371 2091 3438">
    <p class='ocr_par' dir='ltr' id='par_1_34' title="bbox 510 3371 2091 3438">
     <span class='ocr_line' id='line_1_34' title="bbox 510 3371 2091 3438; baseline 0.001 -13"><span class='ocrx_word' id='word_1_292' title='bbox 510 3373 727 3426; x_wconf 89' lang='lat' dir='ltr'><strong>nitatem</strong></span> <span class='ocrx_word' id='word_1_293' title='bbox 759 3390 772 3426; x_wconf 93' lang='lat'>:</span> <span class='ocrx_word' id='word_1_294' title='bbox 799 3380 996 3425; x_wconf 91' lang='lat' dir='ltr'><strong>etcum</strong></span> <span class='ocrx_word' id='word_1_295' title='bbox 1030 3371 1183 3426; x_wconf 89' lang='lat' dir='ltr'><strong>Patre</strong></span> <span class='ocrx_word' id='word_1_296' title='bbox 1207 3379 1322 3425; x_wconf 89' lang='lat' dir='ltr'><strong>erat</strong></span> <span class='ocrx_word' id='word_1_297' title='bbox 1344 3411 1360 3438; x_wconf 95' lang='lat'><strong>,</strong></span> <span class='ocrx_word' id='word_1_298' title='bbox 1387 3379 1443 3425; x_wconf 88' lang='lat' dir='ltr'><strong>et</strong></span> <span class='ocrx_word' id='word_1_299' title='bbox 1481 3385 1512 3424; x_wconf 91' lang='lat' dir='ltr'><strong>a</strong></span> <span class='ocrx_word' id='word_1_300' title='bbox 1539 3371 1694 3426; x_wconf 85' lang='lat' dir='ltr'><strong>Patre</strong></span> <span class='ocrx_word' id='word_1_301' title='bbox 1720 3385 1824 3426; x_wconf 92' lang='lat' dir='ltr'><strong>non</strong></span> <span class='ocrx_word' id='word_1_302' title='bbox 1852 3385 2091 3427; x_wconf 88' lang='lat' dir='ltr'><strong>recesse-</strong></span> 
     </span>
    </p>
   </div>
   <div class='ocr_carea' id='block_1_35' title="bbox 507 3462 2092 3532">
    <p class='ocr_par' dir='ltr' id='par_1_35' title="bbox 507 3462 2092 3532">
     <span class='ocr_line' id='line_1_35' title="bbox 507 3462 2092 3532; baseline 0.001 -15"><span class='ocrx_word' id='word_1_303' title='bbox 507 3472 610 3517; x_wconf 90' lang='lat' dir='ltr'><strong>rat.</strong></span> <span class='ocrx_word' id='word_1_304' title='bbox 629 3463 780 3530; x_wconf 90' lang='lat' dir='ltr'><strong>Quod</strong></span> <span class='ocrx_word' id='word_1_305' title='bbox 803 3477 931 3532; x_wconf 90' lang='lat' dir='ltr'><strong>ergo</strong></span> <span class='ocrx_word' id='word_1_306' title='bbox 953 3462 1146 3517; x_wconf 90' lang='lat' dir='ltr'><strong>dicitur</strong></span> <span class='ocrx_word' id='word_1_307' title='bbox 1165 3462 1360 3518; x_wconf 90' lang='lat' dir='ltr'><strong>missus</strong></span> <span class='ocrx_word' id='word_1_308' title='bbox 1378 3463 1589 3518; x_wconf 84' lang='lat' dir='ltr'><strong>venisse</strong></span> <span class='ocrx_word' id='word_1_309' title='bbox 1613 3463 1680 3517; x_wconf 90' lang='lat' dir='ltr'><strong>ad</strong></span> <span class='ocrx_word' id='word_1_310' title='bbox 1701 3478 1818 3527; x_wconf 90' lang='lat' dir='ltr'><strong>nos,</strong></span> <span class='ocrx_word' id='word_1_311' title='bbox 1849 3463 2092 3519; x_wconf 89' lang='lat' dir='ltr'><strong>incarna-</strong></span> 
     </span>
    </p>
   </div>
   <div class='ocr_carea' id='block_1_36' title="bbox 507 3554 2085 3625">
    <p class='ocr_par' dir='ltr' id='par_1_36' title="bbox 507 3554 2085 3625">
     <span class='ocr_line' id='line_1_36' title="bbox 507 3554 2085 3625; baseline -0.001 -14"><span class='ocrx_word' id='word_1_312' title='bbox 507 3557 582 3611; x_wconf 90' lang='lat' dir='ltr'><strong>tio</strong></span> <span class='ocrx_word' id='word_1_313' title='bbox 603 3555 766 3625; x_wconf 92' lang='lat' dir='ltr'><strong>ipsius</strong></span> <span class='ocrx_word' id='word_1_314' title='bbox 781 3554 1204 3620; x_wconf 86' lang='lat' dir='ltr'><strong>commendatur,</strong></span> <span class='ocrx_word' id='word_1_315' title='bbox 1222 3555 1342 3624; x_wconf 89' lang='lat' dir='ltr'><strong>quia</strong></span> <span class='ocrx_word' id='word_1_316' title='bbox 1365 3556 1520 3611; x_wconf 89' lang='lat' dir='ltr'><strong>Pater</strong></span> <span class='ocrx_word' id='word_1_317' title='bbox 1535 3571 1639 3610; x_wconf 91' lang='lat' dir='ltr'><strong>non</strong></span> <span class='ocrx_word' id='word_1_318' title='bbox 1661 3565 1744 3611; x_wconf 91' lang='lat' dir='ltr'><strong>est</strong></span> <span class='ocrx_word' id='word_1_319' title='bbox 1763 3559 2085 3612; x_wconf 84' lang='lat' dir='ltr'><strong>incarnatus.</strong></span> 
     </span>
    </p>
   </div>
   <div class='ocr_carea' id='block_1_37' title="bbox 577 3646 2086 3720">
    <p class='ocr_par' dir='ltr' id='par_1_37' title="bbox 577 3646 2086 3720">
     <span class='ocr_line' id='line_1_37' title="bbox 577 3646 2086 3720; baseline 0.003 -19"><span class='ocrx_word' id='word_1_320' title='bbox 577 3649 632 3702; x_wconf 90' lang='lat'><strong>8.</strong></span> <span class='ocrx_word' id='word_1_321' title='bbox 671 3647 802 3701; x_wconf 87' lang='lat' dir='ltr'><strong>Nam</strong></span> <span class='ocrx_word' id='word_1_322' title='bbox 833 3646 1120 3702; x_wconf 81' lang='lat' dir='ltr'><strong>Sabelliani</strong></span> <span class='ocrx_word' id='word_1_323' title='bbox 1146 3647 1272 3702; x_wconf 88' lang='lat' dir='ltr'><strong>dicti</strong></span> <span class='ocrx_word' id='word_1_324' title='bbox 1303 3656 1430 3704; x_wconf 90' lang='lat' dir='ltr'><strong>sunt</strong></span> <span class='ocrx_word' id='word_1_325' title='bbox 1453 3647 1668 3718; x_wconf 90' lang='lat' dir='ltr'><strong>quidam</strong></span> <span class='ocrx_word' id='word_1_326' title='bbox 1697 3649 1968 3717; x_wconf 67' lang='lat' dir='ltr'><strong>haeretici,</strong></span> <span class='ocrx_word' id='word_1_327' title='bbox 1998 3651 2086 3720; x_wconf 89' lang='lat' dir='ltr'><strong>qui</strong></span> 
     </span>
    </p>
   </div>
   <div class='ocr_carea' id='block_1_38' title="bbox 506 3738 2088 3810">
    <p class='ocr_par' dir='ltr' id='par_1_38' title="bbox 506 3738 2088 3810">
     <span class='ocr_line' id='line_1_38' title="bbox 506 3738 2088 3810; baseline 0.003 -18"><span class='ocrx_word' id='word_1_328' title='bbox 506 3748 762 3794; x_wconf 79' lang='lat' dir='ltr'><strong>vocantur</strong></span> <span class='ocrx_word' id='word_1_329' title='bbox 789 3750 842 3794; x_wconf 83' lang='lat' dir='ltr'><strong>et</strong></span> <span class='ocrx_word' id='word_1_330' title='bbox 867 3738 1240 3808; x_wconf 85' lang='lat' dir='ltr'><strong>Patripassiani</strong></span> <span class='ocrx_word' id='word_1_331' title='bbox 1262 3781 1276 3804; x_wconf 94' lang='lat'><strong>,</strong></span> <span class='ocrx_word' id='word_1_332' title='bbox 1313 3740 1401 3810; x_wconf 90' lang='lat' dir='ltr'><strong>qui</strong></span> <span class='ocrx_word' id='word_1_333' title='bbox 1431 3739 1616 3795; x_wconf 90' lang='lat' dir='ltr'><strong>dicunt</strong></span> <span class='ocrx_word' id='word_1_334' title='bbox 1656 3741 1826 3809; x_wconf 91' lang='lat' dir='ltr'><strong>ipsum</strong></span> <span class='ocrx_word' id='word_1_335' title='bbox 1877 3741 2088 3797; x_wconf 82' lang='lat' dir='ltr'><strong>Patrem</strong></span> 
     </span>
    </p>
   </div>
   <div class='ocr_carea' id='block_1_39' title="bbox 504 3829 2086 3904">
    <p class='ocr_par' dir='ltr' id='par_1_39' title="bbox 504 3829 2086 3904">
     <span class='ocr_line' id='line_1_39' title="bbox 504 3829 2086 3904; baseline 0.003 -21"><span class='ocrx_word' id='word_1_336' title='bbox 504 3846 718 3901; x_wconf 86' lang='lat' dir='ltr'><strong>passum</strong></span> <span class='ocrx_word' id='word_1_337' title='bbox 748 3830 926 3885; x_wconf 82' lang='lat' dir='ltr'><strong>fuisse.</strong></span> <span class='ocrx_word' id='word_1_338' title='bbox 956 3829 1073 3886; x_wconf 85' lang='lat' dir='ltr'><strong>Noli</strong></span> <span class='ocrx_word' id='word_1_339' title='bbox 1112 3839 1188 3899; x_wconf 87' lang='grc' dir='ltr'><strong>ιιι,</strong></span> <span class='ocrx_word' id='word_1_340' title='bbox 1215 3832 1476 3887; x_wconf 88' lang='lat' dir='ltr'><strong>catholice</strong></span> <span class='ocrx_word' id='word_1_341' title='bbox 1503 3849 1516 3885; x_wconf 94' lang='lat'>:</span> <span class='ocrx_word' id='word_1_342' title='bbox 1545 3833 1589 3887; x_wconf 92' lang='lat' dir='ltr'><strong>si</strong></span> <span class='ocrx_word' id='word_1_343' title='bbox 1619 3833 1760 3887; x_wconf 90' lang='lat' dir='ltr'><strong>enim</strong></span> <span class='ocrx_word' id='word_1_344' title='bbox 1799 3833 1961 3889; x_wconf 78' lang='lat' dir='ltr'><strong>fueris</strong></span> <span class='ocrx_word' id='word_1_345' title='bbox 1988 3849 2086 3904; x_wconf 86' lang='lat' dir='ltr'><strong>pa-</strong></span> 
     </span>
    </p>
   </div>
   <div class='ocr_carea' id='block_1_40' title="bbox 505 3922 2084 3993">
    <p class='ocr_par' dir='ltr' id='par_1_40' title="bbox 505 3922 2084 3993">
     <span class='ocr_line' id='line_1_40' title="bbox 505 3922 2084 3993; baseline 0.004 -19"><span class='ocrx_word' id='word_1_346' title='bbox 505 3922 872 3990; x_wconf 71' lang='lat' dir='ltr'><strong>tripnssianus,</strong></span> <span class='ocrx_word' id='word_1_347' title='bbox 897 3923 1130 3976; x_wconf 86' lang='lat' dir='ltr'><strong>noueris</strong></span> <span class='ocrx_word' id='word_1_348' title='bbox 1151 3936 1332 3977; x_wconf 89' lang='lat' dir='ltr'><strong>sanus.</strong></span> <span class='ocrx_word' id='word_1_349' title='bbox 1357 3923 1496 3993; x_wconf 88' lang='lat' dir='ltr'><strong>Ergo</strong></span> <span class='ocrx_word' id='word_1_350' title='bbox 1519 3923 1753 3993; x_wconf 87' lang='lat' dir='ltr'><strong>intellige</strong></span> <span class='ocrx_word' id='word_1_351' title='bbox 1778 3924 2084 3980; x_wconf 87' lang='lat' dir='ltr'><strong>missionem</strong></span> 
     </span>
    </p>
   </div>
   <div class='ocr_carea' id='block_1_41' title="bbox 506 4012 2085 4072">
    <p class='ocr_par' dir='ltr' id='par_1_41' title="bbox 506 4012 2085 4072">
     <span class='ocr_line' id='line_1_41' title="bbox 506 4012 2085 4072; baseline 0.003 -6"><span class='ocrx_word' id='word_1_352' title='bbox 506 4012 625 4067; x_wconf 86' lang='lat' dir='ltr'><strong>Filii</strong></span> <span class='ocrx_word' id='word_1_353' title='bbox 655 4013 976 4066; x_wconf 87' lang='lat' dir='ltr'><strong>nominatam</strong></span> <span class='ocrx_word' id='word_1_354' title='bbox 1009 4014 1426 4068; x_wconf 88' lang='lat' dir='ltr'><strong>incarnationem</strong></span> <span class='ocrx_word' id='word_1_355' title='bbox 1466 4013 1584 4068; x_wconf 89' lang='lat' dir='ltr'><strong>Filii</strong></span> <span class='ocrx_word' id='word_1_356' title='bbox 1615 4032 1628 4067; x_wconf 89' lang='lat'><strong>:</strong></span> <span class='ocrx_word' id='word_1_357' title='bbox 1663 4015 1870 4070; x_wconf 89' lang='lat' dir='ltr'><strong>Patrem</strong></span> <span class='ocrx_word' id='word_1_358' title='bbox 1909 4025 2085 4072; x_wconf 89' lang='lat' dir='ltr'><strong>autem</strong></span> 
     </span>
    </p>
   </div>
   <div class='ocr_carea' id='block_1_42' title="bbox 505 4102 2086 4169">
    <p class='ocr_par' dir='ltr' id='par_1_42' title="bbox 505 4102 2086 4169">
     <span class='ocr_line' id='line_1_42' title="bbox 505 4102 2086 4169; baseline 0.005 -13"><span class='ocrx_word' id='word_1_359' title='bbox 505 4102 832 4158; x_wconf 75' lang='lat' dir='ltr'><strong>ineat-natum</strong></span> <span class='ocrx_word' id='word_1_360' title='bbox 876 4118 995 4159; x_wconf 89' lang='lat' dir='ltr'><strong>esse</strong></span> <span class='ocrx_word' id='word_1_361' title='bbox 1037 4119 1146 4160; x_wconf 89' lang='lat' dir='ltr'><strong>non</strong></span> <span class='ocrx_word' id='word_1_362' title='bbox 1193 4105 1398 4169; x_wconf 88' lang='lat' dir='ltr'><strong>credas,</strong></span> <span class='ocrx_word' id='word_1_363' title='bbox 1439 4104 1532 4159; x_wconf 90' lang='lat' dir='ltr'><strong>sed</strong></span> <span class='ocrx_word' id='word_1_364' title='bbox 1562 4121 1592 4159; x_wconf 93' lang='lat' dir='ltr'><strong>a</strong></span> <span class='ocrx_word' id='word_1_365' title='bbox 1635 4106 1767 4161; x_wconf 87' lang='lat' dir='ltr'><strong>Filio</strong></span> <span class='ocrx_word' id='word_1_366' title='bbox 1813 4107 2086 4164; x_wconf 89' lang='lat' dir='ltr'><strong>incarnato</strong></span> 
     </span>
    </p>
   </div>
   <div class='ocr_carea' id='block_1_43' title="bbox 504 4194 2082 4272">
    <p class='ocr_par' dir='ltr' id='par_1_43' title="bbox 504 4194 2082 4272">
     <span class='ocr_line' id='line_1_43' title="bbox 504 4194 2082 4272; baseline 0.004 -24"><span class='ocrx_word' id='word_1_367' title='bbox 504 4194 717 4248; x_wconf 82' lang='lat' dir='ltr'><strong>Patrem</strong></span> <span class='ocrx_word' id='word_1_368' title='bbox 746 4196 1033 4252; x_wconf 87' lang='lat' dir='ltr'><strong>recessisse</strong></span> <span class='ocrx_word' id='word_1_369' title='bbox 1063 4211 1168 4251; x_wconf 92' lang='lat' dir='ltr'><strong>non</strong></span> <span class='ocrx_word' id='word_1_370' title='bbox 1193 4197 1382 4252; x_wconf 87' lang='lat' dir='ltr'><strong>credas</strong></span> <span class='ocrx_word' id='word_1_371' title='bbox 1431 4197 1522 4252; x_wconf 91' lang='lat' dir='ltr'><strong>llle</strong></span> <span class='ocrx_word' id='word_1_372' title='bbox 1561 4214 1774 4254; x_wconf 88' lang='lat' dir='ltr'><strong>carnem</strong></span> <span class='ocrx_word' id='word_1_373' title='bbox 1800 4202 2082 4272; x_wconf 89' lang='lat' dir='ltr'><strong>portabat,</strong></span> 
     </span>
    </p>
   </div>
   <div class='ocr_carea' id='block_1_44' title="bbox 501 4287 2080 4360">
    <p class='ocr_par' dir='ltr' id='par_1_44' title="bbox 501 4287 2080 4360">
     <span class='ocr_line' id='line_1_44' title="bbox 501 4287 2080 4360; baseline 0.004 -18"><span class='ocrx_word' id='word_1_374' title='bbox 501 4287 593 4342; x_wconf 89' lang='lat' dir='ltr'><strong>ille</strong></span> <span class='ocrx_word' id='word_1_375' title='bbox 617 4302 739 4343; x_wconf 87' lang='lat' dir='ltr'><strong>cum</strong></span> <span class='ocrx_word' id='word_1_376' title='bbox 766 4287 898 4342; x_wconf 87' lang='lat' dir='ltr'><strong>Filio</strong></span> <span class='ocrx_word' id='word_1_377' title='bbox 919 4297 1053 4343; x_wconf 89' lang='lat' dir='ltr'><strong>erat.</strong></span> <span class='ocrx_word' id='word_1_378' title='bbox 1082 4289 1135 4344; x_wconf 93' lang='lat' dir='ltr'><strong>Si</strong></span> <span class='ocrx_word' id='word_1_379' title='bbox 1164 4290 1213 4342; x_wconf 89' lang='lat' dir='ltr'><strong>in</strong></span> <span class='ocrx_word' id='word_1_380' title='bbox 1245 4290 1380 4344; x_wconf 75' lang='lat' dir='ltr'><strong>cmlo</strong></span> <span class='ocrx_word' id='word_1_381' title='bbox 1412 4291 1597 4359; x_wconf 87' lang='lat' dir='ltr'><strong>Pater,</strong></span> <span class='ocrx_word' id='word_1_382' title='bbox 1630 4294 1682 4346; x_wconf 92' lang='lat' dir='ltr'><strong>in</strong></span> <span class='ocrx_word' id='word_1_383' title='bbox 1715 4301 1853 4348; x_wconf 90' lang='lat' dir='ltr'><strong>terra</strong></span> <span class='ocrx_word' id='word_1_384' title='bbox 1883 4293 2080 4360; x_wconf 80' lang='lat' dir='ltr'><strong>Filius;</strong></span> 
     </span>
    </p>
   </div>
   <div class='ocr_carea' id='block_1_45' title="bbox 502 4377 2084 4448">
    <p class='ocr_par' dir='ltr' id='par_1_45' title="bbox 502 4377 2084 4448">
     <span class='ocr_line' id='line_1_45' title="bbox 502 4377 2084 4448; baseline 0.005 -18"><span class='ocrx_word' id='word_1_385' title='bbox 502 4377 770 4447; x_wconf 86' lang='lat' dir='ltr'><strong>quomodo</strong></span> <span class='ocrx_word' id='word_1_386' title='bbox 789 4379 946 4433; x_wconf 88' lang='lat' dir='ltr'><strong>Pater</strong></span> <span class='ocrx_word' id='word_1_387' title='bbox 963 4393 1085 4433; x_wconf 90' lang='lat' dir='ltr'><strong>cum</strong></span> <span class='ocrx_word' id='word_1_388' title='bbox 1110 4379 1242 4434; x_wconf 85' lang='lat' dir='ltr'><strong>Filio</strong></span> <span class='ocrx_word' id='word_1_389' title='bbox 1261 4381 1411 4435; x_wconf 88' lang='lat' dir='ltr'><strong>erat?</strong></span> <span class='ocrx_word' id='word_1_390' title='bbox 1430 4379 1563 4448; x_wconf 87' lang='lat' dir='ltr'><strong>Quia</strong></span> <span class='ocrx_word' id='word_1_391' title='bbox 1593 4391 1648 4437; x_wconf 91' lang='lat' dir='ltr'><strong>et</strong></span> <span class='ocrx_word' id='word_1_392' title='bbox 1668 4382 1824 4437; x_wconf 85' lang='lat' dir='ltr'><strong>Pater</strong></span> <span class='ocrx_word' id='word_1_393' title='bbox 1844 4392 1898 4438; x_wconf 89' lang='lat' dir='ltr'><strong>et</strong></span> <span class='ocrx_word' id='word_1_394' title='bbox 1921 4383 2084 4438; x_wconf 85' lang='lat' dir='ltr'><strong>Filius</strong></span> 
     </span>
    </p>
   </div>
   <div class='ocr_carea' id='block_1_46' title="bbox 503 4468 2082 4539">
    <p class='ocr_par' dir='ltr' id='par_1_46' title="bbox 503 4468 2082 4539">
     <span class='ocr_line' id='line_1_46' title="bbox 503 4468 2082 4539; baseline 0.005 -19"><span class='ocrx_word' id='word_1_395' title='bbox 503 4468 696 4537; x_wconf 86' lang='lat' dir='ltr'><strong>ubique</strong></span> <span class='ocrx_word' id='word_1_396' title='bbox 724 4476 876 4522; x_wconf 90' lang='lat' dir='ltr'><strong>erant</strong></span> <span class='ocrx_word' id='word_1_397' title='bbox 903 4486 917 4522; x_wconf 88' lang='lat'><strong>:</strong></span> <span class='ocrx_word' id='word_1_398' title='bbox 951 4483 1054 4523; x_wconf 92' lang='lat' dir='ltr'><strong>non</strong></span> <span class='ocrx_word' id='word_1_399' title='bbox 1080 4469 1220 4524; x_wconf 90' lang='lat' dir='ltr'><strong>enim</strong></span> <span class='ocrx_word' id='word_1_400' title='bbox 1260 4470 1312 4524; x_wconf 93' lang='lat' dir='ltr'><strong>in</strong></span> <span class='ocrx_word' id='word_1_401' title='bbox 1341 4470 1478 4525; x_wconf 71' lang='lat' dir='ltr'><strong>emlo</strong></span> <span class='ocrx_word' id='word_1_402' title='bbox 1497 4471 1575 4526; x_wconf 89' lang='lat' dir='ltr'><strong>sic</strong></span> <span class='ocrx_word' id='word_1_403' title='bbox 1601 4481 1683 4527; x_wconf 91' lang='lat' dir='ltr'><strong>est</strong></span> <span class='ocrx_word' id='word_1_404' title='bbox 1711 4473 1866 4539; x_wconf 91' lang='lat' dir='ltr'><strong>Deus,</strong></span> <span class='ocrx_word' id='word_1_405' title='bbox 1896 4483 1954 4528; x_wconf 90' lang='lat' dir='ltr'><strong>ut</strong></span> <span class='ocrx_word' id='word_1_406' title='bbox 1979 4490 2082 4528; x_wconf 89' lang='lat' dir='ltr'><strong>non</strong></span> 
     </span>
    </p>
   </div>
   <div class='ocr_carea' id='block_1_47' title="bbox 503 4557 2084 4633">
    <p class='ocr_par' dir='ltr' id='par_1_47' title="bbox 503 4557 2084 4633">
     <span class='ocr_line' id='line_1_47' title="bbox 503 4557 2084 4633; baseline 0.006 -23"><span class='ocrx_word' id='word_1_407' title='bbox 503 4557 572 4610; x_wconf 88' lang='lat' dir='ltr'><strong>sit</strong></span> <span class='ocrx_word' id='word_1_408' title='bbox 609 4557 660 4611; x_wconf 92' lang='lat' dir='ltr'><strong>in</strong></span> <span class='ocrx_word' id='word_1_409' title='bbox 697 4566 857 4612; x_wconf 87' lang='lat' dir='ltr'><strong>terra.</strong></span> <span class='ocrx_word' id='word_1_410' title='bbox 899 4557 1034 4612; x_wconf 79' lang='lat' dir='ltr'><strong>Audi</strong></span> <span class='ocrx_word' id='word_1_411' title='bbox 1073 4559 1216 4612; x_wconf 88' lang='lat' dir='ltr'><strong>illum</strong></span> <span class='ocrx_word' id='word_1_412' title='bbox 1267 4561 1357 4630; x_wconf 91' lang='lat' dir='ltr'><strong>qui</strong></span> <span class='ocrx_word' id='word_1_413' title='bbox 1385 4561 1596 4617; x_wconf 89' lang='lat' dir='ltr'><strong>volebat</strong></span> <span class='ocrx_word' id='word_1_414' title='bbox 1624 4561 1808 4633; x_wconf 81' lang='lat' dir='ltr'><strong>fugere</strong></span> <span class='ocrx_word' id='word_1_415' title='bbox 1829 4564 2084 4632; x_wconf 86' lang='lat' dir='ltr'><strong>judicium</strong></span> 
     </span>
    </p>
   </div>
   <div class='ocr_carea' id='block_1_48' title="bbox 507 4647 2085 4726">
    <p class='ocr_par' dir='ltr' id='par_1_48' title="bbox 507 4647 2085 4726">
     <span class='ocr_line' id='line_1_48' title="bbox 507 4647 2085 4726; baseline 0.007 -26"><span class='ocrx_word' id='word_1_416' title='bbox 507 4647 618 4711; x_wconf 80' lang='lat' dir='ltr'><strong>Dei,</strong></span> <span class='ocrx_word' id='word_1_417' title='bbox 643 4655 823 4702; x_wconf 85' lang='lat' dir='ltr'><strong>etnon</strong></span> <span class='ocrx_word' id='word_1_418' title='bbox 855 4648 1154 4704; x_wconf 86' lang='lat' dir='ltr'><strong>inveniebat</strong></span> <span class='ocrx_word' id='word_1_419' title='bbox 1176 4666 1277 4721; x_wconf 88' lang='lat' dir='ltr'><strong>qua</strong></span> <span class='ocrx_word' id='word_1_420' title='bbox 1313 4669 1325 4704; x_wconf 92' lang='lat'><strong>:</strong></span> <span class='ocrx_word' id='word_1_421' title='bbox 1359 4651 1470 4717; x_wconf 86' lang='lat' dir='ltr'><strong>Quo</strong></span> <span class='ocrx_word' id='word_1_422' title='bbox 1493 4653 1637 4708; x_wconf 85' lang='lat' dir='ltr'><strong>abibo</strong></span> <span class='ocrx_word' id='word_1_423' title='bbox 1656 4695 1671 4721; x_wconf 97' lang='lat'><strong>,</strong></span> <span class='ocrx_word' id='word_1_424' title='bbox 1701 4655 1886 4724; x_wconf 87' lang='lat' dir='ltr'><strong>inquit,</strong></span> <span class='ocrx_word' id='word_1_425' title='bbox 1916 4673 1947 4710; x_wconf 88' lang='lat' dir='ltr'><strong>a</strong></span> <span class='ocrx_word' id='word_1_426' title='bbox 1975 4657 2085 4726; x_wconf 81' lang='lat' dir='ltr'><strong>spi-</strong></span> 
     </span>
    </p>
   </div>
   <div class='ocr_carea' id='block_1_49' title="bbox 503 4740 2086 4814">
    <p class='ocr_par' dir='ltr' id='par_1_49' title="bbox 503 4740 2086 4814">
     <span class='ocr_line' id='line_1_49' title="bbox 503 4740 2086 4814; baseline 0.006 -22"><span class='ocrx_word' id='word_1_427' title='bbox 503 4742 603 4793; x_wconf 83' lang='lat' dir='ltr'><strong>ritu</strong></span> <span class='ocrx_word' id='word_1_428' title='bbox 627 4750 734 4805; x_wconf 88' lang='lat' dir='ltr'><strong>tuo,</strong></span> <span class='ocrx_word' id='word_1_429' title='bbox 763 4750 809 4795; x_wconf 85' lang='lat' dir='ltr'><strong>et</strong></span> <span class='ocrx_word' id='word_1_430' title='bbox 833 4757 864 4794; x_wconf 92' lang='lat' dir='ltr'><strong>a</strong></span> <span class='ocrx_word' id='word_1_431' title='bbox 893 4740 1021 4810; x_wconf 76' lang='lat' dir='ltr'><strong>[acie</strong></span> <span class='ocrx_word' id='word_1_432' title='bbox 1050 4750 1135 4795; x_wconf 90' lang='lat' dir='ltr'><strong>tua</strong></span> <span class='ocrx_word' id='word_1_433' title='bbox 1158 4758 1256 4810; x_wconf 87' lang='lat' dir='ltr'><strong>quo</strong></span> <span class='ocrx_word' id='word_1_434' title='bbox 1276 4744 1511 4814; x_wconf 80' lang='lat' dir='ltr'><strong>fugiant?</strong></span> <span class='ocrx_word' id='word_1_435' title='bbox 1536 4745 1598 4800; x_wconf 90' lang='lat' dir='ltr'><strong>Si</strong></span> <span class='ocrx_word' id='word_1_436' title='bbox 1625 4747 1894 4801; x_wconf 77' lang='lat' dir='ltr'><strong>escendero</strong></span> <span class='ocrx_word' id='word_1_437' title='bbox 1912 4749 1963 4801; x_wconf 85' lang='lat' dir='ltr'><strong>in</strong></span> <span class='ocrx_word' id='word_1_438' title='bbox 1987 4764 2086 4802; x_wconf 76' lang='lat' dir='ltr'><strong>cae-</strong></span> 
     </span>
    </p>
   </div>
   <div class='ocr_carea' id='block_1_50' title="bbox 504 4831 2088 4909">
    <p class='ocr_par' dir='ltr' id='par_1_50' title="bbox 504 4831 2088 4909">
     <span class='ocr_line' id='line_1_50' title="bbox 504 4831 2088 4909; baseline 0.006 -24"><span class='ocrx_word' id='word_1_439' title='bbox 504 4833 609 4885; x_wconf 83' lang='lat' dir='ltr'><strong>lum</strong></span> <span class='ocrx_word' id='word_1_440' title='bbox 627 4871 642 4897; x_wconf 95' lang='lat'><strong>,</strong></span> <span class='ocrx_word' id='word_1_441' title='bbox 674 4841 726 4886; x_wconf 90' lang='lat' dir='ltr'><strong>tu</strong></span> <span class='ocrx_word' id='word_1_442' title='bbox 747 4831 813 4884; x_wconf 88' lang='lat' dir='ltr'><strong>ibi</strong></span> <span class='ocrx_word' id='word_1_443' title='bbox 835 4849 908 4886; x_wconf 85' lang='lat' dir='ltr'><strong>es.</strong></span> <span class='ocrx_word' id='word_1_444' title='bbox 941 4833 1014 4888; x_wconf 89' lang='lat' dir='ltr'><strong>De</strong></span> <span class='ocrx_word' id='word_1_445' title='bbox 1039 4842 1176 4887; x_wconf 88' lang='lat' dir='ltr'><strong>terra</strong></span> <span class='ocrx_word' id='word_1_446' title='bbox 1193 4843 1308 4888; x_wconf 90' lang='lat' dir='ltr'><strong>erat</strong></span> <span class='ocrx_word' id='word_1_447' title='bbox 1327 4837 1580 4906; x_wconf 70' lang='lat' dir='ltr'><strong>qumstio;</strong></span> <span class='ocrx_word' id='word_1_448' title='bbox 1608 4837 1734 4892; x_wconf 90' lang='lat' dir='ltr'><strong>audi</strong></span> <span class='ocrx_word' id='word_1_449' title='bbox 1761 4838 1887 4909; x_wconf 92' lang='lat' dir='ltr'><strong>quid</strong></span> <span class='ocrx_word' id='word_1_450' title='bbox 1911 4841 2088 4909; x_wconf 88' lang='lat' dir='ltr'><strong>sequi-</strong></span> 
     </span>
    </p>
   </div>
   <div class='ocr_carea' id='block_1_51' title="bbox 505 4921 2082 4999">
    <p class='ocr_par' dir='ltr' id='par_1_51' title="bbox 505 4921 2082 4999">
     <span class='ocr_line' id='line_1_51' title="bbox 505 4921 2082 4999; baseline 0.006 -23"><span class='ocrx_word' id='word_1_451' title='bbox 505 4931 590 4976; x_wconf 91' lang='lat' dir='ltr'><strong>tur</strong></span> <span class='ocrx_word' id='word_1_452' title='bbox 617 4939 630 4974; x_wconf 89' lang='lat'><strong>:</strong></span> <span class='ocrx_word' id='word_1_453' title='bbox 661 4921 723 4977; x_wconf 88' lang='lat' dir='ltr'><strong>Si</strong></span> <span class='ocrx_word' id='word_1_454' title='bbox 751 4922 1048 4978; x_wconf 80' lang='lat' dir='ltr'><strong>descendero</strong></span> <span class='ocrx_word' id='word_1_455' title='bbox 1081 4925 1148 4976; x_wconf 88' lang='lat' dir='ltr'><strong>ad</strong></span> <span class='ocrx_word' id='word_1_456' title='bbox 1175 4924 1446 4995; x_wconf 77' lang='lat' dir='ltr'><strong>infernum,</strong></span> <span class='ocrx_word' id='word_1_457' title='bbox 1474 4927 1594 4981; x_wconf 88' lang='lat' dir='ltr'><strong>ades</strong></span> <span class='ocrx_word' id='word_1_458' title='bbox 1623 4926 1792 4999; x_wconf 81' lang='lat' dir='ltr'><strong>(Psal.</strong></span> <span class='ocrx_word' id='word_1_459' title='bbox 1813 4944 2082 4996; x_wconf 77' lang='lat' dir='ltr'><strong>cxxxvut,</strong></span> 
     </span>
    </p>
   </div>
   <div class='ocr_carea' id='block_1_52' title="bbox 505 5011 2090 5091">
    <p class='ocr_par' dir='ltr' id='par_1_52' title="bbox 505 5011 2090 5091">
     <span class='ocr_line' id='line_1_52' title="bbox 505 5011 2090 5091; baseline 0.009 -27"><span class='ocrx_word' id='word_1_460' title='bbox 505 5011 557 5078; x_wconf 89' lang='lat'><strong>7,</strong></span> <span class='ocrx_word' id='word_1_461' title='bbox 590 5011 666 5085; x_wconf 89' lang='lat'><strong>8).</strong></span> <span class='ocrx_word' id='word_1_462' title='bbox 689 5011 745 5068; x_wconf 88' lang='lat' dir='ltr'><strong>Si</strong></span> <span class='ocrx_word' id='word_1_463' title='bbox 770 5027 897 5082; x_wconf 89' lang='lat' dir='ltr'><strong>ergo</strong></span> <span class='ocrx_word' id='word_1_464' title='bbox 915 5022 971 5068; x_wconf 91' lang='lat' dir='ltr'><strong>et</strong></span> <span class='ocrx_word' id='word_1_465' title='bbox 996 5014 1046 5068; x_wconf 89' lang='lat' dir='ltr'><strong>in</strong></span> <span class='ocrx_word' id='word_1_466' title='bbox 1073 5014 1280 5070; x_wconf 80' lang='lat' dir='ltr'><strong>inferno</strong></span> <span class='ocrx_word' id='word_1_467' title='bbox 1298 5016 1490 5072; x_wconf 89' lang='lat' dir='ltr'><strong>dicitur</strong></span> <span class='ocrx_word' id='word_1_468' title='bbox 1510 5017 1651 5088; x_wconf 89' lang='lat' dir='ltr'><strong>quod</strong></span> <span class='ocrx_word' id='word_1_469' title='bbox 1677 5019 1835 5088; x_wconf 86' lang='lat' dir='ltr'><strong>adsit,</strong></span> <span class='ocrx_word' id='word_1_470' title='bbox 1853 5022 1980 5091; x_wconf 90' lang='lat' dir='ltr'><strong>quid</strong></span> <span class='ocrx_word' id='word_1_471' title='bbox 2002 5040 2090 5078; x_wconf 86' lang='lat' dir='ltr'><strong>rc-</strong></span> 
     </span>
    </p>
   </div>
   <div class='ocr_carea' id='block_1_53' title="bbox 505 5103 2087 5184">
    <p class='ocr_par' dir='ltr' id='par_1_53' title="bbox 505 5103 2087 5184">
     <span class='ocr_line' id='line_1_53' title="bbox 505 5103 2087 5184; baseline 0.008 -28"><span class='ocrx_word' id='word_1_472' title='bbox 505 5118 620 5156; x_wconf 88' lang='lat' dir='ltr'><strong>rum</strong></span> <span class='ocrx_word' id='word_1_473' title='bbox 650 5113 884 5158; x_wconf 87' lang='lat' dir='ltr'><strong>remanet</strong></span> <span class='ocrx_word' id='word_1_474' title='bbox 913 5103 1000 5158; x_wconf 91' lang='lat' dir='ltr'><strong>ubi</strong></span> <span class='ocrx_word' id='word_1_475' title='bbox 1025 5121 1129 5159; x_wconf 88' lang='lat' dir='ltr'><strong>non</strong></span> <span class='ocrx_word' id='word_1_476' title='bbox 1154 5105 1266 5160; x_wconf 85' lang='lat' dir='ltr'><strong>sit?</strong></span> <span class='ocrx_word' id='word_1_477' title='bbox 1294 5107 1402 5162; x_wconf 81' lang='lat' dir='ltr'><strong>Vox</strong></span> <span class='ocrx_word' id='word_1_478' title='bbox 1423 5110 1564 5164; x_wconf 89' lang='lat' dir='ltr'><strong>enim</strong></span> <span class='ocrx_word' id='word_1_479' title='bbox 1592 5109 1684 5165; x_wconf 88' lang='lat' dir='ltr'><strong>Dei</strong></span> <span class='ocrx_word' id='word_1_480' title='bbox 1706 5121 1787 5166; x_wconf 89' lang='lat' dir='ltr'><strong>est</strong></span> <span class='ocrx_word' id='word_1_481' title='bbox 1809 5114 1947 5182; x_wconf 87' lang='lat' dir='ltr'><strong>apud</strong></span> <span class='ocrx_word' id='word_1_482' title='bbox 1971 5130 2087 5184; x_wconf 89' lang='lat' dir='ltr'><strong>pro-</strong></span> 
     </span>
    </p>
   </div>
   <div class='ocr_carea' id='block_1_54' title="bbox 505 5194 2082 5275">
    <p class='ocr_par' dir='ltr' id='par_1_54' title="bbox 505 5194 2082 5275">
     <span class='ocr_line' id='line_1_54' title="bbox 505 5194 2082 5275; baseline 0.008 -28"><span class='ocrx_word' id='word_1_483' title='bbox 505 5196 740 5263; x_wconf 84' lang='lat' dir='ltr'><strong>phetam,</strong></span> <span class='ocrx_word' id='word_1_484' title='bbox 764 5194 957 5249; x_wconf 70' lang='lat' dir='ltr'><strong>Catum</strong></span> <span class='ocrx_word' id='word_1_485' title='bbox 975 5203 1022 5250; x_wconf 87' lang='lat' dir='ltr'><strong>et</strong></span> <span class='ocrx_word' id='word_1_486' title='bbox 1056 5206 1240 5250; x_wconf 86' lang='lat' dir='ltr'><strong>terram</strong></span> <span class='ocrx_word' id='word_1_487' title='bbox 1258 5213 1350 5269; x_wconf 88' lang='lat' dir='ltr'><strong>ego</strong></span> <span class='ocrx_word' id='word_1_488' title='bbox 1361 5198 1546 5268; x_wconf 86' lang='lat' dir='ltr'><strong>impleo</strong></span> <span class='ocrx_word' id='word_1_489' title='bbox 1563 5199 1617 5271; x_wconf 81' lang='lat' dir='ltr'><strong>(J</strong></span> <span class='ocrx_word' id='word_1_490' title='bbox 1620 5217 1768 5254; x_wconf 85' lang='lat' dir='ltr'><strong>erem.</strong></span> <span class='ocrx_word' id='word_1_491' title='bbox 1792 5219 1948 5269; x_wconf 79' lang='lat' dir='ltr'><strong>xxut,</strong></span> <span class='ocrx_word' id='word_1_492' title='bbox 1967 5204 2082 5275; x_wconf 68' lang='grc' dir='ltr'><strong>ει).</strong></span> 
     </span>
    </p>
   </div>
   <div class='ocr_carea' id='block_1_55' title="bbox 508 5285 2085 5357">
    <p class='ocr_par' dir='ltr' id='par_1_55' title="bbox 508 5285 2085 5357">
     <span class='ocr_line' id='line_1_55' title="bbox 508 5285 2085 5357; baseline 0.006 -16"><span class='ocrx_word' id='word_1_493' title='bbox 508 5285 712 5356; x_wconf 81' lang='lat' dir='ltr'><strong>Ubique</strong></span> <span class='ocrx_word' id='word_1_494' title='bbox 735 5299 864 5356; x_wconf 87' lang='lat' dir='ltr'><strong>ergo</strong></span> <span class='ocrx_word' id='word_1_495' title='bbox 892 5295 995 5350; x_wconf 91' lang='lat' dir='ltr'><strong>est,</strong></span> <span class='ocrx_word' id='word_1_496' title='bbox 1025 5287 1116 5357; x_wconf 87' lang='lat' dir='ltr'><strong>qui</strong></span> <span class='ocrx_word' id='word_1_497' title='bbox 1141 5289 1286 5342; x_wconf 91' lang='lat' dir='ltr'><strong>nullo</strong></span> <span class='ocrx_word' id='word_1_498' title='bbox 1310 5288 1574 5345; x_wconf 85' lang='lat' dir='ltr'><strong>clauditur</strong></span> <span class='ocrx_word' id='word_1_499' title='bbox 1596 5291 1732 5347; x_wconf 93' lang='lat' dir='ltr'><strong>loco.</strong></span> <span class='ocrx_word' id='word_1_500' title='bbox 1756 5293 1874 5350; x_wconf 87' lang='lat' dir='ltr'><strong>Noli</strong></span> <span class='ocrx_word' id='word_1_501' title='bbox 1901 5295 1968 5350; x_wconf 89' lang='lat' dir='ltr'><strong>ab</strong></span> <span class='ocrx_word' id='word_1_502' title='bbox 1995 5297 2085 5350; x_wconf 86' lang='lat' dir='ltr'><strong>illo</strong></span> 
     </span>
    </p>
   </div>
   <div class='ocr_carea' id='block_1_56' title="bbox 504 5380 2082 5456">
    <p class='ocr_par' dir='ltr' id='par_1_56' title="bbox 504 5380 2082 5456">
     <span class='ocr_line' id='line_1_56' title="bbox 504 5380 2082 5456; baseline 0.007 -23"><span class='ocrx_word' id='word_1_503' title='bbox 504 5380 710 5446; x_wconf 83' lang='lat' dir='ltr'><strong>averti,</strong></span> <span class='ocrx_word' id='word_1_504' title='bbox 749 5387 804 5434; x_wconf 91' lang='lat' dir='ltr'><strong>et</strong></span> <span class='ocrx_word' id='word_1_505' title='bbox 829 5388 1001 5435; x_wconf 85' lang='lat' dir='ltr'><strong>tecum</strong></span> <span class='ocrx_word' id='word_1_506' title='bbox 1031 5390 1132 5436; x_wconf 90' lang='lat' dir='ltr'><strong>est.</strong></span> <span class='ocrx_word' id='word_1_507' title='bbox 1165 5380 1220 5438; x_wconf 92' lang='lat' dir='ltr'><strong>Si</strong></span> <span class='ocrx_word' id='word_1_508' title='bbox 1249 5382 1327 5437; x_wconf 89' lang='lat' dir='ltr'><strong>vis</strong></span> <span class='ocrx_word' id='word_1_509' title='bbox 1363 5383 1430 5439; x_wconf 89' lang='lat' dir='ltr'><strong>ad</strong></span> <span class='ocrx_word' id='word_1_510' title='bbox 1468 5400 1590 5439; x_wconf 90' lang='lat' dir='ltr'><strong>eum</strong></span> <span class='ocrx_word' id='word_1_511' title='bbox 1631 5389 1906 5456; x_wconf 87' lang='lat' dir='ltr'><strong>pervenire</strong></span> <span class='ocrx_word' id='word_1_512' title='bbox 1931 5432 1945 5455; x_wconf 91' lang='lat'><strong>,</strong></span> <span class='ocrx_word' id='word_1_513' title='bbox 1977 5393 2082 5446; x_wconf 87' lang='lat' dir='ltr'><strong>nnli</strong></span> 
     </span>
    </p>
   </div>
   <div class='ocr_carea' id='block_1_57' title="bbox 507 5470 2084 5546">
    <p class='ocr_par' dir='ltr' id='par_1_57' title="bbox 507 5470 2084 5546">
     <span class='ocr_line' id='line_1_57' title="bbox 507 5470 2084 5546; baseline 0.011 -25"><span class='ocrx_word' id='word_1_514' title='bbox 507 5470 654 5538; x_wconf 84' lang='lat' dir='ltr'><strong>piger</strong></span> <span class='ocrx_word' id='word_1_515' title='bbox 681 5484 800 5526; x_wconf 89' lang='lat' dir='ltr'><strong>esse</strong></span> <span class='ocrx_word' id='word_1_516' title='bbox 826 5485 1006 5526; x_wconf 89' lang='lat' dir='ltr'><strong>amare</strong></span> <span class='ocrx_word' id='word_1_517' title='bbox 1039 5491 1052 5526; x_wconf 92' lang='lat'><strong>:</strong></span> <span class='ocrx_word' id='word_1_518' title='bbox 1081 5487 1188 5528; x_wconf 91' lang='lat' dir='ltr'><strong>non</strong></span> <span class='ocrx_word' id='word_1_519' title='bbox 1227 5474 1368 5529; x_wconf 90' lang='lat' dir='ltr'><strong>enim</strong></span> <span class='ocrx_word' id='word_1_520' title='bbox 1394 5476 1618 5546; x_wconf 88' lang='lat' dir='ltr'><strong>pedibus</strong></span> <span class='ocrx_word' id='word_1_521' title='bbox 1641 5521 1656 5544; x_wconf 92' lang='lat'><strong>,</strong></span> <span class='ocrx_word' id='word_1_522' title='bbox 1687 5479 1782 5534; x_wconf 88' lang='lat' dir='ltr'><strong>sed</strong></span> <span class='ocrx_word' id='word_1_523' title='bbox 1811 5480 2084 5539; x_wconf 74' lang='lat' dir='ltr'><strong>affectibus</strong></span> 
     </span>
    </p>
   </div>
   <div class='ocr_carea' id='block_1_58' title="bbox 503 5559 2080 5645">
    <p class='ocr_par' dir='ltr' id='par_1_58' title="bbox 503 5559 2080 5645">
     <span class='ocr_line' id='line_1_58' title="bbox 503 5559 2080 5645; baseline 0.011 -32"><span class='ocrx_word' id='word_1_524' title='bbox 503 5560 694 5614; x_wconf 87' lang='lat' dir='ltr'><strong>curris.</strong></span> <span class='ocrx_word' id='word_1_525' title='bbox 726 5559 844 5616; x_wconf 87' lang='lat' dir='ltr'><strong>Uno</strong></span> <span class='ocrx_word' id='word_1_526' title='bbox 868 5561 985 5618; x_wconf 91' lang='lat' dir='ltr'><strong>loco</strong></span> <span class='ocrx_word' id='word_1_527' title='bbox 1023 5579 1245 5620; x_wconf 85' lang='lat' dir='ltr'><strong>manens</strong></span> <span class='ocrx_word' id='word_1_528' title='bbox 1287 5568 1440 5622; x_wconf 89' lang='lat' dir='ltr'><strong>venis</strong></span> <span class='ocrx_word' id='word_1_529' title='bbox 1463 5610 1477 5635; x_wconf 91' lang='lat'><strong>,</strong></span> <span class='ocrx_word' id='word_1_530' title='bbox 1509 5569 1551 5623; x_wconf 92' lang='lat' dir='ltr'><strong>si</strong></span> <span class='ocrx_word' id='word_1_531' title='bbox 1585 5571 1760 5626; x_wconf 90' lang='lat' dir='ltr'><strong>credis</strong></span> <span class='ocrx_word' id='word_1_532' title='bbox 1798 5582 1851 5627; x_wconf 87' lang='lat' dir='ltr'><strong>et</strong></span> <span class='ocrx_word' id='word_1_533' title='bbox 1885 5574 2080 5645; x_wconf 83' lang='lat' dir='ltr'><strong>diligis.</strong></span> 
     </span>
    </p>
   </div>
   <div class='ocr_carea' id='block_1_59' title="bbox 505 5648 2084 5730">
    <p class='ocr_par' dir='ltr' id='par_1_59' title="bbox 505 5648 2084 5730">
     <span class='ocr_line' id='line_1_59' title="bbox 505 5648 2084 5730; baseline 0.011 -26"><span class='ocrx_word' id='word_1_534' title='bbox 505 5648 647 5718; x_wconf 72' lang='lat' dir='ltr'><strong>Ergo</strong></span> <span class='ocrx_word' id='word_1_535' title='bbox 674 5648 867 5720; x_wconf 87' lang='lat' dir='ltr'><strong>ubique</strong></span> <span class='ocrx_word' id='word_1_536' title='bbox 893 5661 976 5708; x_wconf 90' lang='lat' dir='ltr'><strong>est</strong></span> <span class='ocrx_word' id='word_1_537' title='bbox 1006 5671 1020 5708; x_wconf 90' lang='lat'><strong>:</strong></span> <span class='ocrx_word' id='word_1_538' title='bbox 1053 5655 1098 5709; x_wconf 91' lang='lat' dir='ltr'><strong>si</strong></span> <span class='ocrx_word' id='word_1_539' title='bbox 1127 5655 1321 5726; x_wconf 91' lang='lat' dir='ltr'><strong>ubique</strong></span> <span class='ocrx_word' id='word_1_540' title='bbox 1347 5667 1430 5713; x_wconf 89' lang='lat' dir='ltr'><strong>est</strong></span> <span class='ocrx_word' id='word_1_541' title='bbox 1451 5701 1466 5724; x_wconf 95' lang='lat'><strong>,</strong></span> <span class='ocrx_word' id='word_1_542' title='bbox 1511 5661 1778 5730; x_wconf 88' lang='lat' dir='ltr'><strong>quomodo</strong></span> <span class='ocrx_word' id='word_1_543' title='bbox 1803 5679 1921 5718; x_wconf 85' lang='lat' dir='ltr'><strong>cum</strong></span> <span class='ocrx_word' id='word_1_544' title='bbox 1951 5667 2084 5724; x_wconf 84' lang='lat' dir='ltr'><strong>Filio</strong></span> 
     </span>
    </p>
   </div>
   <div class='ocr_carea' id='block_1_60' title="bbox 511 5739 2083 5826">
    <p class='ocr_par' dir='ltr' id='par_1_60' title="bbox 511 5739 2083 5826">
     <span class='ocr_line' id='line_1_60' title="bbox 511 5739 2083 5826; baseline 0.014 -31"><span class='ocrx_word' id='word_1_545' title='bbox 511 5755 618 5796; x_wconf 86' lang='lat' dir='ltr'><strong>non</strong></span> <span class='ocrx_word' id='word_1_546' title='bbox 646 5739 768 5798; x_wconf 84' lang='lat' dir='ltr'><strong>est?</strong></span> <span class='ocrx_word' id='word_1_547' title='bbox 793 5739 940 5801; x_wconf 79' lang='lat' dir='ltr'><strong>itane</strong></span> <span class='ocrx_word' id='word_1_548' title='bbox 964 5759 1086 5803; x_wconf 87' lang='lat' dir='ltr'><strong>cum</strong></span> <span class='ocrx_word' id='word_1_549' title='bbox 1111 5743 1250 5805; x_wconf 86' lang='lat' dir='ltr'><strong>Filio</strong></span> <span class='ocrx_word' id='word_1_550' title='bbox 1277 5762 1382 5806; x_wconf 88' lang='lat' dir='ltr'><strong>non</strong></span> <span class='ocrx_word' id='word_1_551' title='bbox 1409 5759 1514 5818; x_wconf 78' lang='lat' dir='ltr'><strong>est,</strong></span> <span class='ocrx_word' id='word_1_552' title='bbox 1539 5751 1656 5822; x_wconf 90' lang='lat' dir='ltr'><strong>qui,</strong></span> <span class='ocrx_word' id='word_1_553' title='bbox 1701 5752 1745 5808; x_wconf 91' lang='lat' dir='ltr'><strong>si</strong></span> <span class='ocrx_word' id='word_1_554' title='bbox 1772 5754 1947 5812; x_wconf 89' lang='lat' dir='ltr'><strong>credis</strong></span> <span class='ocrx_word' id='word_1_555' title='bbox 1971 5798 1986 5826; x_wconf 91' lang='lat'><strong>,</strong></span> <span class='ocrx_word' id='word_1_556' title='bbox 2030 5769 2083 5816; x_wconf 88' lang='lat' dir='ltr'><strong>et</strong></span> 
     </span>
    </p>
   </div>
   <div class='ocr_carea' id='block_1_61' title="bbox 1477 326 2870 397">
    <p class='ocr_par' dir='ltr' id='par_1_61' title="bbox 1477 326 2870 397">
     <span class='ocr_line' id='line_1_61' title="bbox 1477 326 2870 397; baseline 0 -7"><span class='ocrx_word' id='word_1_557' title='bbox 1477 330 1546 390; x_wconf 83' lang='lat' dir='ltr'><strong>IN</strong></span> <span class='ocrx_word' id='word_1_558' title='bbox 1581 327 1858 392; x_wconf 81' lang='lat' dir='ltr'><strong>JOANMS</strong></span> <span class='ocrx_word' id='word_1_559' title='bbox 1895 326 2366 397; x_wconf 77' lang='lat' dir='ltr'><strong>EVANGELIUM,</strong></span> <span class='ocrx_word' id='word_1_560' title='bbox 2404 329 2464 387; x_wconf 91' lang='lat' dir='ltr'><strong>S.</strong></span> <span class='ocrx_word' id='word_1_561' title='bbox 2505 328 2870 392; x_wconf 80' lang='lat' dir='ltr'><strong>AUGUSTINI</strong></span> 
     </span>
    </p>
   </div>
   <div class='ocr_carea' id='block_1_62' title="bbox 3673 349 3820 416">
    <p class='ocr_par' dir='ltr' id='par_1_62' title="bbox 3673 349 3820 416">
     <span class='ocr_line' id='line_1_62' title="bbox 3673 349 3820 416; baseline 0.034 -6"><span class='ocrx_word' id='word_1_562' title='bbox 3673 349 3820 416; x_wconf 64' lang='lat'><strong>£668</strong></span> 
     </span>
    </p>
   </div>
   <div class='ocr_carea' id='block_1_63' title="bbox 2231 445 2554 500">
    <p class='ocr_par' dir='ltr' id='par_1_63' title="bbox 2231 445 2554 500">
     <span class='ocr_line' id='line_1_63' title="bbox 2231 445 2554 500; baseline 0.003 -2"><span class='ocrx_word' id='word_1_563' title='bbox 2231 451 2404 499; x_wconf 90' lang='lat' dir='ltr'><strong>tecum</strong></span> <span class='ocrx_word' id='word_1_564' title='bbox 2433 445 2554 500; x_wconf 88' lang='lat' dir='ltr'><strong>est?</strong></span> 
     </span>
    </p>
   </div>
   <div class='ocr_carea' id='block_1_64' title="bbox 2295 533 3808 628">
    <p class='ocr_par' dir='ltr' id='par_1_64' title="bbox 2295 533 3808 628">
     <span class='ocr_line' id='line_1_64' title="bbox 2295 533 3808 628; baseline 0.019 -39"><span class='ocrx_word' id='word_1_565' title='bbox 2295 533 2349 589; x_wconf 88' lang='lat'><strong>9.</strong></span> <span class='ocrx_word' id='word_1_566' title='bbox 2381 533 2530 591; x_wconf 89' lang='lat' dir='ltr'><strong>Unde</strong></span> <span class='ocrx_word' id='word_1_567' title='bbox 2551 551 2678 606; x_wconf 86' lang='lat' dir='ltr'><strong>ergo</strong></span> <span class='ocrx_word' id='word_1_568' title='bbox 2704 552 2888 594; x_wconf 85' lang='lat' dir='ltr'><strong>verum</strong></span> <span class='ocrx_word' id='word_1_569' title='bbox 2908 549 2990 596; x_wconf 88' lang='lat' dir='ltr'><strong>est</strong></span> <span class='ocrx_word' id='word_1_570' title='bbox 3005 541 3261 611; x_wconf 89' lang='lat' dir='ltr'><strong>judicium</strong></span> <span class='ocrx_word' id='word_1_571' title='bbox 3284 545 3419 619; x_wconf 89' lang='lat' dir='ltr'><strong>ejus,</strong></span> <span class='ocrx_word' id='word_1_572' title='bbox 3443 550 3547 609; x_wconf 88' lang='lat' dir='ltr'><strong>nisi</strong></span> <span class='ocrx_word' id='word_1_573' title='bbox 3565 553 3688 628; x_wconf 87' lang='lat' dir='ltr'><strong>quia</strong></span> <span class='ocrx_word' id='word_1_574' title='bbox 3711 574 3808 618; x_wconf 85' lang='lat' dir='ltr'><strong>ve-</strong></span> 
     </span>
    </p>
   </div>
   <div class='ocr_carea' id='block_1_65' title="bbox 2220 625 3808 714">
    <p class='ocr_par' dir='ltr' id='par_1_65' title="bbox 2220 625 3808 714">
     <span class='ocr_line' id='line_1_65' title="bbox 2220 625 3808 714; baseline 0.021 -37"><span class='ocrx_word' id='word_1_575' title='bbox 2220 639 2316 679; x_wconf 88' lang='lat' dir='ltr'><strong>rus</strong></span> <span class='ocrx_word' id='word_1_576' title='bbox 2343 634 2424 680; x_wconf 89' lang='lat' dir='ltr'><strong>est</strong></span> <span class='ocrx_word' id='word_1_577' title='bbox 2464 625 2670 683; x_wconf 85' lang='lat' dir='ltr'><strong>Filius?</strong></span> <span class='ocrx_word' id='word_1_578' title='bbox 2709 629 2820 685; x_wconf 81' lang='lat' dir='ltr'><strong>Hoc</strong></span> <span class='ocrx_word' id='word_1_579' title='bbox 2853 633 2992 687; x_wconf 87' lang='lat' dir='ltr'><strong>enim</strong></span> <span class='ocrx_word' id='word_1_580' title='bbox 3022 635 3173 704; x_wconf 84' lang='lat' dir='ltr'><strong>dixit,</strong></span> <span class='ocrx_word' id='word_1_581' title='bbox 3206 637 3268 693; x_wconf 87' lang='lat' dir='ltr'><strong>Et</strong></span> <span class='ocrx_word' id='word_1_582' title='bbox 3307 641 3353 695; x_wconf 91' lang='lat' dir='ltr'><strong>si</strong></span> <span class='ocrx_word' id='word_1_583' title='bbox 3374 625 3598 714; x_wconf 64' lang='lat' dir='ltr'><strong>judico,</strong></span> <span class='ocrx_word' id='word_1_584' title='bbox 3629 666 3808 710; x_wconf 74' lang='lat' dir='ltr'><strong>verum</strong></span> 
     </span>
    </p>
   </div>
   <div class='ocr_carea' id='block_1_66' title="bbox 2223 717 3815 816">
    <p class='ocr_par' dir='ltr' id='par_1_66' title="bbox 2223 717 3815 816">
     <span class='ocr_line' id='line_1_66' title="bbox 2223 717 3815 816; baseline 0.021 -47"><span class='ocrx_word' id='word_1_585' title='bbox 2223 725 2294 770; x_wconf 80' lang='lat' dir='ltr'><strong>est</strong></span> <span class='ocrx_word' id='word_1_586' title='bbox 2313 717 2570 788; x_wconf 86' lang='lat' dir='ltr'><strong>judicium</strong></span> <span class='ocrx_word' id='word_1_587' title='bbox 2595 737 2761 774; x_wconf 86' lang='lat' dir='ltr'><strong>meum</strong></span> <span class='ocrx_word' id='word_1_588' title='bbox 2784 739 2801 786; x_wconf 88' lang='lat'><strong>;</strong></span> <span class='ocrx_word' id='word_1_589' title='bbox 2827 725 2944 794; x_wconf 89' lang='lat' dir='ltr'><strong>quia</strong></span> <span class='ocrx_word' id='word_1_590' title='bbox 2966 727 3102 782; x_wconf 84' lang='lat' dir='ltr'><strong>solus</strong></span> <span class='ocrx_word' id='word_1_591' title='bbox 3129 746 3230 785; x_wconf 84' lang='lat' dir='ltr'><strong>non</strong></span> <span class='ocrx_word' id='word_1_592' title='bbox 3254 749 3384 802; x_wconf 90' lang='lat' dir='ltr'><strong>sum,</strong></span> <span class='ocrx_word' id='word_1_593' title='bbox 3411 738 3502 791; x_wconf 87' lang='lat' dir='ltr'><strong>sed</strong></span> <span class='ocrx_word' id='word_1_594' title='bbox 3527 756 3620 810; x_wconf 83' lang='lat' dir='ltr'><strong>ego</strong></span> <span class='ocrx_word' id='word_1_595' title='bbox 3651 755 3698 798; x_wconf 90' lang='lat' dir='ltr'><strong>et</strong></span> <span class='ocrx_word' id='word_1_596' title='bbox 3723 749 3815 816; x_wconf 76' lang='lat' dir='ltr'><strong>qui</strong></span> 
     </span>
    </p>
   </div>
   <div class='ocr_carea' id='block_1_67' title="bbox 2224 809 3804 900">
    <p class='ocr_par' dir='ltr' id='par_1_67' title="bbox 2224 809 3804 900">
     <span class='ocr_line' id='line_1_67' title="bbox 2224 809 3804 900; baseline 0.02 -41"><span class='ocrx_word' id='word_1_597' title='bbox 2224 809 2357 861; x_wconf 82' lang='lat' dir='ltr'><strong>misit</strong></span> <span class='ocrx_word' id='word_1_598' title='bbox 2389 825 2467 863; x_wconf 83' lang='lat' dir='ltr'><strong>me</strong></span> <span class='ocrx_word' id='word_1_599' title='bbox 2499 809 2672 865; x_wconf 86' lang='lat' dir='ltr'><strong>Pater.</strong></span> <span class='ocrx_word' id='word_1_600' title='bbox 2704 812 2975 885; x_wconf 86' lang='lat' dir='ltr'><strong>Tanquam</strong></span> <span class='ocrx_word' id='word_1_601' title='bbox 2995 817 3215 887; x_wconf 83' lang='lat' dir='ltr'><strong>diceret,</strong></span> <span class='ocrx_word' id='word_1_602' title='bbox 3252 822 3436 879; x_wconf 85' lang='lat' dir='ltr'><strong>Verum</strong></span> <span class='ocrx_word' id='word_1_603' title='bbox 3458 840 3532 883; x_wconf 91' lang='lat' dir='ltr'><strong>est</strong></span> <span class='ocrx_word' id='word_1_604' title='bbox 3547 809 3804 900; x_wconf 76' lang='lat' dir='ltr'><strong>judicium</strong></span> 
     </span>
    </p>
   </div>
   <div class='ocr_carea' id='block_1_68' title="bbox 2224 904 3812 992">
    <p class='ocr_par' dir='ltr' id='par_1_68' title="bbox 2224 904 3812 992">
     <span class='ocr_line' id='line_1_68' title="bbox 2224 904 3812 992; baseline 0.02 -38"><span class='ocrx_word' id='word_1_605' title='bbox 2224 917 2409 968; x_wconf 89' lang='lat' dir='ltr'><strong>meum,</strong></span> <span class='ocrx_word' id='word_1_606' title='bbox 2439 904 2560 972; x_wconf 90' lang='lat' dir='ltr'><strong>quia</strong></span> <span class='ocrx_word' id='word_1_607' title='bbox 2590 904 2752 960; x_wconf 86' lang='lat' dir='ltr'><strong>Filius</strong></span> <span class='ocrx_word' id='word_1_608' title='bbox 2784 907 2872 963; x_wconf 90' lang='lat' dir='ltr'><strong>Dei</strong></span> <span class='ocrx_word' id='word_1_609' title='bbox 2900 923 3036 964; x_wconf 90' lang='lat' dir='ltr'><strong>sum.</strong></span> <span class='ocrx_word' id='word_1_610' title='bbox 3071 912 3222 970; x_wconf 88' lang='lat' dir='ltr'><strong>Unde</strong></span> <span class='ocrx_word' id='word_1_611' title='bbox 3259 919 3452 986; x_wconf 87' lang='lat' dir='ltr'><strong>probas</strong></span> <span class='ocrx_word' id='word_1_612' title='bbox 3475 924 3598 992; x_wconf 89' lang='lat' dir='ltr'><strong>quia</strong></span> <span class='ocrx_word' id='word_1_613' title='bbox 3640 925 3812 986; x_wconf 84' lang='lat' dir='ltr'><strong>Filius</strong></span> 
     </span>
    </p>
   </div>
   <div class='ocr_carea' id='block_1_69' title="bbox 2225 993 3812 1082">
    <p class='ocr_par' dir='ltr' id='par_1_69' title="bbox 2225 993 3812 1082">
     <span class='ocr_line' id='line_1_69' title="bbox 2225 993 3812 1082; baseline 0.017 -34"><span class='ocrx_word' id='word_1_614' title='bbox 2225 995 2315 1049; x_wconf 86' lang='lat' dir='ltr'><strong>Dei</strong></span> <span class='ocrx_word' id='word_1_615' title='bbox 2342 996 2444 1049; x_wconf 86' lang='lat' dir='ltr'><strong>cs?</strong></span> <span class='ocrx_word' id='word_1_616' title='bbox 2484 993 2614 1060; x_wconf 80' lang='lat' dir='ltr'><strong>Quia</strong></span> <span class='ocrx_word' id='word_1_617' title='bbox 2650 999 2789 1053; x_wconf 84' lang='lat' dir='ltr'><strong>solus</strong></span> <span class='ocrx_word' id='word_1_618' title='bbox 2816 1017 2916 1056; x_wconf 83' lang='lat' dir='ltr'><strong>non</strong></span> <span class='ocrx_word' id='word_1_619' title='bbox 2941 1019 3056 1057; x_wconf 83' lang='lat' dir='ltr'><strong>sum</strong></span> <span class='ocrx_word' id='word_1_620' title='bbox 3074 1045 3090 1070; x_wconf 90' lang='lat'><strong>,</strong></span> <span class='ocrx_word' id='word_1_621' title='bbox 3134 1007 3222 1060; x_wconf 89' lang='lat' dir='ltr'><strong>sed</strong></span> <span class='ocrx_word' id='word_1_622' title='bbox 3248 1025 3339 1079; x_wconf 89' lang='lat' dir='ltr'><strong>ego</strong></span> <span class='ocrx_word' id='word_1_623' title='bbox 3365 1021 3412 1065; x_wconf 84' lang='lat' dir='ltr'><strong>et</strong></span> <span class='ocrx_word' id='word_1_624' title='bbox 3447 1015 3533 1082; x_wconf 84' lang='lat' dir='ltr'><strong>qui</strong></span> <span class='ocrx_word' id='word_1_625' title='bbox 3569 1017 3704 1071; x_wconf 84' lang='lat' dir='ltr'><strong>misit</strong></span> <span class='ocrx_word' id='word_1_626' title='bbox 3730 1036 3812 1075; x_wconf 79' lang='lat' dir='ltr'><strong>me</strong></span> 
     </span>
    </p>
   </div>
   <div class='ocr_carea' id='block_1_70' title="bbox 2223 1085 3810 1171">
    <p class='ocr_par' dir='ltr' id='par_1_70' title="bbox 2223 1085 3810 1171">
     <span class='ocr_line' id='line_1_70' title="bbox 2223 1085 3810 1171; baseline 0.017 -31"><span class='ocrx_word' id='word_1_627' title='bbox 2223 1085 2400 1144; x_wconf 85' lang='lat' dir='ltr'><strong>Pater.</strong></span> <span class='ocrx_word' id='word_1_628' title='bbox 2430 1089 2712 1156; x_wconf 87' lang='lat' dir='ltr'><strong>Erubesce,</strong></span> <span class='ocrx_word' id='word_1_629' title='bbox 2757 1090 3077 1162; x_wconf 84' lang='lat' dir='ltr'><strong>Sabelliane,</strong></span> <span class='ocrx_word' id='word_1_630' title='bbox 3111 1100 3261 1154; x_wconf 90' lang='lat' dir='ltr'><strong>audis</strong></span> <span class='ocrx_word' id='word_1_631' title='bbox 3284 1102 3494 1171; x_wconf 88' lang='lat' dir='ltr'><strong>Filium,</strong></span> <span class='ocrx_word' id='word_1_632' title='bbox 3523 1107 3677 1164; x_wconf 88' lang='lat' dir='ltr'><strong>audis</strong></span> <span class='ocrx_word' id='word_1_633' title='bbox 3703 1109 3810 1166; x_wconf 84' lang='lat' dir='ltr'><strong>Pa-</strong></span> 
     </span>
    </p>
   </div>
   <div class='ocr_carea' id='block_1_71' title="bbox 2224 1179 3810 1270">
    <p class='ocr_par' dir='ltr' id='par_1_71' title="bbox 2224 1179 3810 1270">
     <span class='ocr_line' id='line_1_71' title="bbox 2224 1179 3810 1270; baseline 0.02 -42"><span class='ocrx_word' id='word_1_634' title='bbox 2224 1183 2376 1270; x_wconf 78' lang='lat' dir='ltr'><strong>t_rem.</strong></span> <span class='ocrx_word' id='word_1_635' title='bbox 2406 1179 2580 1247; x_wconf 89' lang='lat' dir='ltr'><strong>Pater,</strong></span> <span class='ocrx_word' id='word_1_636' title='bbox 2612 1181 2768 1239; x_wconf 86' lang='lat' dir='ltr'><strong>Pater</strong></span> <span class='ocrx_word' id='word_1_637' title='bbox 2793 1195 2912 1250; x_wconf 87' lang='lat' dir='ltr'><strong>est;</strong></span> <span class='ocrx_word' id='word_1_638' title='bbox 2940 1187 3125 1254; x_wconf 89' lang='lat' dir='ltr'><strong>Filius,</strong></span> <span class='ocrx_word' id='word_1_639' title='bbox 3155 1189 3320 1247; x_wconf 85' lang='lat' dir='ltr'><strong>Filius</strong></span> <span class='ocrx_word' id='word_1_640' title='bbox 3356 1204 3456 1250; x_wconf 89' lang='lat' dir='ltr'><strong>est.</strong></span> <span class='ocrx_word' id='word_1_641' title='bbox 3500 1196 3615 1255; x_wconf 89' lang='lat' dir='ltr'><strong>Non</strong></span> <span class='ocrx_word' id='word_1_642' title='bbox 3639 1200 3810 1270; x_wconf 83' lang='lat' dir='ltr'><strong>dixit,</strong></span> 
     </span>
    </p>
   </div>
   <div class='ocr_carea' id='block_1_72' title="bbox 2221 1265 3810 1356">
    <p class='ocr_par' dir='ltr' id='par_1_72' title="bbox 2221 1265 3810 1356">
     <span class='ocr_line' id='line_1_72' title="bbox 2221 1265 3810 1356; baseline 0.018 -37"><span class='ocrx_word' id='word_1_643' title='bbox 2221 1265 2335 1336; x_wconf 90' lang='lat' dir='ltr'><strong>Ego</strong></span> <span class='ocrx_word' id='word_1_644' title='bbox 2372 1283 2490 1324; x_wconf 89' lang='lat' dir='ltr'><strong>sum</strong></span> <span class='ocrx_word' id='word_1_645' title='bbox 2535 1270 2724 1339; x_wconf 90' lang='lat' dir='ltr'><strong>Pater,</strong></span> <span class='ocrx_word' id='word_1_646' title='bbox 2757 1283 2810 1330; x_wconf 90' lang='lat' dir='ltr'><strong>et</strong></span> <span class='ocrx_word' id='word_1_647' title='bbox 2839 1292 2936 1346; x_wconf 85' lang='lat' dir='ltr'><strong>ego</strong></span> <span class='ocrx_word' id='word_1_648' title='bbox 2962 1278 3077 1348; x_wconf 91' lang='lat' dir='ltr'><strong>ipse</strong></span> <span class='ocrx_word' id='word_1_649' title='bbox 3105 1295 3221 1336; x_wconf 91' lang='lat' dir='ltr'><strong>sum</strong></span> <span class='ocrx_word' id='word_1_650' title='bbox 3255 1284 3454 1352; x_wconf 86' lang='lat' dir='ltr'><strong>Filius;</strong></span> <span class='ocrx_word' id='word_1_651' title='bbox 3489 1289 3584 1344; x_wconf 90' lang='lat' dir='ltr'><strong>sed</strong></span> <span class='ocrx_word' id='word_1_652' title='bbox 3606 1331 3622 1356; x_wconf 92' lang='lat'><strong>,</strong></span> <span class='ocrx_word' id='word_1_653' title='bbox 3667 1265 3810 1349; x_wconf 75' lang='lat' dir='ltr'><strong>solus</strong></span> 
     </span>
    </p>
   </div>
   <div class='ocr_carea' id='block_1_73' title="bbox 2220 1363 3808 1447">
    <p class='ocr_par' dir='ltr' id='par_1_73' title="bbox 2220 1363 3808 1447">
     <span class='ocr_line' id='line_1_73' title="bbox 2220 1363 3808 1447; baseline 0.019 -37"><span class='ocrx_word' id='word_1_654' title='bbox 2220 1373 2319 1412; x_wconf 84' lang='lat' dir='ltr'><strong>non</strong></span> <span class='ocrx_word' id='word_1_655' title='bbox 2349 1377 2496 1427; x_wconf 88' lang='lat' dir='ltr'><strong>sum,</strong></span> <span class='ocrx_word' id='word_1_656' title='bbox 2527 1363 2713 1433; x_wconf 89' lang='lat' dir='ltr'><strong>inquit.</strong></span> <span class='ocrx_word' id='word_1_657' title='bbox 2756 1366 2928 1434; x_wconf 89' lang='lat' dir='ltr'><strong>Quare</strong></span> <span class='ocrx_word' id='word_1_658' title='bbox 2970 1371 3116 1426; x_wconf 89' lang='lat' dir='ltr'><strong>solus</strong></span> <span class='ocrx_word' id='word_1_659' title='bbox 3159 1390 3264 1429; x_wconf 91' lang='lat' dir='ltr'><strong>non</strong></span> <span class='ocrx_word' id='word_1_660' title='bbox 3291 1377 3393 1432; x_wconf 89' lang='lat' dir='ltr'><strong>es?</strong></span> <span class='ocrx_word' id='word_1_661' title='bbox 3421 1378 3554 1447; x_wconf 89' lang='lat' dir='ltr'><strong>Quia</strong></span> <span class='ocrx_word' id='word_1_662' title='bbox 3593 1397 3808 1440; x_wconf 89' lang='lat' dir='ltr'><strong>mecum</strong></span> 
     </span>
    </p>
   </div>
   <div class='ocr_carea' id='block_1_74' title="bbox 2219 1447 3810 1546">
    <p class='ocr_par' dir='ltr' id='par_1_74' title="bbox 2219 1447 3810 1546">
     <span class='ocr_line' id='line_1_74' title="bbox 2219 1447 3810 1546; baseline 0.018 -44"><span class='ocrx_word' id='word_1_663' title='bbox 2219 1456 2301 1503; x_wconf 89' lang='lat' dir='ltr'><strong>est</strong></span> <span class='ocrx_word' id='word_1_664' title='bbox 2331 1447 2508 1506; x_wconf 91' lang='lat' dir='ltr'><strong>Pater.</strong></span> <span class='ocrx_word' id='word_1_665' title='bbox 2540 1453 2648 1523; x_wconf 81' lang='lat' dir='ltr'><strong>Ego</strong></span> <span class='ocrx_word' id='word_1_666' title='bbox 2676 1472 2807 1519; x_wconf 89' lang='lat' dir='ltr'><strong>sum,</strong></span> <span class='ocrx_word' id='word_1_667' title='bbox 2831 1469 2876 1512; x_wconf 83' lang='lat' dir='ltr'><strong>et</strong></span> <span class='ocrx_word' id='word_1_668' title='bbox 2900 1461 2986 1529; x_wconf 87' lang='lat' dir='ltr'><strong>qui</strong></span> <span class='ocrx_word' id='word_1_669' title='bbox 3007 1463 3139 1516; x_wconf 86' lang='lat' dir='ltr'><strong>misit</strong></span> <span class='ocrx_word' id='word_1_670' title='bbox 3159 1481 3235 1520; x_wconf 89' lang='lat' dir='ltr'><strong>me</strong></span> <span class='ocrx_word' id='word_1_671' title='bbox 3262 1465 3418 1522; x_wconf 84' lang='lat' dir='ltr'><strong>Pater</strong></span> <span class='ocrx_word' id='word_1_672' title='bbox 3443 1485 3462 1524; x_wconf 89' lang='lat'><strong><em>:</em></strong></span> <span class='ocrx_word' id='word_1_673' title='bbox 3491 1471 3665 1538; x_wconf 90' lang='lat' dir='ltr'><strong>audis,</strong></span> <span class='ocrx_word' id='word_1_674' title='bbox 3693 1473 3810 1546; x_wconf 83' lang='lat' dir='ltr'><strong>Ego</strong></span> 
     </span>
    </p>
   </div>
   <div class='ocr_carea' id='block_1_75' title="bbox 2216 1544 3810 1636">
    <p class='ocr_par' dir='ltr' id='par_1_75' title="bbox 2216 1544 3810 1636">
     <span class='ocr_line' id='line_1_75' title="bbox 2216 1544 3810 1636; baseline 0.018 -41"><span class='ocrx_word' id='word_1_675' title='bbox 2216 1556 2350 1608; x_wconf 85' lang='lat' dir='ltr'><strong>sum,</strong></span> <span class='ocrx_word' id='word_1_676' title='bbox 2374 1551 2419 1596; x_wconf 85' lang='lat' dir='ltr'><strong>et</strong></span> <span class='ocrx_word' id='word_1_677' title='bbox 2439 1544 2526 1614; x_wconf 87' lang='lat' dir='ltr'><strong>qui</strong></span> <span class='ocrx_word' id='word_1_678' title='bbox 2555 1562 2633 1600; x_wconf 88' lang='lat' dir='ltr'><strong>me</strong></span> <span class='ocrx_word' id='word_1_679' title='bbox 2658 1548 2812 1602; x_wconf 86' lang='lat' dir='ltr'><strong>misit.</strong></span> <span class='ocrx_word' id='word_1_680' title='bbox 2845 1549 2922 1604; x_wconf 87' lang='lat' dir='ltr'><strong>Ne</strong></span> <span class='ocrx_word' id='word_1_681' title='bbox 2962 1553 3154 1620; x_wconf 88' lang='lat' dir='ltr'><strong>perdas</strong></span> <span class='ocrx_word' id='word_1_682' title='bbox 3200 1573 3479 1627; x_wconf 86' lang='lat' dir='ltr'><strong>personam</strong></span> <span class='ocrx_word' id='word_1_683' title='bbox 3501 1604 3516 1628; x_wconf 94' lang='lat'><strong>,</strong></span> <span class='ocrx_word' id='word_1_684' title='bbox 3545 1544 3810 1636; x_wconf 78' lang='lat' dir='ltr'><strong>distingue</strong></span> 
     </span>
    </p>
   </div>
   <div class='ocr_carea' id='block_1_76' title="bbox 2217 1636 3809 1727">
    <p class='ocr_par' dir='ltr' id='par_1_76' title="bbox 2217 1636 3809 1727">
     <span class='ocr_line' id='line_1_76' title="bbox 2217 1636 3809 1727; baseline 0.019 -43"><span class='ocrx_word' id='word_1_685' title='bbox 2217 1647 2496 1702; x_wconf 86' lang='lat' dir='ltr'><strong>personas.</strong></span> <span class='ocrx_word' id='word_1_686' title='bbox 2530 1636 2803 1709; x_wconf 83' lang='lat' dir='ltr'><strong>Distingue</strong></span> <span class='ocrx_word' id='word_1_687' title='bbox 2831 1641 3197 1715; x_wconf 83' lang='lat' dir='ltr'><strong>intelligentia,</strong></span> <span class='ocrx_word' id='word_1_688' title='bbox 3230 1651 3339 1705; x_wconf 92' lang='lat' dir='ltr'><strong>noli</strong></span> <span class='ocrx_word' id='word_1_689' title='bbox 3365 1667 3614 1723; x_wconf 89' lang='lat' dir='ltr'><strong>separare</strong></span> <span class='ocrx_word' id='word_1_690' title='bbox 3643 1659 3809 1727; x_wconf 78' lang='lat' dir='ltr'><strong>perfi-</strong></span> 
     </span>
    </p>
   </div>
   <div class='ocr_carea' id='block_1_77' title="bbox 2217 1722 3806 1820">
    <p class='ocr_par' dir='ltr' id='par_1_77' title="bbox 2217 1722 3806 1820">
     <span class='ocr_line' id='line_1_77' title="bbox 2217 1722 3806 1820; baseline 0.018 -43"><span class='ocrx_word' id='word_1_691' title='bbox 2217 1722 2339 1820; x_wconf 76' lang='lat' dir='ltr'><strong>dia;</strong></span> <span class='ocrx_word' id='word_1_692' title='bbox 2371 1741 2437 1781; x_wconf 86' lang='lat' dir='ltr'><strong>ne</strong></span> <span class='ocrx_word' id='word_1_693' title='bbox 2475 1727 2666 1820; x_wconf 67' lang='lat' dir='ltr'><strong>iterum</strong></span> <span class='ocrx_word' id='word_1_694' title='bbox 2693 1732 2842 1801; x_wconf 89' lang='lat' dir='ltr'><strong>quasi</strong></span> <span class='ocrx_word' id='word_1_695' title='bbox 2875 1732 3080 1804; x_wconf 78' lang='lat' dir='ltr'><strong>fugiens</strong></span> <span class='ocrx_word' id='word_1_696' title='bbox 3106 1722 3465 1812; x_wconf 85' lang='lat' dir='ltr'><strong>Charybdim,</strong></span> <span class='ocrx_word' id='word_1_697' title='bbox 3498 1745 3549 1802; x_wconf 91' lang='lat' dir='ltr'><strong>in</strong></span> <span class='ocrx_word' id='word_1_698' title='bbox 3576 1722 3806 1820; x_wconf 48' lang='lat' dir='ltr'><strong>Sc-yllam</strong></span> 
     </span>
    </p>
   </div>
   <div class='ocr_carea' id='block_1_78' title="bbox 2216 1812 3806 1901">
    <p class='ocr_par' dir='ltr' id='par_1_78' title="bbox 2216 1812 3806 1901">
     <span class='ocr_line' id='line_1_78' title="bbox 2216 1812 3806 1901; baseline 0.017 -34"><span class='ocrx_word' id='word_1_699' title='bbox 2216 1812 2476 1870; x_wconf 87' lang='lat' dir='ltr'><strong>incurras.</strong></span> <span class='ocrx_word' id='word_1_700' title='bbox 2509 1817 2742 1875; x_wconf 85' lang='lat' dir='ltr'><strong>Vorabat</strong></span> <span class='ocrx_word' id='word_1_701' title='bbox 2769 1823 2911 1877; x_wconf 90' lang='lat' dir='ltr'><strong>enim</strong></span> <span class='ocrx_word' id='word_1_702' title='bbox 2943 1833 2994 1880; x_wconf 89' lang='lat' dir='ltr'><strong>te</strong></span> <span class='ocrx_word' id='word_1_703' title='bbox 3017 1841 3208 1898; x_wconf 85' lang='lat' dir='ltr'><strong>gurges</strong></span> <span class='ocrx_word' id='word_1_704' title='bbox 3233 1830 3517 1901; x_wconf 86' lang='lat' dir='ltr'><strong>impietatis</strong></span> <span class='ocrx_word' id='word_1_705' title='bbox 3543 1812 3806 1893; x_wconf 76' lang='lat' dir='ltr'><strong>Sabellia-</strong></span> 
     </span>
    </p>
   </div>
   <div class='ocr_carea' id='block_1_79' title="bbox 2215 1909 3804 1994">
    <p class='ocr_par' dir='ltr' id='par_1_79' title="bbox 2215 1909 3804 1994">
     <span class='ocr_line' id='line_1_79' title="bbox 2215 1909 3804 1994; baseline 0.018 -37"><span class='ocrx_word' id='word_1_706' title='bbox 2215 1919 2428 1972; x_wconf 88' lang='lat' dir='ltr'><strong>norum,</strong></span> <span class='ocrx_word' id='word_1_707' title='bbox 2457 1917 2513 1961; x_wconf 88' lang='lat' dir='ltr'><strong>ut</strong></span> <span class='ocrx_word' id='word_1_708' title='bbox 2539 1909 2747 1966; x_wconf 89' lang='lat' dir='ltr'><strong>diceres</strong></span> <span class='ocrx_word' id='word_1_709' title='bbox 2774 1913 2946 1982; x_wconf 90' lang='lat' dir='ltr'><strong>ipsum</strong></span> <span class='ocrx_word' id='word_1_710' title='bbox 2978 1931 3098 1972; x_wconf 91' lang='lat' dir='ltr'><strong>esse</strong></span> <span class='ocrx_word' id='word_1_711' title='bbox 3125 1918 3336 1976; x_wconf 89' lang='lat' dir='ltr'><strong>Patrem</strong></span> <span class='ocrx_word' id='word_1_712' title='bbox 3367 1923 3456 1994; x_wconf 89' lang='lat' dir='ltr'><strong>qui</strong></span> <span class='ocrx_word' id='word_1_713' title='bbox 3482 1935 3564 1981; x_wconf 91' lang='lat' dir='ltr'><strong>est</strong></span> <span class='ocrx_word' id='word_1_714' title='bbox 3591 1928 3760 1985; x_wconf 90' lang='lat' dir='ltr'><strong>Filius</strong></span> <span class='ocrx_word' id='word_1_715' title='bbox 3787 1948 3804 1985; x_wconf 91' lang='lat'><strong>:</strong></span> 
     </span>
    </p>
   </div>
   <div class='ocr_carea' id='block_1_80' title="bbox 2213 1995 3807 2086">
    <p class='ocr_par' dir='ltr' id='par_1_80' title="bbox 2213 1995 3807 2086">
     <span class='ocr_line' id='line_1_80' title="bbox 2213 1995 3807 2086; baseline 0.018 -39"><span class='ocrx_word' id='word_1_716' title='bbox 2213 1995 2374 2050; x_wconf 88' lang='lat' dir='ltr'><strong>modo</strong></span> <span class='ocrx_word' id='word_1_717' title='bbox 2398 1997 2647 2067; x_wconf 89' lang='lat' dir='ltr'><strong>didicisti,</strong></span> <span class='ocrx_word' id='word_1_718' title='bbox 2685 2001 2840 2056; x_wconf 89' lang='lat' dir='ltr'><strong>Solus</strong></span> <span class='ocrx_word' id='word_1_719' title='bbox 2865 2021 2965 2058; x_wconf 86' lang='lat' dir='ltr'><strong>non</strong></span> <span class='ocrx_word' id='word_1_720' title='bbox 2990 2023 3122 2074; x_wconf 87' lang='lat' dir='ltr'><strong>sum,</strong></span> <span class='ocrx_word' id='word_1_721' title='bbox 3154 2011 3244 2064; x_wconf 87' lang='lat' dir='ltr'><strong>sed</strong></span> <span class='ocrx_word' id='word_1_722' title='bbox 3270 2027 3360 2083; x_wconf 80' lang='lat' dir='ltr'><strong>ego</strong></span> <span class='ocrx_word' id='word_1_723' title='bbox 3382 2024 3430 2068; x_wconf 93' lang='lat' dir='ltr'><strong>et</strong></span> <span class='ocrx_word' id='word_1_724' title='bbox 3451 2017 3538 2086; x_wconf 89' lang='lat' dir='ltr'><strong>qui</strong></span> <span class='ocrx_word' id='word_1_725' title='bbox 3563 2019 3698 2074; x_wconf 86' lang='lat' dir='ltr'><strong>misit</strong></span> <span class='ocrx_word' id='word_1_726' title='bbox 3726 2037 3807 2077; x_wconf 83' lang='lat' dir='ltr'><strong>me</strong></span> 
     </span>
    </p>
   </div>
   <div class='ocr_carea' id='block_1_81' title="bbox 2214 2083 3808 2174">
    <p class='ocr_par' dir='ltr' id='par_1_81' title="bbox 2214 2083 3808 2174">
     <span class='ocr_line' id='line_1_81' title="bbox 2214 2083 3808 2174; baseline 0.019 -37"><span class='ocrx_word' id='word_1_727' title='bbox 2214 2083 2390 2140; x_wconf 84' lang='lat' dir='ltr'><strong>Pater.</strong></span> <span class='ocrx_word' id='word_1_728' title='bbox 2424 2088 2684 2158; x_wconf 85' lang='lat' dir='ltr'><strong>Agnoscis</strong></span> <span class='ocrx_word' id='word_1_729' title='bbox 2708 2093 2829 2162; x_wconf 90' lang='lat' dir='ltr'><strong>quia</strong></span> <span class='ocrx_word' id='word_1_730' title='bbox 2858 2093 3034 2164; x_wconf 88' lang='lat' dir='ltr'><strong>Pater,</strong></span> <span class='ocrx_word' id='word_1_731' title='bbox 3066 2098 3224 2155; x_wconf 87' lang='lat' dir='ltr'><strong>Pater</strong></span> <span class='ocrx_word' id='word_1_732' title='bbox 3251 2111 3360 2168; x_wconf 92' lang='lat' dir='ltr'><strong>est;</strong></span> <span class='ocrx_word' id='word_1_733' title='bbox 3392 2083 3685 2174; x_wconf 30' lang='lat' dir='ltr'><strong>et&#39;Filius,</strong></span> <span class='ocrx_word' id='word_1_734' title='bbox 3716 2111 3808 2167; x_wconf 82' lang='lat' dir='ltr'><strong>Fi-</strong></span> 
     </span>
    </p>
   </div>
   <div class='ocr_carea' id='block_1_82' title="bbox 2153 2176 3806 2274">
    <p class='ocr_par' dir='ltr' id='par_1_82' title="bbox 2153 2176 3806 2274">
     <span class='ocr_line' id='line_1_82' title="bbox 2153 2176 3806 2274; baseline 0.019 -45"><span class='ocrx_word' id='word_1_735' title='bbox 2153 2187 2158 2190; x_wconf 85' lang='lat'>&#39;</span> <span class='ocrx_word' id='word_1_736' title='bbox 2213 2176 2314 2231; x_wconf 91' lang='lat' dir='ltr'><strong>lius</strong></span> <span class='ocrx_word' id='word_1_737' title='bbox 2339 2188 2443 2232; x_wconf 90' lang='lat' dir='ltr'><strong>est.</strong></span> <span class='ocrx_word' id='word_1_738' title='bbox 2474 2179 2618 2236; x_wconf 89' lang='lat' dir='ltr'><strong>Bene</strong></span> <span class='ocrx_word' id='word_1_739' title='bbox 2641 2185 2886 2252; x_wconf 86' lang='lat' dir='ltr'><strong>agnoscis</strong></span> <span class='ocrx_word' id='word_1_740' title='bbox 2917 2203 2932 2241; x_wconf 90' lang='lat'><strong>:</strong></span> <span class='ocrx_word' id='word_1_741' title='bbox 2963 2188 3060 2242; x_wconf 88' lang='lat' dir='ltr'><strong>sed</strong></span> <span class='ocrx_word' id='word_1_742' title='bbox 3084 2191 3193 2246; x_wconf 90' lang='lat' dir='ltr'><strong>noli</strong></span> <span class='ocrx_word' id='word_1_743' title='bbox 3220 2191 3418 2263; x_wconf 90' lang='lat' dir='ltr'><strong>dicere,</strong></span> <span class='ocrx_word' id='word_1_744' title='bbox 3451 2197 3606 2254; x_wconf 89' lang='lat' dir='ltr'><strong>Pater</strong></span> <span class='ocrx_word' id='word_1_745' title='bbox 3631 2202 3806 2274; x_wconf 86' lang='lat' dir='ltr'><strong>major</strong></span> 
     </span>
    </p>
   </div>
   <div class='ocr_carea' id='block_1_83' title="bbox 2211 2270 3800 2365">
    <p class='ocr_par' dir='ltr' id='par_1_83' title="bbox 2211 2270 3800 2365">
     <span class='ocr_line' id='line_1_83' title="bbox 2211 2270 3800 2365; baseline 0.016 -39"><span class='ocrx_word' id='word_1_746' title='bbox 2211 2277 2312 2335; x_wconf 89' lang='lat' dir='ltr'><strong>est,</strong></span> <span class='ocrx_word' id='word_1_747' title='bbox 2343 2270 2508 2328; x_wconf 90' lang='lat' dir='ltr'><strong>Filius</strong></span> <span class='ocrx_word' id='word_1_748' title='bbox 2540 2273 2712 2329; x_wconf 88' lang='lat' dir='ltr'><strong>minor</strong></span> <span class='ocrx_word' id='word_1_749' title='bbox 2741 2287 2859 2344; x_wconf 89' lang='lat' dir='ltr'><strong>est;</strong></span> <span class='ocrx_word' id='word_1_750' title='bbox 2892 2280 2999 2335; x_wconf 89' lang='lat' dir='ltr'><strong>noli</strong></span> <span class='ocrx_word' id='word_1_751' title='bbox 3027 2281 3205 2339; x_wconf 90' lang='lat' dir='ltr'><strong>dicere</strong></span> <span class='ocrx_word' id='word_1_752' title='bbox 3225 2328 3240 2351; x_wconf 93' lang='lat'><strong>,</strong></span> <span class='ocrx_word' id='word_1_753' title='bbox 3270 2286 3426 2343; x_wconf 86' lang='lat' dir='ltr'><strong>Pater</strong></span> <span class='ocrx_word' id='word_1_754' title='bbox 3465 2305 3654 2347; x_wconf 80' lang='lat' dir='ltr'><strong>aurum</strong></span> <span class='ocrx_word' id='word_1_755' title='bbox 3683 2270 3800 2365; x_wconf 83' lang='lat' dir='ltr'><strong>est,</strong></span> 
     </span>
    </p>
   </div>
   <div class='ocr_carea' id='block_1_84' title="bbox 2179 2361 3800 2457">
    <p class='ocr_par' dir='ltr' id='par_1_84' title="bbox 2179 2361 3800 2457">
     <span class='ocr_line' id='line_1_84' title="bbox 2179 2361 3800 2457; baseline 0.017 -42"><span class='ocrx_word' id='word_1_756' title='bbox 2179 2421 2182 2426; x_wconf 96' lang='lat'><em>_</em></span> <span class='ocrx_word' id='word_1_757' title='bbox 2209 2361 2376 2417; x_wconf 88' lang='lat' dir='ltr'><strong>Filius</strong></span> <span class='ocrx_word' id='word_1_758' title='bbox 2395 2375 2671 2434; x_wconf 86' lang='lat' dir='ltr'><strong>argentum</strong></span> <span class='ocrx_word' id='word_1_759' title='bbox 2697 2378 2798 2424; x_wconf 90' lang='lat' dir='ltr'><strong>est.</strong></span> <span class='ocrx_word' id='word_1_760' title='bbox 2827 2369 2943 2426; x_wconf 89' lang='lat' dir='ltr'><strong>Una</strong></span> <span class='ocrx_word' id='word_1_761' title='bbox 2961 2372 3260 2431; x_wconf 88' lang='lat' dir='ltr'><strong>substantia</strong></span> <span class='ocrx_word' id='word_1_762' title='bbox 3276 2388 3376 2445; x_wconf 86' lang='lat' dir='ltr'><strong>est,</strong></span> <span class='ocrx_word' id='word_1_763' title='bbox 3403 2397 3507 2436; x_wconf 89' lang='lat' dir='ltr'><strong>una</strong></span> <span class='ocrx_word' id='word_1_764' title='bbox 3530 2361 3800 2457; x_wconf 69' lang='lat' dir='ltr'><strong>divinitas,</strong></span> 
     </span>
    </p>
   </div>
   <div class='ocr_carea' id='block_1_85' title="bbox 2209 2457 3801 2540">
    <p class='ocr_par' dir='ltr' id='par_1_85' title="bbox 2209 2457 3801 2540">
     <span class='ocr_line' id='line_1_85' title="bbox 2209 2457 3801 2540; baseline 0.019 -35"><span class='ocrx_word' id='word_1_765' title='bbox 2209 2468 2313 2506; x_wconf 88' lang='lat' dir='ltr'><strong>una</strong></span> <span class='ocrx_word' id='word_1_766' title='bbox 2364 2457 2718 2527; x_wconf 74' lang='lat' dir='ltr'><strong>comternitas,</strong></span> <span class='ocrx_word' id='word_1_767' title='bbox 2774 2461 3004 2530; x_wconf 82' lang='lat' dir='ltr'><strong>perfecta</strong></span> <span class='ocrx_word' id='word_1_768' title='bbox 3058 2470 3369 2540; x_wconf 63' lang='lat' dir='ltr'><strong>arqualitas,</strong></span> <span class='ocrx_word' id='word_1_769' title='bbox 3425 2473 3801 2534; x_wconf 90' lang='lat' dir='ltr'><strong>dissimilitudo</strong></span> 
     </span>
    </p>
   </div>
   <div class='ocr_carea' id='block_1_86' title="bbox 2209 2543 3794 2626">
    <p class='ocr_par' dir='ltr' id='par_1_86' title="bbox 2209 2543 3794 2626">
     <span class='ocr_line' id='line_1_86' title="bbox 2209 2543 3794 2626; baseline 0.02 -32"><span class='ocrx_word' id='word_1_770' title='bbox 2209 2543 2374 2597; x_wconf 87' lang='lat' dir='ltr'><strong>nulla.</strong></span> <span class='ocrx_word' id='word_1_771' title='bbox 2402 2544 2533 2599; x_wconf 87' lang='lat' dir='ltr'><strong>Nam</strong></span> <span class='ocrx_word' id='word_1_772' title='bbox 2573 2548 2616 2601; x_wconf 89' lang='lat' dir='ltr'><strong>si</strong></span> <span class='ocrx_word' id='word_1_773' title='bbox 2657 2553 3023 2609; x_wconf 90' lang='lat' dir='ltr'><strong>tantummodo</strong></span> <span class='ocrx_word' id='word_1_774' title='bbox 3063 2557 3290 2614; x_wconf 89' lang='lat' dir='ltr'><strong>alterum</strong></span> <span class='ocrx_word' id='word_1_775' title='bbox 3333 2563 3627 2622; x_wconf 90' lang='lat' dir='ltr'><strong>credideris</strong></span> <span class='ocrx_word' id='word_1_776' title='bbox 3669 2583 3794 2626; x_wconf 90' lang='lat' dir='ltr'><strong>esse</strong></span> 
     </span>
    </p>
   </div>
   <div class='ocr_carea' id='block_1_87' title="bbox 2207 2630 3800 2722">
    <p class='ocr_par' dir='ltr' id='par_1_87' title="bbox 2207 2630 3800 2722">
     <span class='ocr_line' id='line_1_87' title="bbox 2207 2630 3800 2722; baseline 0.019 -38"><span class='ocrx_word' id='word_1_777' title='bbox 2207 2630 2498 2703; x_wconf 87' lang='lat' dir='ltr'><strong>Christum,</strong></span> <span class='ocrx_word' id='word_1_778' title='bbox 2523 2651 2630 2691; x_wconf 93' lang='lat' dir='ltr'><strong>non</strong></span> <span class='ocrx_word' id='word_1_779' title='bbox 2657 2653 2776 2693; x_wconf 90' lang='lat' dir='ltr'><strong>cum</strong></span> <span class='ocrx_word' id='word_1_780' title='bbox 2807 2643 2896 2711; x_wconf 92' lang='lat' dir='ltr'><strong>qui</strong></span> <span class='ocrx_word' id='word_1_781' title='bbox 2922 2643 3075 2700; x_wconf 87' lang='lat' dir='ltr'><strong>Pater</strong></span> <span class='ocrx_word' id='word_1_782' title='bbox 3101 2656 3203 2716; x_wconf 88' lang='lat' dir='ltr'><strong>est,</strong></span> <span class='ocrx_word' id='word_1_783' title='bbox 3231 2649 3283 2704; x_wconf 92' lang='lat' dir='ltr'><strong>in</strong></span> <span class='ocrx_word' id='word_1_784' title='bbox 3309 2652 3486 2722; x_wconf 90' lang='lat' dir='ltr'><strong>aliquo</strong></span> <span class='ocrx_word' id='word_1_785' title='bbox 3514 2664 3690 2713; x_wconf 88' lang='lat' dir='ltr'><strong>tamen</strong></span> <span class='ocrx_word' id='word_1_786' title='bbox 3715 2658 3800 2714; x_wconf 85' lang='lat' dir='ltr'><strong>di-</strong></span> 
     </span>
    </p>
   </div>
   <div class='ocr_carea' id='block_1_88' title="bbox 2205 2729 3798 2814">
    <p class='ocr_par' dir='ltr' id='par_1_88' title="bbox 2205 2729 3798 2814">
     <span class='ocr_line' id='line_1_88' title="bbox 2205 2729 3798 2814; baseline 0.022 -41"><span class='ocrx_word' id='word_1_787' title='bbox 2205 2729 2437 2777; x_wconf 89' lang='lat' dir='ltr'><strong>stantem</strong></span> <span class='ocrx_word' id='word_1_788' title='bbox 2475 2729 2768 2784; x_wconf 90' lang='lat' dir='ltr'><strong>secundum</strong></span> <span class='ocrx_word' id='word_1_789' title='bbox 2815 2743 3054 2790; x_wconf 90' lang='lat' dir='ltr'><strong>naturam</strong></span> <span class='ocrx_word' id='word_1_790' title='bbox 3089 2754 3208 2796; x_wconf 89' lang='lat' dir='ltr'><strong>esse</strong></span> <span class='ocrx_word' id='word_1_791' title='bbox 3250 2747 3549 2814; x_wconf 87' lang='lat' dir='ltr'><strong>putaveris;</strong></span> <span class='ocrx_word' id='word_1_792' title='bbox 3596 2764 3625 2803; x_wconf 89' lang='lat' dir='ltr'><strong>a</strong></span> <span class='ocrx_word' id='word_1_793' title='bbox 3656 2749 3798 2807; x_wconf 89' lang='lat' dir='ltr'><strong>Cha-</strong></span> 
     </span>
    </p>
   </div>
   <div class='ocr_carea' id='block_1_89' title="bbox 2204 2813 3798 2909">
    <p class='ocr_par' dir='ltr' id='par_1_89' title="bbox 2204 2813 3798 2909">
     <span class='ocr_line' id='line_1_89' title="bbox 2204 2813 3798 2909; baseline 0.02 -42"><span class='ocrx_word' id='word_1_794' title='bbox 2204 2813 2359 2909; x_wconf 73' lang='lat' dir='ltr'><strong>rybdi</strong></span> <span class='ocrx_word' id='word_1_795' title='bbox 2384 2817 2598 2886; x_wconf 91' lang='lat' dir='ltr'><strong>quidem</strong></span> <span class='ocrx_word' id='word_1_796' title='bbox 2626 2823 2878 2892; x_wconf 88' lang='lat' dir='ltr'><strong>evasisti,</strong></span> <span class='ocrx_word' id='word_1_797' title='bbox 2927 2826 3021 2883; x_wconf 89' lang='lat' dir='ltr'><strong>sed</strong></span> <span class='ocrx_word' id='word_1_798' title='bbox 3051 2829 3102 2884; x_wconf 93' lang='lat' dir='ltr'><strong>in</strong></span> <span class='ocrx_word' id='word_1_799' title='bbox 3133 2830 3368 2903; x_wconf 65' lang='lat' dir='ltr'><strong>Scyllaais</strong></span> <span class='ocrx_word' id='word_1_800' title='bbox 3397 2841 3631 2909; x_wconf 81' lang='lat' dir='ltr'><strong>scapulis</strong></span> <span class='ocrx_word' id='word_1_801' title='bbox 3660 2858 3798 2898; x_wconf 83' lang='lat' dir='ltr'><strong>nau-</strong></span> 
     </span>
    </p>
   </div>
   <div class='ocr_carea' id='block_1_90' title="bbox 2204 2903 3794 2996">
    <p class='ocr_par' dir='ltr' id='par_1_90' title="bbox 2204 2903 3794 2996">
     <span class='ocr_line' id='line_1_90' title="bbox 2204 2903 3794 2996; baseline 0.02 -37"><span class='ocrx_word' id='word_1_802' title='bbox 2204 2903 2442 2976; x_wconf 81' lang='lat' dir='ltr'><strong>fragasti.</strong></span> <span class='ocrx_word' id='word_1_803' title='bbox 2470 2909 2523 2964; x_wconf 91' lang='lat' dir='ltr'><strong>In</strong></span> <span class='ocrx_word' id='word_1_804' title='bbox 2557 2912 2730 2968; x_wconf 89' lang='lat' dir='ltr'><strong>medio</strong></span> <span class='ocrx_word' id='word_1_805' title='bbox 2763 2917 2966 2988; x_wconf 87' lang='lat' dir='ltr'><strong>naviga,</strong></span> <span class='ocrx_word' id='word_1_806' title='bbox 3000 2927 3284 2994; x_wconf 90' lang='lat' dir='ltr'><strong>utrumque</strong></span> <span class='ocrx_word' id='word_1_807' title='bbox 3310 2903 3672 2996; x_wconf 79' lang='lat' dir='ltr'><strong>periculosum</strong></span> <span class='ocrx_word' id='word_1_808' title='bbox 3710 2934 3794 2990; x_wconf 86' lang='lat' dir='ltr'><strong>la-</strong></span> 
     </span>
    </p>
   </div>
   <div class='ocr_carea' id='block_1_91' title="bbox 2205 2999 3792 3084">
    <p class='ocr_par' dir='ltr' id='par_1_91' title="bbox 2205 2999 3792 3084">
     <span class='ocr_line' id='line_1_91' title="bbox 2205 2999 3792 3084; baseline 0.021 -34"><span class='ocrx_word' id='word_1_809' title='bbox 2205 3005 2289 3052; x_wconf 91' lang='lat' dir='ltr'><strong>tus</strong></span> <span class='ocrx_word' id='word_1_810' title='bbox 2329 2999 2493 3054; x_wconf 88' lang='lat' dir='ltr'><strong>evita.</strong></span> <span class='ocrx_word' id='word_1_811' title='bbox 2542 3002 2700 3059; x_wconf 88' lang='lat' dir='ltr'><strong>Pater</strong></span> <span class='ocrx_word' id='word_1_812' title='bbox 2723 3047 2736 3072; x_wconf 93' lang='lat'><strong>,</strong></span> <span class='ocrx_word' id='word_1_813' title='bbox 2769 3005 2926 3064; x_wconf 91' lang='lat' dir='ltr'><strong>Pater</strong></span> <span class='ocrx_word' id='word_1_814' title='bbox 2954 3020 3063 3078; x_wconf 90' lang='lat' dir='ltr'><strong>est;</strong></span> <span class='ocrx_word' id='word_1_815' title='bbox 3095 3014 3260 3072; x_wconf 90' lang='lat' dir='ltr'><strong>Filius</strong></span> <span class='ocrx_word' id='word_1_816' title='bbox 3282 3059 3297 3084; x_wconf 92' lang='lat'><strong>,</strong></span> <span class='ocrx_word' id='word_1_817' title='bbox 3326 3018 3490 3076; x_wconf 91' lang='lat' dir='ltr'><strong>Filius</strong></span> <span class='ocrx_word' id='word_1_818' title='bbox 3527 3034 3631 3078; x_wconf 91' lang='lat' dir='ltr'><strong>est.</strong></span> <span class='ocrx_word' id='word_1_819' title='bbox 3670 3025 3792 3083; x_wconf 84' lang='lat' dir='ltr'><strong>Jam</strong></span> 
     </span>
    </p>
   </div>
   <div class='ocr_carea' id='block_1_92' title="bbox 2201 3089 3794 3188">
    <p class='ocr_par' dir='ltr' id='par_1_92' title="bbox 2201 3089 3794 3188">
     <span class='ocr_line' id='line_1_92' title="bbox 2201 3089 3794 3188; baseline 0.019 -46"><span class='ocrx_word' id='word_1_820' title='bbox 2201 3089 2363 3188; x_wconf 78' lang='lat' dir='ltr'><strong>dicis,</strong></span> <span class='ocrx_word' id='word_1_821' title='bbox 2392 3092 2584 3162; x_wconf 89' lang='lat' dir='ltr'><strong>Pater,</strong></span> <span class='ocrx_word' id='word_1_822' title='bbox 2614 3096 2772 3188; x_wconf 82' lang='lat' dir='ltr'><strong>Pater</strong></span> <span class='ocrx_word' id='word_1_823' title='bbox 2811 3109 2928 3168; x_wconf 91' lang='lat' dir='ltr'><strong>est;</strong></span> <span class='ocrx_word' id='word_1_824' title='bbox 2959 3103 3154 3172; x_wconf 90' lang='lat' dir='ltr'><strong>Filius,</strong></span> <span class='ocrx_word' id='word_1_825' title='bbox 3183 3107 3454 3166; x_wconf 83' lang='lat' dir='ltr'><strong>Filiusest</strong></span> <span class='ocrx_word' id='word_1_826' title='bbox 3489 3132 3501 3167; x_wconf 94' lang='lat'>:</span> <span class='ocrx_word' id='word_1_827' title='bbox 3533 3115 3669 3170; x_wconf 90' lang='lat' dir='ltr'><strong>bene</strong></span> <span class='ocrx_word' id='word_1_828' title='bbox 3698 3133 3794 3188; x_wconf 89' lang='lat' dir='ltr'><strong>pe-</strong></span> 
     </span>
    </p>
   </div>
   <div class='ocr_carea' id='block_1_93' title="bbox 2201 3180 3792 3272">
    <p class='ocr_par' dir='ltr' id='par_1_93' title="bbox 2201 3180 3792 3272">
     <span class='ocr_line' id='line_1_93' title="bbox 2201 3180 3792 3272; baseline 0.02 -39"><span class='ocrx_word' id='word_1_829' title='bbox 2201 3180 2425 3236; x_wconf 89' lang='lat' dir='ltr'><strong>riculum</strong></span> <span class='ocrx_word' id='word_1_830' title='bbox 2475 3185 2806 3244; x_wconf 84' lang='lat' dir='ltr'><strong>absorbentis</strong></span> <span class='ocrx_word' id='word_1_831' title='bbox 2847 3194 3066 3263; x_wconf 88' lang='lat' dir='ltr'><strong>gurgitis</strong></span> <span class='ocrx_word' id='word_1_832' title='bbox 3118 3200 3365 3267; x_wconf 87' lang='lat' dir='ltr'><strong>evasisti;</strong></span> <span class='ocrx_word' id='word_1_833' title='bbox 3413 3204 3540 3272; x_wconf 90' lang='lat' dir='ltr'><strong>quid</strong></span> <span class='ocrx_word' id='word_1_834' title='bbox 3589 3207 3667 3262; x_wconf 80' lang='lat' dir='ltr'><strong>vis</strong></span> <span class='ocrx_word' id='word_1_835' title='bbox 3699 3180 3792 3265; x_wconf 78' lang='lat' dir='ltr'><strong>ire</strong></span> 
     </span>
    </p>
   </div>
   <div class='ocr_carea' id='block_1_94' title="bbox 2199 3270 3790 3365">
    <p class='ocr_par' dir='ltr' id='par_1_94' title="bbox 2199 3270 3790 3365">
     <span class='ocr_line' id='line_1_94' title="bbox 2199 3270 3790 3365; baseline 0.02 -41"><span class='ocrx_word' id='word_1_836' title='bbox 2199 3270 2264 3365; x_wconf 82' lang='lat' dir='ltr'><strong>in</strong></span> <span class='ocrx_word' id='word_1_837' title='bbox 2281 3273 2499 3365; x_wconf 85' lang='lat' dir='ltr'><strong>alteram</strong></span> <span class='ocrx_word' id='word_1_838' title='bbox 2534 3288 2774 3347; x_wconf 87' lang='lat' dir='ltr'><strong>partem,</strong></span> <span class='ocrx_word' id='word_1_839' title='bbox 2804 3293 2860 3337; x_wconf 93' lang='lat' dir='ltr'><strong>ut</strong></span> <span class='ocrx_word' id='word_1_840' title='bbox 2882 3284 3069 3352; x_wconf 88' lang='lat' dir='ltr'><strong>dicas,</strong></span> <span class='ocrx_word' id='word_1_841' title='bbox 3099 3290 3257 3345; x_wconf 82' lang='lat' dir='ltr'><strong>Aliud</strong></span> <span class='ocrx_word' id='word_1_842' title='bbox 3287 3302 3367 3348; x_wconf 85' lang='lat' dir='ltr'><strong>est</strong></span> <span class='ocrx_word' id='word_1_843' title='bbox 3392 3270 3578 3365; x_wconf 77' lang='lat' dir='ltr'><strong>Pater,</strong></span> <span class='ocrx_word' id='word_1_844' title='bbox 3617 3297 3790 3358; x_wconf 86' lang='lat' dir='ltr'><strong>Filius</strong></span> 
     </span>
    </p>
   </div>
   <div class='ocr_carea' id='block_1_95' title="bbox 2197 3363 3787 3449">
    <p class='ocr_par' dir='ltr' id='par_1_95' title="bbox 2197 3363 3787 3449">
     <span class='ocr_line' id='line_1_95' title="bbox 2197 3363 3787 3449; baseline 0.021 -33"><span class='ocrx_word' id='word_1_845' title='bbox 2197 3363 2385 3418; x_wconf 89' lang='lat' dir='ltr'><strong>aliud?</strong></span> <span class='ocrx_word' id='word_1_846' title='bbox 2406 3366 2556 3422; x_wconf 81' lang='lat' dir='ltr'><strong>Alius</strong></span> <span class='ocrx_word' id='word_1_847' title='bbox 2585 3379 2666 3424; x_wconf 87' lang='lat' dir='ltr'><strong>est</strong></span> <span class='ocrx_word' id='word_1_848' title='bbox 2693 3411 2707 3435; x_wconf 91' lang='lat'><strong>,</strong></span> <span class='ocrx_word' id='word_1_849' title='bbox 2739 3384 2884 3430; x_wconf 86' lang='lat' dir='ltr'><strong>recte</strong></span> <span class='ocrx_word' id='word_1_850' title='bbox 2917 3375 3084 3444; x_wconf 91' lang='lat' dir='ltr'><strong>dicis;</strong></span> <span class='ocrx_word' id='word_1_851' title='bbox 3116 3380 3283 3448; x_wconf 89' lang='lat' dir='ltr'><strong>aliud,</strong></span> <span class='ocrx_word' id='word_1_852' title='bbox 3313 3400 3417 3439; x_wconf 92' lang='lat' dir='ltr'><strong>non</strong></span> <span class='ocrx_word' id='word_1_853' title='bbox 3443 3363 3608 3444; x_wconf 83' lang='lat' dir='ltr'><strong>recte.</strong></span> <span class='ocrx_word' id='word_1_854' title='bbox 3635 3392 3787 3449; x_wconf 87' lang='lat' dir='ltr'><strong>Alius</strong></span> 
     </span>
    </p>
   </div>
   <div class='ocr_carea' id='block_1_96' title="bbox 2197 3454 3790 3547">
    <p class='ocr_par' dir='ltr' id='par_1_96' title="bbox 2197 3454 3790 3547">
     <span class='ocr_line' id='line_1_96' title="bbox 2197 3454 3790 3547; baseline 0.02 -39"><span class='ocrx_word' id='word_1_855' title='bbox 2197 3454 2338 3508; x_wconf 90' lang='lat' dir='ltr'><strong>enim</strong></span> <span class='ocrx_word' id='word_1_856' title='bbox 2387 3465 2470 3511; x_wconf 91' lang='lat' dir='ltr'><strong>est</strong></span> <span class='ocrx_word' id='word_1_857' title='bbox 2522 3458 2707 3526; x_wconf 83' lang='lat' dir='ltr'><strong>Filius,</strong></span> <span class='ocrx_word' id='word_1_858' title='bbox 2757 3465 2880 3532; x_wconf 90' lang='lat' dir='ltr'><strong>quia</strong></span> <span class='ocrx_word' id='word_1_859' title='bbox 2929 3483 3034 3522; x_wconf 94' lang='lat' dir='ltr'><strong>non</strong></span> <span class='ocrx_word' id='word_1_860' title='bbox 3080 3479 3162 3525; x_wconf 89' lang='lat' dir='ltr'><strong>est</strong></span> <span class='ocrx_word' id='word_1_861' title='bbox 3211 3473 3326 3542; x_wconf 87' lang='lat' dir='ltr'><strong>ipse</strong></span> <span class='ocrx_word' id='word_1_862' title='bbox 3364 3477 3456 3546; x_wconf 89' lang='lat' dir='ltr'><strong>qui</strong></span> <span class='ocrx_word' id='word_1_863' title='bbox 3492 3478 3682 3547; x_wconf 84' lang='lat' dir='ltr'><strong>Pater;</strong></span> <span class='ocrx_word' id='word_1_864' title='bbox 3731 3492 3790 3540; x_wconf 85' lang='lat' dir='ltr'><strong>et</strong></span> 
     </span>
    </p>
   </div>
   <div class='ocr_carea' id='block_1_97' title="bbox 2194 3546 3784 3632">
    <p class='ocr_par' dir='ltr' id='par_1_97' title="bbox 2194 3546 3784 3632">
     <span class='ocr_line' id='line_1_97' title="bbox 2194 3546 3784 3632; baseline 0.02 -34"><span class='ocrx_word' id='word_1_865' title='bbox 2194 3546 2328 3602; x_wconf 89' lang='lat' dir='ltr'><strong>alius</strong></span> <span class='ocrx_word' id='word_1_866' title='bbox 2375 3547 2569 3615; x_wconf 89' lang='lat' dir='ltr'><strong>Pater,</strong></span> <span class='ocrx_word' id='word_1_867' title='bbox 2623 3554 2744 3622; x_wconf 88' lang='lat' dir='ltr'><strong>quia</strong></span> <span class='ocrx_word' id='word_1_868' title='bbox 2792 3572 2898 3611; x_wconf 90' lang='lat' dir='ltr'><strong>non</strong></span> <span class='ocrx_word' id='word_1_869' title='bbox 2942 3558 3054 3629; x_wconf 89' lang='lat' dir='ltr'><strong>ipse</strong></span> <span class='ocrx_word' id='word_1_870' title='bbox 3093 3564 3181 3632; x_wconf 90' lang='lat' dir='ltr'><strong>qui</strong></span> <span class='ocrx_word' id='word_1_871' title='bbox 3220 3565 3382 3622; x_wconf 83' lang='lat' dir='ltr'><strong>Filius</strong></span> <span class='ocrx_word' id='word_1_872' title='bbox 3414 3586 3428 3622; x_wconf 91' lang='lat'><strong>:</strong></span> <span class='ocrx_word' id='word_1_873' title='bbox 3457 3584 3562 3626; x_wconf 90' lang='lat' dir='ltr'><strong>non</strong></span> <span class='ocrx_word' id='word_1_874' title='bbox 3605 3546 3784 3630; x_wconf 87' lang='lat' dir='ltr'><strong>tamen</strong></span> 
     </span>
    </p>
   </div>
   <div class='ocr_carea' id='block_1_98' title="bbox 2194 3637 3780 3732">
    <p class='ocr_par' dir='ltr' id='par_1_98' title="bbox 2194 3637 3780 3732">
     <span class='ocr_line' id='line_1_98' title="bbox 2194 3637 3780 3732; baseline 0.02 -43"><span class='ocrx_word' id='word_1_875' title='bbox 2194 3637 2357 3732; x_wconf 82' lang='lat' dir='ltr'><strong>aliud,</strong></span> <span class='ocrx_word' id='word_1_876' title='bbox 2390 3640 2482 3694; x_wconf 90' lang='lat' dir='ltr'><strong>sed</strong></span> <span class='ocrx_word' id='word_1_877' title='bbox 2513 3641 2613 3697; x_wconf 89' lang='lat' dir='ltr'><strong>hoc</strong></span> <span class='ocrx_word' id='word_1_878' title='bbox 2644 3644 2811 3713; x_wconf 86' lang='lat' dir='ltr'><strong>ipsum</strong></span> <span class='ocrx_word' id='word_1_879' title='bbox 2843 3658 2924 3704; x_wconf 89' lang='lat' dir='ltr'><strong>est</strong></span> <span class='ocrx_word' id='word_1_880' title='bbox 2948 3660 3002 3706; x_wconf 91' lang='lat' dir='ltr'><strong>et</strong></span> <span class='ocrx_word' id='word_1_881' title='bbox 3026 3652 3184 3709; x_wconf 89' lang='lat' dir='ltr'><strong>Pater</strong></span> <span class='ocrx_word' id='word_1_882' title='bbox 3207 3663 3261 3711; x_wconf 89' lang='lat' dir='ltr'><strong>ct</strong></span> <span class='ocrx_word' id='word_1_883' title='bbox 3290 3657 3479 3716; x_wconf 87' lang='lat' dir='ltr'><strong>Filius.</strong></span> <span class='ocrx_word' id='word_1_884' title='bbox 3511 3661 3648 3727; x_wconf 89' lang='lat' dir='ltr'><strong>Quid</strong></span> <span class='ocrx_word' id='word_1_885' title='bbox 3677 3674 3780 3732; x_wconf 85' lang='lat' dir='ltr'><strong>est,</strong></span> 
     </span>
    </p>
   </div>
   <div class='ocr_carea' id='block_1_99' title="bbox 2193 3726 3784 3819">
    <p class='ocr_par' dir='ltr' id='par_1_99' title="bbox 2193 3726 3784 3819">
     <span class='ocr_line' id='line_1_99' title="bbox 2193 3726 3784 3819; baseline 0.021 -39"><span class='ocrx_word' id='word_1_886' title='bbox 2193 3726 2296 3782; x_wconf 87' lang='lat' dir='ltr'><strong>hoc</strong></span> <span class='ocrx_word' id='word_1_887' title='bbox 2335 3730 2510 3799; x_wconf 91' lang='lat' dir='ltr'><strong>ipsum</strong></span> <span class='ocrx_word' id='word_1_888' title='bbox 2552 3734 2674 3788; x_wconf 83' lang='lat' dir='ltr'><strong>est?</strong></span> <span class='ocrx_word' id='word_1_889' title='bbox 2714 3736 2862 3793; x_wconf 91' lang='lat' dir='ltr'><strong>Unus</strong></span> <span class='ocrx_word' id='word_1_890' title='bbox 2904 3741 3042 3797; x_wconf 90' lang='lat' dir='ltr'><strong>Deus</strong></span> <span class='ocrx_word' id='word_1_891' title='bbox 3083 3754 3184 3800; x_wconf 88' lang='lat' dir='ltr'><strong>est.</strong></span> <span class='ocrx_word' id='word_1_892' title='bbox 3225 3748 3466 3819; x_wconf 85' lang='lat' dir='ltr'><strong>Audisti,</strong></span> <span class='ocrx_word' id='word_1_893' title='bbox 3510 3726 3642 3819; x_wconf 66' lang='lat' dir='ltr'><strong>Quid</strong></span> <span class='ocrx_word' id='word_1_894' title='bbox 3680 3726 3784 3813; x_wconf 72' lang='lat' dir='ltr'><strong>nou</strong></span> 
     </span>
    </p>
   </div>
   <div class='ocr_carea' id='block_1_100' title="bbox 2191 3821 3775 3917">
    <p class='ocr_par' dir='ltr' id='par_1_100' title="bbox 2191 3821 3775 3917">
     <span class='ocr_line' id='line_1_100' title="bbox 2191 3821 3775 3917; baseline 0.023 -48"><span class='ocrx_word' id='word_1_895' title='bbox 2191 3833 2302 3871; x_wconf 88' lang='lat' dir='ltr'><strong>sum</strong></span> <span class='ocrx_word' id='word_1_896' title='bbox 2328 3821 2466 3874; x_wconf 87' lang='lat' dir='ltr'><strong>solus</strong></span> <span class='ocrx_word' id='word_1_897' title='bbox 2485 3865 2499 3888; x_wconf 95' lang='lat'><strong>,</strong></span> <span class='ocrx_word' id='word_1_898' title='bbox 2546 3825 2636 3877; x_wconf 89' lang='lat' dir='ltr'><strong>sed</strong></span> <span class='ocrx_word' id='word_1_899' title='bbox 2661 3843 2752 3896; x_wconf 86' lang='lat' dir='ltr'><strong>ego</strong></span> <span class='ocrx_word' id='word_1_900' title='bbox 2775 3839 2821 3882; x_wconf 93' lang='lat' dir='ltr'><strong>et</strong></span> <span class='ocrx_word' id='word_1_901' title='bbox 2853 3831 2938 3899; x_wconf 88' lang='lat' dir='ltr'><strong>qui</strong></span> <span class='ocrx_word' id='word_1_902' title='bbox 2967 3834 3101 3888; x_wconf 82' lang='lat' dir='ltr'><strong>misit</strong></span> <span class='ocrx_word' id='word_1_903' title='bbox 3129 3853 3208 3890; x_wconf 88' lang='lat' dir='ltr'><strong>me</strong></span> <span class='ocrx_word' id='word_1_904' title='bbox 3233 3837 3427 3907; x_wconf 87' lang='lat' dir='ltr'><strong>Pater;</strong></span> <span class='ocrx_word' id='word_1_905' title='bbox 3473 3845 3597 3899; x_wconf 89' lang='lat' dir='ltr'><strong>audi</strong></span> <span class='ocrx_word' id='word_1_906' title='bbox 3641 3863 3775 3917; x_wconf 86' lang='lat' dir='ltr'><strong>quo-</strong></span> 
     </span>
    </p>
   </div>
   <div class='ocr_carea' id='block_1_101' title="bbox 2191 3911 3781 4006">
    <p class='ocr_par' dir='ltr' id='par_1_101' title="bbox 2191 3911 3781 4006">
     <span class='ocr_line' id='line_1_101' title="bbox 2191 3911 3781 4006; baseline 0.019 -42"><span class='ocrx_word' id='word_1_907' title='bbox 2191 3911 2353 3966; x_wconf 89' lang='lat' dir='ltr'><strong>modo</strong></span> <span class='ocrx_word' id='word_1_908' title='bbox 2400 3915 2587 3971; x_wconf 86' lang='lat' dir='ltr'><strong>credas</strong></span> <span class='ocrx_word' id='word_1_909' title='bbox 2644 3918 2857 3974; x_wconf 91' lang='lat' dir='ltr'><strong>Patrem</strong></span> <span class='ocrx_word' id='word_1_910' title='bbox 2901 3935 2955 3978; x_wconf 91' lang='lat' dir='ltr'><strong>et</strong></span> <span class='ocrx_word' id='word_1_911' title='bbox 3009 3925 3200 3982; x_wconf 87' lang='lat' dir='ltr'><strong>Filium</strong></span> <span class='ocrx_word' id='word_1_912' title='bbox 3228 3971 3243 3994; x_wconf 95' lang='lat'><strong>,</strong></span> <span class='ocrx_word' id='word_1_913' title='bbox 3290 3933 3414 3987; x_wconf 87' lang='lat' dir='ltr'><strong>audi</strong></span> <span class='ocrx_word' id='word_1_914' title='bbox 3466 3911 3781 4006; x_wconf 44' lang='lat' dir='ltr'><strong>ipsum-Fi-</strong></span> 
     </span>
    </p>
   </div>
   <div class='ocr_carea' id='block_1_102' title="bbox 2193 4003 3778 4098">
    <p class='ocr_par' dir='ltr' id='par_1_102' title="bbox 2193 4003 3778 4098">
     <span class='ocr_line' id='line_1_102' title="bbox 2193 4003 3778 4098; baseline 0.019 -42"><span class='ocrx_word' id='word_1_915' title='bbox 2193 4003 2324 4098; x_wconf 78' lang='lat' dir='ltr'><strong>lium</strong></span> <span class='ocrx_word' id='word_1_916' title='bbox 2353 4022 2367 4058; x_wconf 85' lang='lat'><strong>:</strong></span> <span class='ocrx_word' id='word_1_917' title='bbox 2396 4005 2507 4078; x_wconf 89' lang='lat' dir='ltr'><strong>Ego</strong></span> <span class='ocrx_word' id='word_1_918' title='bbox 2535 4016 2582 4062; x_wconf 85' lang='lat' dir='ltr'><strong>et</strong></span> <span class='ocrx_word' id='word_1_919' title='bbox 2620 4008 2779 4064; x_wconf 86' lang='lat' dir='ltr'><strong>Pater</strong></span> <span class='ocrx_word' id='word_1_920' title='bbox 2807 4030 2966 4069; x_wconf 88' lang='lat' dir='ltr'><strong>unum</strong></span> <span class='ocrx_word' id='word_1_921' title='bbox 3005 4034 3176 4073; x_wconf 81' lang='lat' dir='ltr'><strong>smnus</strong></span> <span class='ocrx_word' id='word_1_922' title='bbox 3205 4020 3386 4091; x_wconf 83' lang='lat' dir='ltr'><strong>(Joan.</strong></span> <span class='ocrx_word' id='word_1_923' title='bbox 3411 4040 3448 4080; x_wconf 72' lang='grc' dir='ltr'><strong>ι</strong></span> <span class='ocrx_word' id='word_1_924' title='bbox 3466 4003 3624 4098; x_wconf 45' lang='grc'><strong>,-50).</strong></span> <span class='ocrx_word' id='word_1_925' title='bbox 3660 4029 3778 4087; x_wconf 83' lang='lat' dir='ltr'><strong>Non</strong></span> 
     </span>
    </p>
   </div>
   <div class='ocr_carea' id='block_1_103' title="bbox 2193 4096 3776 4181">
    <p class='ocr_par' dir='ltr' id='par_1_103' title="bbox 2193 4096 3776 4181">
     <span class='ocr_line' id='line_1_103' title="bbox 2193 4096 3776 4181; baseline 0.018 -32"><span class='ocrx_word' id='word_1_926' title='bbox 2193 4096 2362 4164; x_wconf 82' lang='lat' dir='ltr'><strong>dixit,</strong></span> <span class='ocrx_word' id='word_1_927' title='bbox 2394 4099 2552 4156; x_wconf 90' lang='lat' dir='ltr'><strong>Pater</strong></span> <span class='ocrx_word' id='word_1_928' title='bbox 2589 4117 2688 4172; x_wconf 83' lang='lat' dir='ltr'><strong>ego</strong></span> <span class='ocrx_word' id='word_1_929' title='bbox 2713 4119 2860 4171; x_wconf 90' lang='lat' dir='ltr'><strong>sum;</strong></span> <span class='ocrx_word' id='word_1_930' title='bbox 2893 4117 3015 4173; x_wconf 89' lang='lat' dir='ltr'><strong>aut,</strong></span> <span class='ocrx_word' id='word_1_931' title='bbox 3047 4110 3158 4181; x_wconf 86' lang='lat' dir='ltr'><strong>Ego</strong></span> <span class='ocrx_word' id='word_1_932' title='bbox 3182 4123 3236 4168; x_wconf 89' lang='lat' dir='ltr'><strong>et</strong></span> <span class='ocrx_word' id='word_1_933' title='bbox 3262 4115 3420 4171; x_wconf 88' lang='lat' dir='ltr'><strong>Pater</strong></span> <span class='ocrx_word' id='word_1_934' title='bbox 3449 4096 3589 4175; x_wconf 86' lang='lat' dir='ltr'><strong>unus</strong></span> <span class='ocrx_word' id='word_1_935' title='bbox 3607 4129 3690 4176; x_wconf 90' lang='lat' dir='ltr'><strong>est</strong></span> <span class='ocrx_word' id='word_1_936' title='bbox 3717 4123 3734 4154; x_wconf 76' lang='grc'><strong><em>³</em></strong></span> <span class='ocrx_word' id='word_1_937' title='bbox 3759 4140 3776 4178; x_wconf 86' lang='lat'><strong>:</strong></span> 
     </span>
    </p>
   </div>
   <div class='ocr_carea' id='block_1_104' title="bbox 2191 4187 3779 4282">
    <p class='ocr_par' dir='ltr' id='par_1_104' title="bbox 2191 4187 3779 4282">
     <span class='ocr_line' id='line_1_104' title="bbox 2191 4187 3779 4282; baseline 0.018 -42"><span class='ocrx_word' id='word_1_938' title='bbox 2191 4187 2285 4241; x_wconf 86' lang='lat' dir='ltr'><strong>sed</strong></span> <span class='ocrx_word' id='word_1_939' title='bbox 2312 4203 2432 4243; x_wconf 86' lang='lat' dir='ltr'><strong>cum</strong></span> <span class='ocrx_word' id='word_1_940' title='bbox 2459 4190 2617 4259; x_wconf 88' lang='lat' dir='ltr'><strong>dicit,</strong></span> <span class='ocrx_word' id='word_1_941' title='bbox 2647 4193 2758 4264; x_wconf 83' lang='lat' dir='ltr'><strong>Ego</strong></span> <span class='ocrx_word' id='word_1_942' title='bbox 2783 4208 2832 4249; x_wconf 87' lang='lat' dir='ltr'><strong>et</strong></span> <span class='ocrx_word' id='word_1_943' title='bbox 2874 4196 3032 4252; x_wconf 85' lang='lat' dir='ltr'><strong>Pater</strong></span> <span class='ocrx_word' id='word_1_944' title='bbox 3073 4219 3231 4257; x_wconf 85' lang='lat' dir='ltr'><strong>unum</strong></span> <span class='ocrx_word' id='word_1_945' title='bbox 3267 4222 3471 4275; x_wconf 84' lang='lat' dir='ltr'><strong>sumus;</strong></span> <span class='ocrx_word' id='word_1_946' title='bbox 3499 4219 3779 4282; x_wconf 87' lang='lat' dir='ltr'><strong>utrumque</strong></span> 
     </span>
    </p>
   </div>
   <div class='ocr_carea' id='block_1_105' title="bbox 2191 4279 3777 4378">
    <p class='ocr_par' dir='ltr' id='par_1_105' title="bbox 2191 4279 3777 4378">
     <span class='ocr_line' id='line_1_105' title="bbox 2191 4279 3777 4378; baseline 0.02 -47"><span class='ocrx_word' id='word_1_947' title='bbox 2191 4279 2342 4378; x_wconf 65' lang='lat' dir='ltr'><strong>audi,</strong></span> <span class='ocrx_word' id='word_1_948' title='bbox 2364 4291 2423 4378; x_wconf 76' lang='lat' dir='ltr'><strong>et</strong></span> <span class='ocrx_word' id='word_1_949' title='bbox 2461 4299 2645 4378; x_wconf 67' lang='lat' dir='ltr'><strong>unum,</strong></span> <span class='ocrx_word' id='word_1_950' title='bbox 2688 4295 2744 4340; x_wconf 88' lang='lat' dir='ltr'><strong>et</strong></span> <span class='ocrx_word' id='word_1_951' title='bbox 2781 4305 2971 4356; x_wconf 85' lang='lat' dir='ltr'><strong>sumus,</strong></span> <span class='ocrx_word' id='word_1_952' title='bbox 3006 4303 3060 4348; x_wconf 90' lang='lat' dir='ltr'><strong>et</strong></span> <span class='ocrx_word' id='word_1_953' title='bbox 3087 4309 3115 4348; x_wconf 87' lang='lat' dir='ltr'><strong>a</strong></span> <span class='ocrx_word' id='word_1_954' title='bbox 3141 4294 3406 4367; x_wconf 88' lang='lat' dir='ltr'><strong>Charybdi</strong></span> <span class='ocrx_word' id='word_1_955' title='bbox 3445 4309 3568 4378; x_wconf 83' lang='lat' dir='ltr'><strong>et_a</strong></span> <span class='ocrx_word' id='word_1_956' title='bbox 3599 4279 3777 4378; x_wconf 46' lang='lat' dir='ltr'><strong>Sey—lla</strong></span> 
     </span>
    </p>
   </div>
   <div class='ocr_carea' id='block_1_106' title="bbox 2191 4369 3773 4462">
    <p class='ocr_par' dir='ltr' id='par_1_106' title="bbox 2191 4369 3773 4462">
     <span class='ocr_line' id='line_1_106' title="bbox 2191 4369 3773 4462; baseline 0.018 -40"><span class='ocrx_word' id='word_1_957' title='bbox 2191 4369 2522 4427; x_wconf 89' lang='lat' dir='ltr'><strong>liberaberis.</strong></span> <span class='ocrx_word' id='word_1_958' title='bbox 2598 4373 2657 4430; x_wconf 90' lang='lat' dir='ltr'><strong>In</strong></span> <span class='ocrx_word' id='word_1_959' title='bbox 2718 4376 2924 4435; x_wconf 91' lang='lat' dir='ltr'><strong>duobus</strong></span> <span class='ocrx_word' id='word_1_960' title='bbox 2978 4381 3098 4438; x_wconf 90' lang='lat' dir='ltr'><strong>istis</strong></span> <span class='ocrx_word' id='word_1_961' title='bbox 3157 4388 3335 4444; x_wconf 88' lang='lat' dir='ltr'><strong>verbis</strong></span> <span class='ocrx_word' id='word_1_962' title='bbox 3395 4376 3536 4460; x_wconf 81' lang='lat' dir='ltr'><strong>quod</strong></span> <span class='ocrx_word' id='word_1_963' title='bbox 3593 4369 3728 4450; x_wconf 69' lang='lat' dir='ltr'><strong>dixit</strong></span> <span class='ocrx_word' id='word_1_964' title='bbox 3757 4437 3773 4462; x_wconf 95' lang='lat'><strong>,</strong></span> 
     </span>
    </p>
   </div>
   <div class='ocr_carea' id='block_1_107' title="bbox 2192 4462 3778 4549">
    <p class='ocr_par' dir='ltr' id='par_1_107' title="bbox 2192 4462 3778 4549">
     <span class='ocr_line' id='line_1_107' title="bbox 2192 4462 3778 4549; baseline 0.019 -37"><span class='ocrx_word' id='word_1_965' title='bbox 2192 4475 2371 4528; x_wconf 85' lang='lat' dir='ltr'><strong>unum,</strong></span> <span class='ocrx_word' id='word_1_966' title='bbox 2405 4462 2594 4520; x_wconf 89' lang='lat' dir='ltr'><strong>liberat</strong></span> <span class='ocrx_word' id='word_1_967' title='bbox 2622 4475 2674 4522; x_wconf 92' lang='lat' dir='ltr'><strong>te</strong></span> <span class='ocrx_word' id='word_1_968' title='bbox 2698 4468 2768 4524; x_wconf 89' lang='lat' dir='ltr'><strong>ab</strong></span> <span class='ocrx_word' id='word_1_969' title='bbox 2795 4469 2924 4526; x_wconf 80' lang='lat' dir='ltr'><strong>Ario</strong></span> <span class='ocrx_word' id='word_1_970' title='bbox 2957 4490 2970 4525; x_wconf 88' lang='lat'><strong>:</strong></span> <span class='ocrx_word' id='word_1_971' title='bbox 3000 4473 3142 4542; x_wconf 92' lang='lat' dir='ltr'><strong>quod</strong></span> <span class='ocrx_word' id='word_1_972' title='bbox 3170 4476 3324 4545; x_wconf 80' lang='lat' dir='ltr'><strong>dixit,</strong></span> <span class='ocrx_word' id='word_1_973' title='bbox 3354 4496 3555 4549; x_wconf 79' lang='lat' dir='ltr'><strong>sumus,</strong></span> <span class='ocrx_word' id='word_1_974' title='bbox 3588 4485 3778 4542; x_wconf 88' lang='lat' dir='ltr'><strong>liberat</strong></span> 
     </span>
    </p>
   </div>
   <div class='ocr_carea' id='block_1_108' title="bbox 2192 4552 3771 4641">
    <p class='ocr_par' dir='ltr' id='par_1_108' title="bbox 2192 4552 3771 4641">
     <span class='ocr_line' id='line_1_108' title="bbox 2192 4552 3771 4641; baseline 0.018 -36"><span class='ocrx_word' id='word_1_975' title='bbox 2192 4559 2245 4605; x_wconf 89' lang='lat' dir='ltr'><strong>te</strong></span> <span class='ocrx_word' id='word_1_976' title='bbox 2273 4567 2302 4605; x_wconf 92' lang='lat' dir='ltr'><strong>a</strong></span> <span class='ocrx_word' id='word_1_977' title='bbox 2328 4552 2581 4610; x_wconf 81' lang='lat' dir='ltr'><strong>Sabellio.</strong></span> <span class='ocrx_word' id='word_1_978' title='bbox 2614 4557 2668 4614; x_wconf 90' lang='lat' dir='ltr'><strong>Si</strong></span> <span class='ocrx_word' id='word_1_979' title='bbox 2696 4575 2872 4629; x_wconf 86' lang='lat' dir='ltr'><strong>unum,</strong></span> <span class='ocrx_word' id='word_1_980' title='bbox 2896 4577 2999 4617; x_wconf 94' lang='lat' dir='ltr'><strong>non</strong></span> <span class='ocrx_word' id='word_1_981' title='bbox 3025 4579 3151 4636; x_wconf 88' lang='lat' dir='ltr'><strong>ergo</strong></span> <span class='ocrx_word' id='word_1_982' title='bbox 3179 4567 3480 4638; x_wconf 86' lang='lat' dir='ltr'><strong>diversum;</strong></span> <span class='ocrx_word' id='word_1_983' title='bbox 3506 4575 3552 4628; x_wconf 87' lang='lat' dir='ltr'><strong>si</strong></span> <span class='ocrx_word' id='word_1_984' title='bbox 3578 4592 3771 4641; x_wconf 79' lang='lat' dir='ltr'><strong>sumus,</strong></span> 
     </span>
    </p>
   </div>
   <div class='ocr_carea' id='block_1_109' title="bbox 2192 4643 3776 4726">
    <p class='ocr_par' dir='ltr' id='par_1_109' title="bbox 2192 4643 3776 4726">
     <span class='ocr_line' id='line_1_109' title="bbox 2192 4643 3776 4726; baseline 0.018 -32"><span class='ocrx_word' id='word_1_985' title='bbox 2192 4654 2320 4712; x_wconf 86' lang='lat' dir='ltr'><strong>ergo</strong></span> <span class='ocrx_word' id='word_1_986' title='bbox 2349 4652 2402 4697; x_wconf 94' lang='lat' dir='ltr'><strong>et</strong></span> <span class='ocrx_word' id='word_1_987' title='bbox 2424 4643 2584 4700; x_wconf 87' lang='lat' dir='ltr'><strong>Pater</strong></span> <span class='ocrx_word' id='word_1_988' title='bbox 2611 4656 2666 4702; x_wconf 88' lang='lat' dir='ltr'><strong>et</strong></span> <span class='ocrx_word' id='word_1_989' title='bbox 2708 4649 2890 4705; x_wconf 87' lang='lat' dir='ltr'><strong>Filius.</strong></span> <span class='ocrx_word' id='word_1_990' title='bbox 2922 4651 3111 4708; x_wconf 86' lang='lat' dir='ltr'><strong>Sumus</strong></span> <span class='ocrx_word' id='word_1_991' title='bbox 3140 4658 3315 4726; x_wconf 91' lang='lat' dir='ltr'><strong>enim,</strong></span> <span class='ocrx_word' id='word_1_992' title='bbox 3349 4675 3451 4715; x_wconf 90' lang='lat' dir='ltr'><strong>non</strong></span> <span class='ocrx_word' id='word_1_993' title='bbox 3483 4662 3682 4719; x_wconf 90' lang='lat' dir='ltr'><strong>diceret</strong></span> <span class='ocrx_word' id='word_1_994' title='bbox 3706 4665 3776 4722; x_wconf 89' lang='lat' dir='ltr'><strong>de</strong></span> 
     </span>
    </p>
   </div>
   <div class='ocr_carea' id='block_1_110' title="bbox 2194 4734 3777 4824">
    <p class='ocr_par' dir='ltr' id='par_1_110' title="bbox 2194 4734 3777 4824">
     <span class='ocr_line' id='line_1_110' title="bbox 2194 4734 3777 4824; baseline 0.018 -40"><span class='ocrx_word' id='word_1_995' title='bbox 2194 4746 2330 4797; x_wconf 87' lang='lat' dir='ltr'><strong>uno;</strong></span> <span class='ocrx_word' id='word_1_996' title='bbox 2363 4734 2456 4788; x_wconf 91' lang='lat' dir='ltr'><strong>sed</strong></span> <span class='ocrx_word' id='word_1_997' title='bbox 2487 4746 2539 4790; x_wconf 92' lang='lat' dir='ltr'><strong>et</strong></span> <span class='ocrx_word' id='word_1_998' title='bbox 2563 4754 2720 4792; x_wconf 85' lang='lat' dir='ltr'><strong>unum</strong></span> <span class='ocrx_word' id='word_1_999' title='bbox 2750 4756 2854 4795; x_wconf 89' lang='lat' dir='ltr'><strong>non</strong></span> <span class='ocrx_word' id='word_1_1000' title='bbox 2884 4741 3087 4799; x_wconf 91' lang='lat' dir='ltr'><strong>diceret</strong></span> <span class='ocrx_word' id='word_1_1001' title='bbox 3110 4745 3178 4801; x_wconf 90' lang='lat' dir='ltr'><strong>de</strong></span> <span class='ocrx_word' id='word_1_1002' title='bbox 3207 4748 3438 4805; x_wconf 85' lang='lat' dir='ltr'><strong>diverso.</strong></span> <span class='ocrx_word' id='word_1_1003' title='bbox 3473 4753 3610 4824; x_wconf 86' lang='lat' dir='ltr'><strong>Ergo</strong></span> <span class='ocrx_word' id='word_1_1004' title='bbox 3655 4755 3777 4812; x_wconf 91' lang='lat' dir='ltr'><strong>ideo</strong></span> 
     </span>
    </p>
   </div>
   <div class='ocr_carea' id='block_1_111' title="bbox 2192 4827 3772 4914">
    <p class='ocr_par' dir='ltr' id='par_1_111' title="bbox 2192 4827 3772 4914">
     <span class='ocr_line' id='line_1_111' title="bbox 2192 4827 3772 4914; baseline 0.017 -39"><span class='ocrx_word' id='word_1_1005' title='bbox 2192 4837 2363 4876; x_wconf 84' lang='lat' dir='ltr'><strong>verum</strong></span> <span class='ocrx_word' id='word_1_1006' title='bbox 2389 4835 2481 4890; x_wconf 87' lang='lat' dir='ltr'><strong>est,</strong></span> <span class='ocrx_word' id='word_1_1007' title='bbox 2511 4827 2698 4898; x_wconf 86' lang='lat' dir='ltr'><strong>inquit,</strong></span> <span class='ocrx_word' id='word_1_1008' title='bbox 2729 4832 2982 4901; x_wconf 85' lang='lat' dir='ltr'><strong>judicium</strong></span> <span class='ocrx_word' id='word_1_1009' title='bbox 3003 4851 3187 4903; x_wconf 86' lang='lat' dir='ltr'><strong>meum,</strong></span> <span class='ocrx_word' id='word_1_1010' title='bbox 3224 4838 3456 4897; x_wconf 81' lang='lat' dir='ltr'><strong>breviter</strong></span> <span class='ocrx_word' id='word_1_1011' title='bbox 3481 4854 3535 4899; x_wconf 90' lang='lat' dir='ltr'><strong>ut</strong></span> <span class='ocrx_word' id='word_1_1012' title='bbox 3566 4847 3772 4914; x_wconf 88' lang='lat' dir='ltr'><strong>audias,</strong></span> 
     </span>
    </p>
   </div>
   <div class='ocr_carea' id='block_1_112' title="bbox 2191 4916 3772 5008">
    <p class='ocr_par' dir='ltr' id='par_1_112' title="bbox 2191 4916 3772 5008">
     <span class='ocr_line' id='line_1_112' title="bbox 2191 4916 3772 5008; baseline 0.016 -40"><span class='ocrx_word' id='word_1_1013' title='bbox 2191 4916 2314 4985; x_wconf 87' lang='lat' dir='ltr'><strong>quia</strong></span> <span class='ocrx_word' id='word_1_1014' title='bbox 2343 4917 2510 5008; x_wconf 54' lang='lat' dir='ltr'><strong>Pilius</strong></span> <span class='ocrx_word' id='word_1_1015' title='bbox 2538 4921 2631 4976; x_wconf 90' lang='lat' dir='ltr'><strong>Dei</strong></span> <span class='ocrx_word' id='word_1_1016' title='bbox 2658 4937 2797 4977; x_wconf 91' lang='lat' dir='ltr'><strong>sum.</strong></span> <span class='ocrx_word' id='word_1_1017' title='bbox 2835 4924 2938 4980; x_wconf 90' lang='lat' dir='ltr'><strong>Sed</strong></span> <span class='ocrx_word' id='word_1_1018' title='bbox 2965 4927 3043 4982; x_wconf 91' lang='lat' dir='ltr'><strong>sic</strong></span> <span class='ocrx_word' id='word_1_1019' title='bbox 3069 4929 3161 4982; x_wconf 87' lang='lat' dir='ltr'><strong>tibi</strong></span> <span class='ocrx_word' id='word_1_1020' title='bbox 3189 4934 3486 5000; x_wconf 89' lang='lat' dir='ltr'><strong>persuadeo</strong></span> <span class='ocrx_word' id='word_1_1021' title='bbox 3505 4977 3519 5001; x_wconf 90' lang='lat'><strong>,</strong></span> <span class='ocrx_word' id='word_1_1022' title='bbox 3561 4938 3730 5008; x_wconf 89' lang='lat' dir='ltr'><strong>inquit</strong></span> <span class='ocrx_word' id='word_1_1023' title='bbox 3754 4981 3772 5008; x_wconf 92' lang='lat'><strong>,</strong></span> 
     </span>
    </p>
   </div>
   <div class='ocr_carea' id='block_1_113' title="bbox 2191 5007 3775 5092">
    <p class='ocr_par' dir='ltr' id='par_1_113' title="bbox 2191 5007 3775 5092">
     <span class='ocr_line' id='line_1_113' title="bbox 2191 5007 3775 5092; baseline 0.019 -34"><span class='ocrx_word' id='word_1_1024' title='bbox 2191 5007 2312 5076; x_wconf 89' lang='lat' dir='ltr'><strong>quia</strong></span> <span class='ocrx_word' id='word_1_1025' title='bbox 2341 5007 2505 5064; x_wconf 89' lang='lat' dir='ltr'><strong>Filius</strong></span> <span class='ocrx_word' id='word_1_1026' title='bbox 2530 5012 2620 5067; x_wconf 90' lang='lat' dir='ltr'><strong>Dei</strong></span> <span class='ocrx_word' id='word_1_1027' title='bbox 2650 5028 2788 5081; x_wconf 92' lang='lat' dir='ltr'><strong>sum,</strong></span> <span class='ocrx_word' id='word_1_1028' title='bbox 2820 5024 2880 5070; x_wconf 88' lang='lat' dir='ltr'><strong>ut</strong></span> <span class='ocrx_word' id='word_1_1029' title='bbox 2904 5017 3166 5090; x_wconf 89' lang='lat' dir='ltr'><strong>intelligas</strong></span> <span class='ocrx_word' id='word_1_1030' title='bbox 3187 5024 3309 5092; x_wconf 93' lang='lat' dir='ltr'><strong>quia</strong></span> <span class='ocrx_word' id='word_1_1031' title='bbox 3338 5041 3546 5082; x_wconf 90' lang='lat' dir='ltr'><strong>mecum</strong></span> <span class='ocrx_word' id='word_1_1032' title='bbox 3571 5007 3654 5085; x_wconf 86' lang='lat' dir='ltr'><strong>est</strong></span> <span class='ocrx_word' id='word_1_1033' title='bbox 3677 5007 3775 5087; x_wconf 39' lang='lat' dir='ltr'><strong>Pa;</strong></span> 
     </span>
    </p>
   </div>
   <div class='ocr_carea' id='block_1_114' title="bbox 2194 5096 3852 5185">
    <p class='ocr_par' dir='ltr' id='par_1_114' title="bbox 2194 5096 3852 5185">
     <span class='ocr_line' id='line_1_114' title="bbox 2194 5096 3852 5185; baseline 0.017 -36"><span class='ocrx_word' id='word_1_1034' title='bbox 2194 5104 2275 5150; x_wconf 84' lang='lat' dir='ltr'><strong>ter</strong></span> <span class='ocrx_word' id='word_1_1035' title='bbox 2307 5113 2320 5151; x_wconf 88' lang='lat'><strong>:</strong></span> <span class='ocrx_word' id='word_1_1036' title='bbox 2352 5113 2456 5152; x_wconf 92' lang='lat' dir='ltr'><strong>non</strong></span> <span class='ocrx_word' id='word_1_1037' title='bbox 2487 5100 2566 5154; x_wconf 90' lang='lat' dir='ltr'><strong>sic</strong></span> <span class='ocrx_word' id='word_1_1038' title='bbox 2603 5117 2718 5157; x_wconf 92' lang='lat' dir='ltr'><strong>sum</strong></span> <span class='ocrx_word' id='word_1_1039' title='bbox 2755 5104 2923 5160; x_wconf 88' lang='lat' dir='ltr'><strong>Filius</strong></span> <span class='ocrx_word' id='word_1_1040' title='bbox 2961 5117 3018 5162; x_wconf 91' lang='lat' dir='ltr'><strong>ut</strong></span> <span class='ocrx_word' id='word_1_1041' title='bbox 3058 5110 3231 5179; x_wconf 87' lang='lat' dir='ltr'><strong>ipsum</strong></span> <span class='ocrx_word' id='word_1_1042' title='bbox 3276 5114 3638 5185; x_wconf 90' lang='lat' dir='ltr'><strong>deseruerim;</strong></span> <span class='ocrx_word' id='word_1_1043' title='bbox 3668 5137 3776 5176; x_wconf 87' lang='lat' dir='ltr'><strong>non</strong></span> <span class='ocrx_word' id='word_1_1044' title='bbox 3840 5096 3852 5109; x_wconf 56' lang='grc'><em>’</em></span> 
     </span>
    </p>
   </div>
   <div class='ocr_carea' id='block_1_115' title="bbox 2192 5188 3773 5280">
    <p class='ocr_par' dir='ltr' id='par_1_115' title="bbox 2192 5188 3773 5280">
     <span class='ocr_line' id='line_1_115' title="bbox 2192 5188 3773 5280; baseline 0.015 -36"><span class='ocrx_word' id='word_1_1045' title='bbox 2192 5188 2263 5244; x_wconf 89' lang='lat' dir='ltr'><strong>ita</strong></span> <span class='ocrx_word' id='word_1_1046' title='bbox 2293 5189 2379 5244; x_wconf 89' lang='lat' dir='ltr'><strong>hic</strong></span> <span class='ocrx_word' id='word_1_1047' title='bbox 2401 5207 2536 5260; x_wconf 87' lang='lat' dir='ltr'><strong>sum,</strong></span> <span class='ocrx_word' id='word_1_1048' title='bbox 2566 5204 2622 5248; x_wconf 94' lang='lat' dir='ltr'><strong>ut</strong></span> <span class='ocrx_word' id='word_1_1049' title='bbox 2647 5210 2767 5252; x_wconf 94' lang='lat' dir='ltr'><strong>cum</strong></span> <span class='ocrx_word' id='word_1_1050' title='bbox 2793 5197 2910 5267; x_wconf 93' lang='lat' dir='ltr'><strong>ipso</strong></span> <span class='ocrx_word' id='word_1_1051' title='bbox 2936 5215 3042 5256; x_wconf 91' lang='lat' dir='ltr'><strong>non</strong></span> <span class='ocrx_word' id='word_1_1052' title='bbox 3069 5204 3206 5271; x_wconf 90' lang='lat' dir='ltr'><strong>sim;</strong></span> <span class='ocrx_word' id='word_1_1053' title='bbox 3230 5221 3336 5262; x_wconf 89' lang='lat' dir='ltr'><strong>non</strong></span> <span class='ocrx_word' id='word_1_1054' title='bbox 3362 5209 3432 5263; x_wconf 83' lang='lat' dir='ltr'><strong>ita</strong></span> <span class='ocrx_word' id='word_1_1055' title='bbox 3460 5210 3532 5266; x_wconf 92' lang='lat' dir='ltr'><strong>ibi</strong></span> <span class='ocrx_word' id='word_1_1056' title='bbox 3556 5212 3644 5267; x_wconf 90' lang='lat' dir='ltr'><strong>ille</strong></span> <span class='ocrx_word' id='word_1_1057' title='bbox 3667 5221 3773 5280; x_wconf 90' lang='lat' dir='ltr'><strong>est,</strong></span> 
     </span>
    </p>
   </div>
   <div class='ocr_carea' id='block_1_116' title="bbox 2193 5287 3772 5372">
    <p class='ocr_par' dir='ltr' id='par_1_116' title="bbox 2193 5287 3772 5372">
     <span class='ocr_line' id='line_1_116' title="bbox 2193 5287 3772 5372; baseline 0.015 -39"><span class='ocrx_word' id='word_1_1058' title='bbox 2193 5290 2250 5372; x_wconf 82' lang='lat' dir='ltr'><strong>ut</strong></span> <span class='ocrx_word' id='word_1_1059' title='bbox 2278 5297 2486 5338; x_wconf 91' lang='lat' dir='ltr'><strong>mecum</strong></span> <span class='ocrx_word' id='word_1_1060' title='bbox 2513 5301 2616 5340; x_wconf 89' lang='lat' dir='ltr'><strong>non</strong></span> <span class='ocrx_word' id='word_1_1061' title='bbox 2643 5287 2713 5343; x_wconf 87' lang='lat' dir='ltr'><strong>sit</strong></span> <span class='ocrx_word' id='word_1_1062' title='bbox 2740 5305 2753 5342; x_wconf 92' lang='lat'>:</span> <span class='ocrx_word' id='word_1_1063' title='bbox 2784 5288 3008 5347; x_wconf 78' lang='lat' dir='ltr'><strong>formam</strong></span> <span class='ocrx_word' id='word_1_1064' title='bbox 3037 5296 3177 5351; x_wconf 90' lang='lat' dir='ltr'><strong>servi</strong></span> <span class='ocrx_word' id='word_1_1065' title='bbox 3205 5299 3385 5369; x_wconf 90' lang='lat' dir='ltr'><strong>accepi</strong></span> <span class='ocrx_word' id='word_1_1066' title='bbox 3419 5299 3672 5372; x_wconf 82' lang='lat' dir='ltr'><strong>(Philipp.</strong></span> <span class='ocrx_word' id='word_1_1067' title='bbox 3699 5318 3735 5357; x_wconf 90' lang='grc' dir='ltr'><strong>ιι</strong></span> <span class='ocrx_word' id='word_1_1068' title='bbox 3753 5343 3772 5371; x_wconf 91' lang='grc'><em>,</em></span> 
     </span>
    </p>
   </div>
   <div class='ocr_carea' id='block_1_117' title="bbox 2193 5370 3772 5463">
    <p class='ocr_par' dir='ltr' id='par_1_117' title="bbox 2193 5370 3772 5463">
     <span class='ocr_line' id='line_1_117' title="bbox 2193 5370 3772 5463; baseline 0.016 -40"><span class='ocrx_word' id='word_1_1069' title='bbox 2193 5370 2274 5441; x_wconf 84' lang='grc'><strong>7,)</strong></span> <span class='ocrx_word' id='word_1_1070' title='bbox 2317 5372 2408 5427; x_wconf 91' lang='lat' dir='ltr'><strong>sed</strong></span> <span class='ocrx_word' id='word_1_1071' title='bbox 2449 5373 2673 5432; x_wconf 79' lang='lat' dir='ltr'><strong>formam</strong></span> <span class='ocrx_word' id='word_1_1072' title='bbox 2713 5379 2807 5436; x_wconf 89' lang='lat' dir='ltr'><strong>Dei</strong></span> <span class='ocrx_word' id='word_1_1073' title='bbox 2834 5397 2940 5437; x_wconf 91' lang='lat' dir='ltr'><strong>non</strong></span> <span class='ocrx_word' id='word_1_1074' title='bbox 2963 5384 3154 5453; x_wconf 89' lang='lat' dir='ltr'><strong>amisi;</strong></span> <span class='ocrx_word' id='word_1_1075' title='bbox 3186 5385 3343 5443; x_wconf 82' lang='lat' dir='ltr'><strong>Solus</strong></span> <span class='ocrx_word' id='word_1_1076' title='bbox 3366 5404 3494 5460; x_wconf 87' lang='lat' dir='ltr'><strong>ergo</strong></span> <span class='ocrx_word' id='word_1_1077' title='bbox 3517 5432 3534 5459; x_wconf 88' lang='lat'><strong>,</strong></span> <span class='ocrx_word' id='word_1_1078' title='bbox 3563 5370 3772 5463; x_wconf 83' lang='lat' dir='ltr'><strong>inquit,</strong></span> 
     </span>
    </p>
   </div>
   <div class='ocr_carea' id='block_1_118' title="bbox 2233 5526 3769 5602">
    <p class='ocr_par' dir='ltr' id='par_1_118' title="bbox 2233 5526 3769 5602">
     <span class='ocr_line' id='line_1_118' title="bbox 2233 5526 3769 5602; baseline 0.003 -11"><span class='ocrx_word' id='word_1_1079' title='bbox 2233 5526 2603 5602; x_wconf 20' lang='lat' dir='ltr'><strong>,Fdilirtnittm</strong></span> <span class='ocrx_word' id='word_1_1080' title='bbox 2625 5540 2694 5584; x_wconf 85' lang='lat' dir='ltr'><strong>est</strong></span> <span class='ocrx_word' id='word_1_1081' title='bbox 2722 5545 2740 5585; x_wconf 90' lang='lat'><strong><em>:</em></strong></span> <span class='ocrx_word' id='word_1_1082' title='bbox 2764 5536 2993 5602; x_wconf 82' lang='lat' dir='ltr'><strong>et_paulo</strong></span> <span class='ocrx_word' id='word_1_1083' title='bbox 3031 5538 3173 5602; x_wconf 82' lang='lat' dir='ltr'><strong>infra,</strong></span> <span class='ocrx_word' id='word_1_1084' title='bbox 3210 5555 3358 5593; x_wconf 78' lang='lat' dir='ltr'><strong>unum</strong></span> <span class='ocrx_word' id='word_1_1085' title='bbox 3379 5556 3472 5593; x_wconf 81' lang='lat' dir='ltr'><strong>non</strong></span> <span class='ocrx_word' id='word_1_1086' title='bbox 3509 5543 3690 5597; x_wconf 85' lang='lat' dir='ltr'><strong>diceret</strong></span> <span class='ocrx_word' id='word_1_1087' title='bbox 3713 5545 3769 5596; x_wconf 78' lang='lat' dir='ltr'><strong>de</strong></span> 
     </span>
    </p>
   </div>
   <div class='ocr_carea' id='block_1_119' title="bbox 2191 5584 3775 5667">
    <p class='ocr_par' dir='ltr' id='par_1_119' title="bbox 2191 5584 3775 5667">
     <span class='ocr_line' id='line_1_119' title="bbox 2191 5584 3775 5667; baseline 0.015 -31"><span class='ocrx_word' id='word_1_1088' title='bbox 2191 5584 2410 5667; x_wconf 59' lang='lat' dir='ltr'><strong>diuersis.</strong></span> <span class='ocrx_word' id='word_1_1089' title='bbox 2422 5584 2488 5667; x_wconf 45' lang='lat' dir='ltr'><strong>ut</strong></span> <span class='ocrx_word' id='word_1_1090' title='bbox 2509 5599 2614 5644; x_wconf 77' lang='lat' dir='ltr'><strong>Mss.</strong></span> <span class='ocrx_word' id='word_1_1091' title='bbox 2641 5584 2811 5667; x_wconf 64' lang='lat' dir='ltr'><strong>omnes</strong></span> <span class='ocrx_word' id='word_1_1092' title='bbox 2831 5584 3178 5667; x_wconf 41' lang='lat' dir='ltr'><strong>ﬂagitiis};</strong></span> <span class='ocrx_word' id='word_1_1093' title='bbox 3193 5584 3358 5664; x_wconf 60' lang='lat' dir='ltr'><strong>eEzTé&#39;i</strong></span> <span class='ocrx_word' id='word_1_1094' title='bbox 3589 5584 3689 5658; x_wconf 67' lang='lat'><strong>&quot;212&#39;</strong></span> <span class='ocrx_word' id='word_1_1095' title='bbox 3701 5584 3775 5658; x_wconf 59' lang='lat' dir='ltr'><strong>di:</strong></span> 
     </span>
    </p>
   </div>
   <div class='ocr_carea' id='block_1_120' title="bbox 2190 5655 3775 5730">
    <p class='ocr_par' dir='ltr' id='par_1_120' title="bbox 2190 5655 3775 5730">
     <span class='ocr_line' id='line_1_120' title="bbox 2190 5655 3775 5730; baseline 0.014 -34"><span class='ocrx_word' id='word_1_1096' title='bbox 2387 5655 2562 5730; x_wconf 65' lang='lat' dir='ltr'><strong>quibus</strong></span> <span class='ocrx_word' id='word_1_1097' title='bbox 2593 5657 2851 5730; x_wconf 59' lang='lat' dir='ltr'><strong>codicibus</strong></span> <span class='ocrx_word' id='word_1_1098' title='bbox 2870 5661 2917 5710; x_wconf 89' lang='lat' dir='ltr'><strong>id</strong></span> <span class='ocrx_word' id='word_1_1099' title='bbox 2945 5655 3073 5714; x_wconf 78' lang='lat' dir='ltr'><strong>favet</strong></span> <span class='ocrx_word' id='word_1_1100' title='bbox 3095 5667 3222 5730; x_wconf 79' lang='lat' dir='ltr'><strong>quod</strong></span> <span class='ocrx_word' id='word_1_1101' title='bbox 3247 5655 3295 5714; x_wconf 73' lang='lat' dir='ltr'><strong>in</strong></span> <span class='ocrx_word' id='word_1_1102' title='bbox 3316 5655 3492 5718; x_wconf 50' lang='lat' dir='ltr'><strong>mimi</strong></span> <span class='ocrx_word' id='word_1_1103' title='bbox 3510 5655 3589 5730; x_wconf 57' lang='lat'><strong>37&#39;,</strong></span> <span class='ocrx_word' id='word_1_1104' title='bbox 3620 5655 3683 5718; x_wconf 68' lang='lat' dir='ltr'><strong>ii.</strong></span> <span class='ocrx_word' id='word_1_1105' title='bbox 3704 5655 3775 5730; x_wconf 31' lang='lat'><strong>“6,</strong></span> 
     </span>
    </p>
   </div>
   <div class='ocr_carea' id='block_1_121' title="bbox 2190 5708 3772 5834">
    <p class='ocr_par' dir='ltr' id='par_1_121' title="bbox 2190 5708 3772 5834">
     <span class='ocr_line' id='line_1_121' title="bbox 2190 5708 3772 5834; baseline 0.013 -71"><span class='ocrx_word' id='word_1_1106' title='bbox 2190 5708 2372 5834; x_wconf 49' lang='lat' dir='ltr'><strong>aifatu:</strong></span> <span class='ocrx_word' id='word_1_1107' title='bbox 2390 5708 2622 5827; x_wconf 49' lang='grc' dir='ltr'><strong>ἔξω,</strong></span> <span class='ocrx_word' id='word_1_1108' title='bbox 2646 5732 2766 5784; x_wconf 87' lang='lat' dir='ltr'><strong>ergo</strong></span> <span class='ocrx_word' id='word_1_1109' title='bbox 2806 5708 3073 5789; x_wconf 64' lang='lat' dir='ltr'><strong>diversum;</strong></span> <span class='ocrx_word' id='word_1_1110' title='bbox 3098 5708 3222 5790; x_wconf 52' lang='lat' dir='ltr'><strong>quia</strong></span> <span class='ocrx_word' id='word_1_1111' title='bbox 3247 5708 3589 5780; x_wconf 56' lang='lat' dir='ltr'><strong>&#39;Eniiiﬁ&#39;fnad’</strong></span> <span class='ocrx_word' id='word_1_1112' title='bbox 3610 5708 3772 5792; x_wconf 41' lang='lat' dir='ltr'><strong>unus“:</strong></span> 
     </span>
    </p>
   </div>
  </div>
