4118 6474
274 440 277 443 ·
315 409 458 469 1669

277 553 284 558 -
311 544 418 584 non
439 540 578 588 sum,
607 519 698 576 sed
721 532 811 588 ego
834 523 881 570 et
897 512 986 586 qui
1013 511 1148 566 misit
1175 525 1254 564 me
1279 506 1456 562 Pater.

385 624 480 673 w.
510 615 725 669 Dixerat
749 609 816 663 de
839 604 1072 676 iudicio;
1109 601 1175 655 de
1216 595 1520 655 testimonio
1559 594 1672 650 vult
1709 591 1907 647 dicere.

309 717 382 766 In
412 709 566 779 Lege,
595 701 782 772 inquit,
810 707 972 752 vestra
993 693 1234 765 scriptum
1259 699 1330 745 est
1355 688 1475 760 quia
1503 686 1719 740 duorum
1745 682 1911 737 homi-

311 819 438 858 num
465 774 804 853 testimonium
830 803 1002 845 verum
1026 793 1118 842 est.
1152 783 1263 854 Ego
1304 796 1418 835 sum
1444 777 1528 848 qui
1557 777 1620 831 de
1657 793 1736 831 me
1762 774 1909 829 testi-

312 894 544 948 monium
574 885 826 958 perhibeo,
854 891 899 937 et
926 875 1263 934 testimonium
1281 870 1504 944 perhibet
1523 869 1586 924 de
1611 884 1689 922 me
1709 867 1793 938 qui
1822 865 1911 918 mi-

307 987 379 1040 sit
410 997 492 1036 me
519 956 695 1033 Pater.
726 969 987 1043 Exposuit
1015 966 1122 1023 illis
1156 974 1211 1020 et
1244 963 1440 1034 Legem
1462 1001 1479 1028 ,
1511 959 1555 1014 si
1587 956 1775 1027 ingrati
1803 969 1908 1009 non

309 1081 523 1131 essent.
550 1070 737 1139 Magna
766 1063 909 1120 enim
934 1057 1158 1132 quaestio
1183 1062 1286 1121 est,
1314 1052 1509 1108 fratres
1529 1048 1656 1112 mei,
1678 1056 1732 1102 et
1759 1045 1911 1100 valde

312 1167 448 1222 mihi
481 1162 692 1219 videtur
709 1159 761 1214 in
786 1153 1045 1227 mysterio
1068 1165 1155 1206 res
1174 1163 1294 1204 esse
1315 1144 1622 1211 constituta,
1655 1141 1742 1198 ubi
1769 1141 1912 1196 Deus

311 1259 476 1321 dixit.
509 1255 576 1309 In
602 1268 688 1307 ore
711 1250 927 1305 duorum
954 1243 1029 1299 vel
1057 1243 1210 1296 trium
1233 1238 1434 1294 testium
1454 1234 1602 1292 stabit
1626 1248 1770 1288 omne
1798 1246 1910 1285 ver-

305 1351 436 1403 bum
468 1345 646 1418 (Deut.
675 1357 792 1407 ιιι,
816 1339 918 1402 15ς
947 1334 1134 1390 Matth.
1160 1347 1315 1398 xvut,
1346 1327 1456 1399 16).
1486 1327 1693 1383 Veritas
1720 1323 1913 1395 quaeri-

314 1451 405 1497 tur
448 1413 545 1509 per
571 1436 706 1491 duos
733 1428 934 1487 testes?
960 1426 1032 1482 lta
1064 1425 1218 1496 plane
1239 1463 1255 1488 ,
1285 1421 1362 1475 sic
1393 1434 1452 1476 se
1496 1417 1656 1472 habet
1693 1413 1912 1469 humani

311 1502 534 1606 generis
559 1522 886 1583 consuetudo
918 1537 933 1574 :
965 1518 1058 1574 sed
1091 1525 1265 1571 tamen
1298 1511 1413 1567 fieri
1441 1518 1616 1580 potest
1649 1516 1705 1561 ut
1727 1515 1783 1562 et
1805 1502 1912 1560 duo

315 1601 666 1680 mentiantur.
696 1617 940 1673 Susanna
965 1618 1112 1667 casta
1139 1608 1348 1663 duobus
1388 1602 1533 1658 falsis
1564 1601 1788 1656 testibus
1818 1615 1911 1653 ur-

314 1715 548 1786 gebatur
575 1728 586 1764 :
619 1703 877 1776 numquid
921 1702 1043 1774 quia
1073 1699 1179 1754 duo
1206 1704 1393 1760 erant,
1441 1693 1562 1747 ideo
1590 1690 1706 1745 falsi
1750 1697 1913 1743 testes

316 1822 430 1862 non
456 1799 651 1860 erant?
685 1799 759 1852 De
779 1793 988 1851 duobus
1007 1791 1233 1846 dicimus
1257 1795 1348 1840 aut
1375 1784 1442 1840 de
1464 1783 1632 1839 tribus
1650 1782 1673 1835 ?
1703 1780 1910 1836 univer-

315 1915 415 1956 sus
446 1895 674 1968 populus
694 1891 950 1947 mentitus
972 1895 1056 1942 est
1075 1893 1259 1942 contra
1283 1881 1552 1937 Christum
1580 1877 1727 1950 (Luc.
1751 1890 1910 1943 xxtu,

320 1992 400 2063 1).
453 1989 510 2046 Si
556 2001 686 2058 ergo
727 1982 953 2054 populus
999 1985 1250 2035 constans
1294 1988 1360 2029 ex
1403 1985 1593 2041 magna
1636 1968 1912 2024 hominum

317 2059 688 2146 multitudine,
725 2076 889 2131 falsus
914 2072 1064 2128 testis
1089 2070 1334 2124 inventus
1354 2071 1464 2129 est;
1493 2059 1757 2134 quomodo
1777 2059 1914 2114 acci-

319 2174 582 2246 piendum
629 2177 711 2225 est
735 2208 752 2232 ,
791 2165 860 2219 In
897 2179 984 2218 ore
1020 2162 1239 2216 duorum
1270 2156 1344 2211 vel
1370 2155 1521 2209 trium
1543 2152 1740 2206 testium
1766 2150 1914 2205 stabit

315 2281 476 2320 omne
521 2262 722 2317 verbum
752 2274 771 2312 :
798 2256 898 2311 nisi
946 2253 1068 2325 quia
1109 2251 1211 2306 hoc
1259 2246 1416 2302 modo
1461 2259 1556 2315 per
1602 2241 1912 2314 mysterium

319 2357 564 2414 Trinitas
581 2349 948 2410 commendata
964 2355 1068 2411 est,
1088 2344 1145 2398 in
1159 2356 1262 2413 qua
1283 2349 1364 2396 est
1387 2347 1637 2410 perpetua
1655 2334 1915 2390 stabilitas

319 2446 610 2504 veritatis?
643 2443 732 2500 Vis
771 2441 968 2495 habere
1013 2437 1206 2492 bonam
1251 2429 1512 2485 causam?
1548 2426 1752 2482 llabcto
1781 2424 1915 2481 duos

320 2542 411 2597 vel
445 2551 554 2595 tres
592 2545 753 2594 testes
778 2575 792 2600 ,
835 2533 1047 2588 Patrem
1089 2536 1144 2582 et
1175 2524 1369 2580 Filium
1408 2530 1466 2577 et
1503 2520 1758 2590 Spiritum
1787 2531 1915 2572 san-

316 2645 492 2690 ctum.
528 2631 764 2700 Denique
805 2621 1018 2696 quando
1041 2619 1284 2676 Susanna
1308 2623 1456 2671 casta
1482 2611 1681 2668 femina
1709 2608 1915 2664 ﬁdelis-

319 2743 431 2798 que
455 2724 650 2794 coniux
675 2719 885 2776 duobus
905 2714 1052 2770 falsis
1088 2710 1312 2767 testibus
1352 2706 1661 2776 urgebatur,
1682 2701 1917 2756 Trinitas

321 2793 398 2875 iIli
427 2821 480 2872 in
508 2793 834 2872 conscientia
862 2817 1021 2879 atque
1050 2805 1104 2861 in
1133 2803 1342 2859 occulto
1371 2795 1757 2867 sulfragabatur
1785 2811 1798 2846 :
1830 2793 1916 2847 illa

320 2913 563 2968 Trinitas
588 2908 656 2963 de
683 2904 892 2960 occulto
919 2915 1081 2954 unum
1113 2903 1302 2952 testem
1332 2890 1603 2946 Danielem
1629 2886 1916 2951 excitavit,

321 3015 380 3059 et
406 3004 547 3057 duos
569 2996 797 3054 convicit
821 2993 981 3067 (Dan.
1004 3005 1120 3055 xm,
1144 2981 1351 3055 56-62).
1375 2982 1517 3052 Ergo
1545 2979 1667 3050 quia
1697 2978 1750 3032 in
1776 2975 1919 3046 Lege

323 3105 506 3152 vestra
537 3093 792 3160 scriptum
821 3093 937 3148 cst,
973 3082 1199 3137 duorum
1238 3075 1514 3131 hominum
1557 3069 1918 3126 testimonium

323 3202 516 3245 verum
544 3199 699 3249 esse,
732 3178 953 3248 accipite
979 3183 1221 3229 nostrum
1254 3165 1613 3224 testimonium
1640 3203 1655 3227 ,
1703 3177 1770 3216 ne
1798 3176 1922 3217 seu-

319 3283 472 3337 'tiatis
506 3277 786 3349 judicium.
820 3271 931 3342 Ego
957 3269 1097 3324 enim
1120 3307 1134 3328 .
1165 3263 1373 3334 inquit,
1416 3276 1518 3313 non
1534 3257 1715 3329 judico
1743 3271 1922 3329 quent-

318 3345 633 3446 -quam,vsed
657 3365 993 3423 testimonium
1023 3357 1256 3430 perhibeo
1287 3355 1348 3408 de
1377 3368 1455 3407 me
1483 3367 1504 3406 :
1551 3348 1740 3405 differo
1773 3345 1920 3418 iudi-

327 3469 494 3529 cium,
529 3477 636 3516 non
664 3458 854 3514 diﬁ'ero
888 3450 1266 3510 testimonium.

401 3560 492 3613 11.
521 3557 789 3624 Eligamus
815 3547 989 3612 nobis,
1024 3545 1216 3600 fratres
1239 3580 1256 3607 ,
1284 3535 1708 3605 contra-linguas
1737 3529 1921 3587 homi-

323 3667 493 3714 1mm,
551 3656 736 3702 contra
785 3643 1024 3697 infirmas
1070 3633 1403 3705 suspiciones
1445 3627 1659 3700 generis
1705 3623 1924 3679 humani

335 3745 500 3798 Deum
530 3739 785 3810 iudicem,
828 3735 991 3789 Deum
1024 3739 1234 3786 testem.
1269 3725 1388 3780 Non
1431 3723 1574 3778 enim
1613 3718 1928 3788 dedignatur

336 3833 490 3889 testis
519 3807 639 3885 esse
667 3828 757 3898 qui
782 3825 945 3896 iudex
970 3830 1073 3888 est,
1102 3827 1193 3873 aut
1221 3821 1564 3888 promovetur
1591 3825 1712 3866 cum
1749 3808 1808 3862 tit
1843 3807 1930 3876 iu-

335 3926 466 3988 dex;
497 3921 748 3992 quoniam
775 3918 864 3988 qui
903 3915 1054 3970 testis
1079 3921 1200 3976 est,
1233 3910 1345 3978 ipse
1379 3905 1542 3976 iudex
1588 3903 1708 3958 erit.
1753 3899 1929 3968 Quare

338 4016 452 4084 ipse
479 4013 673 4069 testis?
705 4011 837 4078 Quia
884 4023 989 4062 non
1032 4002 1225 4074 quterit.
1259 3999 1420 4055 alium
1465 3995 1606 4050 unde
1645 3995 1930 4063 cognoscat

338 4110 425 4180 qui
447 4110 542 4162 sis.
567 4106 742 4174 Quare
765 4104 876 4172 ipse
897 4095 1099 4170 iudex?
1127 4093 1257 4160 Quia
1288 4093 1401 4160 ipse
1429 4089 1588 4144 habet
1615 4091 1929 4155 potestatem

341 4176 696 4257 mortificandi
725 4205 781 4252 et
804 4190 1100 4248 viviﬁcandi
1126 4229 1140 4254 ,
1168 4183 1454 4242 damnandi
1498 4191 1552 4237 et
1583 4176 1928 4243 absolvendi,

341 4294 394 4346 in
424 4291 700 4363 gehennas
726 4280 1088 4356 praecipitandi
1118 4288 1171 4333 et
1199 4278 1252 4331 in
1276 4276 1441 4331 caelos
1467 4270 1698 4335 levandi,
1723 4267 1933 4324 diabolo

339 4361 701 4453 coniungendi
724 4387 920 4433 etcum
943 4371 1160 4443 Angelis
1177 4365 1485 4424 coronandi.
1509 4363 1640 4418 Cum
1667 4375 1796 4432 ergo
1821 4361 1936 4430 ipse

341 4475 540 4530 habeat
576 4472 712 4526 hanc
754 4473 1070 4539 potestatem
1095 4504 1111 4528 ,
1134 4459 1295 4531 iudex
1331 4465 1431 4512 est.
1457 4453 1592 4521 Quia
1631 4466 1760 4506 vero
1799 4458 1854 4502 ut
1884 4455 1938 4503 te

341 4574 633 4640 cognoscat
662 4577 765 4618 non
795 4559 982 4630 qumrit
1006 4556 1168 4610 alium
1196 4561 1387 4607 testem
1412 4565 1428 4614 ;
1457 4547 1545 4617 qui
1580 4554 1707 4600 tunc
1727 4541 1936 4613 iudica-

349 4635 437 4715 bit
450 4668 524 4724 te,
553 4655 712 4710 modo
736 4652 881 4708 videt
908 4662 960 4703 te
991 4666 1006 4703 :
1037 4662 1141 4700 non
1169 4653 1252 4700 est
1280 4639 1422 4695 unde
1449 4639 1593 4692 illum
1617 4635 1788 4697 fallas,
1816 4645 1938 4685 cum

348 4722 574 4821 ceperit
596 4747 856 4818 iudicare.
883 4741 1000 4797 Non
1023 4737 1164 4794 enim
1187 4733 1406 4789 adhibes
1433 4729 1526 4784 tibi
1553 4728 1757 4796 aliquos
1780 4722 1940 4776 falsos

355 4817 542 4909 testes,
603 4817 692 4911 qui
747 4836 979 4908 iudicem
1037 4831 1185 4886 illum
1249 4824 1460 4896 possint
1516 4817 1938 4883 circumvenire,

352 4931 570 5006 quando
615 4908 667 4986 te
714 4926 936 4998 coeperit
985 4921 1242 4994 iudicare.
1303 4915 1444 4970 Deus
1487 4911 1589 4966 hoc
1639 4909 1733 4964 tibi
1775 4908 1940 4962 dicit:

355 4998 582 5096 Quando
607 5016 1017 5081 contemnebas,
1059 5025 1162 5082 ego
1187 5007 1468 5069 videbam;
1499 5011 1554 5058 et
1587 4998 1800 5071 quando
1837 5012 1943 5052 non

361 5091 984 5185 crede-haslsententiam
1014 5119 1188 5160 meam
1214 5116 1321 5157 non
1350 5096 1668 5154 frustrabam
1696 5111 1710 5148 :
1736 5091 1947 5148 differe-

363 5211 512 5276 bam,
545 5180 660 5262 non.
675 5201 1002 5259 auferebam.
1030 5193 1256 5252 Noluisti
1283 5189 1469 5245 audire
1504 5185 1646 5256 quod
1681 5180 1905 5254 praecepi
1926 5221 1943 5246 ,

360 5271 561 5357 senties
587 5295 729 5368 quod
753 5290 995 5364 praedixi.
1021 5287 1080 5343 Si
1121 5294 1302 5340 autem
1329 5279 1513 5334 audias
1543 5291 1662 5348 quae
1689 5271 1944 5344 praecepi,

366 5407 473 5446 non
515 5364 656 5444 maia
697 5383 898 5442 Senties
923 5394 1044 5452 quae
1071 5374 1290 5450 praedixi
1313 5413 1330 5440 ,
1369 5369 1464 5428 sed
1507 5369 1646 5425 bona
1686 5364 1950 5436 percipies

363 5496 486 5554 quae
510 5477 754 5551 promisi.

440 5544 528 5629 12.
553 5570 634 5628 Ne
659 5570 888 5641 aliquem
931 5576 1061 5620 sane
1085 5565 1297 5616 moveat
1340 5551 1485 5626 quod
1519 5550 1622 5641 ait,
1654 5544 1842 5604 Verum
1877 5553 1952 5601 est

365 5664 617 5736 iudicium
638 5634 841 5726 meum;
864 5656 986 5729 quia
1007 5653 1145 5709 solus
1170 5665 1273 5704 non
1294 5661 1429 5712 sum,
1452 5640 1540 5698 sed
1565 5656 1655 5713 ego
1677 5647 1725 5694 et
1746 5638 1834 5711 qui
1853 5634 1953 5691 mi-
2011 5677 2013 5680 .

371 5729 434 5814 sit
471 5774 552 5813 me
598 5756 788 5819 Pater;
834 5765 958 5807 cum
993 5746 1116 5802 alibi
1160 5741 1379 5807 dixerit,
1429 5735 1586 5791 Pater
1620 5749 1723 5788 non
1751 5729 1955 5803 iudicat

375 5864 705 5921 quemquam,
753 5842 840 5900 sed
864 5856 1010 5899 omne
1039 5835 1285 5906 iudicium
1323 5830 1457 5886 dedit
1498 5824 1635 5883 Filio
1679 5821 1854 5899 (Joan.
1883 5835 1950 5890 ν,

1384 386 1792 447 TRACTATUS
1832 383 2094 441 XXXVII.
2136 382 2536 442 CAPUT‘VIII.

3461 385 3602 442 1670

2017 498 2132 570 22).
2157 499 2271 554 Jam
2299 499 2353 554 in
2381 499 2580 554 eisdem
2609 496 2785 552 verbis
2813 495 3082 568 Evangelii
3109 495 3513 570 disputavimus,
3543 513 3600 557 et

2019 604 2158 644 nunc
2186 589 2533 644 admonemus
2558 630 2573 655 ,
2604 603 2709 643 non
2741 588 2842 643 hoc
2867 587 2988 644 ideo
3016 587 3212 644 dictum
3237 630 3254 659 ,
3289 589 3411 660 quia
3440 591 3603 648 Pater

2017 695 2122 734 non
2153 681 2256 736 erit
2283 696 2402 736 cum
2429 680 2567 736 Filio
2601 679 2903 750 iudicante;
2945 679 3040 735 sed
3083 680 3332 750 quoniam
3359 681 3516 740 bonis
3545 693 3598 741 et

2016 772 2172 826 malis
2198 770 2249 826 in
2275 770 2474 842 iudicio
2509 771 2656 826 solus
2683 771 2851 826 Filius
2879 771 3189 842 apparebit,
3232 772 3287 827 in
3325 786 3388 828 ea
3428 772 3598 830 forma

2017 863 2068 918 in
2096 878 2198 934 qua
2222 877 2407 933 passus
2433 872 2535 930 est,
2559 871 2609 918 et
2635 863 2946 928 resurrexit,
2968 873 3022 919 et
3041 864 3284 920 ascendit
3303 864 3354 920 in
3375 866 3596 922 caelum.

2017 952 2301 1024 Discipulis
2329 955 2522 1024 quippe
2555 962 2678 1008 tunc
2707 955 3157 1025 conspicientibus
3181 955 3557 1012 ascendentem
3577 997 3594 1024 ,

2015 1061 2117 1100 vox
2146 1045 2383 1116 angelica
2409 1045 2606 1110 sonuit,
2641 1045 2729 1100 Sic
2752 1048 2930 1111 veniet,
2958 1047 3376 1117 quemadmodum
3403 1049 3598 1103 vidistis

2016 1155 2129 1193 eum
2158 1148 2356 1194 euntem
2397 1139 2448 1193 in
2482 1137 2663 1192 caelum
2689 1137 2822 1210 (Act.
2849 1154 2903 1202 ι,
2936 1138 3024 1210 11)
3057 1157 3070 1193 :
3103 1139 3156 1194 id
3195 1146 3306 1206 est,
3339 1140 3391 1194 in
3425 1139 3595 1202 forma

2017 1230 2246 1285 hominis
2277 1230 2326 1284 in
2357 1245 2456 1300 qua
2483 1229 2749 1300 iudicatus
2777 1238 2860 1284 cst
2881 1229 3155 1298 iudicabit,
3189 1239 3247 1284 ut
3274 1229 3433 1285 etiam
3464 1229 3596 1285 illud

2018 1322 2383 1392 propheticum
2411 1322 2720 1392 impleatur,
2758 1320 3004 1375 Videbunt
3032 1322 3083 1374 in
3105 1338 3250 1393 quem
3275 1332 3600 1393 pupugeruut

2018 1412 2353 1516 .(Zatflt..Xll,.
2380 1413 2480 1481 IO;
2519 1412 2676 1469 Joan.
2712 1429 2831 1480 xix,
2861 1414 2970 1483 57).
3000 1413 3133 1468 Cum
3177 1429 3305 1469 vero
3347 1414 3596 1470 euntibus

2011 1504 2170 1587 iustis
2209 1505 2262 1559 in
2307 1505 2465 1558 vitam
2493 1514 2745 1559 aeternam
2769 1545 2783 1570 ,
2817 1503 3111 1559 videbimus
3135 1519 3257 1558 eum
3295 1503 3450 1560 sicuti
3479 1514 3592 1570 est;

2016 1611 2122 1651 non
2162 1597 2261 1650 erit
2289 1596 2412 1650 illud
2439 1595 2694 1665 iudicium
2723 1597 2963 1650 vivorum
2993 1604 3048 1652 et
3087 1607 3419 1651 mortuorum
3443 1636 3458 1663 ,
3499 1595 3596 1652 sed

2016 1689 2291 1758 praemium
2319 1688 2682 1742 tantummodo
2703 1687 2968 1742 vivorum.
3529 1736 3534 1740 _

2073 1779 2159 1834 15.
2182 1777 2312 1834 Item
2336 1793 2403 1832 ne
2428 1784 2643 1836 moveat
2667 1776 2803 1846 quod
2826 1775 2918 1842 ait,
2935 1775 3000 1830 In
3021 1775 3153 1847 Lege
3171 1784 3332 1830 vestra
3355 1777 3598 1846 scriptum

2015 1878 2087 1924 est
2115 1869 2234 1940 quia
2274 1868 2490 1922 duorum
2525 1867 2785 1920 hominum
2829 1867 3162 1920 testimonium
3197 1883 3365 1920 verum
3403 1877 3504 1933 est,
3544 1875 3601 1922 et

2018 1961 2137 2016 ideo
2167 1959 2442 2030 quisquam
2466 1958 2734 2014 existimet
2761 1974 2868 2011 non
2900 1957 3063 2013 fuisse
3093 1958 3234 2012 illam
3271 1957 3439 2028 legem
3469 1956 3596 2023 Dei,

2016 2053 2136 2122 quia
2161 2067 2263 2106 non
2286 2051 2480 2107 dictum
2502 2057 2603 2118 est,
2626 2049 2680 2104 In
2704 2050 2818 2121 lege
2840 2049 2933 2104 Dei
2958 2067 2970 2101 ε
2995 2049 3127 2103 sciat
3147 2049 3216 2103 ita
3238 2049 3433 2103 dictum
3455 2063 3596 2115 esse,

2016 2146 2083 2200 In
2112 2143 2245 2216 Lege
2277 2154 2473 2209 vestra,
2507 2152 2756 2213 tanquam
2793 2141 3029 2208 diceret,
3061 2141 3114 2196 in
3145 2141 3284 2212 Lege
3309 2156 3427 2211 qua:
3445 2139 3599 2194 vobis

2016 2245 2100 2293 est
2130 2236 2293 2301 data;
2321 2250 2351 2288 a
2396 2249 2522 2304 quo,
2553 2233 2653 2288 nisi
2689 2249 2720 2288 a
2756 2231 2904 2288 Deo?
2930 2233 3077 2288 Sicut
3110 2231 3367 2300 dicimus,
3405 2229 3600 2283 Panem

2019 2338 2245 2396 nostrum
2270 2325 2619 2395 quotidianum
2645 2339 2665 2380 :
2691 2332 2744 2380 et
2773 2333 2947 2380 tamen
2978 2323 3221 2391 dicimus,
3245 2321 3326 2376 Da
3350 2321 3490 2376 nobis
3510 2322 3602 2375 ho-

2019 2420 2100 2474 die
2123 2417 2348 2494 (Matth.
2364 2433 2434 2486 Vl,
2467 2418 2527 2472 tt
2547 2415 2590 2489 ).

2460 2547 2870 2608 TRACTATUS
2906 2526 3168 2605 xx‘xvu.

2028 2665 2107 2722 Ab
2131 2682 2189 2721 eo
2203 2664 2339 2736 quod
2361 2664 2604 2734 scriptum
2629 2671 2700 2717 est
2719 2705 2732 2727 ,
2767 2661 3024 2716 Dicebant
3049 2673 3196 2730 ergo,
3231 2658 3326 2714 Ubi
3346 2665 3429 2714 est
3455 2664 3608 2727 pater

2093 2758 2258 2814 tuus?
2282 2772 2438 2827 usque
2461 2756 2526 2809 ad
2547 2754 2619 2822 id,
2653 2755 2718 2808 Et
2738 2768 2896 2808 nemo
2923 2750 3272 2822 apprehendit
3304 2764 3447 2813 eum,
3475 2748 3601 2817 quia

2095 2851 2329 2907 nondum
2359 2855 2579 2905 venerat
2604 2847 2733 2902 hora
2758 2845 2892 2916 eius.
2911 2845 3038 2914 Cap.
3065 2859 3176 2908 vin,
3219 2843 3254 2912 ᾖ
3277 2879 3292 2894 .
3324 2840 3412 2907 19,
3439 2839 3530 2895 21).

2097 2971 2149 3024 1.
2179 2966 2330 3037 Quod
2361 2967 2414 3022 iu
2445 2973 2628 3020 sancto
2675 2962 2960 3033 Evangelio
2988 2959 3220 3015 breviter
3247 2957 3471 3022 dicitur,
3501 2971 3609 3011 non

2021 3058 2254 3115 breviter
2281 3065 2490 3128 oportet
2506 3053 2720 3124 exponi,
2755 3060 2810 3105 ut
2829 3049 2968 3120 quod
2997 3048 3226 3112 auditur,
3258 3046 3604 3116 intelIigalur.

2026 3151 2200 3207 Verba
2227 3149 2370 3205 enim
2401 3146 2605 3202 Domini
2633 3159 2820 3215 pauca,
2853 3141 2946 3197 sed
2973 3155 3160 3210 magna
3186 3147 3342 3204 sunt;
3369 3152 3476 3192 non
3507 3153 3610 3191 nu-

2024 3257 2172 3296 mero
2194 3237 2524 3304 mstimanda,
2547 3236 2638 3291 sed
2659 3233 2923 3305 pondere:
2947 3246 3047 3286 nec
3064 3230 3183 3284 ideo
3202 3226 3610 3292 contemnenda,

2026 3335 2145 3406 quia
2177 3348 2342 3406 pauca
2368 3349 2382 3398 ;
2412 3330 2506 3386 sed
2534 3330 2653 3384 ideo
2677 3325 2986 3398 qumrenda,
3016 3324 3136 3394 quia
3160 3338 3367 3393 magna.
3395 3321 3494 3388 Qui
3521 3320 3616 3375 ad-

2027 3426 2203 3481 fuistis
2231 3425 2484 3479 hesterno
2514 3419 2622 3482 die,
2654 3417 2876 3472 audistis
2896 3457 2910 3484 ,
2941 3421 3001 3469 ut
3028 3414 3295 3484 potuimus
3319 3411 3616 3482 diSputavi-

2028 3532 2148 3572 mus
2175 3532 2239 3571 ex
2265 3530 2330 3570 eo
2368 3511 2511 3584 quod
2548 3511 2622 3565 ait
2652 3508 2905 3563 Dominus
2928 3547 2943 3572 ,
2992 3503 3092 3559 Vos
3116 3502 3386 3558 secundum
3415 3517 3618 3555 carnem

2019 3607 2302 3680 judicatis;
2344 3620 2434 3676 ego
2471 3619 2571 3656 non
2591 3599 2771 3672 judico
2792 3613 3113 3670 quemquam.
3161 3594 3268 3649 Sed
3292 3603 3339 3648 et
3376 3595 3421 3647 si
3434 3593 3616 3666 judico

2028 3717 2140 3772 ego,
2159 3699 2410 3772 judicium
2437 3711 2599 3749 meum
2624 3709 2792 3747 verum
2812 3699 2884 3745 est
2905 3708 2924 3756 ;
2952 3690 3070 3760 quia
3096 3685 3233 3741 solus
3253 3702 3353 3739 non
3373 3701 3505 3752 sum,
3528 3684 3619 3739 sed

2029 3809 2121 3864 ego
2148 3800 2192 3846 et
2220 3790 2306 3862 qui
2337 3788 2470 3842 misit
2503 3802 2581 3840 me
2605 3783 2777 3838 Pater.
2812 3781 2877 3836 In
2917 3781 3022 3851 lege
3063 3789 3227 3834 vestra
3263 3779 3505 3847 scriptum
3539 3787 3617 3831 est

2030 3883 2165 3957 quod
2193 3882 2407 3935 duorum
2433 3877 2689 3930 hominum
2709 3873 3041 3929 testimonium
3060 3886 3228 3924 verum
3253 3877 3343 3923 est.
3377 3867 3483 3938 Ego
3507 3884 3619 3920 sum

2033 3979 2118 4045 qui
2143 3973 2477 4029 testimonium
2507 3967 2738 4041 perhibeo
2769 3967 2831 4020 de
2851 3982 2945 4028 me,
2969 3973 3015 4019 et
3037 3963 3369 4017 testimonium
3399 3957 3620 4030 perhibet

2035 4068 2098 4122 de
2134 4084 2213 4120 me
2243 4065 2329 4134 qui
2355 4063 2490 4116 misit
2528 4076 2605 4113 me
2627 4058 2783 4111 Pater
2815 4055 2992 4128 (Joan.
3028 4070 3143 4120 vut,
3180 4049 3397 4123 15-18).
3431 4051 3505 4104 Ex
3537 4048 3620 4103 his

2036 4159 2211 4213 verbis
2238 4157 2507 4218 hesterno,
2542 4159 2600 4205 ut
2626 4149 2754 4216 dixi,
2785 4148 2871 4202 die
2907 4145 3142 4202 redditus
3169 4151 3248 4198 est
3271 4155 3445 4196 sermo
3475 4139 3620 4193 auri~

2037 4255 2136 4309 bus
2162 4260 2215 4306 et
2239 4247 2504 4304 mentibus
2530 4243 2744 4300 vestris.
2775 4241 2901 4294 Haec
2930 4253 3050 4293 cum
3079 4235 3334 4290 Dominus
3360 4232 3619 4294 dixisset;

2038 4344 2114 4400 illi
2139 4341 2232 4413 qui
2259 4339 2556 4401 audierunt,
2593 4334 2693 4388 Vos
2715 4330 2988 4386 secundum
3009 4343 3210 4381 carnem
3222 4324 3484 4397 judicatis,
3512 4337 3624 4377 ma-

2039 4412 2418 4490 nifestavcrunt
2443 4426 2582 4498 quod
2604 4423 2902 4477 audierunt.
2926 4415 3334 4487 Responderunt
3354 4415 3495 4470 enim
3521 4412 3626 4466 Do-

2040 4526 2187 4582 mino
2216 4520 2447 4592 loquenti
2474 4518 2541 4572 de
2567 4503 2674 4570 Deo
2704 4514 2861 4567 Patre
2889 4525 3006 4574 suo,
3039 4518 3092 4563 et
3126 4507 3393 4570 dixerunt,
3431 4502 3528 4560 Ubi
3551 4511 3624 4557 est

2044 4626 2186 4687 pater
2225 4613 2386 4667 tuus?
2442 4609 2648 4663 Patrem
2701 4602 2896 4658 Christi
2944 4598 3227 4655 carnaliter
3269 4602 3620 4666 acceperunt,

2043 4706 2162 4778 quia
2206 4702 2368 4758 verba
2406 4698 2600 4755 Christi
2644 4692 2935 4750 secundum
2977 4704 3192 4744 carnem
3232 4687 3622 4758 iudicaverunt.

2045 4775 2172 4855 Erat
2194 4805 2370 4851 autem
2406 4791 2495 4863 qui
2521 4788 2833 4860 loquebatur
2870 4785 2922 4839 in
2949 4789 3132 4853 aperto
3158 4795 3300 4846 caro,
3335 4779 3387 4833 in
3415 4775 3626 4832 occulto

2049 4893 2281 4949 Verbum
2316 4905 2330 4943 :
2360 4889 2520 4941 homo
2549 4881 2882 4944 manifestus,
2915 4879 3055 4933 Deus
3079 4875 3340 4930 occultus.
3369 4868 3629 4924 Videbant

2048 4987 2443 5044 indumentum,
2471 4985 2528 5034 et
2559 4970 2973 5030 contemnebant
2999 4966 3240 5023 indutum
3274 4981 3288 5017 :
3321 4969 3631 5017 contemne-

2047 5077 2196 5142 bant,
2217 5072 2340 5144 quia
2365 5069 2707 5128 nesciebant;
2737 5060 3062 5126 nesciebant,
3089 5057 3211 5129 quia
3233 5069 3336 5110 non
3357 5049 3626 5112 videbant;

2050 5186 2157 5226 non
2186 5167 2454 5236 videbant,
2485 5161 2608 5232 quia
2638 5157 2764 5214 casei
2792 5163 2980 5219 erant;
3021 5150 3149 5205 επεὶ
3177 5155 3346 5210 erant,
3373 5143 3495 5215 quia
3524 5156 3629 5196 non

2051 5260 2354 5320 credebant.

2121 5352 2177 5407 ‘2.
2203 5349 2488 5404 Videamus
2517 5357 2644 5415 ergo
2673 5349 2726 5396 et
2748 5337 2816 5394 ad
2840 5337 2956 5392 hzec
2986 5331 3238 5390 Dominus
3261 5327 3386 5399 quid
3407 5340 3634 5395 rcSpon-

2055 5444 2211 5501 derit.
2259 5439 2357 5496 Ubi
2385 5447 2476 5502 est,
2504 5432 2766 5504 inquiunt,
2799 5437 2942 5501 pater
2973 5421 3124 5479 tuus?
3151 5419 3459 5476 Audivimus
3492 5417 3636 5472 enim

2058 5543 2108 5590 te
2129 5534 2328 5597 dicere,
2357 5527 2512 5583 Solus
2533 5540 2631 5579 non
2649 5537 2782 5588 sum,
2804 5516 2892 5573 sed
2909 5531 2999 5588 ego
3024 5522 3070 5568 et
3088 5512 3174 5586 qui
3198 5509 3330 5565 misit
3348 5525 3426 5563 me
3447 5504 3602 5561 Pater
3616 5517 3639 5560 :

2057 5644 2155 5684 nos
2182 5626 2353 5682 solum
2381 5632 2431 5678 te
2459 5620 2720 5680 videmus,
2753 5623 2955 5684 patrem
2987 5604 3133 5665 tuum
3162 5614 3337 5664 tecum
3364 5619 3468 5660 non
3497 5600 3642 5656 vide-

2061 5739 2213 5788 mus;
2245 5716 2512 5791 quomodo
2542 5722 2593 5768 te
2619 5709 2755 5766 dicis
2783 5707 2959 5763 solum
2982 5719 3085 5758 non
3112 5716 3254 5770 esse,
3281 5697 3374 5755 sed
3397 5709 3515 5753 cum
3544 5707 3642 5764 pa-

2066 5824 2148 5871 tre
2192 5821 2281 5869 tuo
2322 5812 2477 5869 esse?
2516 5817 2606 5866 aut
2632 5804 2851 5864 ostende
2892 5797 3043 5856 nobis
3078 5804 3255 5853 tecum
3281 5802 3400 5847 esse
3437 5796 3644 5860 patrem
