4118 6490
509 355 638 416 ΙΒἹΙ

507 481 676 527 unum.
721 467 790 522 Et
817 463 1070 518 Dominus
1099 477 1111 514 ε
1139 453 1402 525 Numquid
1429 467 1512 506 me
1544 447 1730 504 videtis
1751 488 1766 511 ,
1795 451 1852 498 ut
1874 443 2084 496 Patrem

506 562 784 616 ostendam
809 553 990 610 vobis?
1026 552 1140 606 Hoc
1164 547 1303 603 enim
1335 542 1571 612 sequitur
1591 580 1604 602 ,
1643 537 1744 591 hoc
1773 534 1882 588 suis
1909 529 2087 586 verbis

508 655 622 724 ipse
657 646 965 720 respondit,
1011 655 1232 714 quorum
1261 636 1544 692 verborum
1574 627 1956 724 expositionem
1989 637 2087 676 nos

509 717 632 803 ante
655 717 1220 814 praimisimusNidete
1249 728 1390 783 enim
1419 723 1544 794 quid
1571 717 1986 814 dixerit,vNeq_ue
2011 729 2090 766 me

509 811 680 904 scitis,
713 849 868 904 neque
891 829 1097 884 Patrem
1123 829 1304 878 meum.
1337 819 1397 875 Si
1440 834 1517 872 me
1551 815 1763 878 sciretis,
1784 811 2014 904 forsitan
2040 815 2089 904 et

511 897 722 987 Patrem
747 897 911 981 meum
929 919 1140 976 sciretis.
1171 913 1352 970 Dicitis
1377 925 1524 980 ergo,
1549 906 1647 962 Ubi
1675 913 1744 960 est
1775 903 1926 956 Pater
1946 897 2091 954 tuus?

509 1022 660 1096 quasi
677 1020 786 1090 iam
813 1031 898 1072 me
915 1012 1126 1076 sciatis;
1156 1007 1304 1078 quasi
1329 1011 1493 1056 totum
1523 999 1628 1096 hoc
1652 996 1750 1096 sint
1777 991 1915 1064 quod
1941 989 2088 1044 vide-

620 1086 761 1181 Ergo
781 1107 902 1178 quia
925 1117 1008 1157 me
1031 1115 1136 1154 non
1161 1096 1347 1160 nostis,
1369 1091 1488 1147 ideo
1513 1087 1662 1143 vobis
1681 1086 1896 1181 Patrem
1913 1093 2090 1181 meum

511 1169 618 1260 non
653 1169 902 1256 esten-do.
941 1194 1020 1248 Me
1047 1191 1240 1260 quippe
1286 1181 1552 1238 hominem
1587 1175 1799 1247 putatis,
1829 1171 1948 1228 ideo
1989 1169 2090 1224 Pa-

514 1303 648 1351 trem
687 1303 863 1346 meum
905 1285 1172 1340 hominem
1201 1276 1435 1348 qua-ritis
1455 1315 1470 1340 ,
1501 1271 1621 1341 quia
1650 1264 1938 1324 secundum
1978 1275 2094 1315 car-

519 1399 642 1440 nem
687 1377 954 1451 iudicatis.
1001 1373 1133 1442 Quia
1183 1383 1311 1422 vero
1365 1363 1656 1420 secundum
1705 1357 1846 1428 quod
1901 1351 2092 1451 videtis

512 1473 652 1530 aliud
687 1443 820 1526 vsum
848 1511 864 1535 ,
909 1475 964 1522 et
1015 1461 1156 1518 aliud
1200 1455 1488 1514 secundum
1529 1450 1668 1520 quod
1709 1463 1814 1502 non
1859 1443 2090 1506 videtis;

511 1567 724 1620 Patrem
783 1567 962 1614 autem
1013 1567 1189 1608 meum
1243 1549 1430 1616 loquor
1483 1541 1718 1596 occultus
1765 1535 2032 1594 occultum
2077 1549 2090 1586 :

515 1656 662 1726 prius
687 1659 773 1708 est
799 1657 858 1704 ut
884 1661 968 1702 me
997 1641 1281 1704 noveritis;
1312 1642 1506 1691 tuncet
1533 1633 1742 1688 Patrem
1759 1641 1933 1683 meum
1951 1625 2094 1679 scie-

511 1747 600 1802 tis.
1767 1809 1782 1815 Δ
1839 1787 1842 1792 .
1865 1807 1876 1815 _
2053 1803 2065 1815 .

583 1836 638 1888 5.
667 1831 728 1888 Si
749 1829 881 1885 enim
907 1843 985 1880 me
1009 1821 1218 1886 sciretis,
1259 1827 1302 1873 et
1337 1815 1538 1870 Patrem
1564 1826 1727 1865 meum
1755 1807 1965 1881 forsitan
1995 1807 2094 1856 sci-

515 1927 656 1980 retis.
689 1923 782 1978 Ille
809 1919 896 1990 qui
926 1915 1103 1972 omnia
1145 1911 1282 1974 scit,
1329 1903 1537 1976 quando
1567 1901 1694 1956 dicit
1721 1897 1952 1990 forsitan,
1989 1907 2096 1948 non

515 2016 738 2080 dubitat,
769 1987 862 2066 sed
901 2008 1157 2074 increpat.
1197 1996 1424 2054 Attende
1451 1993 1592 2049 enim
1629 1987 1897 2060 quomodo
1923 1987 2096 2039 incre-

513 2106 690 2179 pative
717 2103 921 2157 dicatur
945 2098 1116 2166 ipsum
1145 2090 1379 2163 forsitan,
1421 2083 1564 2156 quod
1591 2082 1797 2136 videtur
1825 2091 1944 2132 esse
1973 2089 2098 2179 ver-

515 2163 640 2252 bum
667 2163 1030 2248 dubitationis.
1054 2182 1158 2240 Sed
1184 2175 1524 2235 dubitationis
1549 2171 1766 2228 verbum
1789 2177 1868 2222 est
1889 2163 2099 2236 quando

513 2287 706 2342 dicitur
726 2281 793 2336 ab
819 2277 1050 2342 homine,
1075 2274 1194 2328 ideo
1215 2269 1484 2324 dubitante
1505 2263 1628 2334 quia
1649 2259 1915 2314 nesciente
1941 2273 1954 2310 :
1977 2269 2098 2309 cum

513 2392 641 2433 vero
676 2375 871 2429 dicitur
903 2385 932 2423 a
969 2369 1082 2422 Deo
1109 2363 1328 2420 verbum
1373 2354 1735 2419 dubitationis,
1765 2366 1884 2404 cum
1931 2347 2098 2402 Deum

515 2465 648 2521 nihil
671 2463 851 2532 utique
870 2460 1055 2521 lateat,
1079 2455 1164 2510 illa
1190 2449 1519 2509 dubitatione
1538 2443 1772 2532 arguitur
1795 2437 2098 2532 inﬁdelitas,

519 2573 624 2614 non
653 2528 900 2624 opinatur
945 2546 1215 2604 divinitas.
1249 2540 1504 2596 Ilomines
1539 2529 1680 2592 enim
1709 2533 1778 2588 de
1820 2531 1908 2624 bis
1935 2528 2102 2624 rebus

515 2661 654 2718 quas
680 2622 852 2700 certas
881 2641 1110 2701 habent,
1151 2629 1438 2704 aliquando
1465 2627 1787 2698 increpative
1825 2622 2114 2718 dubitant,-

515 2713 569 2794 εἰ]
595 2747 698 2802 est,
725 2735 944 2790 verbum
990 2727 1334 2786 dubitationis
1373 2727 1598 2794 ponunt,
1629 2731 1748 2774 cum
1793 2713 1953 2769 corde
1994 2726 2098 2765 non

515 2831 758 2886 dubitent
788 2845 802 2881 :
833 2826 978 2880 velut
1003 2823 1048 2878 si
1077 2819 1364 2890 indigneris
1391 2829 1548 2870 servo
1578 2821 1667 2866 tuo
1691 2817 1746 2866 et
1768 2809 1933 2874 dicas,
1959 2805 2099 2860 Con-

515 2920 714 2982 temnis
753 2933 872 2984 me;
905 2912 1212 2976 considera,
1252 2908 1468 2962 forsitan
1513 2903 1758 2959 dominus
1793 2909 1915 2954 tuus
1955 2911 2100 2952 sum.

515 3017 650 3072 Ilinc
677 3022 732 3068 et
757 3009 1042 3082 Apostolus
1067 3003 1132 3060 ad
1162 3001 1418 3073 quosdam
1440 3004 1834 3066 contemptores
1864 3004 1990 3082 suos
2019 2989 2100 3082 lo:

511 3120 682 3178 quens
703 3079 821 3159 aiti
853 3099 984 3154 Puto
1013 3106 1199 3162 autem,
1237 3101 1284 3150 et
1319 3107 1410 3162 ego
1442 3089 1690 3162 Spiritum
1860 3079 2096 3178 Izabeo(I

513 3171 636 3254 bar.
675 3211 772 3260 vn,
801 3189 927 3264 40).
960 3189 1058 3256 Qui
1085 3187 1232 3252 dicit,
1280 3192 1419 3254 puto,
1449 3179 1688 3236 dubitare
1722 3175 1928 3230 videtur
1958 3192 1985 3264 Ξ
1994 3171 2094 3264 sed

515 3287 605 3342 ille
636 3261 962 3354 increpabat,
987 3293 1091 3334 non
1117 3274 1409 3332 dubitabat.
1439 3271 1506 3326 Et
1525 3270 1638 3338 ipse
1664 3265 1919 3320 Dominus
1947 3261 2098 3318 Chri-

513 3387 632 3434 stus
654 3377 758 3432 alio
787 3376 906 3430 loco
936 3373 1216 3440 increpans
1244 3365 1607 3421 inﬁdelitatem
1634 3361 1862 3415 futuram
1884 3355 2095 3427 generis

517 3467 732 3524 humani
757 3484 772 3522 :
795 3466 920 3520 Cum
942 3462 1141 3526 venerit,
1169 3459 1354 3530 inquit,
1386 3455 1550 3510 Filius
1571 3451 1807 3520 hominis,
1831 3460 1996 3522 putas,
2015 3448 2097 3503 in-

514 3561 674 3614 ueniet
699 3557 851 3628 fidem
875 3557 926 3609 in
956 3563 1088 3607 terra
1116 3548 1279 3622 (Luc.
1311 3562 1461 3614 xvnt,
1490 3545 1600 3616 8)?

583 3653 638 3708 4.
667 3650 784 3706 Jam
805 3690 820 3714 ,
865 3654 1117 3718 quantum
1145 3641 1391 3698 existimo
1414 3680 1431 3704 ,
1460 3636 1792 3693 intellexistis
1823 3632 2091 3706 quomodo

512 3743 580 3796 sit
607 3741 834 3812 positum
876 3736 1131 3808 forsitan:
1170 3747 1236 3786 ne
1261 3729 1381 3800 quis
1426 3727 1706 3782 verborum
1734 3739 1998 3796 appensor
2039 3731 2094 3778 et

465 3829 470 3834 “
511 3831 832 3903 syllabarum
862 3823 1217 3890 examinator,
1241 3819 1400 3875 veluti
1431 3819 1592 3872 latine
1619 3817 1760 3886 loqui
1790 3813 1986 3881 sciens,
2017 3829 2095 3868 re-

513 3920 806 3992 prehendat
830 3918 1049 3972 verbum
1079 3913 1220 3986 quod
1245 3911 1376 3968 dixit
1401 3909 1493 3966 Dei
1533 3907 1799 3973 Verbum;
1831 3915 1886 3962 et
1911 3919 2092 3975 repre-

514 4009 794 4068 beudendo
827 4007 918 4064 Dei
947 4007 1202 4071 Verbum,
1235 4019 1338 4058 non
1366 4001 1641 4070 eloquens,
1673 3999 1767 4055 sed
1804 4007 1980 4052 mutus
2003 4012 2094 4051 re-

514 4108 744 4156 maneat.
788 4097 918 4164 Quis
953 4095 1092 4151 enim
1129 4093 1362 4163 loquitur
1406 4091 1511 4156 sic,
1555 4087 1822 4160 quomodo
1863 4087 2098 4157 loquitur

515 4191 747 4246 Verbum
775 4187 913 4260 quod
935 4195 1050 4242 erat
1081 4185 1132 4239 in
1157 4183 1415 4254 principio
1441 4181 1578 4252 apud
1601 4181 1802 4236 Deum?
1828 4179 1945 4234 Noli
1977 4195 2098 4233 ver-

517 4282 582 4336 ba
628 4281 728 4334 ista
769 4275 1140 4342 considerare,
1181 4283 1234 4328 et
1264 4289 1328 4329 ex
1371 4273 1452 4326 his
1493 4271 1669 4326 verbis
1699 4269 1923 4324 assuetis
1967 4269 2096 4322 illud

519 4371 754 4428 Verbum
775 4367 949 4424 metiri
975 4365 1109 4423 velle
1133 4365 1272 4436 quod
1305 4365 1444 4418 Deus
1470 4371 1570 4419 est.
1603 4361 1768 4416 Audis
1797 4362 1936 4415 enim
1962 4359 2095 4415 Ver-

517 4464 647 4520 bum
685 4470 742 4518 et
767 4458 1099 4524 contemnis;
1125 4456 1248 4512 audi
1276 4457 1442 4512 Deum
1470 4463 1525 4509 et
1554 4453 1681 4508 time
1711 4469 1725 4507 :
1753 4451 1821 4505 In
1851 4451 2097 4522 principio

515 4565 623 4610 erat
673 4551 909 4607 Verbum.
948 4549 1029 4606 Tu
1069 4562 1290 4603 revocas
1334 4545 1396 4600 ad
1439 4559 1592 4599 usum
1638 4541 2098 4598 sermocinationis

517 4653 641 4708 tute,
667 4651 719 4698 et
742 4641 873 4696 dicis
893 4639 1030 4710 apud
1058 4649 1129 4702 te,
1151 4636 1288 4708 Quid
1317 4645 1398 4691 est
1424 4634 1678 4690 verbum?
1699 4633 1820 4705 quid
1849 4649 2094 4703 magnum

523 4743 606 4789 est
629 4731 888 4788 verbum?
932 4739 1086 4788 sonat
1119 4738 1172 4783 et
1211 4729 1427 4793 transit;
1455 4725 1734 4781 verberato
1761 4741 1885 4782 aere
1912 4741 2096 4780 aurem

519 4824 766 4896 percutit.
795 4831 980 4894 postea
1024 4836 1129 4876 non
1159 4819 1280 4876 erit.
1315 4818 1450 4872 Audi
1489 4817 1681 4883 adhuc,
1739 4815 1951 4872 Verbum
1991 4825 2100 4870 erat

515 4915 654 4988 apud
677 4915 840 4970 Deum
862 4929 881 4968 :
908 4913 1174 4978 manebat,
1205 4927 1309 4966 non
1338 4911 1576 4966 sonando
1603 4909 1879 4966 transibat.
1911 4911 2100 4966 Adhuc

517 5009 652 5064 forte
695 5005 990 5063 contemnis
1032 5023 1046 5058 :
1097 5005 1229 5058 Deus
1272 5013 1376 5056 erat
1428 5001 1644 5057 Verbum
1688 5001 1875 5073 (Joan.
1917 5017 1968 5069 ι,
2007 5002 2095 5072 I).

517 5099 672 5170 Apud
699 5100 945 5169 teipsum,
966 5111 1000 5152 ο
1024 5095 1204 5163 homo,
1230 5109 1351 5149 cum
1374 5101 1455 5148 est
1481 5093 1531 5147 in
1558 5093 1716 5148 corde
1738 5103 1829 5148 tuo
1853 5093 2094 5160 verbum,

517 5189 659 5247 aliud
683 5198 768 5246 est
790 5205 948 5260 quam
975 5201 1136 5243 sonus
1161 5206 1176 5242 :
1203 5186 1298 5241 sed
1330 5187 1550 5241 verbum
1589 5185 1730 5256 quod
1755 5195 1836 5241 est
1853 5186 1992 5258 apud
2023 5195 2096 5252 te,

521 5291 581 5336 ut
619 5289 854 5338 transeat
890 5279 956 5334 ad
1001 5291 1108 5343 me,
1153 5291 1342 5332 sonum
1370 5276 1520 5346 quasi
1553 5276 1849 5331 vehiculum
1889 5277 2096 5346 quaerit.

519 5371 759 5425 Assumit
777 5385 902 5440 ergo
929 5383 1139 5436 sonum,
1171 5367 1394 5436 imponit
1420 5381 1478 5421 se
1501 5365 1892 5436 quodammodo
1919 5368 1970 5421 in
2004 5383 2098 5424 ve-

527 5463 780 5528 hiculum,
819 5465 1134 5520 transcurrit
1157 5477 1355 5528 aerem,
1382 5461 1524 5516 venit
1547 5461 1614 5516 ad
1644 5475 1749 5528 me,
1775 5475 1874 5517 nec
1901 5461 2103 5516 recedit

526 5569 560 5608 a
587 5562 660 5608 te.
686 5553 860 5609 Sonus
901 5563 1075 5610 autem
1118 5561 1176 5608 ut
1209 5552 1414 5607 veniret
1446 5551 1510 5606 ad
1541 5567 1625 5606 me
1649 5592 1664 5620 ,
1714 5553 1930 5607 recessit
1959 5567 1986 5606 a
2019 5561 2097 5616 te,

525 5660 626 5700 nec
669 5645 899 5714 perstitit
936 5644 1076 5716 apud
1117 5659 1225 5702 me.
1269 5643 1500 5718 Verbum
1543 5658 1668 5715 ergo
1713 5643 1852 5715 quod
1894 5657 2007 5700 erat
2051 5647 2100 5700 in

528 5735 691 5793 corde
711 5743 822 5806 tuo,
841 5735 1094 5808 numquid
1115 5749 1260 5793 sonn-
1274 5744 1624 5794 eraetercunte
1644 5735 1932 5808 praeteriit?
1951 5735 2102 5806 Quod

1443 337 1510 394 IN
1537 330 1811 394 JOANNIS
1845 323 2311 390 EVANGELIUM,
2351 321 2406 377 S.
2451 317 2811 378 AUGUSTINI

3631 319 3772 378 167%

2193 435 2464 506 cogitabas
2492 433 2669 488 dixisti
2693 449 2708 498 ;
2741 443 2793 488 et
2822 439 2879 486 ut
2922 431 2988 486 ad
3017 447 3104 488 me
3141 431 3442 503 perveniret
3469 435 3612 505 quod
3638 437 3780 508 apud

2195 537 2248 583 te
2294 527 2508 594 latebat,
2550 525 2782 597 syllabas
2824 525 3044 580 sonuisti
3078 540 3282 581 :sonus
3305 527 3622 598 syllabarum
3653 546 3782 600 per-

2196 618 2345 672 duxit
2371 616 2436 670 ad
2467 631 2648 671 aurem
2681 631 2853 670 meam
2879 616 3250 685 cogitationem
3273 627 3416 672 tuam
3437 632 3452 683 ;
3473 633 3569 687 per
3595 635 3784 677 aurem

2197 723 2366 764 meam
2391 709 2666 764 descendit
2689 709 2742 764 in
2763 723 2858 763 cor
2879 723 3052 763 meum
3074 711 3319 780 cogitatio
3349 720 3457 779 tua,
3485 727 3647 768 sonus
3673 730 3787 770 me-

2197 799 2724 856 dius‘transvolavit:
2761 799 2980 856 verbum
3015 815 3140 855 vero
3175 802 3298 856 illud
3327 803 3468 872 quod
3497 812 3781 874 assumpsit

2197 905 2410 958 sonum,
2433 900 2712 961 antequam
2735 905 2974 955 sanares,
2999 899 3112 945 erat
3131 891 3268 962 apud
3290 901 3368 954 te;
3391 897 3514 963 quia
3535 896 3780 962 sonuisti,

2202 992 2285 1038 est
2309 983 2446 1054 apud
2487 999 2593 1047 me,
2621 993 2674 1038 et
2703 997 2808 1038 non
2835 983 3054 1038 recessit
3081 997 3112 1038 a
3138 991 3208 1038 te.
3241 985 3350 1042 Iloc
3380 985 3611 1052 attende,
3633 991 3780 1056 quis-

2197 1073 2316 1144 quis
2341 1089 2400 1129 es
2425 1075 2755 1129 examinator
2777 1088 3050 1129 sonorum.
3075 1073 3306 1130 Verbum
3339 1077 3433 1132 Dei
3461 1082 3782 1146 contemnis,

2198 1165 2288 1233 qui
2317 1165 2535 1220 verbum
2579 1164 2810 1218 hominis
2835 1179 2939 1218 non
2983 1165 3420 1234 comprehendis!

2271 1254 2326 1309 5.
2361 1253 2470 1310 Scit
2495 1269 2621 1324 ergo
2657 1254 2833 1308 omnia
2865 1271 2962 1325 per
2984 1271 3142 1325 quem
3184 1255 3320 1312 facta
3349 1266 3472 1312 sunt
3503 1260 3702 1328 omnia,
3733 1267 3790 1316 et

2201 1352 2378 1399 tamen
2417 1343 2710 1400 dubitando
2749 1347 2985 1415 increpat
3015 1365 3029 1398 :
3060 1346 3122 1402 Si
3148 1364 3227 1402 me
3261 1349 3473 1416 sciretis,
3505 1352 3716 1420 forsitan
3741 1361 3790 1406 et

2203 1433 2410 1488 Patrem
2451 1451 2616 1488 meum
2644 1437 2856 1490 sciretis.
2899 1435 3142 1506 Increpat
3179 1436 3440 1492 inﬁdeles.
3467 1439 3598 1494 Nam
3627 1441 3788 1496 talem

2206 1527 2527 1581 sententiam
2564 1527 2696 1581 dixit
2739 1527 3013 1596 discipulis
3046 1547 3059 1582 :
3088 1528 3182 1584 sed
3213 1529 3282 1584 ibi
3319 1545 3424 1584 non
3453 1539 3537 1585 est
3563 1533 3786 1588 verbum

2200 1618 2568 1686 dubitationis,
2602 1619 2724 1688 quia
2757 1634 2862 1672 non
2893 1618 2991 1673 fuit
3017 1633 3174 1674 causa
3202 1621 3536 1692 increpandte
3559 1624 3789 1678 inﬁdeli-

2201 1714 2355 1777 tatis,
2395 1710 2525 1765 Nam
2567 1712 2707 1782 quod
2735 1711 2894 1766 modo
2931 1711 3064 1766 dixit
3091 1711 3320 1780 Judmis,
3351 1715 3415 1769 Si
3439 1733 3518 1769 me
3555 1718 3747 1770 sciretis
3770 1758 3788 1783 ,

2200 1802 2414 1872 forsitan
2450 1813 2496 1857 et
2529 1803 2737 1858 Patrem
2767 1821 2934 1858 meum
2969 1806 3161 1862 sciretis
3195 1822 3214 1860 :
3243 1807 3374 1861 dixit
3411 1817 3464 1862 et
3505 1808 3781 1878 discipulis

2203 1893 2414 1963 quando
2439 1909 2558 1948 eum
2587 1894 2862 1964 Philippus
2889 1896 3250 1966 interrogavit,
3291 1897 3400 1952 imo
3425 1899 3704 1967 postulavit
3737 1910 3794 1956 et

2201 1987 2308 2051 ait,
2337 1985 2570 2052 Domine,
2607 1986 2814 2046 ostende
2849 1987 2988 2040 nobis
3034 1986 3258 2054 Patrem,
3307 1999 3356 2042 et
3389 1991 3568 2060 sufficit
3607 1993 3788 2046 nobis:

2201 2077 2582 2146 quasidiceret,
2605 2079 2670 2133 Et
2693 2078 2791 2147 ipsi
2815 2087 2864 2133 te
2879 2079 2986 2148 jam
3010 2081 3272 2146 novimus,
3296 2082 3584 2151 apparuisti
3607 2083 3788 2150 nobis,

2202 2169 2433 2224 vidimus
2465 2177 2536 2238 te,
2567 2171 2812 2242 dignatus
2837 2185 2897 2226 es
2923 2172 3121 2242 eligere
3147 2185 3274 2238 nos,
3306 2173 3680 2228 secuti'snmus
3703 2185 3788 2242 te,

2205 2262 2470 2317 mirabilia
2501 2273 2586 2317 tua
2615 2263 2868 2332 vidimus,
2899 2265 3058 2320 verba
3085 2265 3270 2320 salutis
3305 2267 3621 2334 audivimus,
3647 2283 3792 2338 prm-

2206 2363 2356 2425 cepta
2384 2356 2733 2422 suscepimus,
2770 2356 3028 2426 promissa
3054 2371 3365 2426 speramus;
3397 2359 3618 2414 multum
3639 2360 3794 2414 nobis

2205 2445 2450 2502 conferre
2479 2447 2761 2517 prmsentia
2805 2457 2892 2502 tua
2931 2448 3044 2518 ipse
3071 2447 3318 2520 dignatus
3359 2464 3418 2504 es
3449 2467 3462 2505 :
3493 2451 3585 2505 sed
3616 2460 3795 2505 tamen

2207 2551 2327 2592 cum
2351 2547 2401 2593 te
2431 2539 2756 2606 noverimus,
2781 2540 2902 2610 quia
2925 2540 3137 2596 Patrem
3163 2541 3394 2597 nondum
3423 2543 3684 2606 novimus,
3715 2544 3797 2596 in-

2208 2627 2542 2684 ﬁammamur
2567 2629 2833 2686 desiderio
2855 2631 2997 2686 illius
3019 2631 3232 2686 videndi
3257 2647 3412 2702 quem
3445 2633 3677 2688 nondum
3699 2649 3796 2688 no-

2207 2720 2379 2775 vimus
2406 2738 2420 2774 :
2449 2735 2511 2776 ac
2548 2736 2642 2791 per
2685 2721 2784 2777 hoc
2811 2721 2932 2791 quia
2976 2730 3027 2778 te
3066 2724 3330 2792 novimus,
3361 2723 3456 2778 sed
3496 2739 3602 2778 non
3641 2724 3798 2779 nobis

2209 2811 2426 2879 sufﬁcit,
2445 2811 2616 2866 donec
2653 2820 2708 2868 et
2749 2812 2960 2867 Patrem
3002 2815 3342 2880 noverimus;
3379 2814 3600 2870 ostende
3643 2815 3798 2870 nobis

2207 2901 2442 2968 Patrem,
2473 2909 2527 2956 et
2557 2900 2749 2956 sufﬁcit
2779 2901 2950 2956 nobis.
2992 2903 3056 2957 Et
3080 2903 3336 2958 Dominus
3375 2913 3430 2958 ut
3455 2905 3654 2960 scirent
3689 2919 3796 2959 non

2207 3008 2268 3052 se
2296 3009 2452 3050 nosse
2489 2994 2629 3065 quod
2657 3009 2716 3050 se
2747 2994 3000 3064 putabant
3021 2995 3131 3065 jam
3159 3011 3318 3051 nosse
3343 3015 3357 3052 :
3387 2996 3547 3051 Tanto
3577 3008 3798 3068 (carpare

2205 3088 2454 3141 vobiscum
2469 3103 2600 3154 sum,
2619 3095 2666 3140 et
2685 3103 2764 3141 me
2787 3087 3027 3142 nescitis?
3052 3087 3315 3158 Philippe,
3337 3089 3422 3157 qui
3451 3105 3532 3143 me
3549 3089 3691 3154 vidit,
3717 3089 3796 3142 ni-

2203 3177 2278 3232 dit
2295 3189 2342 3232 et
2367 3177 2574 3232 Patrem
2591 3178 2768 3250 (Joan.
2793 3195 2904 3245 xlv,
2927 3181 2980 3247 8,
2995 3179 3072 3252 9).
3093 3179 3356 3251 Numquid
3374 3181 3532 3236 habet
3549 3182 3648 3236 ista
3673 3194 3796 3236 sen-

2207 3269 2366 3326 tentia
2408 3271 2628 3326 verbum
2669 3269 3050 3326 dubitationis?
3079 3272 3334 3343 numquid
3359 3273 3520 3337 dixit,
3569 3273 3670 3341 Qui
3709 3287 3800 3329 me

2205 3361 2364 3428 vidit,
2415 3361 2638 3416 forsitan
2687 3361 2818 3416 vidit
2844 3370 2900 3416 et
2921 3361 3184 3418 'Patrem?
3211 3363 3422 3432 Quare?
3453 3363 3584 3432 Quia
3625 3363 3798 3420 fulclis

2202 3451 2476 3514 audiebat,
2519 3467 2624 3506 non
2655 3451 2778 3508 ﬁdei
2821 3463 3131 3522 persecutor
3156 3471 3168 3504 :
3197 3455 3316 3510 ideo
3347 3471 3450 3510 non
3475 3465 3588 3510 erat
3613 3455 3798 3510 Domi-

2203 3559 2304 3600 nus
2330 3545 2650 3614 increpator,
2683 3543 2778 3598 sed
2817 3544 3026 3600 doctor.
3061 3545 3160 3611 Qui
3185 3562 3264 3599 me
3286 3546 3430 3612 cidit,
3471 3545 3592 3604 vidit
3613 3556 3658 3601 et
3691 3546 3798 3600 Pa—

2203 3645 2368 3701 trem;
2391 3645 2442 3691 et
2475 3636 2584 3704 hic,
2615 3635 2676 3690 Si
2701 3652 2779 3690 me
2809 3636 3035 3704 sciretis,
3058 3647 3104 3690 et
3130 3635 3338 3691 Patrem
3375 3655 3534 3692 meum
3559 3640 3750 3694 sciretis
3777 3656 3798 3694 :

2203 3729 2450 3784 tollamus
2471 3728 2696 3784 verbum
2717 3743 2824 3799 quo
2843 3737 3021 3785 notata
3042 3739 3124 3785 est
3141 3729 3424 3788 inﬁdelitas
3443 3732 3794 3799 audientium,

2201 3827 2258 3876 et
2292 3821 2405 3890 ipsa
2429 3821 2690 3875 sententia
2713 3827 2812 3875 est.

2273 3911 2328 3967 6.
2354 3912 2470 3966 Jam
2497 3912 2750 3968 hesterno
2785 3911 2874 3968 die
2897 3911 3384 3968 commendavimus
3417 3913 3670 3968 Charitati
3701 3929 3796 3970 ve-

2201 4015 2348 4072 strm,
2376 4015 2431 4060 et
2463 4004 2694 4060 diximus
2723 4005 3018 4059 sententias
3041 4003 3261 4060 Joannis
3283 4005 3643 4076 evangelista;
3672 4005 3794 4075 qui—

2203 4095 2302 4152 bus
2342 4095 2497 4150 nobis
2537 4105 2720 4150 narrat
2745 4095 2890 4166 quod
2917 4110 2948 4150 a
2987 4095 3211 4152 Domino
3237 4096 3454 4164 didicit,
3495 4111 3596 4152 nec
3619 4098 3799 4152 discu-

2205 4187 2412 4242 tiendas
2435 4187 2598 4243 fuisse
2627 4186 2671 4241 si
2709 4186 2820 4241 ﬁeri
2859 4197 3075 4256 posset,
3104 4187 3204 4242 nisi
3237 4187 3614 4244 luereticorum
3643 4203 3798 4242 cont—

2205 4287 2385 4334 menta
2432 4279 2836 4350 compellerent.
2901 4279 3150 4334 Breviter
3193 4295 3320 4350 ergo
3375 4279 3626 4336 hesterno
3673 4279 3792 4346 die,

2206 4369 2593 4424 insinuavimus
2637 4369 2898 4424 Charitati
2941 4378 3170 4436 vestrae,
3219 4385 3340 4426 esse
3385 4369 3664 4426 haereticos
3705 4371 3794 4440 qui

2205 4471 2462 4514 vocantur
2493 4459 2893 4530 Patripassiani,
2923 4461 3006 4516 vel
3034 4475 3066 4514 a
3093 4473 3193 4516 suo
3211 4471 3430 4515 auctore
3464 4459 3750 4516 Sabelliani
3779 4481 3794 4514 :

2206 4551 2260 4606 bi
2290 4551 2474 4607 dicunt
2516 4552 2690 4620 ipsum
2719 4566 2838 4608 esse
2863 4551 3074 4606 Patrem
3109 4552 3200 4622 qui
3237 4560 3317 4606 est
3343 4551 3544 4618 Filius;
3579 4553 3796 4607 nomina

2207 4644 2442 4711 diversa,
2478 4659 2636 4698 unam
2667 4659 2796 4699 vero
2819 4659 2940 4700 esse
2977 4659 3280 4714 personam.
3312 4646 3446 4701 Cum
3469 4645 3604 4710 vult,
3637 4646 3798 4702 Pater

2203 4743 2325 4801 est,
2369 4735 2648 4804 inquiunt;
2679 4749 2800 4790 eum
2840 4735 2990 4800 vult,
3037 4735 3250 4791 Filius:
3293 4746 3468 4794 tamen
3513 4751 3648 4792 unus
3691 4746 3792 4794 est.

2175 4859 2178 4862 ι
2205 4825 2334 4879 Item
2365 4834 2488 4879 sunt
2517 4825 2608 4880 alii
2637 4825 2874 4881 bteretici
2900 4826 2988 4895 qui
3011 4835 3266 4882 vocantur
3293 4827 3494 4882 Ariani.
3523 4825 3798 4884 Conﬁten~

2211 4925 2296 4970 tur
2339 4915 2552 4986 quidem
2583 4917 2796 4971 unicum
2823 4917 2996 4972 Patris
3023 4917 3214 4974 Filium
3247 4917 3525 4972 Dominum
3552 4927 3794 4974 nostrum

2206 5005 2385 5061 Iesum
2407 5004 2703 5073 Christum,
2734 5007 2878 5061 illum
2901 5006 3109 5062 Patrem
3137 5008 3278 5075 Filii,
3301 5009 3458 5064 istum
3479 5009 3672 5076 Filium
3699 5011 3798 5064 I’a-

2207 5097 2332 5161 tris;
2365 5109 2488 5149 eum
2515 5097 2604 5165 qui
2631 5097 2788 5151 Pater
2811 5107 2895 5152 est
2923 5111 3024 5152 non
3053 5113 3174 5154 esse
3199 5097 3414 5165 Filium,
3439 5113 3560 5154 eum
3593 5101 3683 5170 qui
3711 5101 3800 5155 Fi-

2206 5185 2310 5240 lius
2335 5194 2420 5240 est
2445 5201 2550 5240 non
2588 5201 2710 5241 esse
2737 5187 2948 5242 Patrem
2983 5205 2996 5243 :
3023 5187 3344 5245 conﬁtentur
3369 5192 3790 5259 generationem,

2205 5277 2297 5331 sed
2335 5285 2530 5346 negant
2570 5277 2944 5348 aequalitatem.
2985 5277 3126 5344 Nos,
3159 5279 3210 5334 id
3245 5288 3346 5346 est,
3374 5281 3632 5336 catholica
3663 5282 3797 5338 ﬁdes

2205 5369 2424 5424 veniens
2459 5367 2528 5424 de
2545 5367 2784 5422 doctrina
2813 5368 3221 5438 Apostolorum,
3253 5371 3490 5440 plantata
3519 5357 3570 5426 in
3616 5372 3793 5440 nobis,

2212 5477 2306 5530 per
2336 5461 2528 5516 seriem
2573 5461 2926 5516 successionis
2967 5471 3180 5532 accepta
3205 5503 3221 5528 ,
3262 5477 3390 5518 sana
3437 5463 3506 5518 ad
3552 5474 3800 5533 posteros

2211 5553 2637 5620 transmittenda,
2677 5553 2814 5608 inter
2845 5563 3118 5624 utrosque,
3149 5555 3199 5610 id
3225 5565 3328 5620 est,
3351 5555 3490 5612 inter
3513 5565 3800 5626 utrumque

2215 5660 2452 5712 errorem
2484 5645 2655 5700 tenuit
2693 5644 2992 5701 veritatem.
3041 5644 3097 5700 In
3139 5659 3322 5701 errore
3369 5644 3798 5702 Sabellianorum

2213 5751 2347 5796 unus
2375 5747 2460 5794 est
2487 5736 2630 5794 solus
2649 5777 2666 5805 ,
2695 5736 2810 5808 ipse
2847 5743 2930 5792 est
2973 5736 3129 5793 Pater
3157 5736 3244 5808 qui
3283 5735 3452 5795 Filius
3483 5753 3498 5794 :
3529 5736 3584 5794 in
3613 5751 3802 5796 errore
