4118 6504
284 434 430 493 1873

283 552 631 616 Arianorum,
672 547 807 604 alius
839 552 921 603 est
943 544 1156 617 quidem
1186 544 1365 613 Pater,
1392 545 1530 600 alius
1553 544 1753 609 Filius;
1787 543 1882 600 sed

282 644 401 715 ipse
438 640 604 698 Filius
640 656 747 697 non
776 640 951 695 solum
981 638 1137 706 alius,
1166 638 1261 693 sed
1302 638 1467 694 etiam
1503 637 1647 693 aliud
1671 645 1754 693 est
1783 654 1796 691 :
1827 645 1884 692 tu

282 736 335 790 in
384 734 568 791 medio
610 731 774 805 quid?
821 731 1104 786 Exclusisti
1150 730 1535 794 sabellianum,
1578 729 1803 785 exclude
1830 735 1887 783 et

281 828 554 882 ariauum.
586 825 763 887 Pater,
806 823 964 879 Pater
990 830 1106 887 est;
1138 821 1325 889 Filius,
1370 820 1534 875 Filius
1560 828 1643 875 est
1669 837 1682 873 :
1710 820 1843 873 alius
1865 860 1882 886 ,

280 934 393 975 non
440 916 621 982 aliud;
664 916 786 986 quia
827 930 920 987 ego
959 923 1006 968 et
1047 912 1233 979 Pater,
1264 913 1475 984 linquit,
1517 928 1673 965 unum
1711 926 1885 965 sumus

284 1006 480 1081 (Joan.
509 1024 566 1071 ι,
590 1006 691 1075 30)
708 1047 723 1071 ,
749 1006 888 1061 sicut
915 1005 1074 1060 etiam
1105 1004 1358 1060 hesterno
1378 1003 1484 1070 die,
1507 1012 1759 1074 quantum
1786 1017 1884 1071 po-

282 1104 390 1167 tui,
418 1098 813 1155 commendavi.
846 1097 977 1153 Cum
1000 1097 1167 1163 audit,
1198 1114 1390 1161 sumus,
1414 1095 1667 1151 abscedat
1694 1093 1884 1150 confu-

279 1206 380 1247 sus
406 1191 765 1254 sabellianus;
810 1204 928 1244 cum
956 1189 1121 1255 audit,
1152 1205 1329 1252 unum,
1358 1188 1609 1243 abscedat
1637 1188 1887 1244 confusus

279 1288 506 1341 arianus
531 1302 545 1339 :
566 1284 829 1356 gubernet
851 1284 1145 1340 catholicus
1164 1283 1303 1338 inter
1325 1293 1609 1353 utrumque
1630 1282 1749 1338 fidei
1778 1297 1889 1337 suae

285 1378 587 1447 navigium,
616 1376 868 1448 quoniam
906 1375 1202 1431 cavendum
1232 1374 1389 1429 estin
1420 1384 1646 1444 utroque
1674 1371 1887 1427 naufra-

282 1470 456 1541 gium.
488 1469 585 1524 Dic
609 1484 738 1540 ergo
768 1477 845 1534 ιιι,
877 1467 1020 1538 quod
1041 1466 1169 1521 dicit
1188 1466 1557 1536 Evangelium,
1580 1465 1691 1536 Ego
1721 1473 1767 1518 et
1784 1463 1892 1517 Pa-

286 1571 364 1614 ter
388 1577 553 1614 unum
580 1577 773 1615 sumus.
804 1559 920 1616 Non
945 1575 1073 1630 ergo
1097 1558 1395 1626 diversum,
1422 1558 1543 1629 quia
1568 1574 1760 1622 unum;
1785 1572 1891 1612 non

282 1668 449 1719 unus,
475 1654 601 1723 quia
627 1670 823 1707 sumus.

280 1750 309 1809 ι,
356 1747 412 1800 7.
455 1745 624 1800 Paulo
642 1754 767 1799 ante
786 1744 937 1810 dixit,
965 1743 1229 1798 Iudicium
1250 1759 1415 1798 meum
1440 1758 1611 1797 verum
1640 1752 1747 1809 est;
1775 1741 1895 1815 quia

284 1838 426 1892 solus
452 1853 558 1892 nou
581 1854 714 1903 sum,
746 1837 836 1892 sed
860 1854 950 1908 ego
970 1846 1015 1892 et
1046 1838 1132 1909 qui
1154 1837 1286 1891 misit
1308 1853 1387 1891 me
1422 1835 1581 1890 Pater
1603 1852 1622 1890 :
1645 1846 1892 1907 tanquam

288 1930 531 1997 diceret,
562 1930 687 1986 Ideo
721 1930 979 2001 judicium
1019 1945 1201 1986 meum
1230 1938 1312 1987 est
1341 1944 1522 1984 verum
1541 1970 1554 1995 ,
1581 1929 1704 1997 quia
1732 1929 1895 1984 Filius

290 2022 384 2077 Dei
412 2039 534 2079 sum
561 2065 576 2091 ,
605 2023 727 2094 quia
759 2038 948 2077 verum
995 2022 1187 2092 loquor
1208 2062 1223 2088 ,
1269 2021 1390 2091 quia
1430 2022 1541 2091 ipsa
1570 2020 1767 2075 veritas
1797 2035 1897 2090 ego

288 2131 430 2172 sum.
477 2116 572 2172 Isti
613 2116 898 2172 carnaliter
934 2114 1323 2186 intelligentes,
1370 2116 1653 2181 dixerunt,
1701 2115 1798 2171 Ubi
1827 2126 1897 2170 est

294 2218 444 2281 pater
466 2209 623 2263 tuus?
648 2207 807 2262 Modo
836 2207 979 2274 audi,
1011 2207 1193 2262 ariane
1218 2226 1230 2262 :
1258 2207 1433 2280 Neque
1458 2225 1536 2262 me
1560 2207 1715 2274 scitis,
1743 2224 1898 2278 neque

291 2300 508 2355 Patrem
546 2317 747 2366 meum;
787 2300 908 2370 quia
951 2301 995 2354 si
1032 2317 1111 2354 me
1145 2301 1361 2368 sciretis,
1393 2312 1439 2355 et
1484 2299 1694 2355 Patrem
1733 2318 1899 2355 meum

290 2394 507 2448 sciretis.
531 2393 667 2461 Quid
683 2402 788 2460 est,
809 2395 853 2448 si
873 2410 951 2447 me
968 2394 1159 2448 sciretis
1184 2404 1232 2449 et
1252 2393 1482 2461 Patrem,
1504 2413 1671 2450 meum
1684 2397 1896 2465 sciretis,

289 2488 422 2552 nisi,
454 2503 546 2557 ego
574 2497 622 2540 et
650 2484 808 2540 Pater
832 2503 990 2540 unum
1014 2487 1470 2555 sumus?Quan(l0
1492 2487 1639 2544 vides
1666 2478 1897 2559 aliquem

291 2579 453 2633 alicui
480 2579 749 2633 similem:
786 2578 1026 2634 intendat
1061 2577 1304 2634 Charitas
1351 2589 1549 2643 vestra,
1595 2580 1901 2651 quotidiana

293 2670 497 2725 locutio
522 2679 635 2737 est;
660 2686 763 2725 non
787 2671 857 2725 sit
879 2671 1030 2727 vobis
1058 2672 1280 2726 arduum
1308 2672 1449 2743 quod
1477 2688 1598 2729 esse
1623 2672 1904 2729 advertitis

292 2762 551 2816 usitatum
578 2779 592 2814 :
616 2761 830 2832 quando
858 2777 989 2833 ergo
1018 2762 1166 2817 vides
1194 2763 1427 2833 aliquem
1456 2763 1614 2819 alicui
1648 2764 1900 2831 similem,

296 2862 354 2907 et
380 2854 524 2907 nosti
551 2861 607 2908 tu
636 2853 721 2908 cui
765 2852 956 2908 similis
986 2854 1094 2920 sit,
1126 2854 1400 2909 admirans
1436 2855 1592 2924 dicis,
1624 2854 1904 2924 Quomodo

298 2946 400 3001 iste
432 2946 594 3001 homo
634 2947 824 3002 similis
865 2956 951 3003 est
992 2948 1066 3003 illi
1108 2947 1345 3003 homini!
1378 2949 1487 3003 Hoc
1530 2965 1638 3003 non
1671 2949 1897 3015 diceres,

302 3039 404 3093 nisi
436 3039 545 3093 duo
570 3048 768 3094 essent.
800 3039 897 3094 llic
917 3039 1006 3094 ille
1032 3041 1119 3109 qui
1147 3056 1266 3094 eum
1294 3040 1521 3110 ignorat,
1552 3041 1636 3095 cui
1666 3048 1720 3095 tu
1742 3041 1903 3096 istum

304 3129 537 3184 similem
564 3130 697 3186 dicis
720 3148 733 3184 :
757 3130 923 3197 Itane,
947 3130 1135 3201 inquit,
1160 3131 1346 3186 similis
1366 3132 1479 3186 est?
1502 3134 1566 3187 Et
1588 3142 1639 3187 tu
1661 3132 1725 3187 ad
1748 3148 1901 3189 eum:

307 3222 443 3290 Quid
471 3222 618 3277 enim
644 3265 659 3287 ,
691 3232 745 3277 tu
776 3223 922 3277 illum
963 3240 1068 3279 non
1109 3224 1288 3279 nosti?
1332 3225 1402 3279 At
1441 3225 1528 3280 ille
1556 3244 1569 3281 :
1596 3225 1713 3279 Non
1758 3226 1902 3293 novi,

306 3313 493 3383 inquit.
526 3314 645 3367 Jam
675 3322 751 3379 tu,
781 3322 839 3369 ut
868 3313 1017 3369 illum
1047 3330 1203 3385 quem
1231 3316 1421 3381 nescit,
1454 3316 1503 3371 ei
1530 3324 1712 3371 notum
1743 3316 1905 3372 facias

306 3418 369 3458 ex
417 3412 685 3474 praesente
726 3420 884 3476 quem
932 3407 1118 3471 cernit,
1149 3406 1444 3477 reSpoudes
1467 3416 1521 3463 et
1546 3408 1677 3463 dicis
1711 3426 1723 3462 :
1755 3409 1907 3465 Hunc

306 3496 521 3563 vidisti,
565 3497 714 3551 illum
759 3498 955 3553 vidisti.
1000 3498 1114 3554 Non
1161 3501 1341 3570 utique
1381 3501 1503 3571 quia
1550 3502 1650 3556 hoc
1701 3502 1900 3569 dixisti,

308 3603 466 3643 unum
512 3603 634 3645 esse
674 3591 987 3646 asseverasti
1011 3633 1028 3657 ,
1059 3600 1113 3646 et
1138 3590 1272 3647 duos
1301 3593 1543 3662 negasti:
1568 3593 1660 3647 sed
1689 3604 1905 3665 propter

308 3680 707 3735 similitudinem
753 3682 856 3738 tale
899 3683 1091 3739 dedisti
1118 3699 1456 3754 responsum,
1486 3686 1645 3740 Istum
1686 3689 1824 3741 nosti
1852 3698 1905 3742 et

308 3771 453 3826 illum
482 3774 657 3837 nosti;
699 3774 852 3829 valde
894 3775 1038 3829 enim
1076 3774 1266 3829 similis
1307 3785 1424 3842 est,
1471 3785 1526 3831 et
1568 3778 1700 3831 nihil
1744 3778 1906 3833 distat

308 3865 548 3918 omnino.
576 3864 711 3919 Hinc
740 3876 795 3919 et
826 3865 1099 3930 Dominus,
1131 3866 1193 3921 Si
1217 3884 1327 3931 me,
1367 3867 1574 3938 inquit,
1601 3869 1792 3922 sciretis
1814 3911 1829 3935 ,
1857 3879 1905 3924 et

310 3953 517 4008 Patrem
554 3973 719 4010 meum
744 3958 965 4024 sciretis,
997 3975 1101 4013 non
1133 3957 1257 4028 quia
1284 3958 1443 4015 Pater
1483 3968 1566 4014 est
1595 3959 1778 4026 Filius,
1810 3961 1903 4016 sed

308 4048 427 4117 quia
457 4048 606 4103 Patri
640 4049 830 4105 similis
869 4049 1055 4105 Filius.
1093 4052 1384 4106 Erubescat
1420 4053 1655 4107 arianus.
1696 4052 1905 4109 Gratias

311 4139 537 4195 Domino
564 4139 687 4211 quia
713 4149 770 4197 et
798 4142 911 4212 ipse
939 4143 1153 4199 arianus
1182 4143 1402 4199 recessit
1430 4144 1498 4199 ab
1522 4161 1707 4201 errore
1732 4145 1909 4202 sabel-

312 4233 470 4301 liano,
496 4242 554 4289 et
581 4251 686 4289 non
715 4246 794 4292 est
821 4237 1238 4309 patripassianus
1263 4256 1277 4293 :
1310 4254 1414 4293 non
1444 4239 1575 4295 dicit
1602 4240 1772 4310 ipsum
1802 4241 1905 4296 Pa-

313 4334 443 4381 trem
484 4327 730 4383 indntum
756 4343 919 4384 carne
946 4329 1157 4386 venisse
1181 4331 1248 4386 ad
1279 4330 1519 4388 homines
1539 4374 1554 4399 ,
1583 4332 1755 4404 ipsum
1785 4348 1907 4388 esse

310 4435 548 4491 passum,
578 4422 752 4492 ipsum
798 4424 1180 4493 resurrexisse,
1227 4433 1283 4480 et
1324 4424 1716 4496 quodammodo
1754 4424 1821 4479 ad
1849 4439 1908 4480 se

310 4511 654 4579 ascendisse;
688 4514 790 4569 hoc
819 4530 924 4569 non
955 4514 1086 4570 dicit
1113 4533 1127 4569 :
1155 4517 1396 4587 agnoscit
1432 4530 1642 4571 mecum
1669 4516 1904 4584 Patrem,

311 4603 523 4659 Patrem
555 4621 704 4671 esse;
743 4614 800 4660 et
839 4605 1029 4661 Filium
1053 4649 1069 4674 ,
1093 4606 1283 4663 Filium
1315 4623 1455 4664 esse.
1489 4607 1617 4675 Sed,
1652 4624 1684 4663 ο
1714 4607 1902 4676 frater,

311 4697 528 4757 evasisti
571 4697 703 4752 illud
730 4697 1084 4768 naufragium,
1116 4715 1282 4770 quare
1328 4700 1501 4756 tendis
1545 4700 1597 4755 in
1642 4700 1907 4756 alterum?

313 4784 488 4854 Pater,
516 4786 678 4842 Pater
701 4797 815 4853 est;
848 4788 1034 4856 Filius,
1058 4788 1224 4845 Filius
1251 4799 1333 4845 est
1361 4809 1375 4845 :
1403 4806 1567 4862 quare
1595 4791 1728 4847 dicis
1753 4791 1911 4847 dissi-

312 4879 531 4933 milem?
560 4895 726 4950 quare
771 4880 1076 4937 diversum?
1112 4898 1277 4954 quare
1318 4883 1476 4938 aliam
1520 4884 1909 4939 substantiam?

313 4973 367 5029 Si
391 4973 669 5029 dissimilis
708 4984 881 5043 esset,
931 4978 1185 5047 utunquid
1228 4977 1429 5033 diceret
1471 4978 1747 5048 discipulis
1776 4979 1905 5049 suis,

314 5065 410 5131 Qui
432 5084 514 5120 me
534 5067 678 5135 vidit,
700 5068 825 5122 uidit
844 5077 891 5125 et
920 5068 1165 5123 Patrem?
1186 5069 1442 5140 numquid
1459 5069 1663 5126 diceret
1687 5070 1906 5139 Iudaeis,

314 5157 370 5211 Si
400 5176 480 5214 me
506 5158 722 5224 sciretis,
753 5168 798 5214 et
829 5158 1037 5214 Patrem
1066 5176 1231 5214 meum
1254 5161 1483 5215 sciretis?
1505 5161 1657 5217 Unde
1683 5160 1786 5217 hoc
1813 5177 1908 5216 ve-

314 5263 427 5303 rum
476 5258 646 5318 esset,
696 5251 799 5306 nisi
827 5262 881 5307 et
911 5252 1039 5307 illud
1070 5267 1287 5319 verum,
1319 5251 1432 5324 Ego
1475 5261 1523 5308 et
1567 5252 1727 5307 Pater
1754 5271 1909 5307 unum

315 5357 481 5397 sumus
497 5344 525 5397 Ρ

383 5433 436 5488 8.
482 5432 613 5488 Hec
639 5434 788 5489 verba
813 5436 1011 5490 locutus
1040 5445 1111 5490 est
1133 5435 1285 5491 Iesus
1323 5437 1377 5491 in
1412 5438 1780 5509 gazophylacio
1813 5438 1909 5492 do-

316 5543 429 5581 cens
448 5528 503 5581 in
534 5528 761 5597 templo:
787 5545 975 5599 magna
1003 5529 1213 5597 tiducia,
1241 5532 1357 5587 sine
1386 5532 1593 5587 timore.
1626 5531 1743 5588 Non
1768 5533 1911 5587 enim

317 5631 592 5689 pateretur
620 5622 761 5693 quod
794 5625 993 5690 nollet,
1026 5625 1116 5692 qni
1160 5641 1259 5681 nec
1300 5636 1611 5681 nasceretur
1646 5627 1689 5681 si
1724 5626 1907 5682 nollet.

318 5712 557 5784 Denique
584 5714 707 5782 quid
733 5715 1002 5784 sequitur?
1034 5714 1100 5770 Et
1125 5734 1269 5771 nemo
1294 5718 1623 5789 apprehendit
1643 5735 1774 5783 eum,
1794 5720 1911 5790 quia

316 5807 543 5859 nondum
566 5815 766 5859 venerat
790 5807 917 5862 hora
942 5810 1070 5879 ejus.
1106 5809 1216 5865 Hoc
1240 5811 1364 5865 item
1396 5811 1634 5866 nonnulli
1665 5828 1787 5866 cum
1812 5828 1909 5867 au-

317 5897 501 5964 diunt,
538 5896 640 5953 sub
676 5897 787 5954 fato
828 5900 991 5956 fuisse
1032 5901 1314 5960 Dominum
1354 5903 1624 5960 Christum
1665 5904 1909 5974 credunt,

516 5989 747 6057 Sacr.
791 5993 1070 6057 Auens'r.
1098 5996 1210 6058 Ill.

1329 427 1741 486 TRACTATUS
1778 425 2044 483 XXXVII.
2089 425 2313 486 CAPUT
2352 428 2487 486 Vlll.

3434 435 3581 493 1674

1991 552 2043 598 et
2065 545 2248 600 dicunt
2270 563 2284 599 :
2309 544 2447 602 Ecce
2467 543 2707 601 Christus
2727 545 2951 603 habebat
2978 547 3161 604 fatum.
3183 548 3228 605 0
3246 548 3290 604 si
3312 563 3404 606 cor
3430 559 3581 607 tuum

1978 650 2096 705 Inon
2137 646 2280 692 esset
2326 638 2548 702 fatuum,
2591 654 2696 694 non
2751 639 3001 696 crederes
3045 640 3244 697 fatum!
3278 640 3335 698 Si
3378 641 3580 711 fatum,

1980 711 2132 785 'sicut
2157 730 2397 785 nonnulli
2435 731 2840 801 intellexerunt,
2892 748 2923 787 a
2964 731 3124 788 fando
3166 733 3364 789 dictum
3395 743 3497 802 est,
3526 736 3580 792 id

1991 830 2128 876 esta
2156 823 2448 893 loquendo;
2476 823 2708 881 Verbum
2736 825 2828 880 Dei
2867 826 3135 897 quomodo
3177 828 3337 884 habet
3388 828 3584 896 fatum,

1992 911 2205 982 quando
2244 912 2295 967 in
2326 913 2443 983 ipso
2482 913 2659 971 Verbo
2685 916 2860 970 omnia
2891 925 3015 971 sunt
3039 934 3156 986 quae
3184 918 3396 973 condita
3421 920 3585 973 sunt?

1993 1003 2110 1058 Non
2132 1004 2271 1059 enim
2297 1004 2495 1075 aliquid
2534 1005 2677 1062 Deus
2703 1008 2976 1061 constituit
3004 1008 3145 1078 quod
3171 1019 3293 1065 ante
3324 1012 3580 1077 nescivit;

1995 1096 2048 1151 in
2089 1097 2260 1151 Verbo
2301 1098 2465 1167 ipsius
2498 1108 2613 1153 erat
2640 1099 2779 1169 quod
2806 1099 3001 1155 factum
3032 1112 3133 1156 est.
3165 1102 3391 1159 Mundus
3415 1102 3587 1160 factus

1994 1198 2110 1256 est;
2142 1198 2197 1245 et
2231 1188 2400 1245 factus
2424 1199 2525 1257 est,
2557 1200 2611 1246 et
2639 1190 2710 1245 ibi
2734 1200 2867 1246 erat.
2896 1192 3174 1259 Quomodo
3203 1204 3258 1249 et
3282 1194 3451 1263 factus
3481 1204 3584 1261 est,

1996 1291 2051 1337 et
2080 1283 2151 1338 ibi
2178 1283 2327 1337 erat?
2351 1283 2485 1351 Quia
2514 1282 2703 1339 domus
2726 1299 2883 1354 quam
2906 1285 3131 1340 aedificat
3153 1295 3403 1352 structor,
3438 1287 3585 1357 prius

1997 1375 2050 1429 in
2070 1384 2183 1430 arte
2228 1385 2369 1441 erat;
2415 1382 2470 1430 et
2516 1376 2586 1430 ibi
2624 1376 2819 1431 melius
2847 1385 2981 1442 erat,
3014 1377 3130 1433 sine
3157 1386 3438 1445 vetustate,
3471 1379 3588 1432 sine

1997 1468 2149 1522 ruina
2184 1487 2196 1523 :
2228 1478 2404 1524 tamen
2443 1476 2501 1523 ut
2524 1469 2771 1525 ostendat
2797 1478 2990 1537 artem,
3019 1470 3240 1526 fabricat
3266 1472 3512 1536 domum;
3536 1481 3591 1526 et

1996 1561 2259 1630 processit
2283 1560 2676 1631 quodammodo
2702 1562 2895 1617 domus
2922 1578 2988 1617 ex
3013 1562 3202 1629 domo;
3235 1572 3290 1618 et
3313 1563 3357 1619 si
3398 1563 3591 1619 domus

1998 1660 2135 1719 ruat,
2163 1668 2251 1707 ars
2277 1661 2475 1709 manet.
2517 1653 2593 1709 Ita
2628 1653 2767 1724 apud
2803 1654 2899 1710 Dei
2937 1654 3171 1711 Verbum
3216 1665 3370 1711 erant
3413 1658 3591 1713 omnia

1999 1760 2117 1816 qnze
2154 1745 2364 1801 condita
2392 1755 2547 1813 sunt;
2575 1748 2699 1818 quia
2721 1749 2898 1803 omnia
2926 1749 2979 1803 in
3006 1750 3267 1820 sapientia
3295 1748 3417 1805 fecit
3442 1751 3585 1805 Deus

2001 1835 2171 1905 (Psal.
2202 1854 2288 1892 cm
2310 1880 2325 1904 ,
2356 1838 2480 1911 24),
2507 1847 2563 1894 et
2591 1847 2783 1894 cuncta
2811 1850 2934 1894 nota
2968 1839 3093 1896 fecit
3121 1858 3135 1893 :
3167 1855 3273 1895 non
3299 1840 3442 1896 enim
3469 1841 3592 1911 quia

2000 1926 2126 1984 fecit
2148 1929 2368 1997 didicit,
2399 1931 2493 1987 sed
2520 1933 2643 2003 quia
2679 1941 2902 1988 noverat
2930 1931 3075 1987 fecit.
3107 1931 3273 1987 Nobis
3306 1933 3429 2003 quia
3456 1932 3593 1987 facta

2003 2034 2147 2091 sunt,
2174 2036 2299 2081 nota
2321 2037 2476 2092 sunt;
2503 2028 2575 2083 illi
2600 2028 2699 2082 nisi
2728 2036 2850 2083 nota
2878 2036 3077 2093 essent,
3102 2026 3241 2082 facta
3266 2043 3370 2080 non
3391 2038 3591 2082 essent.

2002 2120 2287 2176 Praecessit
2332 2137 2460 2193 ergo
2502 2121 2758 2178 Verbum.
2799 2121 2869 2176 Et
2905 2120 3032 2191 quid
3056 2129 3180 2177 ante
3207 2119 3437 2175 Verbum
3468 2120 3598 2175 Dei?

2003 2212 2143 2267 Nihil
2167 2212 2404 2268 omnino.
2436 2212 2567 2268 Nam
2598 2213 2645 2267 si
2669 2222 2814 2268 esset
2841 2212 3039 2282 aliquid
3069 2221 3191 2266 ante
3211 2253 3226 2277 ,
3254 2226 3361 2266 non
3392 2210 3594 2266 dictum

2005 2315 2177 2373 esset,
2208 2306 2276 2361 In
2304 2306 2552 2377 principio
2580 2314 2687 2361 erat
2720 2304 2970 2371 Verbum;
3001 2303 3115 2370 sed,
3145 2304 3202 2358 In
3236 2304 3497 2375 principio
3518 2304 3597 2357 fa-

2006 2406 2150 2475 ctum
2170 2406 2251 2452 est
2273 2398 2527 2453 Verbum.
2555 2397 2794 2467 Denique
2813 2396 2880 2451 de
2903 2396 3100 2451 mundo
3120 2396 3244 2465 quid
3265 2397 3339 2450 ait
3366 2395 3600 2467 Moyses?

2007 2490 2075 2545 In
2092 2492 2341 2563 principio
2378 2491 2494 2562 fecit
2523 2489 2661 2545 Deus
2682 2490 2861 2545 cretum
2884 2498 2929 2543 et
2953 2497 3136 2543 terram
3163 2486 3314 2560 (Gen.
3337 2503 3375 2554 1,
3401 2486 3474 2559 l).
3499 2487 3603 2543 Fe-

2007 2583 2080 2637 cit
2107 2581 2248 2653 quod
2279 2597 2383 2636 non
2422 2590 2537 2637 erat
2563 2598 2578 2635 :
2608 2581 2651 2636 si
2677 2595 2805 2650 ergo
2834 2578 2960 2634 fecit
2996 2577 3139 2650 quod
3166 2594 3273 2633 non
3301 2586 3451 2645 erat,
3480 2586 3604 2633 ante

2008 2676 2133 2747 quid
2162 2677 2310 2732 erat?
2336 2673 2405 2729 In
2439 2674 2688 2746 principio
2726 2683 2832 2727 erat
2880 2670 3119 2726 Verbum.
3148 2671 3215 2726 Et
3239 2670 3382 2726 unde
3405 2671 3600 2727 coelum

2008 2777 2063 2823 et
2091 2768 2268 2823 terra?
2301 2765 2489 2821 Omnia
2521 2782 2611 2839 per
2648 2766 2816 2836 ipsum
2846 2765 2982 2832 {acta
3007 2771 3126 2816 sunt
3164 2761 3342 2833 (Joan.
3372 2778 3410 2829 ι,
3441 2762 3494 2826 1,
3522 2760 3599 2832 5).

2009 2858 2087 2913 Τιι
2130 2873 2259 2929 ergo
2285 2858 2439 2929 ponis
2480 2856 2748 2912 Christum
2788 2855 2888 2910 sub
2918 2854 3056 2908 fato?
3087 2852 3187 2909 Ubi
3217 2861 3342 2908 sunt
3379 2853 3517 2908 fata?
3545 2852 3603 2907 In

2009 2949 2169 3016 coelo,
2200 2948 2374 3020 inquis
2399 2990 2413 3016 ,
2460 2948 2514 3002 in
2542 2947 2730 3001 ordine
2772 2954 2827 3000 et
2862 2943 3300 3000 conversionibus
3342 2943 3599 2999 siderum.

2009 3042 2288 3110 Quomodo
2337 3056 2466 3112 ergo
2514 3040 2678 3094 fatum
2729 3038 2925 3103 habet,
2968 3053 3063 3108 per
3090 3052 3247 3108 quem
3280 3036 3474 3092 factum
3521 3048 3605 3092 est

2009 3136 2206 3191 coelum
2238 3143 2293 3191 et
2318 3134 2524 3199 sidera;
2565 3146 2686 3187 cum
2722 3140 2808 3185 tua
2850 3129 3126 3194 voluntas,
3158 3128 3203 3183 si
3232 3136 3379 3182 recte
3405 3128 3600 3198 sapias,

2010 3225 2353 3282 transcendat
2381 3232 2436 3280 et
2478 3223 2687 3279 sidera?
2720 3223 2801 3277 An
2829 3221 2952 3292 quia
2992 3220 3131 3275 nosti
3160 3218 3358 3274 Christi
3388 3234 3604 3275 carnem

2009 3318 2174 3373 fuisse
2199 3315 2298 3372 sub
2324 3315 2483 3383 etelo,
2513 3313 2634 3370 ideo
2658 3321 2809 3384 putas
2836 3320 2890 3368 et
2914 3318 3233 3382 potestatem
3259 3308 3460 3366 Christi
3480 3310 3608 3365 sub-

2009 3410 2175 3466 ditam
2200 3409 2380 3465 coelo?

2082 3506 2136 3561 9.
2168 3502 2326 3571 Audi,
2359 3502 2552 3558 stulte:
2579 3497 2826 3555 Nondum
2845 3506 3045 3553 venerat
3064 3497 3190 3551 liora
3210 3496 3341 3568 ejus,
3370 3509 3478 3552 non
3504 3510 3607 3567 qua

2011 3608 2295 3671 cogeretur
2322 3597 2479 3663 mori,
2525 3593 2619 3651 sed
2648 3609 2749 3663 qua
2795 3592 3102 3663 dignaretur
3142 3589 3333 3645 occidi.
3375 3588 3610 3645 Noverat

2008 3691 2153 3747 enim
2185 3691 2300 3760 ipse
2340 3686 2553 3758 quando
2581 3686 2803 3739 deberet
2832 3681 2967 3736 mori
2994 3698 3006 3733 :
3036 3679 3264 3735 intendit
3287 3679 3464 3733 omnia
3486 3693 3607 3749 qua:

2008 3780 2260 3853 praedicta
2284 3787 2405 3832 sunt
2434 3774 2501 3830 de
2528 3774 2642 3842 illo,
2670 3782 2724 3828 et
2748 3769 3090 3841 exspectabat
3115 3768 3254 3823 finiri
3284 3768 3462 3822 omnia
3488 3781 3608 3839 qua:

2009 3871 2263 3941 prmdicta
2292 3876 2414 3923 sunt
2440 3875 2563 3921 ante
2583 3864 2697 3934 ejus
2718 3862 3020 3933 passionem
3042 3859 3251 3925 futura;
3281 3869 3338 3913 ut
3360 3874 3480 3914 cum
3506 3860 3609 3913 im-

2010 3962 2151 4032 pleta
2187 3965 2386 4025 essent,
2424 3966 2548 4011 tunc
2576 3953 2783 4009 veniret
2808 3960 2863 4008 et
2886 3951 3063 4023 passio
3082 3992 3098 4016 ,
3124 3950 3488 4021 dispositionis
3512 3964 3605 4004 or-

2009 4052 2156 4117 dine,
2172 4066 2275 4104 non
2290 4048 2431 4103 fatali
2445 4047 2784 4104 necessitate.
2802 4045 3038 4115 Denique
3053 4043 3251 4109 audite,
3268 4052 3323 4097 ut
3335 4042 3570 4114 probetis
3589 4061 3604 4098 :

2011 4145 2153 4200 inter
2177 4154 2369 4198 caetera
2395 4155 2512 4211 quae
2535 4139 2602 4195 de
2622 4139 2713 4193 illo
2740 4138 3050 4210 prophetata
3079 4143 3223 4203 sunt,
3248 4135 3505 4205 scriptum
3526 4142 3610 4189 est

2012 4238 2194 4303 etiam,
2226 4233 2488 4289 Dederunt
2515 4234 2568 4287 in
2595 4249 2760 4288 escam
2786 4247 2950 4284 meam
2979 4231 3068 4303 fel,
3103 4239 3149 4283 et
3175 4229 3229 4283 in
3257 4228 3343 4283 siti
3367 4244 3477 4282 mea
3506 4244 3604 4297 po-

2012 4336 2240 4383 taverunt
2268 4342 2349 4381 me
2374 4336 2513 4380 aceto
2541 4323 2713 4396 (Psal.
2744 4338 2941 4389 vam,
2983 4320 3100 4393 22).
3146 4320 3425 4389 Quomodo
3470 4319 3607 4375 facta

2013 4421 2142 4485 sint,
2172 4419 2227 4473 in
2248 4417 2540 4488 Evangelia
2568 4416 2833 4470 novimus.
2866 4413 3021 4468 Prius
3042 4412 3303 4468 dederunt
3324 4412 3421 4476 fel;
3453 4428 3611 4469 acce-

2013 4512 2110 4582 pit,
2137 4510 2389 4582 gustavit,
2411 4516 2465 4564 et
2489 4506 2699 4577 despuit
2726 4524 2739 4561 :
2767 4514 2951 4575 postea
2984 4506 3040 4559 in
3068 4520 3226 4560 cruce
3266 4504 3523 4574 pendens,
3552 4514 3612 4559 ut

2014 4605 2191 4661 omnia
2222 4601 2472 4675 praedicta
2498 4599 2918 4670 complerentur,
2950 4598 3043 4664 ait,
3079 4597 3208 4653 Sitio
3234 4615 3252 4652 :
3287 4607 3610 4669 acceperunt

2014 4698 2291 4771 spongiam
2321 4705 2473 4753 aceto
2501 4695 2736 4767 plenam,
2788 4694 2840 4747 in
2886 4691 3148 4748 arundine
3189 4692 3506 4764 ligaverunt,
3553 4701 3608 4746 et

2014 4792 2363 4847 admoverunt
2382 4787 2634 4860 pendenti
2652 4805 2667 4854 ;
2686 4786 2893 4857 accepit
2911 4785 3002 4840 ille
3020 4794 3073 4841 et
3087 4786 3179 4850 ait,
3203 4784 3496 4859 Perfectum
3513 4793 3606 4839 est.

2014 4882 2151 4952 Quid
2174 4888 2276 4949 est,
2306 4878 2596 4951 Perfectum
2620 4879 2730 4934 est?
2751 4877 2973 4949 lmpleta
2994 4884 3117 4932 sunt
3137 4876 3312 4931 omnia
3340 4891 3457 4947 qua:
3482 4884 3607 4929 ante

2016 4974 2318 5045 passionem
2370 4987 2545 5027 meam
2599 4969 2811 5026 fuerant
2860 4969 3173 5040 prophetata
3212 4987 3226 5023 :
3268 4983 3395 5039 ergo
3435 4966 3609 5022 adhuc

2017 5065 2145 5137 quid
2178 5064 2262 5119 hic
2288 5064 2463 5120 facio?
2497 5063 2737 5133 Denique
2764 5072 3111 5133 posteaquam
3136 5060 3289 5126 dixit,
3318 5058 3608 5128 Perfectum

2017 5166 2110 5224 est,
2134 5158 2374 5212 inclinato
2387 5156 2550 5227 capite
2576 5154 2786 5210 tradidit
2804 5155 3035 5226 spiritum
3051 5153 3229 5228 (Joan.
3254 5167 3368 5218 XIX,
3390 5151 3606 5223 28-50).

2016 5247 2281 5319 Numquid
2304 5248 2377 5304 illi
2402 5249 2635 5304 latrones
2652 5247 2804 5318 juxta
2825 5245 3038 5311 confixi,
3067 5244 3278 5316 quando
3299 5246 3605 5312 voluerunt,

2016 5341 2459 5414 exspiraverunt?
2489 5341 2829 5397 Tenebantur
2856 5337 3080 5393 vinculis
3109 5336 3283 5391 carnis
3305 5376 3321 5401 ,
3353 5336 3474 5406 quia
3501 5352 3609 5392 non

2016 5443 2171 5491 erant
2210 5442 2477 5490 creatores
2505 5433 2718 5489 carnis:
2746 5431 2909 5486 clavis
2946 5426 3141 5483 confixi
3169 5426 3261 5481 diu
3296 5428 3609 5483 cruciaban-

2018 5534 2124 5595 tur,
2157 5528 2281 5598 quia
2311 5526 2604 5582 infirmitati
2632 5541 2735 5580 non
2766 5522 3194 5579 dominabantur.
3230 5523 3485 5577 Dominus
3514 5540 3611 5578 au-

2020 5632 2125 5676 tem
2153 5619 2365 5692 quando
2392 5620 2579 5685 voluit,
2610 5632 2823 5671 carnem
2847 5620 2899 5669 in
2934 5625 3085 5667 utero
3108 5614 3347 5685 virginali
3372 5616 3609 5683 accepit;

2018 5715 2229 5787 quando
2258 5715 2439 5779 voluit,
2468 5713 2532 5768 ad
2563 5711 2805 5767 homines
2831 5708 3120 5780 processit;
3146 5708 3399 5778 quamdiu
3424 5708 3611 5771 voluit,

2018 5807 2157 5863 inter
2185 5807 2427 5860 homines
2448 5804 2611 5871 vixit;
2635 5800 2847 5873 quando
2873 5800 3057 5867 voluit,
3090 5814 3119 5852 a
3149 5815 3308 5854 carne
3335 5798 3611 5853 discessit:

2022 5902 2128 5960 hoc
2150 5908 2234 5958 est
2258 5900 2553 5971 potestatis,
2581 5914 2688 5955 non
2730 5895 3081 5952 necessitatis.
3105 5894 3251 5949 Hanc
3276 5905 3403 5963 ergo
3427 5890 3611 5947 horam

2686 5988 3333 6074 (Cinquante-trois.)
