4082 6476
537 354 675 412 1675

531 461 626 531 ille
654 470 1020 544 exspectabat,
1056 479 1163 538 non
1191 460 1426 528 fatalem,
1451 457 1545 546 sed
1569 461 1923 546 opportunam
1950 456 2005 504 et
2029 461 2126 546 vo-

523 563 819 624 "luutariam
851 583 864 620 :
894 567 954 618 ut
988 547 1137 634 prius
1161 553 1338 612 omnia
1375 545 1804 634 complerentur,
1849 557 1968 614 quin
2009 545 2132 634 ante

529 662 841 736 paésionem
871 629 1040 727 ipsius
1063 647 1318 720 compleri
1359 641 1658 736 oportebat.
1689 633 1830 736 idem
1862 629 2132 736 quomodo

529 727 637 813 'sub
679 753 774 809 fati
801 747 1121 807 necessitate
1149 742 1352 814 positus
1377 746 1522 805 erat,
1553 733 1644 806 qui
1674 731 1780 788 alio
1805 731 1929 786 loco
1958 727 2128 784 dixit:

537 847 848 904 Potestatem
872 842 1028 898 habeo
1055 834 1272 909 ponendi
1301 831 1522 885 animam
1551 841 1735 893 menon,
1764 833 1810 880 et
1837 829 2134 895 patestatem

537 941 694 998 habeo
719 941 898 996 iterum
925 929 1154 989 sumendi
1189 943 1299 982 eam
1332 941 1348 980 :
1377 917 1811 979 nemo'to'llit'e‘am
1831 929 1871 971 ἀ
1911 931 2012 984 me,
2044 915 2132 969 sed

536 1053 626 1108 ego
654 1037 761 1106 ipse
789 1046 921 1104 pono
962 1043 1072 1082 eam
1099 1041 1128 1077 a
1161 1039 1257 1087 me,
1282 1011 1535 1076 et'iterum
1557 1023 1702 1070 'sumo
1719 1011 2130 1108 ρ⁴ιιιη’(.Ῑο(ίη.-]ςἶ

538 1101 940 1198 ὶέ)ἳ’08ιὲηιιίι
985 1117 1122 1172 hanc
1165 1113 1506 1186 potestatein,
1557 1105 1769 1198 quando
1811 1121 1932 1161 cum
1961 1101 2132 1198 Judaei

536 1193 861 1292 quatrebant.
898 1213 1058 1278 Quem
1095 1207 1337 1280 quwrilis,
1371 1199 1670 1292 inquit-{Et
1697 1197 1773 1255 illi
1799 1217 1811 1256 :
1836 1198 2032 1253 Iesum.
2063 1193 2134 1292 Et

535 1288 627 1366 iile
651 1329 662 1364 :
689 1309 798 1380 Ego
819 1322 950 1362 sum.
975 1303 1088 1370 Qua
1109 1313 1242 1355 voce
1266 1288 1746 1364 audita,'redierunt
1774 1291 1905 1346 retro
1932 1297 1980 1342 et
2003 1288 2133 1342 ceci-

537 1405 716 1460 derunt
739 1401 849 1476 (Id.
881 1394 1222 1490 mutui-(ii:
1343 1483 1356 1490 _
1853 1481 1856 1484 Α

608 1497 695 1554 10.
741 1495 877 1551 Dicit
899 1487 1186 1564 aliquis,Si
1205 1487 1322 1541 haec
1343 1483 1399 1540 in
1417 1481 1760 1554 illo‘pote'stas
1785 1481 1918 1544 erat,
1941 1492 2127 1550 quare,

535 1607 660 1650 cum
686 1587 858 1645 Judaei
883 1581 1201 1641 insultarent
1219 1575 1488 1649 pendenti
1513 1571 1567 1630 et
1585 1571 1852 1664 dicerent,
1881 1567 1944 1664 Si
1963 1565 2133 1625 Filius

525 1679 632 1742 ‘Dei
660 1693 755 1754 est,
785 1669 1053 1736 descendat
1074 1671 1308 1730 de'cruce
1332 1665 1548 1743 (Matth.
1579 1661 1886 1739 itxvn,"40),
1912 1661 2020 1722 non
2041 1665 2132 1721 de—

535 1775 779 1842 scendit,
825 1781 884 1828 ut
927 1771 1006 1828 eis
1033 1777 1186 1824 Suam
1226 1771 1544 1836 petestatem
1569 1759 1948 1818 'descen'dendo
1975 1775 2132 1816 mon-

535 1869 761 1928 straret?
802 1861 936 1934 Quia
969 1857 1302 1934 patientiam
1351 1851 1618 1924 docebat,
1671 1853 1792 1910 ideo
1841 1851 2132 1924 potentiam

529 1949 919 2018 'ditl‘erebat.'Si
963 1951 1107 2010 enim
1133 1951 1285 2023 quasi
1320 1953 1619 2004 commotus
1654 1946 1722 2001 ad
1749 1947 1942 2002 eorum
1971 1944 2134 2000 verba

529 2049 928 2116 descenderet,
973 2047 1146 2101 victus
1192 2041 1556 2100 conviciorum
1602 2037 1788 2094 dolore
1835 2043 2128 2110 putaretur.

534 2146 763 2203 Prorsus
787 2157 896 2198 non
918 2135 1216 2205 descendit,
1241 2135 1377 2192 fixus
1405 2131 1714 2206 permansit,
1739 2130 1951 2202 quando
1975 2129 2134 2186 vellet

536 2237 904 2294 abscessurus.
936 2231 1073 2288 Nam
1102 2229 1230 2301 quid
1268 2227 1318 2284 ei
1346 2242 1594 2298 magnum
1625 2223 1725 2278 fuit
1752 2223 1819 2279 de
1847 2237 2008 2310 cruce
2033 2219 2131 2276 de-

535 2328 796 2388 scendere
816 2368 833 2394 ,
862 2319 1236 2396 quip’Otuit‘de
1264 2319 1507 2400 sepulcro
1533 2325 1813 2386 resurgere
1827 2311 2133 2383 ?'lntelliga-

537 2435 659 2478 mus
683 2433 810 2489 ergo
835 2431 934 2472 nos
959 2405 1150 2486 quibus
1185 2411 1288 2468 hoc
1329 2409 1684 2465 mini'stratum
1711 2411 1812 2473 est,
1840 2404 2131 2476 petentium

525 2501 754 2568 Domini
769 2503 936 2564 nostri
960 2505 1088 2561 Jesu
1117 2497 1316 2560 Christi
1339 2499 1601 2556 occultam
1621 2505 1768 2566 tunc,
1797 2497 2133 2553 manifestam

535 2600 860 2658 futuram'in'
867 2595 1070 2670 judicio
1098 2613 1113 2650 :
1155 2593 1224 2650 de
1251 2608 1355 2664 quo
1381 2591 1580 2648 dictum
1612 2601 1710 2656 est,
1743 2589 1880 2645 Deus
1914 2589 2132 2662 manife-

535 2705 644 2753 stus
669 2693 850 2760 ueniet,
892 2691 1032 2747 Deus
1060 2699 1228 2745 noster
1254 2695 1301 2743 et
1325 2681 1615 2742 non'siiebit
1643 2677 1825 2756 (iPsal.
1860 2683 2066 2752 κυδιίὸ

535 2787 672 2860 Quid
692 2781 1116 2855 est,'manifestus
1136 2779 1330 2836 veniet?
1354 2775 1487 2848 Quia
1508 2778 1652 2832 venit
1677 2775 1935 2845 occultUs,
1955 2779 2132 2832 veniet

534 2873 1018 2942 manifestus'Deus
1040 2889 1242 2946 noster,
1271 2875 1376 2932 hoc
1403 2885 1484 2930 est
1507 2873 1772 2930 Christus.
1791 2869 1864 2928 Et
1889 2891 1988 2928 non
2017 2873 2134 2928 sile-

527 2971 606 3032 'bit
628 2993 646 3031 :
671 2975 798 3048 quid
827 2983 939 3042 cst,
969 2989 1068 3025 non
1101 2967 1304 3024 silebit?
1339 2963 1477 3034 Quia
1507 2965 1678 3036 primo
1711 2959 2020 3020 siluityUbi
2055 2964 2132 3019 si-

533 3069 669 3124 luit?
689 3055 912 3134 Quando
935 3059 1204 3133 judicatus
1231 3066 1349 3126 est;
1375 3064 1436 3112 ut
1463 3057 1624 3114 etiam
1653 3057 1758 3112 hoc
1783 3055 2127 3128 impleretur,

527 3153 680 3231 'quod
705 3151 1048 3227 et.pr0plicta
1073 3149 1426 3224 praedixerat,
1459 3145 1608 3206 Sicut
1633 3149 1738 3205 ovis
1763 3150 1830 3203 ad
1857 3150 2132 3204 immolan-

527 3231 660 3305 zdum
693 3249 874 3304 ductus
898 3255 1006 3314 est,
1047 3255 1093 3300 et
1125 3241 1276 3300 'sicut'
1297 3260 1458 3316 agnus
1491 3260 1662 3297 coram
1691 3241 1924 3297 tondente
1951 3259 2003 3297 se
2027 3243 2135 3298 sine

529 3325 673 3408 uoce,
699 3339 772 3394 sic
803 3355 904 3393 non
931 3336 1128 3408 aperuit
1172 3351 1226 3390 os
1263 3351 1410 3390 suum
1441 3331 1610 3406 (Ἰδαί.
1633 3329 1864 3407 ιζιιιίἸ).
1908 3333 1964 3390 Si
2007 3350 2134 3406 ergo

607 3434 648 3490 ti
687 3433 886 3500 nollet,
914 3445 1024 3486 non
1049 3436 1356 3500 pateretur;
1388 3428 1438 3508 si
1463 3441 1569 3482 non
1597 3434 1890 3497 pateretur,
1917 3429 2133 3500 sanguis

537 3523 628 3581 ille
668 3515 1172 3588 non'iunderetur;
1218 3520 1264 3574 si
1293 3511 1506 3590 sanguis
1533 3515 1625 3573 ille
1660 3533 1768 3575 non
1797 3517 2129 3592 funderetur,

537 3607 767 3678 mundus
794 3633 902 3674 non
949 3616 1320 3674 redimeretur.
1361 3613 1594 3684 Agamus
1639 3611 1818 3685 itaque
1843 3616 2040 3688 gratias
2079 3623 2134 3673 et

529 3712 787 3788 potestati
813 3697 1127 3774 divinitatis,
1164 3695 1219 3764 ‘et
1245 3699 1576 3762 miserationi
1617 3697 1940 3764 inﬁrmitatis
1977 3709 2128 3780 ejus:

533 3815 590 3879 et
611 3807 680 3862 ‘de
705 3805 912 3861 occulta
931 3801 1172 3874 potentia
1192 3814 1349 3880 quam
1368 3789 1540 3854 Iudici
1565 3813 1672 3854 non
1695 3809 1974 3880 noverant,
1993 3801 2134 3860 unde

525 3875 643 3955 illis
664 3895 826 3952 modo
853 3893 1055 3951 dictum
1076 3901 1178 3960 eSt,
1203 3879 1264 3945 ⁸Ν
1267 3907 1389 3964 eque
1412 3892 1698 3960 mc'nostis,
1740 3909 1896 3964 neque
1911 3875 2134 3948 Patrem

533 4005 738 4053 nicum;
760 3967 904 4042 etde
932 4000 1096 4042 carne
1119 3987 1362 4054 suchpta
1393 3998 1552 4062 quam
1581 3981 1750 4038 Judaei
1776 3993 2054 4053 noverant,
2079 3993 2135 4042 et

535 4080 688 4150 cujus
720 4073 944 4150 patriam
972 4077 1244 4142 sciebant;
1275 4076 1417 4132 unde
1443 4075 1548 4130 illis
1575 4069 1682 4128 alio
1711 4075 1830 4130 loco
1865 4075 2031 4144 dixit,
2061 4076 2134 4130 Et

537 4188 618 4226 me
641 4171 820 4239 nostis,
847 4179 894 4224 et
921 4169 1054 4224 unde
1071 4169 1168 4222 sim
1189 4167 1344 4222 nostis
1371 4165 1547 4242 (Joan.
1579 4182 1673 4236 vn,
1700 4163 1812 4239 28).
1841 4167 2134 4242 Utrumque

537 4264 844 4320 noverimus
872 4262 928 4316 in
954 4259 1201 4329 Christo;
1241 4269 1294 4316 et
1321 4260 1462 4340 unde
1502 4260 1724 4340 aequalis
1759 4269 1844 4318 est
1871 4263 2038 4331 Patri,
2079 4273 2133 4322 et

535 4356 681 4412 unde
719 4356 810 4410 illo
839 4354 1012 4426 major
1049 4363 1131 4411 est
1167 4341 1352 4410 ‘Pater.
1379 4335 1533 4409 Illlud
1555 4335 1810 4412 “Verbum
1851 4364 1954 4424 est,
2001 4357 2132 4414 illud

533 4427 693 4516 caro;
725 4429 868 4504 illud.
883 4448 1025 4504 Deus
1053 4455 1169 4516 est,
1199 4446 1332 4504 illud
1361 4447 1524 4506 homo
1545 4465 1560 4504 ε
1583 4447 1688 4506 sed.
1706 4463 1842 4506 unus
1871 4457 1954 4508 est
1975 4449 2130 4507 Chri-

537 4550 653 4598 stus
673 4542 815 4600 Deus
838 4548 894 4600 et
916 4541 1098 4598 homo.

935 4681 1378 4763 'TR'KC‘I‘KTUS
1403 4687 1693 4762 XXXV)“.

535 4841 614 4898 .tb
647 4858 714 4898 eo
733 4843 908 4915 tquod-
923 4842 1194 4914 scriptum
1207 4849 1291 4896 tost
1311 4873 1340 4908 ,-
1357 4840 1940 4914 maritumae-messe,
1969 4843 2130 4916 uligo

607 4937 764 5003 vado,
781 4945 848 4994 et
861 4936 1122 5008 qumvetis
1131 4947 1229 4991 me
1246 4951 1274 5001 ,--
1289 4934 1536 5007 usque-ad
1561 4935 1646 5004 id,
1665 4935 1808 4991 Dis-it
1827 4936 2090 4995 eis-Jews
2111 4956 2127 4994 :

605 5029 940 5102 Principium
957 5027 1138 5100 ,uquia
1159 5027 1857 5100 =etnloquor-vohis.'Cap.
1902 5045 2012 5098 vni,
2051 5032 2088 5101 ir
2112 5069 2126 5086 .

603 5123 798 5182 2185.

609 5265 674 5340 i.
694 5283 878 5340 Lectio
907 5283 1082 5340 sancti
1109 5265 1394 5355 Evangelii
1433 5298 1552 5354 quae
1594 5285 1868 5355 prmeessit
1903 5285 2127 5343 hodier-

538 5389 684 5444 nam,
716 5377 784 5432 ita
815 5379 1184 5444 concluserat,
1213 5377 1338 5448 quia
1363 5377 1558 5432 loculus
1591 5385 1666 5433 est
1705 5378 1890 5433 docens
1936 5379 1992 5434 in
2032 5396 2127 5452 ga-

538 5469 834 5542 sOphylacio
863 5471 1148 5540 Dominus,
1195 5486 1316 5542 qua:
1343 5470 1546 5538 voluit,
1595 5477 1651 5526 et
1692 5485 1812 5542 quin
1865 5470 2127 5530 audistis:

535 5571 584 5618 et
604 5578 749 5616 nemo
767 5563 1098 5633 apprehendit
1124 5581 1258 5632 eum,
1275 5564 1394 5636 quia
1409 5563 1636 5618 nondum
1659 5573 1857 5619 venerat
1877 5565 2002 5620 liora
2017 5568 2127 5638 ejus

539 5653 733 5727 (Joan.
784 5669 898 5721 viri,
951 5656 1066 5728 20).
1099 5657 1234 5714 lliuc
1262 5658 1584 5730 disputatum
1609 5665 1692 5714 est
1717 5657 1983 5714 dominico
2013 5659 2122 5728 die,

539 5746 684 5819 quod
711 5747 824 5818 ipse
852 5747 1053 5803 donare
1087 5749 1334 5822 dignatus
1373 5759 1474 5808 est.
1525 5751 1890 5808 lntimavimus
1929 5749 2122 5808 Chari-

537 5840 634 5897 tati
677 5848 866 5900 vestra:
909 5855 1076 5910 quare
1103 5841 1304 5902 dictum
1340 5845 1442 5916 sit,
1489 5843 1737 5908 Nondum
1773 5855 1972 5906 uenerat
1997 5847 2124 5906 liora

1487 337 1554 395 IN
1589 330 1870 394 JOANNIS
1907 321 2374 396 EVANGELIUM,
2414 327 2473 384 S.
2516 326 2883 386 AUGUSTINI

3691 331 3829 391 1676

2241 443 2385 519 ejus;
2431 463 2500 504 ne
2541 447 2772 522 positum
2813 447 3085 504 Christum
3136 445 3460 522 sub'aliqua
3503 453 3828 513 necessitate

2227 537 2384 594 "itali
2425 539 2534 596 ulla
2571 539 3062 612 impletasauderet
3097 539 3343 612 'imprtibe
3371 541 3650 613 suspicari.
3671 537 3827 603 Non-

2253 631 2366 688 ium
2393 631 2550 689 enim
2591 641 2814 688 venerat
2847 617 2991 689 'hora
3029 647 3132 705 qua
3169 641 3234 690 ex
3253 635 3450 691 ordine
3487 652 3608 706 suo,
3633 645 3828 696 secun-

2247 723 2364 781 ium
2389 739 2452 782 ea
2467 729 2594 796 "quai
2621 725 2873 796 praediola
2899 734 3023 783 sunt
3040 725 3109 783 'de
3129 727 3239 796 illo,
3263 743 3372 784 non
3393 731 3526 786 mori
3549 741 3830 804 cogeretur

2225 817 2454 884 'invitus,
2473 819 2580 873 "sed
2607 818 2943 876 occideretur
2957 827 3205 890 paratus.

2305 903 2756 966 '2.’Modo"autem
2797 909 2866 966 'de
2907 912 3020 982 ipsa
3063 911 3313 984 possisne
3350 927 3475 979 sua,
3508 930 3627 986 quae
3656 917 3830 988 posita

2239 1005 2485 1058 erat'non
2526 1001 2580 1058 in
2621 1001 2736 1074 ejus
2759 1001 3099 1072 necessitate,
3135 1005 3230 1059 sed
3261 1013 3524 1074 potestate
3554 1049 3568 1075 ,
3621 1008 3832 1068 locutus

2238 1101 2322 1148 est
2361 1091 2560 1148 Judaris
2585 1089 2770 1149 ‘dieens
2817 1083 2978 1166 :‘Eg/o
3009 1095 3155 1149 vado.
3186 1091 3400 1152 Christo
3427 1083 3570 1154 enim
3591 1093 3830 1160 ‘Dom’ino

2225 1191 2382 1242 'mors
2427 1187 2688 1258 profectio
2725 1187 2830 1243 'fuit
2861 1187 2966 1244 'illo
3013 1189 3152 1245 unde
3197 1201 3434 1260 venerat,
3469 1201 3523 1248 et
3553 1193 3694 1250 unde
3720 1210 3830 1252 non

2237 1277 2574 1335 discesserat.
2611 1277 2758 1350 'Ego,
2792 1281 2993 1351 inquit,
3026 1282 3190 1349 vado,
3225 1291 3271 1337 et
3298 1285 3526 1354 quwretis
3565 1305 3644 1344 me
3673 1305 3693 1343 :
3722 1305 3832 1346 non

2237 1369 2524 1440 desiderio,
2557 1372 2650 1428 sed
2674 1373 2816 1428 odio.
2850 1371 2981 1430 Nam
3013 1375 3160 1430 illum
3189 1387 3536 1451 posteaquam
3573 1381 3834 1440 abscessit

2237 1461 2496 1519 ah‘OCulls
2523 1463 2819 1530 hominum,
2848 1465 3280 1536 inquisierunt'et
3300 1470 3390 1540 qui
3416 1471 3639 1528 oderant
3667 1483 3722 1529 et
3741 1477 3834 1548 qui
3867 1505 3872 1512 -

2227 1556 2484 1611 amabant
2517 1574 2528 1610 :
2561 1555 2634 1610 illi
2659 1558 3070 1629 persequendo,
3119 1555 3194 1616 illi
3235 1559 3435 1618 habere
3461 1565 3742 1635 cupiendo.
3771 1567 3835 1624 In

2237 1648 2463 1705 Psalmis
2492 1650 2567 1704 ait
2595 1651 2709 1720 ipse
2737 1652 2996 1707 Dominus
3026 1667 3121 1724 per
3145 1654 3480 1726 prophetam,
3517 1653 3676 1714 Periit
3705 1661 3834 1733 fuga

2238 1758 2268 1796 a
2295 1753 2409 1810 me,
2433 1754 2488 1798 ‘et
2535 1761 2636 1798 non
2677 1755 2747 1800 est
2781 1748 2868 1818 qui
2909 1749 3128 1818 requirat
3179 1751 3403 1805 animam
3455 1769 3617 1807 meam
3648 1753 3830 1828 (Psal.

2237 1849 2376 1904 Cxu,
2409 1839 2464 1909 5)
2497 1855 2508 1892 :
2533 1837 2810 1895 et’iterum
2858 1841 2931 1896 ait
2967 1841 3072 1897 alio
3102 1843 3218 1898 loco
3247 1843 3304 1898 in
3331 1843 3568 1914 Psalmo,
3597 1847 3832 1922 Confun-

2239 1931 2424 1985 dantur
2450 1941 2494 1986 et
2536 1941 2852 1988 revereantur
2880 1935 3184 2003 requirentes
3209 1937 3432 1992 animum
3460 1955 3624 1994 meam
3653 1939 3829 2014 (Psal.

2239 2039 2424 2090 xxxix,
2460 2023 2568 2096 15).
2603 2025 2844 2096 Culpavit
2882 2027 2975 2098 qui
3018 2041 3127 2083 non
3169 2029 3525 2100 requirerent,
3551 2031 3834 2092 damnavit

2238 2119 2328 2189 qui
2347 2120 2698 2190 requirerent.
2719 2115 2911 2175 Malum
2938 2129 3021 2178 est
3049 2122 3190 2177 enim
3211 2138 3318 2178 non
3339 2140 3581 2196 quaerere
3597 2126 3832 2184 animam

2238 2211 2455 2280 Christi,
2488 2214 2582 2270 sed
2611 2215 2878 2286 quomodo
2908 2229 3028 2271 eam
3072 2216 3400 2286 quiesierunt
3447 2217 3730 2290 discipuli;
3779 2229 3836 2278 et

2238 2307 2437 2361 malum
2483 2315 2565 2362 est
2615 2322 2853 2378 qumrere
2891 2307 3122 2364 animam
3165 2307 3385 2378 ChriSti,
3430 2311 3525 2367 sed
3561 2313 3836 2383 quomodo

2231 2395 2554 2455 ‘cam‘Judaei
2584 2402 2910 2471 qtlazsierunt
2942 2418 2956 2454 :
2991 2401 3068 2458 illi
3090 2404 3232 2458 enim
3259 2412 3318 2460 ut
3341 2404 3623 2474 haberent,
3657 2407 3746 2462 isti
3777 2417 3838 2465 ut

2240 2492 2547 2562 perderent.
2567 2489 2806 2564 Denique
2823 2493 2910 2549 iSti
2931 2495 3053 2566 quia
3075 2495 3151 2550 sic
3171 2497 3642 2567 qurerebantmore
3663 2502 3835 2574 malo,

2239 2586 2402 2640 corde
2423 2601 2697 2657 perverso,
2727 2587 2853 2658 quid
2882 2597 3096 2645 secutus
3125 2589 3406 2660 adjunxit?
3434 2590 3684 2658 Quteretis
3707 2611 3792 2650 me
3817 2637 3835 2665 ,

2239 2687 2304 2746 et,
2321 2694 2388 2735 ne
2413 2680 2608 2752 putetis
2639 2680 2760 2752 quia
2787 2683 2926 2738 bene
2950 2697 3038 2738 me
3059 2685 3338 2754 quaeretis,-
3357 2685 3410 2739 in
3437 2695 3643 2758 peccato
3668 2699 3837 2746 uestro

2225 2767 2683 2830 ‘morientini.'Hoc
2703 2785 2784 2830 est
2804 2773 3076 2832 Christum
3097 2779 3240 2836 male
3259 2795 3522 2852 quazrerc,
3539 2783 3594 2838 in
3613 2795 3840 2854 peccato

2238 2881 2336 2921 suo
2364 2867 2503 2921 mori
2537 2885 2549 2921 :
2582 2865 2686 2944 hoc
2725 2877 2806 2923 est
2833 2868 2982 2924 illum
3005 2870 3504 2945 odisse,_per;quem
3533 2885 3718 2947 posset
3739 2893 3840 2936 so-

2231 2957 2348 3013 lum
2387 2953 2564 3014 salvus
2590 2975 2727 3016 esse.
2762 2957 2896 3016 Cum
2921 2961 3064 3018 enim
3099 2962 3344 3021 homines
3365 2981 3594 3038 quorum
3621 2983 3747 3040 spes
3779 2972 3838 3028 in

2225 3047 2352 3109 'Deo
2380 3063 2483 3122 est,
2515 3069 2623 3110 non
2661 3054 2890 3112 debeant
2919 3057 3060 3113 mala
3089 3057 3316 3116 reddere
3347 3075 3448 3116 nec
3467 3063 3492 3106 ί.
3507 3077 3606 3133 pro
3631 3064 3800 3120 malis
3817 3105 3834 3132 ,

2238 3147 2536 3203 reddebant
2563 3149 2649 3204 isti
2673 3151 2813 3205 mala
2842 3165 2941 3220 pro
2969 3151 3144 3208 bonis.
3173 3152 3556 3210 Praenuntiavit
3571 3171 3704 3227 ergo
3729 3158 3838 3213 illis

2213 3233 2520 3306 Dominus,
2553 3233 2789 3311 dixitque
2815 3244 3142 3299 sententiam
3161 3246 3434 3314 praescius,
3468 3247 3608 3318 quod
3636 3249 3694 3304 in
3738 3265 3839 3306 suo

2239 3343 2460 3402 peccato
2483 3345 2844 3391 morerentur.
2863 3337 3065 3394 Deinde
3087 3339 3328 3412 adiungit
3355 3358 3380 3394 :.
3397 3342 3508 3408 Quo
3539 3359 3638 3414 ego
3677 3345 3836 3412 uado,

2238 3442 2327 3481 vos
2369 3443 2470 3482 non
2515 3429 2720 3500 potestis
2765 3431 2949 3486 venire.
2983 3432 3096 3488 Hoc
3113 3433 3494 3506 -et‘discipulis
3529 3437 3650 3492 talio
3709 3437 3836 3496 loco

2239 3521 2400 3589 dixit;
2435 3538 2534 3579 nec
2563 3533 2742 3580 tamen
2779 3528 2856 3582 eis
2895 3529 3046 3594 dixit,
3093 3529 3174 3584 In-
3198 3539 3400 3601 peccato
3447 3541 3609 3588 uestro
3649 3535 3844 3590 merie-

2237 3615 2384 3671 mini.
2429 3613 2576 3682 Quid
2624 3627 2801 3672 autem
2855 3618 3027 3674 dixit?
3065 3620 3232 3688 πριιοὰ
3275 3623 3486 3680 et-istis
3519 3623 3836 3698 :‘Quoiego

2237 3707 2386 3777 uado,
2419 3725 2506 3764 uos
2543 3711 2714 3766 uenire
2759 3728 2861 3768 non
2899 3715 3111 3785 potestis
3135 3713 3340 3785 .(Ioan.
3375 3733 3502 3784 τιμαί,
3549 3717 3662 3790 55).
3717 3719 3842 3776 Non

2237 3801 2456 3858 abstulit
2479 3818 2654 3876 spem,
2681 3804 2778 3860 sed
2801 3805 3048 3876 praedixit
3073 3807 3404 3864 dilationem.
3425 3809 3668 3878 Quando
3683 3813 3840 3867 enim

2237 3893 2343 3949 hoc
2369 3894 2642 3966 discipulis
2665 3895 2920 3954 Dominus
2943 3899 3432 3970 loquebatur-ﬁunt;
3451 3911 3844 3972 nonpotetaut

2239 3985 2446 4042 venire.
2470 4003 2576 4058 quo
2621 3988 2710 4044 ille
2747 3989 2876 4059 ibat,
2917 3991 3015 4048 sed
3062 4001 3256 4063 postea
3281 3995 3492 4050 venturi
3516 4003 3672 4052 erant
3701 4014 3718 4050 :
3747 3997 3844 4052 isti

2237 4090 2416 4139 autem
2443 4100 2736 4156 nunquam,
2759 4087 2978 4159 quibus
3015 4091 3276 4159 praescius
3305 4090 3490 4157 «ἥκειν
3513 4089 3582 4145 lin
3601 4099 3842 4162 ιμοωω

2237 4183 2399 4230 uestro
2425 4177 2743 4234 moriemini.-

2309 4268 2362 4322 5.
2397 4269 2491 4326 llis
2517 4279 2704 4327 autem.
2723 4271 2920 4330 auditis
2962 4273 3140 4330 verbis
3159 4305 3184 4340 ,ι
3208 4276 3844 4346 quoumdotsolent'earv

2236 4372 2336 4414 nea
2365 4360 2660 4431 cogitantes
2677 4403 2692 4430 ,
2723 4371 2790 4418 et.
2803 4364 3096 4420 secundum
3141 4380 3360 4424 mnam
3389 4367 3706 4438 iudicantes
3729 4383 3843 4440 ,νει

2238 4459 2410 4508 totum
2429 4455 2716 4510 carnaliter
2743 4455 3024 4514 audientes
3043 4465 3202 4530 atque
3229 4459 3802 4530 sapientesfdixemmt
3825 4484 3842 4520 :

2237 4543 2508 4618 Numquid
2547 4548 2815 4620 inter/sciet
2855 4553 3576 4624 scmetipsumplyuiwdisit,
3599 4557 3716 4624 Quo
3741 4573 3847 4633 ego

2233 4638 2385 4709 uado,
2413 4657 2500 4696 uos
2525 4658 2626 4696 non
2651 4643 2858 4712 potestis
2882 4645 3048 4701 uenire
3065 4647 3092 4700 ?
3117 4645 3296 4704 Stulta
3311 4649 3502 4718 verba;
3529 4657 3582 4707 et
3607 4656 3848 4712 omnino

2234 4731 2554 4803 insipientia:
2581 4735 2755 4805 plena.
2773 4737 2913 4806 Quid
2933 4739 3242 4797 animinon
3261 4744 3618 4814 poterant-illo
3646 4749 3852 4807 venire

2231 4841 2342 4898 quo
2371 4827 2462 4884 ille
2483 4829 2827 4900 perrexisset,
2847 4833 2892 4888 si
2909 4832 3242 4892 interﬁceret
3251 4839 3598 4909 semetipsum
3613 4839 3640 4894 ?
3653 4840 3850 4898 Num.

2235 4918 2361 4990 quid
2389 4919 2492 4990 ipsi
2515 4935 2624 4976 non
2647 4930 2806 4978 erant
2829 4926 3108 4982 morituri?
3125 4927 3266 4996 Quid
3281 4937 3364 4986 est
3381 4945 3532 5001 ergo,
3547 4931 3848 5004 Numquid

2233 5013 2500 5085 interﬁciet
2535 5020 2904 5084 semctiosum;
2945 5022 3282 5092 quia-dixit,
3306 5023 3534 5098 Quoeego
3559 5027 3714 5096 vado,
3751 5045 3852 5085 vos

2235 5123 2338 5162 non
2363 5109 2566 5178 potestis
2591 5110 2792 5166 uenire?
2819 5111 2878 5168 Si
2905 5112 3176 5170 de«mor:te
3198 5115 3430 5170 hominis
3449 5116 3680 5186 diceret,
3699 5123 3854 5191 quis

2233 5199 2400 5257 homo
2413 5216 2520 5256 non
2531 5203 2760 5258 moritur
2772 5203 2954 5275 ?‘Ergo
2971 5223 3068 5276 quo
3093 5221 3188 5278 ego
3203 5207 3337 5262 uado
3349 5207 3812 5276 tdisitnnon'cnm
3827 5215 3854 5248 ³

2232 5293 2340 5350 itur
2373 5293 2440 5349 ad
2481 5305 2734 5365 mortem,
2765 5299 2858 5353 sed
2877 5315 2981 5368 quo
3007 5299 3114 5355 ibat
3161 5301 3277 5372 ipse
3317 5311 3438 5373 post
3461 5313 3720 5361 mortem.
3755 5305 3854 5364 'lili

2231 5387 2412 5461 itaque
2437 5405 2548 5446 non
2575 5392 2954 5464 intelligentes,
2979 5393 3086 5449 ista
3115 5395 3527 5467 responderunt.

2301 5484 2360 5539 4.
2391 5484 2456 5540 Et
2479 5485 2838 5542 Dominus-ad
2879 5503 2972 5544 eos
3011 5490 3104 5560 qui
3141 5499 3338 5548 terram
3369 5493 3662 5563 sepiebant,
3703 5498 3858 5567 quid

2231 5578 2348 5634 ait?
2381 5579 2443 5632 Et
2467 5581 2662 5634 dicebat
2685 5583 2754 5636 eis
2785 5599 2802 5634 :
2841 5581 2942 5637 Vos
2969 5585 3030 5637 de
3050 5585 3284 5641 deorsum
3307 5589 3438 5642 estis.
3473 5588 3596 5643 Ideo
3627 5597 3856 5648 terram

2231 5672 2438 5743 sapitis,
2469 5674 2588 5744 quia
2617 5675 2754 5730 sicut
2781 5687 3058 5746 serpentes
3081 5685 3277 5740 terram
3309 5681 3658 5739 manducetis.
3685 5683 3854 5753 Quid

2295 5801 2315 5834 ι
2339 5801 2504 5862 Abest,
2525 5813 2632 5862 nec,
2663 5804 2722 5852 ab
2745 5803 2970 5857 omnibus
2995 5811 3118 5861 διεδ(

2296 5865 2316 5896 ³
2340 5865 2530 5928 Aliquot
2557 5873 2800 5929 Mss.,-eton
2821 5879 2932 5932 quo.

2179 5957 2248 5966 ννιιιι-
