4118 6468
318 402 456 461 1677

315 525 414 574 est.
448 523 643 570 terram
665 509 1043 570 manducatis?
1069 508 1319 568 Terreais
1343 507 1638 578 pascimini,
1666 507 1894 564 terrenis

305 604 678 671 delectamini,
703 603 931 660 terrenis
956 601 1172 660 iuhiatis
1197 643 1212 669 ,
1238 615 1448 658 sursum
1476 615 1571 656 cor
1597 614 1701 656 non
1729 598 1895 655 habe-

311 701 402 756 tis.
436 697 540 755 Vos
571 699 640 754 de
676 697 909 752 deorsum
933 696 1047 752 estis
1085 712 1104 752 :
1133 711 1225 766 ego
1260 694 1322 748 de
1359 694 1589 760 supernis
1625 710 1757 750 sum.
1797 690 1896 748 Vos

311 791 378 844 de
405 789 597 847 rutundo
625 789 716 844 hoc
745 788 858 842 estis
889 803 909 841 :
933 802 1025 858 ego
1055 802 1161 840 non
1187 802 1298 842 sum
1322 785 1384 840 de
1401 785 1494 838 hoc
1521 785 1731 840 mundo.
1753 783 1896 851 Quo-

309 883 478 940 modo
513 882 656 937 enim
711 889 828 936 erat
874 879 942 936 de
988 878 1224 946 mundo,
1271 893 1366 952 per
1409 893 1566 952 quem
1603 876 1772 932 factus
1813 883 1900 934 est

301 972 586 1036 mundus?
615 971 812 1028 Omnes
838 971 904 1026 de
929 969 1131 1028 mundo
1155 978 1279 1040 post
1301 969 1578 1033 mtmdum;
1603 968 1725 1038 quia
1753 967 1898 1036 prius

309 1064 585 1130 mundus,
615 1071 672 1120 et
698 1064 776 1118 sic
797 1063 958 1120 homo
984 1062 1051 1117 de
1078 1062 1276 1119 mundo
1304 1079 1317 1115 :
1350 1061 1494 1134 prius
1522 1069 1704 1116 autem
1737 1059 1898 1117 Chri-

311 1165 433 1210 stus
453 1197 471 1224 ,
501 1153 696 1210 deinde
722 1152 985 1218 mundus;
1017 1152 1263 1222 quoniam
1295 1159 1417 1206 ante
1447 1149 1703 1205 mundum
1739 1149 1898 1204 Chri-

301 1256 455 1313 stus,
484 1255 608 1304 ante
630 1245 900 1300 Christum
925 1243 1058 1302 nihil
1085 1262 1100 1298 :
1128 1243 1250 1314 quia
1278 1243 1331 1296 in
1356 1242 1604 1317 principio
1635 1250 1738 1296 erat
1775 1240 1898 1294 Ver-

309 1341 465 1408 bum;
485 1340 654 1395 omnia
693 1355 782 1409 per
817 1339 981 1408 ipsum
1031 1341 1167 1410 facta
1213 1346 1329 1394 sunt
1368 1334 1546 1406 (Joan.
1571 1350 1608 1401 ι,
1637 1335 1686 1401 1,
1712 1331 1790 1404 '5).
1814 1331 1901 1392 Sic

299 1447 448 1503 ergo
460 1440 573 1487 erat
583 1431 676 1488 ille
693 1430 760 1488 de
774 1429 1035 1504 supernis.
1049 1429 1128 1486 De
1140 1428 1328 1496 quibus
1345 1427 1630 1498 supernis?
1647 1427 1725 1482 De
1742 1425 1900 1480 aere?

303 1524 473 1584 Absit
503 1541 519 1577 :
547 1521 620 1578 ibi
649 1531 702 1577 et
727 1536 854 1578 aves
879 1521 1115 1576 volitant.
1162 1520 1240 1574 De
1281 1518 1418 1576 coelo
1456 1517 1594 1588 quod
1620 1516 1902 1572 videmus?

301 1613 383 1674 Et
421 1613 529 1672 hoc
555 1613 724 1678 absit;
755 1611 828 1667 ibi
856 1619 908 1666 et
925 1611 1100 1670 stellas
1129 1618 1184 1666 et
1209 1610 1289 1664 sol
1318 1618 1374 1666 et
1401 1609 1524 1665 luna
1551 1609 1898 1664 circumeunt.

305 1711 395 1770 De
421 1709 680 1782 Angelis?
703 1707 887 1779 Neque
912 1706 1015 1762 hoc
1039 1705 1342 1778 intelligatis
1375 1723 1388 1760 :
1419 1719 1513 1774 per
1542 1704 1688 1758 illum
1713 1711 1767 1758 et
1792 1703 1903 1758 An-

305 1802 419 1873 geli
446 1801 570 1856 facti
593 1807 749 1864 sunt,
778 1814 872 1869 per
900 1812 1058 1869 quem
1092 1798 1270 1855 omnia
1293 1797 1430 1850 facta
1451 1804 1592 1850 sunt.
1617 1796 1691 1850 De
1714 1795 1903 1864 quibus

309 1907 448 1963 ergo
473 1891 717 1962 supernis
746 1889 1026 1946 Christus?
1053 1888 1134 1944 Ab
1165 1888 1282 1958 ipso
1303 1887 1484 1942 Patre.
1511 1885 1650 1941 Nihil
1681 1886 1771 1940 illo
1791 1886 1903 1942 Deo

313 1985 585 2054 superius,
603 1984 699 2054 qui
724 1982 955 2039 Verbum
975 1981 1160 2052 genuit
1182 1979 1388 2052 aequale
1425 1979 1548 2046 sibi,
1575 1987 1900 2034 coaeternum

309 2075 441 2140 sibi,
471 2073 822 2144 unigenitum,
851 2072 969 2128 sine
998 2079 1237 2145 tempore
1257 2111 1275 2135 ,
1315 2085 1410 2140 per
1451 2083 1609 2138 quem
1652 2067 1905 2122 conderet

305 2173 582 2234 tempora.
615 2163 704 2220 Sic
744 2177 872 2235 ergo
905 2162 1088 2231 accipe
1129 2160 1397 2216 Christum
1439 2159 1506 2214 de
1549 2157 1813 2230 supernis,
1852 2165 1906 2212 ut

313 2255 553 2313 excedas
576 2254 897 2326 cogitatione
942 2263 1027 2307 tua
1065 2266 1226 2308 omne
1252 2250 1394 2322 quod
1421 2251 1616 2306 factum
1645 2257 1760 2315 est;
1790 2249 1906 2303 uni-

317 2363 534 2406 versam
575 2345 794 2406 omnino
821 2354 1129 2404 creaturam
1153 2385 1168 2414 ,
1214 2358 1373 2399 omne
1420 2356 1612 2413 corpus
1636 2383 1652 2409 ,
1693 2357 1906 2396 omnem

317 2439 596 2498 conditum
623 2436 889 2506 Spiritum,
922 2450 1134 2492 omnem
1173 2449 1288 2491 rem
1332 2447 1545 2504 quoquo
1580 2432 1738 2488 modo
1785 2448 1906 2487 mu-

319 2524 541 2582 tabilem
573 2539 588 2576 :
619 2531 786 2576 totum
829 2519 1029 2576 excedo
1053 2560 1068 2585 ,
1115 2519 1251 2573 sicut
1295 2517 1522 2574 excessit
1556 2515 1806 2581 Joannes,
1851 2523 1909 2570 ut

321 2615 676 2686 contingeret,
710 2613 776 2668 In
799 2613 1052 2684 principio
1078 2619 1184 2665 erat
1222 2609 1458 2680 Verbum,
1486 2617 1531 2664 et
1563 2607 1782 2665 Verbum
1802 2615 1909 2663 erat

315 2707 463 2777 apud
489 2705 678 2770 Deum,
706 2714 754 2762 et
781 2703 915 2762 Deus
943 2711 1049 2756 erat
1086 2701 1321 2758 Verbum.

396 2802 453 2857 5.
484 2799 600 2873 Ego
622 2814 766 2870 ergo,
801 2797 994 2869 inquit,
1042 2796 1104 2850 de
1141 2794 1372 2866 supernis
1405 2809 1532 2848 smn.
1577 2791 1678 2847 Vos
1713 2791 1774 2846 de
1815 2792 1910 2845 hoc

324 2894 517 2948 mdo
543 2893 660 2948 estis
691 2907 709 2945 :
746 2907 835 2961 ego
871 2906 973 2944 non
1009 2904 1120 2941 sum
1162 2887 1223 2940 de
1262 2890 1355 2940 hoc
1392 2885 1600 2939 mundo.
1644 2885 1766 2939 Dixi
1794 2901 1909 2956 ergo

324 2987 463 3042 vobis
485 2986 607 3058 quia
631 2982 911 3038 moriemini
927 2982 980 3034 in
1001 2979 1216 3050 peccatis
1237 2979 1429 3032 vestris.
1461 2976 1714 3046 Exposuit
1734 2976 1907 3042 nobis,

323 3081 542 3146 fratres,
565 3077 691 3148 quid
717 3075 940 3145 intelligi
960 3073 1208 3138 voluerit,
1242 3070 1340 3125 Vos
1363 3071 1423 3127 de
1449 3071 1543 3124 hoc
1569 3071 1754 3122 mundo
1771 3068 1907 3122 est-is.

315 3171 450 3234 ,Ιιιοο
476 3170 674 3242 quippe
704 3167 854 3234 dixit,
893 3164 994 3220 Vos
1022 3165 1084 3218 de
1110 3167 1204 3218 hoc
1246 3162 1432 3216 nuntdo
1463 3163 1598 3226 estis,
1632 3161 1754 3231 quia
1783 3175 1909 3229 pec-

326 3272 540 3322 eatores
567 3268 754 3326 erant,
783 3259 905 3329 quia
935 3256 1100 3326 iniqui
1125 3262 1296 3322 erant,
1321 3254 1441 3323 quia
1469 3253 1708 3306 inﬁdeles
1737 3258 1906 3316 erant,

329 3358 449 3429 quia
493 3364 711 3414 terrena
755 3350 1050 3422 sapiebant.
1095 3347 1228 3403 Nam
1272 3345 1396 3416 quid
1426 3345 1575 3399 vobis
1613 3343 1821 3398 videtur
1848 3342 1914 3396 de

327 3443 858 3520 sanctisApostolis?
901 3442 1166 3508 Quantum
1210 3440 1466 3494 intererat
1512 3439 1647 3492 inter
1702 3435 1914 3491 Judzeos

329 3551 384 3600 et
426 3535 762 3612 Apostolos?
803 3534 1067 3604 Quantum
1115 3532 1252 3585 inter
1313 3529 1558 3583 tenebras
1601 3535 1654 3581 et
1698 3527 1868 3580 lucem
1895 3565 1912 3592 ,

330 3639 587 3702 quantum
619 3629 758 3684 inter
785 3625 946 3680 ﬁdem
993 3631 1047 3679 et
1074 3621 1466 3685 inﬁdelitatem,
1504 3628 1755 3688 quantum
1779 3618 1916 3671 inter

331 3722 586 3793 pictatem
617 3727 672 3776 et
714 3718 1060 3787 impietatem,
1090 3722 1345 3784 quantum
1385 3713 1521 3765 inter
1561 3726 1710 3781 spem
1739 3720 1791 3764 et
1821 3709 1916 3764 dc-

333 3814 688 3885 sperationem
711 3853 729 3877 ,
759 3818 1012 3882 quantum
1053 3807 1188 3861 inter
1215 3804 1528 3860 charitatem
1567 3811 1621 3859 et
1658 3801 1916 3872 cupidita-

335 3915 440 3962 tem
463 3921 477 3957 :
501 3903 728 3960 multum
750 3915 877 3972 ergo
898 3901 1171 3954 intererat.
1211 3895 1347 3966 Quid
1373 3895 1533 3970 ergo?
1558 3894 1680 3966 quia
1711 3902 1914 3949 tantum

331 3998 629 4061 intererat,
663 3993 903 4065 Apostoli
944 3991 1010 4046 de
1048 3988 1248 4046 mundo
1275 4003 1381 4042 non
1405 3987 1588 4041 erant?
1618 3987 1674 4041 Si
1715 3985 1916 4056 cogites

335 4091 602 4164 quomodo
631 4088 741 4144 nati
768 4088 890 4154 sint,
923 4097 978 4143 et
1016 4086 1154 4142 unde
1182 4083 1464 4148 venerint;
1495 4082 1616 4152 quia
1643 4094 1828 4135 omnes
1848 4093 1916 4136 ex

326 4186 504 4247 Adam
533 4182 888 4248 venerant,'dc
915 4181 1013 4236 hoc
1038 4178 1236 4234 mundo
1263 4183 1430 4232 erant.
1459 4174 1563 4230 Sed
1591 4172 1717 4243 quid
1743 4172 1822 4226 eis
1843 4170 1916 4225 ait

334 4277 447 4347 ipse
495 4272 792 4329 Dominus?
833 4272 941 4344 Ego
983 4287 1066 4325 vos
1128 4269 1189 4323 de
1236 4267 1424 4322 mundo
1477 4265 1602 4336 elegi
1634 4265 1648 4294 ¹
1683 4262 1791 4335 (Id.
1821 4277 1911 4328 xv,

339 4367 447 4440 i9).
497 4366 600 4436 Qui
652 4379 781 4436 ergo
822 4364 888 4419 de
936 4360 1133 4417 mundo
1174 4367 1344 4424 erant,
1390 4356 1512 4411 facti
1549 4363 1671 4409 sunt
1708 4369 1813 4412 non
1849 4353 1918 4408 de

335 4458 556 4524 mundo,
611 4466 664 4512 et
705 4456 968 4526 pertinere
1017 4459 1289 4523 ccepcrunt
1335 4448 1403 4504 ad
1449 4463 1570 4503 eum
1617 4462 1712 4516 per
1753 4459 1915 4518 quem

337 4547 506 4604 factus
530 4556 614 4603 est
641 4547 888 4602 mundus.
937 4544 1028 4600 lsti
1071 4554 1248 4598 autem
1294 4547 1664 4596 remanserunt
1695 4553 1813 4593 esse
1850 4538 1916 4605 de

337 4643 572 4716 mundo,
608 4641 796 4714 quibus
837 4640 1036 4696 dictum
1080 4647 1163 4696 est
1173 4677 1198 4712 ,
1254 4633 1545 4694 Moriemini
1593 4633 1648 4688 in
1695 4633 1917 4708 peccatis

338 4735 533 4789 vestris.
1855 4797 1858 4800 .

407 4825 461 4880 6.
509 4823 680 4880 Nemo
721 4835 847 4893 ergo
889 4821 1049 4887 dicat,
1080 4817 1290 4885 fratres,
1319 4815 1395 4872 De
1429 4815 1533 4869 hoc
1571 4812 1768 4870 mundo
1810 4827 1918 4868 non

329 4937 475 4984 .snm.
504 4920 753 4992 Quisquis
786 4933 844 4975 es
882 4919 1062 4985 homo,
1092 4915 1157 4972 de
1187 4916 1288 4970 hoc
1322 4913 1519 4969 mundo
1538 4928 1598 4969 es
1627 4913 1755 4968 :sed
1775 4912 1920 4968 venit

339 5015 404 5070 ad
432 5023 486 5071 te
509 5013 600 5085 qui
625 5012 751 5076 fecit
777 5010 1052 5078 mundum,
1079 5017 1133 5064 et
1158 5007 1398 5064 liberavit
1419 5015 1469 5061 te
1488 5006 1556 5062 de
1576 5006 1678 5060 hoc
1697 5003 1914 5059 mundo.

333 5108 396 5168 .Si
443 5108 676 5165 delectat
718 5114 771 5162 te
805 5104 1053 5172 mundus,
1085 5117 1296 5174 semper
1321 5101 1399 5156 vis
1427 5115 1544 5156 esse
1575 5099 1916 5166 immundus;

342 5203 385 5258 si
411 5210 593 5260 autem
627 5200 736 5270 jam
763 5213 865 5254 non
895 5205 946 5253 te
968 5196 1196 5256 delectat
1223 5195 1310 5252 hic
1334 5193 1562 5249 mundus
1585 5236 1598 5258 ,
1621 5194 1731 5263 jam
1763 5202 1821 5246 tu
1861 5206 1919 5247 es

341 5294 592 5350 mundus.
638 5291 1014 5349 Verumtamen
1052 5289 1098 5344 si
1148 5304 1243 5360 per
1281 5289 1510 5357 aliquam
1559 5285 1917 5339 inﬁrmitatem

343 5387 513 5441 adhuc
540 5393 594 5439 te
617 5383 842 5438 delectat
865 5381 1114 5446 mundus,
1143 5381 1344 5436 habitet
1379 5379 1430 5433 in
1465 5386 1515 5433 te
1541 5379 1629 5448 qui
1657 5375 1914 5442 mundat,

337 5487 395 5538 et
417 5479 524 5537 eris
550 5476 800 5536 mundus.
833 5475 888 5531 Si
927 5484 1102 5532 autem
1143 5473 1305 5530 fueris
1340 5469 1585 5536 mundus,
1613 5486 1714 5524 non
1739 5485 1918 5528 rema-

343 5571 493 5628 nebis
527 5570 582 5624 in
611 5568 844 5635 mundo;
876 5583 976 5624 nec
1004 5566 1184 5624 audies
1213 5565 1352 5636 quod
1393 5565 1672 5618 audierunt
1705 5563 1871 5617 Judaei
1899 5605 1914 5631 ,

347 5661 635 5716 Moriemini
655 5663 705 5714 in
733 5661 944 5734 peccatis
965 5658 1370 5713 vestris.0nmes
1396 5657 1534 5710 enim
1558 5672 1678 5731 cum
1701 5664 1917 5725 peccato

347 5755 452 5810 nati
482 5770 700 5819 sumus;
730 5768 914 5809 omnes
950 5751 1176 5806 vivendo
1205 5751 1270 5806 ad
1296 5750 1346 5804 id
1373 5749 1513 5821 quod
1556 5748 1666 5805 nati
1705 5762 1916 5806 eramus

411 5868 428 5900 ι
448 5875 571 5930 uss,
598 5874 694 5933 Ego
715 5877 792 5917 vos
817 5865 875 5917 de
898 5863 985 5916 hoc
1009 5863 1184 5916 mundo
1207 5862 1343 5930 elegi.

1375 392 1786 476 TRACTATUS
1824 391 2111 485 ξίΧΧἫΙΙ.
2153 392 2377 456 CAPUT
2416 396 2553 454 Vill.

3442 408 3579 468 1678

2001 507 2320 576 addidimus.
2333 512 2605 582 magisque
2626 512 2904 570 demendo
2922 514 3258 584 facti'sumus,
3277 535 3432 590 quam
3453 530 3576 582 tunc

2001 601 2211 672 quando
2243 602 2309 660 de
2336 604 2645 674 parentibus
2671 607 2866 662 nostris
2890 601 3000 678 nati
3039 624 3241 664 sumus.
3271 611 3339 666 Et
3369 612 3462 672 ubi
3491 628 3580 670 es-

2002 704 2200 758 semus,
2225 692 2270 748 si
2300 694 2388 750 ille
2421 708 2528 759 non
2565 697 2791 761 veniret,
2834 698 2922 770 qui
2958 714 3066 778 non
3105 699 3332 757 habebat
3361 704 3580 761 omnino

2003 791 2276 851 peccatum
2320 784 2360 848 ί,
2407 793 2465 838 ιιι
2503 785 2734 842 solveret
2774 802 2931 843 omne
2976 792 3295 858 peccatum?
3324 791 3380 848 ln
3420 808 3577 864 quem

2002 872 2169 928 Judaei
2197 876 2317 945 quia
2356 892 2461 931 non
2499 878 2804 946 credebant,
2830 881 3024 938 merito
3048 883 3361 953 audierunt,
3394 885 3584 942 Morie-

2004 964 2127 1027 mini
2169 966 2220 1018 in
2259 968 2478 1036 peccatis
2516 971 2689 1024 vestris
2723 987 2742 1024 :
2772 973 2891 1044 quia
2933 988 3041 1029 non
3083 975 3278 1032 habere
3308 988 3582 1048 peccatum

2003 1056 2149 1109 nullo
2174 1055 2334 1111 modo
2359 1057 2604 1128 potuistis
2625 1102 2639 1126 ,
2669 1062 2757 1132 qui
2785 1077 2903 1116 cum
2927 1073 3147 1134 peccato
3170 1067 3278 1120 nati
3303 1070 3430 1124 estis
3450 1112 3465 1137 ,
3488 1070 3582 1125 sed

2006 1154 2180 1200 tamen
2203 1147 2246 1201 si
2271 1147 2450 1216 inme,
2479 1150 2667 1220 inquit,
2693 1153 3043 1222 credideritis,
3072 1171 3192 1218 cum
3221 1167 3438 1228 peccato
3459 1162 3581 1231 qui-

2005 1237 2125 1292 dem
2166 1240 2273 1293 nati
2319 1241 2466 1306 estis,
2511 1243 2604 1298 sed
2647 1244 2697 1298 in
2732 1255 2949 1314 peccato
2985 1232 3164 1304 vestro
3204 1252 3446 1306 morituri
3474 1267 3583 1308 non

2007 1331 2153 1384 estis.
2185 1331 2316 1388 Tota
2345 1348 2470 1403 ergo
2499 1333 2782 1391 infelicitas
2812 1337 3114 1395 Judteorum
3138 1342 3256 1412 ipsa
3285 1352 3418 1412 erat,
3451 1358 3582 1410 non,

2005 1433 2276 1492 peccatum
2309 1425 2522 1491 habere,
2552 1427 2645 1482 sed
2676 1429 2726 1482 in
2757 1432 2984 1499 peccatis
3011 1433 3162 1486 mori.
3197 1433 3308 1490 lloc
3334 1442 3413 1491 est
3441 1435 3584 1506 quod

2005 1514 2162 1570 debet
2213 1514 2393 1587 fugere
2445 1520 2619 1574 omnis
2671 1519 2990 1577 christianos
3041 1542 3053 1576 :
3111 1534 3322 1596 prepter
3371 1527 3476 1583 hoc
3517 1528 3585 1583 ad

2005 1605 2328 1676 Baptismum
2360 1611 2621 1677 curritur;
2671 1620 2887 1684 propter
2913 1615 3016 1670 hoc
3044 1617 3131 1685 qui
3160 1618 3470 1687 aegritudine
3497 1621 3583 1677 vel

2006 1699 2218 1754 aliunde
2239 1701 2629 1770 periclitantur,
2657 1704 2755 1762 sibi
2785 1703 3088 1761 desiderant
3108 1709 3410 1776 subveniri;
3462 1725 3588 1780 pro-

2005 1798 2127 1864 pter
2155 1792 2255 1848 hoc
2275 1794 2432 1849 etiam
2459 1811 2650 1865 sugens
2675 1799 2925 1866 parvulus
2946 1815 2974 1852 a
3006 1809 3172 1856 matre
3215 1799 3314 1872 piis
3343 1803 3586 1859 manibus

2011 1884 2076 1938 ad
2118 1885 2409 1940 Ecclesiam
2439 1887 2639 1952 fertur,
2674 1905 2740 1944 ne
2769 1889 2884 1946 sine
2909 1891 3177 1963 Baptismo
3205 1902 3365 1950 exeat
3388 1938 3402 1961 ,
3442 1903 3497 1950 et
3531 1894 3590 1951 in

2007 1986 2230 2047 peccato
2281 1994 2388 2049 quo
2431 1989 2585 2035 natus
2625 1993 2704 2036 est
2743 1984 3017 2039 moriatur.
3063 1985 3426 2042 lnl'elicissima
3457 2003 3588 2044 con-

2009 2067 2156 2136 ditio,
2190 2070 2384 2125 misera
2415 2087 2531 2126 sors
2562 2074 2804 2140 istorum,
2833 2077 2921 2146 qui
2967 2077 3033 2132 de
3071 2093 3164 2134 ore
3206 2080 3442 2136 veridico
3488 2096 3586 2136 au-

2011 2158 2246 2226 dierunt,
2280 2160 2343 2214 In
2371 2163 2584 2232 peccatis
2614 2167 2787 2220 vestris
2813 2168 3111 2222 moriemini.

2081 2250 2302 2306 7.Unde
2321 2262 2492 2308 tamen
2515 2255 2616 2309 hoc
2636 2256 2712 2311 eis
2740 2259 3028 2329 contingat,
3061 2262 3285 2330 exponit
3311 2279 3326 2316 :
3357 2262 3418 2319 Si
3454 2265 3585 2319 enim

1987 2357 2112 2409 non
2154 2342 2461 2396 credideritis
2504 2345 2624 2413 quia
2670 2362 2760 2416 ego
2809 2364 2939 2414 smn,
2981 2350 3264 2405 moriemini
3299 2352 3353 2406 in
3377 2353 3594 2422 peccatis

2010 2435 2202 2487 vestris.
2233 2433 2424 2500 Credo,
2457 2433 2676 2502 fratres,
2710 2436 2764 2491 in
2794 2437 2881 2492 illa
2911 2440 3245 2497 multitudine
3274 2459 3390 2513 (ποτε
3414 2445 3595 2500 Domi-

2008 2530 2141 2578 num
2170 2526 2438 2594 audiebat,
2463 2537 2514 2582 et
2541 2544 2632 2585 cos
2661 2529 2822 2585 fuisse
2849 2531 2936 2600 qui
2965 2533 3212 2588 credituri
3240 2545 3407 2591 erant.
3434 2537 3596 2605 Quasi

2011 2627 2186 2672 autem
2216 2619 2267 2672 in
2300 2634 2484 2675 omnes
2505 2631 2837 2690 processerat
2853 2624 3188 2680 severissima
3206 2627 3291 2682 illa
3308 2630 3592 2699 sententia,

2013 2707 2079 2762 In
2114 2719 2317 2778 peccato
2346 2722 2506 2765 vestro
2535 2714 2857 2777 moriemini;
2889 2730 2952 2769 ac
2989 2731 3085 2785 per
3116 2717 3214 2772 hoc
3256 2726 3311 2774 et
3355 2719 3460 2775 illis
3507 2723 3597 2792 qui

2013 2801 2263 2856 credituri
2291 2810 2460 2866 erant,
2508 2817 2630 2872 spes
2679 2814 2793 2858 erat
2835 2805 3008 2861 ablata
3036 2824 3048 2859 :
3079 2808 3154 2861 illi
3186 2809 3491 2877 saeviebant,
3519 2812 3597 2868 illi

2013 2890 2300 2957 timebant;
2330 2892 2437 2946 imo
2463 2907 2567 2947 non
2602 2895 2857 2949 timebant
2880 2938 2895 2962 ,
2946 2888 3040 2951 sed
3080 2898 3188 2966 jam
3216 2897 3592 2969 desperabant.

2012 2979 2300 3036 Revocavit
2325 2997 2417 3038 eos
2445 2984 2497 3038 in
2525 2999 2710 3053 spem;
2754 2985 2993 3055 adjunxit
3035 2989 3199 3055 enim,
3233 2988 3294 3045 Si
3316 3007 3416 3045 non
3435 2994 3599 3047 credi-

2015 3075 2185 3128 deritis
2218 3076 2336 3145 quia
2386 3093 2476 3147 ego
2528 3095 2672 3143 sum,
2709 3081 2989 3133 moriemini
3039 3081 3093 3135 in
3147 3083 3360 3151 peccatis
3400 3088 3595 3141 uestris.

2015 3165 2157 3236 Ergo
2207 3168 2252 3220 si
2299 3167 2632 3222 credideritis
2676 3170 2793 3239 quia
2842 3186 2940 3239 ego
2980 3186 3120 3239 sum,
3162 3189 3265 3227 non
3298 3176 3599 3236 moriemini

2016 3257 2069 3316 in
2110 3259 2338 3327 peccatis
2379 3259 2590 3314 vestris.
2640 3259 2861 3315 Reddita
2899 3269 2980 3316 est
3009 3277 3129 3333 spes
3158 3263 3600 3337 desiverantibus,

2017 3350 2266 3404 cxcitatio
2310 3349 2450 3405 facta
2491 3362 2571 3406 est
2601 3350 3006 3419 dormientibus,
3039 3353 3285 3410 cordibus
3315 3358 3600 3428 evigilave-

2016 3450 2142 3496 runt
2171 3459 2182 3493 :
2215 3441 2339 3496 inde
2367 3442 2576 3511 plurimi
2604 3443 2961 3506 crediderunt,
2987 3445 3119 3499 sicut
3141 3446 3412 3518 Evangelii
3435 3449 3602 3518 ipsius

2017 3535 2395 3602 consequentia
2450 3542 2728 3587 testantur.
2788 3535 2952 3588 Erant
3002 3536 3143 3591 enim
3203 3537 3312 3592 illic
3361 3540 3600 3597 membra

2018 3624 2249 3691 Christi,
2301 3640 2417 3694 quae
2462 3626 2694 3680 nondum
2734 3625 3065 3682 adhaeserant
3101 3631 3311 3700 corpori
3352 3630 3595 3688 Christi:

2020 3724 2073 3770 et
2099 3717 2148 3769 in
2181 3716 2271 3769 illo
2299 3717 2492 3785 populo
2518 3731 2546 3770 a
2577 3732 2682 3785 quo
2709 3717 2994 3772 cruciﬁxus
3023 3727 3123 3785 est,
3153 3728 3190 3773 a’
3212 3735 3317 3790 quo
3359 3721 3413 3776 in
3453 3721 3598 3794 ligno

2019 3821 2308 3877 suspensus
2333 3817 2432 3873 est,
2464 3823 2494 3862 a
2519 3822 2625 3879 quo
2654 3809 2888 3878 pendens
2907 3810 3098 3866 irrisus
3113 3819 3213 3878 est,
3232 3827 3262 3866 a
3287 3828 3392 3884 quo
3411 3813 3598 3872 lancea

2021 3903 2328 3958 vulneratus
2359 3913 2459 3969 est,
2491 3917 2521 3956 a
2550 3917 2654 3973 quo
2683 3902 2803 3958 felle
2825 3911 2880 3958 et
2907 3913 3058 3958 aceto
3083 3912 3416 3975 potatus'est,
3442 3918 3597 3965 erant

2021 3997 2256 4053 membra
2281 3995 2496 4062 Christi,
2526 4011 2621 4067 pro
2650 3995 2837 4066 quibus
2864 3996 3017 4061 dixit,
3047 3995 3223 4064 Pater,
3244 3998 3447 4069 ignosce
3469 4000 3595 4068 illis,

2019 4092 2136 4163 quia
2161 4091 2386 4145 nesciunt
2416 4091 2538 4155 quid
2565 4091 2778 4162 faciunt.
2810 4089 2946 4156 Quid
2974 4098 3149 4146 autem
3189 4106 3447 4148 converso
3488 4109 3598 4150 non

2021 4183 2324 4255 ignoscitur,
2352 4182 2394 4236 si
2423 4180 2568 4236 fusus
2607 4180 2799 4237 Christi
2840 4183 3050 4254 sanguis
3095 4182 3418 4253 ignoscitur?
3463 4184 3594 4252 Quis

2020 4273 2281 4328 homicida
2308 4273 2573 4344 desperet,
2594 4273 2637 4328 si
2660 4274 2709 4327 in
2733 4288 2880 4344 spem
2902 4271 3137 4329 redditus
3163 4281 3244 4328 est
3263 4288 3294 4329 a
3313 4289 3418 4344 quo
3437 4276 3598 4331 etiam

2020 4364 2260 4420 Christus
2287 4365 2492 4420 occisus
2519 4365 2637 4420 est?
2665 4363 3016 4420 Crediderunt
3039 4364 3162 4420 inde
3181 4365 3354 4432 multi;
3371 4365 3599 4423 donatus

2021 4464 2102 4512 est
2140 4456 2218 4511 eis
2262 4456 2474 4527 sanguis
2509 4454 2741 4521 Christi,
2772 4464 2831 4510 ut
2873 4457 3039 4527 magis
3068 4469 3188 4511 eum
3218 4456 3466 4513 biberent
3489 4473 3598 4528 quo

2020 4548 2390 4614 liberarentur,
2422 4565 2577 4620 quam
2606 4548 2682 4604 rei
2707 4549 2773 4605 de
2803 4549 2894 4604 illo
2910 4547 3078 4605 eﬁ‘uso
3101 4558 3412 4607 tenerentur
3438 4569 3452 4607 ε
3479 4553 3597 4623 quis

2020 4640 2297 4710 desperet?
2326 4642 2389 4694 Et
2416 4641 2460 4695 si
2491 4642 2540 4694 in
2568 4656 2727 4695 cruce
2749 4642 2890 4696 latro
2913 4641 3145 4697 salvatus
3173 4651 3273 4705 est.
3318 4652 3441 4699 ante
3469 4658 3598 4712 pan.

2019 4732 2186 4788 lulum
2238 4731 2537 4798 homicida,
2603 4740 2723 4801 post
2775 4733 3049 4802 paululum
3096 4742 3408 4799 accusatus,
3461 4747 3596 4789 con-

2019 4826 2189 4880 victus
2212 4865 2227 4890 ,
2255 4825 2554 4891 damnatus,
2584 4839 2871 4894 suSpensns
2891 4868 2903 4890 ,
2929 4826 3216 4892 liberatus;
3246 4825 3356 4881 noli
3390 4825 3592 4880 mirari.

2020 4919 2122 4976 Ubi
2163 4919 2454 4985 convictus,
2487 4918 2558 4973 ibi
2585 4917 2864 4973 damnatus
2897 4935 2910 4972 :
2943 4917 3036 4973 sed
3067 4918 3138 4972 ibi
3181 4919 3462 4983 liberatus,
3505 4915 3596 4972 ubi

2020 5017 2252 5064 mutatus
2284 5007 2428 5081 (Luc.
2460 5023 2607 5074 smn,
2641 5008 2856 5079 54-4-5).
2887 5007 2947 5062 'ln
2976 5008 3079 5063 hoc
3117 5023 3243 5079 ergo
3279 5006 3470 5078 populo
3506 5007 3596 5062 cui

2021 5101 2275 5155 Dominus
2296 5101 2628 5170 loquebatur,
2647 5107 2798 5155 erant
2823 5102 2911 5171 qui
2940 5101 2993 5153 in
3019 5108 3234 5170 peccato
3258 5111 3356 5153 suo
3379 5094 3595 5152 fuerant

2023 5193 2266 5248 morituri
2301 5211 2312 5246 :
2344 5201 2495 5248 erant
2518 5194 2677 5247 etiam
2703 5193 2794 5262 qui
2835 5193 2884 5246 in
2924 5191 3092 5262 ipsum
3118 5189 3206 5260 qui
3235 5189 3549 5259 loquebatur
3576 5231 3592 5256 ,

2023 5286 2230 5342 fuerant
2257 5285 2525 5350 credituri,
2558 5291 2614 5339 et
2641 5284 2707 5338 ab
2731 5283 2876 5338 omni
2899 5290 3114 5352 peccato
3145 5279 3419 5334 liberandi.

2093 5379 2143 5433 8.
2176 5377 2372 5430 Tamen
2402 5376 2502 5431 hoc
2530 5375 2742 5430 attende
2770 5373 2907 5446 quod
2934 5375 3008 5427 ait
3034 5370 3285 5426 Dominus
3310 5372 3552 5427 Christus
3577 5391 3591 5427 ε

2024 5470 2084 5526 Si
2112 5488 2212 5525 non
2246 5469 2550 5523 credideritis
2573 5469 2690 5538 quia
2732 5483 2822 5538 ego
2864 5483 2994 5532 sum,
3050 5466 3326 5519 moriemini
3377 5467 3430 5521 in
3482 5483 3595 5536 pec-

2022 5565 2144 5616 catis
2183 5564 2370 5617 vestris.
2423 5560 2557 5628 Quid
2611 5568 2709 5624 est,
2763 5559 2822 5613 Si
2863 5575 2961 5611 non
3010 5558 3317 5612 credideritis
3357 5558 3475 5626 quia
3504 5573 3610 5645 egol

2016 5658 2168 5715 sum?
2208 5655 2321 5729 Ego
2365 5672 2501 5717 sum.
2551 5654 2711 5722 quid?
2755 5653 2893 5708 Nihil
2940 5652 3169 5717 addidit;
3198 5661 3261 5714 et
3299 5651 3422 5721 quia
3463 5649 3593 5704 nihil

2022 5747 2259 5812 addidit,
2307 5746 2527 5808 multum
2570 5742 2815 5820 estquod
2853 5743 3260 5797 commendavit.
3304 5741 3592 5809 Exspecta-

2087 5861 2104 5892 ι
2128 5865 2258 5920 Mss,
2280 5855 2364 5923 qui
2383 5870 2474 5907 non
2497 5855 2692 5907 habebat
2716 5860 2996 5921 percolunt;
3018 5855 3357 5920 pnetcrmisso,
3380 5842 3589 5900 omnino.

3599 6092 3626 6100 1
