4082 6474
527 341 668 402 1679

522 464 685 523 batur
744 443 888 515 enim
952 440 1024 508 ui"
1067 433 1276 514 diceret
1341 439 1470 514 quid
1531 446 1708 505 esset,
1775 449 1876 490 nec
1939 439 2117 486 tamen

525 555 680 615 dixit.
712 549 846 621 Quid
878 523 1284 616 exspectabatur
1310 544 1367 590 ut
1391 532 1622 588 diceret?
1648 529 1829 590 Forte,
1859 526 1977 621 Nisi
2005 539 2115 621 cre-

528 618 760 707 dideritii
802 643 924 712 quia
951 655 1042 710 ego
1065 653 1176 691 sum
1214 632 1485 692 Christus;
1528 626 1623 679 nisi
1651 620 1962 677 credideritis
2000 618 2120 689 quia

526 761 621 818 ego
669 756 784 798 sum
833 735 928 790 Dei
983 731 1182 792 Filius;
1237 725 1335 818 nisi
1375 719 1688 818 credideritis
1730 717 1848 786 quia
1885 727 2118 818 ego

526 803 762 891 Ferbum
791 827 998 890 Patris;
1032 821 1130 875 nisi
1158 814 1469 872 credideritis
1493 811 1614 882 quia
1640 825 1730 879 ego
1745 823 1856 861 sum
1872 803 2118 859 conditor

525 927 712 987 mundi
733 942 748 989 ;
779 921 878 976 nisi
902 913 1216 972 credideritis
1240 910 1357 977 quia
1374 923 1464 978 ego
1483 921 1594 959 sum
1615 900 1842 956 hominis
1865 898 2119 989 formator

525 1029 582 1078 et
606 987 945 1075 reformator,
965 1015 1176 1063 creator
1199 1011 1254 1057 et
1277 1008 1569 1062 recreator,
1594 992 1758 1047 factor
1775 999 1830 1044 et
1849 987 2076 1042 reiactor
2100 1002 2114 1039 :

526 1113 625 1170 nisi
657 1112 757 1166 hoc
786 1099 1100 1160 credideritis
1127 1095 1244 1168 quia
1271 1107 1362 1164 ego
1391 1105 1525 1154 sum,
1574 1082 1857 1138 moriemini
1899 1081 1952 1133 in
1998 1093 2117 1149 pec-

527 1206 655 1263 catis
683 1199 877 1257 uestris.
904 1193 1124 1251 Multum
1153 1196 1238 1244 est
1273 1182 1416 1256 quod
1443 1181 1517 1236 ait
1543 1179 1738 1248 ipsum,
1767 1173 1881 1245 Ego
1909 1188 2023 1226 sum
2049 1171 2063 1200 ¹
2100 1186 2114 1222 :

525 1297 651 1369 quia
678 1295 754 1349 sic
781 1291 988 1347 dixerat
1038 1292 1092 1338 et
1127 1283 1270 1336 Deus
1313 1273 1514 1347 Moysi,
1551 1270 1663 1369 Ego
1847 1266 1944 1369 ‘qui
1979 1280 2116 1369 sunt.

525 1354 658 1456 Quis
687 1385 845 1454 digne
871 1381 1149 1449 eloquatur
1185 1369 1310 1441 quid
1356 1368 1458 1433 sit,
1499 1362 1653 1418 sum?
1699 1356 1937 1456 Mittebat
1979 1354 2118 1408 Deus

528 1448 625 1556 per
650 1448 895 1550 angelum
925 1448 1101 1536 suum,
1134 1479 1348 1523 servum
1373 1474 1527 1515 suum
1550 1455 1772 1556 Moysen.
1788 1450 1854 1506 ad
1885 1448 2119 1556 liberan-

528 1542 658 1635 dum
704 1542 771 1631 ex
802 1571 1034 1641 IEgypto
1073 1561 1324 1635 populum
1371 1569 1526 1610 suum
1575 1547 1806 1641 (legistis
1847 1542 1989 1641 quod
2019 1555 2116 1594 au-

526 1671 683 1730 distis
704 1710 720 1736 ,
773 1676 828 1721 et
870 1638 1065 1723 nostis;
1093 1664 1456 1711 commemoro
1485 1647 1714 1714 tamen);
1739 1638 1980 1736 mit—lebat
2007 1643 2117 1690 trc-

528 1731 794 1820 mente'm;
835 1758 1180 1820 excusantem
1209 1784 1225 1812 ,
1270 1741 1364 1798 sed
1411 1737 1771 1794 obedientem.
1813 1731 1947 1785 Cum
1991 1740 2119 1796 ergo

528 1817 829 1911 excusaret.
861 1817 1088 1904 ait'Deo,
1120 1853 1276 1910 quem
1309 1832 1450 1902 loqui
1476 1832 1524 1884 in
1547 1821 2118 1898 angeloiutellsgcbat:

530 1946 588 2004 Si
635 1943 827 2001 dixerit
871 1937 1000 1993 mihi
1042 1920 1288 2006 populus,
1339 1928 1405 1982 Et
1430 1924 1547 1994 quis
1574 1929 1658 1976 est
1688 1920 1828 1973 Deus
1856 1917 1944 1986 qui
1976 1913 2120 1969 misit

531 2047 618 2103 te,
665 2034 791 2105 qoid
846 2030 923 2086 eis
975 2023 1186 2082 dicam?
1227 2021 1293 2075 Et
1324 2017 1575 2072 Dominus
1604 2011 1670 2066 ad
1695 2025 1839 2108 emo,
1870 2007 1982 2077 Ego
2009 2021 2120 2108 sunt

529 2099 615 2202 qui
641 2099 751 2184 sum
782 2143 798 2181 :
827 2133 880 2180 et
906 2121 1168 2192 repetivit,
1203 2115 1349 2168 Dices
1378 2110 1498 2180 ﬁliis
1525 2106 1711 2168 Israel,
1739 2103 1840 2168 Qui
1869 2110 1962 2162 est,
1988 2099 2120 2202 niisit

531 2191 610 2278 ine
638 2219 706 2272 ad
733 2235 836 2272 vos.
865 2191 978 2270 Non
1011 2211 1085 2265 ait
1126 2218 1180 2264 et
1228 2207 1329 2270 ibi,
1379 2202 1492 2272 Ego
1517 2214 1634 2254 sum
1667 2198 1824 2260 Deus;
1853 2201 1977 2258 aut,
2009 2191 2120 2259 Ego

531 2329 650 2370 sum
693 2309 875 2366 mundi
919 2305 1238 2365 fabricator;
1280 2308 1401 2360 aut,
1445 2296 1554 2363 Ego
1595 2306 1712 2345 sum
1757 2287 1993 2342 omnium
2038 2299 2124 2337 re-

469 2466 472 2470 _
529 2422 648 2466 rum
699 2410 946 2464 creator;
989 2405 1098 2461 aut,
1143 2395 1252 2464 Ego
1288 2404 1406 2443 smn
1442 2385 1607 2456 ipsius
1642 2380 1819 2452 populi
1863 2374 2121 2432 liberandi

530 2503 851 2570 propagator
887 2509 898 2544 :
933 2489 1026 2545 sed
1059 2487 1160 2540 hoc
1189 2491 1414 2543 tantum,
1455 2478 1566 2548 Ego
1601 2473 1823 2570 sum
1851 2483 2017 2570 sum:
2030 2475 2082 2520 et
2102 2508 2117 2532 ,

531 2561 682 2645 inci»;
706 2561 828 2656 ﬁliis
855 2581 1041 2645 Israel,
1077 2578 1175 2642 Qui
1202 2585 1432 2638 est;non
1475 2568 1696 2630 addidit,
1717 2565 1816 2630 Qui
1853 2572 1934 2618 est
1982 2561 2123 2614 Deus

532 2655 730 2744 vester,
758 2671 847 2747 qui
889 2683 968 2729 est
1011 2674 1150 2725 Deus
1177 2676 1384 2737 patrum
1415 2671 1734 2722 vestrorum,
1775 2655 1868 2710 sed
1917 2661 2121 2706 tantmn

533 2774 636 2827 hoc
651 2771 803 2833 dixit,
831 2767 930 2832 Qui
955 2774 1047 2829 est,
1073 2761 1208 2815 misit
1238 2775 1316 2811 me
1345 2757 1410 2809 ad
1437 2770 1540 2806 vos.
1573 2750 1733 2804 Forte
1759 2748 1982 2802 multum
2009 2749 2126 2799 erat

534 2876 589 2922 et
618 2864 685 2919 ad
716 2864 887 2933 ipsum
915 2859 1154 2928 Moysen,
1184 2855 1315 2906 sicut
1348 2849 1574 2904 multum
1605 2852 1687 2899 est
1709 2852 1765 2897 et
1805 2841 1871 2894 ad
1903 2854 2000 2933 nos
2023 2879 2060 2933 ,_
2071 2844 2126 2891 et

532 2957 703 3012 multo
733 2929 901 3024 magis
928 2948 995 3003 ad
1029 2962 1144 3010 nos,
1171 2942 1469 3011 intelligere
1495 2937 1622 3008 quid
1651 2935 1851 2989 dictum
1883 2932 1954 3024 sit
1974 2929 2124 3024 ,_Ego

533 3067 645 3104 sum
674 3047 759 3118 qui
784 3021 932 3106 sum;
963 3050 1037 3106 et,
1071 3039 1172 3103 Qui
1202 3045 1295 3100 est,
1324 3032 1457 3086 misit
1484 3045 1561 3083 me
1588 3027 1655 3080 ad
1683 3042 1789 3080 vos.
1821 3025 1886 3078 Et
1913 3022 1957 3076 si
1989 3021 2126 3118 forte

535 3112 754 3211 caperet
809 3135 1020 3205 Moyses
1053 3171 1068 3195 ,
1123 3129 1198 3183 illi
1247 3125 1312 3180 ad
1363 3137 1500 3192 quos
1553 3119 1861 3211 mittebatur
1919 3112 2129 3211 quando

535 3205 828 3300 caperent?
862 3223 1069 3278 Distulit
1108 3234 1236 3288 ergo
1273 3213 1531 3270 Dominus
1559 3209 1700 3280 quod
1740 3221 1953 3300 capere
1964 3205 2128 3300 homo

539 3294 649 3376 non
696 3326 896 3389 posset,
929 3325 983 3370 et
1008 3310 1209 3365 addidit
1245 3305 1388 3378 quod
1419 3319 1611 3372 capere
1639 3307 1822 3370 posset
1849 3315 1861 3351 :
1891 3294 2130 3389 adjunxit

541 3388 770 3469 enimet
797 3411 889 3474 ait,
921 3405 1031 3476 Ego
1056 3421 1166 3458 sum
1195 3401 1334 3455 Deus
1362 3397 1638 3459 Abraham,
1685 3402 1731 3446 et
1773 3391 1914 3444 Deus
1955 3388 2125 3454 Isaac,

540 3517 589 3562 et
619 3505 759 3559 Deus
783 3499 944 3554 Jacob
972 3496 1166 3569 (Exod.
1199 3510 1276 3559 ιιι,
1309 3489 1524 3556 15-15).
1557 3487 1666 3540 lloc
1705 3493 1854 3555 potes
1897 3497 2085 3551 capere
2114 3498 2126 3534 :

540 3597 676 3654 Nam
705 3593 817 3663 Ego
837 3589 1052 3659 suntqui
1080 3602 1191 3640 sum
1210 3624 1226 3650 ,
1253 3599 1372 3652 quae
1399 3596 1548 3634 mens
1578 3586 1755 3648 potest
1777 3574 2003 3644 capere?

615 3687 671 3741 9.
711 3683 847 3751 Quid
874 3697 1000 3750 ergo
1032 3677 1169 3732 nos?
1200 3673 1582 3728 audebiumsne
1623 3667 1821 3737 aliquid
1854 3666 2034 3720 dicere
2065 3680 2132 3719 ex

545 3784 649 3835 hoc
676 3775 815 3848 quod
843 3775 1039 3828 dictum
1067 3779 1168 3834 est,
1197 3767 1309 3837 Ego
1338 3783 1448 3820 sum
1467 3764 1550 3834 qui
1572 3779 1684 3815 sum
1718 3777 1736 3815 :
1765 3763 1845 3815 vel
1875 3761 2048 3830 potius
2067 3775 2134 3813 ex

544 3873 649 3927 hoc
676 3867 818 3941 quod
867 3865 1143 3920 Dominum
1179 3859 1358 3915 dicere
1387 3857 1628 3920 audistis,
1665 3853 1781 3907 Nisi
1823 3852 2135 3906 credideritis

543 3963 665 4034 quia
691 3976 782 4030 ego
823 3973 954 4022 sunt,
987 3951 1266 4008 moriemini
1308 3950 1359 4001 in
1397 3949 1612 4018 peccatis
1639 3945 1854 4000 vestris?
1881 3945 2024 3998 Itane
2056 3944 2135 3997 his

549 4056 752 4110 viribus
777 4053 909 4106 meis
940 4047 1156 4103 tantillis
1182 4053 1237 4100 et
1267 4058 1400 4113 pene
1431 4042 1610 4103 nullis,
1635 4038 1842 4093 audebo
1867 4039 2137 4106 disputare

547 4145 672 4216 quid
704 4145 775 4199 sit
815 4140 954 4213 quod
979 4139 1054 4193 ait
1079 4135 1333 4191 Dominus
1371 4132 1635 4195 Christus,
1669 4129 1791 4182 Nisi
1827 4129 2138 4182 credideritis

550 4239 670 4306 quia
699 4251 789 4305 ego
816 4231 970 4287 sum?
1009 4228 1230 4283 Audebo
1261 4225 1432 4295 ipsum
1461 4221 1739 4276 Dominum
1772 4219 2097 4289 interrogare
2122 4237 2136 4272 :

552 4327 732 4381 audite
762 4340 848 4379 me
890 4323 1307 4388 interrogantem
1341 4315 1512 4384 potius
1542 4326 1700 4381 quant
1740 4309 2096 4380 disputantem
2122 4351 2136 4375 ,

554 4421 726 4492 magis
741 4425 1064 4489 quaerentem
1087 4428 1242 4484 quam
1271 4417 1700 4480 praesumentem,
1729 4405 1904 4474 potius
1928 4404 2139 4460 discen-

485 4497 504 4512 ’
554 4524 664 4568 tem
693 4525 847 4581 quam
878 4508 1176 4567 docentem,
1210 4512 1263 4555 et
1285 4507 1432 4555 certe
1457 4499 1506 4551 in
1534 4511 1619 4551 me
1644 4495 1728 4549 vel
1751 4510 1845 4565 per
1869 4510 1954 4551 me
1981 4495 2140 4550 etiam

557 4621 653 4660 vos
683 4605 1024 4672 interrogate.
1072 4599 1274 4652 l‘razsto
1303 4603 1385 4647 est
1408 4593 1566 4647 etiam
1613 4592 1724 4660 ipse
1753 4589 2009 4644 Dominus
2053 4590 2143 4660 qui

559 4701 754 4770 ubique
783 4705 886 4762 est,
929 4692 1106 4748 audiat
1148 4685 1507 4758 interrogandi
1544 4684 1811 4748 affectum,
1861 4694 1915 4739 et
1944 4684 2142 4738 intelli-

555 4791 716 4866 gendi
748 4796 960 4860 przestet
987 4783 1256 4840 effectum.
1287 4781 1418 4836 Nam
1448 4793 1546 4849 ego
1573 4777 1766 4847 quibus
1795 4776 1991 4840 verbis,
2025 4785 2078 4829 et
2099 4776 2143 4829 si

555 4887 697 4941 forte
735 4880 929 4952 aliquid
957 4879 1132 4948 capio,
1163 4873 1450 4945 perducere
1477 4885 1694 4941 possum
1725 4868 1868 4939 quod
1898 4869 2051 4938 capio
2079 4868 2144 4921 ad

553 4980 716 5038 corda
745 4973 958 5032 vestra?
984 4971 1236 5039 Quisnam
1280 4966 1474 5022 sufﬁcit
1511 4963 1714 5016 sonus?
1757 4977 1875 5032 qua:
1914 4960 2147 5030 suppetit

561 5067 904 5142 eloquentia?
933 5082 1052 5136 qua:
1073 5064 1210 5118 vires
1238 5057 1605 5128 intelligendi?
1633 5072 1751 5126 qua:
1781 5054 2002 5110 facultas
2029 5069 2148 5124 pro-

528 5220 534 5228 τ
552 5155 762 5212 ferendi
779 5155 804 5208 ?

633 5248 720 5302 l0.
762 5245 943 5299 Dicam
991 5254 1117 5310 ergo
1158 5235 1382 5291 Domino
1412 5243 1594 5288 nostro
1634 5232 1762 5288 Iesu
1790 5231 2023 5298 Christo,
2064 5232 2147 5286 di-

563 5357 699 5405 cam,
729 5347 782 5395 et
807 5339 983 5394 audiat
1029 5349 1111 5388 me
1139 5334 1179 5383 ’.
1213 5329 1384 5384 Credo
1420 5338 1758 5398 praesentem,
1793 5329 2011 5382 omnino
2041 5345 2144 5381 non

564 5431 783 5494 dubito;
811 5431 925 5500 ipse
949 5426 1089 5483 enim
1117 5423 1268 5486 dixit,
1301 5420 1433 5476 Ecce
1462 5437 1551 5491 ego
1579 5421 1830 5474 vobiscum
1855 5437 1967 5473 sum
1994 5436 2149 5490 usque

564 5522 620 5575 in
661 5521 1136 5574 consummationem
1164 5512 1563 5583 stecttli(.llatth.
1595 5529 1788 5577 xxvttt,
1821 5512 1935 5583 20).
1967 5513 2010 5567 0
2045 5512 2146 5565 Do-

625 5655 643 5687 ι
680 5653 755 5702 sic
784 5657 861 5700 Er.
882 5653 1026 5715 Lugd.
1053 5660 1172 5702 Ven.
1197 5658 1328 5700 Lov.:
1345 5649 1544 5700 Multum
1570 5655 1641 5700 est
1662 5649 1789 5713 quod
1817 5649 1886 5701 ait
1908 5649 2027 5715 ipse,
2054 5659 2154 5716 Ego

553 5724 802 5853 “finiit
822 5783 896 5828 Er.
920 5776 1062 5843 Lugd.
1083 5782 1138 5827 et
1157 5784 1298 5839 νεα,
1321 5775 1488 5828 auditu
1505 5787 1600 5826 nte.
1653 5779 1713 5825 ιι.

1451 325 1518 382 IN
1555 321 1834 382 JOANNIS
1869 314 2337 385 EVANGELIUM,
2379 316 2436 373 S.
2477 315 2844 376 AUGUSTINI

3670 313 3812 375 £680

2223 429 2369 484 mine
2393 429 2534 485 Deus
2563 438 2766 496 noster,
2791 428 2920 500 quid
2943 435 3029 487 est
3053 426 3199 502 quod
3222 426 3363 493 sisti;
3389 427 3510 484 Nisi
3529 427 3812 486 credideri-

2225 521 2288 577 tis
2315 523 2434 592 quia
2474 540 2565 594 ego
2605 540 2718 576 sum
2741 523 2765 575 2
2789 522 2925 590 Quid
2952 523 3093 577 enim
3120 537 3225 577 non
3253 529 3334 577 est
3363 535 3547 576 eorum
3590 537 3709 592 quae
3737 522 3805 578 fe.

2223 613 2386 667 cisti?
2414 613 2676 682 Numquid
2722 616 2914 670 ωειιιιιι
2942 629 3050 668 non
3087 615 3210 668 est?
3239 613 3492 683 numquid
3525 621 3663 668 terra
3705 629 3812 670 non

2225 707 2347 761 est?
2376 707 2630 777 numquid
2675 722 2780 762 non
2811 715 2938 761 sunt
2971 720 3034 761 ea
3075 721 3194 776 quae
3234 705 3285 759 in
3331 714 3471 759 terra
3501 706 3635 761 etin
3676 707 3814 761 caelo

2223 799 2390 852 sunt?
2423 798 2675 868 numquid
2704 798 2864 854 homo
2885 798 2997 868 ipse
3020 797 3107 852 cui
3130 797 3364 867 loqueris
3380 811 3488 850 non
3507 796 3631 851 est?
3660 812 3816 851 num-

2223 889 2348 958 quid
2375 891 2594 959 angelus
2618 904 2774 959 quem
2795 889 2966 944 mittis
2989 903 3092 942 non
3119 888 3236 942 est?
3264 885 3321 944 Si
3349 887 3527 942 omnia
3549 896 3673 941 sunt
3701 887 3816 942 hanc

2223 993 2342 1048 qua:
2389 995 2485 1049 per
2513 989 2566 1035 te
2592 979 2732 1034 facta
2775 989 2924 1045 sunt,
2953 979 3080 1050 quid
3124 986 3206 1033 est
3233 980 3374 1049 quod
3405 979 3498 1033 tibi
3543 979 3815 1048 proprium

2223 1073 2471 1143 quiddam
2507 1074 2720 1129 tenuisti
2753 1073 2926 1144 ipsum
2956 1087 3096 1138 esse,
3125 1072 3268 1144 quod
3301 1073 3420 1127 aliis
3450 1088 3556 1126 non
3581 1071 3812 1138 dedisti,

2223 1175 2282 1218 ut
2306 1173 2361 1218 tu
2389 1167 2533 1220 solus
2557 1167 2746 1221 esses?
2775 1164 2908 1220 Nam
2949 1164 3217 1236 quomodo
3245 1164 3423 1230 audio,
3457 1161 3568 1236 Ego
3596 1180 3706 1219 sum
3730 1165 3818 1235 qui

2220 1271 2374 1321 sum;
2418 1258 2567 1326 quasi
2603 1257 2705 1311 alia
2751 1273 2859 1312 nou
2885 1256 3034 1311 sint?
3077 1263 3134 1312 et
3170 1254 3439 1326 quomodo
3469 1254 3648 1321 audio,
3695 1253 3819 1308 Nisi

2221 1350 2534 1404 credideritis
2555 1351 2672 1417 quia
2700 1367 2790 1421 ego
2828 1349 2982 1405 sum?
3012 1349 3090 1403 Illi
3127 1350 3269 1404 enim
3296 1364 3404 1403 non
3429 1358 3582 1404 erant
3606 1348 3697 1419 qui
3723 1365 3821 1402 auo

2222 1439 2475 1496 diebant?
2506 1440 2576 1496 Et
2604 1441 2649 1496 si
2683 1451 2989 1512 peccatores
3015 1450 3186 1506 erant,
3216 1439 3458 1495 homines
3479 1449 3649 1496 erant.
3677 1439 3819 1506 Quid

2221 1545 2350 1602 ergo
2379 1531 2552 1587 facio?
2603 1532 2742 1600 Quid
2787 1533 2858 1588 sit
2900 1533 3073 1602 ipsum
3113 1546 3252 1595 esse,
3299 1529 3440 1585 dicat
3471 1529 3640 1597 cordi,
3673 1530 3818 1586 intus

2223 1623 2382 1690 dicat,
2412 1624 2552 1678 intus
2576 1626 2858 1695 loquatur;
2887 1623 3049 1678 homo
3069 1621 3295 1680 interior
3321 1622 3520 1686 audiat,
3545 1635 3698 1675 mens
3721 1635 3818 1674 ca-

2224 1716 2333 1785 piat
2359 1731 2483 1770 vere
2523 1731 2643 1771 esse
2674 1734 2687 1770 :
2715 1724 2801 1771 est
2841 1716 2983 1770 enim
3023 1729 3236 1785 semper
3265 1713 3456 1768 eodem
3486 1712 3644 1766 modo
3671 1726 3818 1767 esse.

2227 1806 2358 1878 (Res
2385 1807 2527 1862 enim
2557 1809 2751 1878 aliqua,
2779 1806 3030 1878 qua-libet
3065 1807 3282 1860 omnino
3315 1822 3329 1858 ε
3361 1804 3509 1875 quasi
3539 1802 3677 1872 ccepi
3702 1803 3820 1858 dis-

2225 1907 2432 1968 putare,
2479 1907 2531 1953 et
2587 1899 2764 1954 destiti
2807 1912 3081 1968 quaerere;
3122 1895 3262 1951 forte
3291 1895 3430 1966 quod
3472 1894 3645 1949 audivi
3692 1893 3820 1948 volo

2224 1989 2389 2059 loqui,
2422 1989 2622 2044 auditui
2668 2005 2787 2044 meo
2817 1989 2908 2044 det
2946 1989 3356 2044 exsultationem
3400 1995 3454 2041 et
3488 1995 3666 2042 vestro
3693 2001 3819 2040 cum

2225 2082 2433 2152 loquor)
2471 2097 2485 2134 :
2533 2097 2620 2136 res
2665 2082 2806 2135 enim
2854 2079 3136 2150 quazlihet,
3179 2092 3398 2148 prorsus
3443 2079 3822 2148 qualicumque

2225 2171 2559 2237 excellentia,
2593 2172 2636 2224 si
2667 2171 2936 2224 mutabilis
2962 2180 3064 2236 est,
3095 2185 3199 2223 non
3225 2185 3352 2224 vere
3377 2177 3494 2233 est;
3529 2185 3633 2224 non
3669 2170 3818 2224 enim

2226 2272 2307 2318 est
2329 2264 2396 2316 ibi
2424 2279 2604 2318 verum
2627 2277 2765 2329 esse,
2791 2262 2882 2317 ubi
2908 2271 2988 2316 est
3008 2272 3062 2317 et
3088 2279 3193 2316 non
3211 2277 3353 2317 esse.
3381 2261 3646 2331 Quidquid
3669 2263 3819 2316 enim

2224 2353 2419 2406 mutari
2451 2362 2641 2421 potest,
2675 2363 2934 2407 mutatura
2953 2366 3059 2406 non
3087 2359 3171 2406 est
3199 2352 3340 2422 quod
3360 2361 3474 2407 erat
3500 2369 3513 2405 :
3539 2352 3585 2406 si
3607 2367 3710 2406 non
3734 2361 3824 2408 est

2225 2444 2368 2513 quod
2410 2453 2545 2507 erat,
2579 2459 2725 2498 mors
2769 2443 3014 2513 quaedam
3046 2443 3117 2496 ibi
3148 2443 3285 2498 facta
3331 2451 3450 2507 est;
3485 2454 3822 2514 peremptum

2227 2545 2310 2590 est
2349 2535 2546 2605 aliquid
2572 2535 2640 2590 ibi
2670 2536 2811 2605 quod
2840 2546 2973 2602 erat,
3003 2548 3056 2590 et
3081 2551 3188 2590 non
3215 2545 3316 2592 est.
3355 2535 3584 2607 Nigredo
3611 2546 3824 2592 mortua

2227 2627 2382 2683 estin
2409 2628 2583 2697 capite
2611 2628 2931 2682 albescentis
2951 2627 3115 2692 senis,
3146 2627 3483 2698 pulchritudo
3508 2637 3715 2682 mortua
3735 2637 3828 2684 est

2229 2719 2281 2772 in
2305 2734 2528 2788 corpore
2550 2717 2674 2772 l‘essi
2701 2729 2756 2773 et
2779 2719 2984 2773 incurvi
3011 2721 3176 2784 senis,
3207 2729 3429 2774 mortuae
3453 2729 3576 2774 sunt
3600 2721 3743 2775 vires
3768 2721 3826 2775 in

2229 2830 2453 2884 corpore
2480 2813 2796 2884 languentis,
2829 2823 3037 2867 mortua
3063 2822 3147 2868 est
3177 2813 3334 2867 statio
3372 2813 3424 2867 in
3449 2828 3676 2882 corpore
3701 2828 3829 2869 am-

2229 2907 2484 2972 bulantis,
2529 2916 2740 2962 mortua
2784 2915 2868 2961 est
2891 2906 3182 2961 ambulatio
3226 2908 3277 2961 in
3322 2921 3544 2977 corpore
3586 2908 3786 2963 stantis
3813 2950 3830 2975 ,

2229 3011 2439 3056 mortua
2469 3009 2550 3054 est
2587 2999 2875 3054 ambulatio
2903 3009 2958 3054 et
3001 3001 3157 3054 statio
3202 3000 3253 3053 in
3296 3014 3520 3069 corpore
3557 2999 3830 3069 jacentis,

2232 3103 2438 3146 mortua
2470 3101 2552 3146 est
2581 3091 2776 3146 locutio
2807 3093 2859 3145 in
2903 3092 3078 3162 lingua
3109 3091 3332 3146 tacentis
3363 3109 3376 3146 :
3407 3091 3659 3162 quidquid
3702 3109 3833 3147 mn-

2234 3195 2375 3240 tatnr
2399 3194 2452 3238 et
2481 3195 2564 3239 est
2597 3187 2737 3256 quod
2766 3201 2870 3239 non
2898 3193 3034 3253 erat,
3065 3185 3219 3239 video
3250 3184 3322 3239 ibi
3350 3185 3632 3256 quamdam
3659 3185 3834 3241 vitam

2235 3279 2285 3333 in
2315 3295 2380 3334 eo
2405 3279 2545 3349 quod
2585 3288 2683 3344 est,
2717 3288 2770 3334 et
2799 3289 3025 3334 mortem
3067 3279 3122 3333 in
3147 3294 3212 3333 eo
3239 3277 3382 3349 quod
3427 3277 3541 3333 fuit.
3590 3278 3836 3350 Denique

2234 3373 2302 3428 de
2329 3383 2540 3427 mortuo
2564 3387 2687 3426 cum
2716 3371 2928 3437 dicitur,
2963 3371 3060 3427 Ubi
3088 3380 3171 3426 est
3200 3371 3361 3425 homo
3388 3370 3512 3426 ille?
3536 3371 3841 3440 responde-

2236 3471 2340 3530 tur,
2374 3462 2514 3517 Fuit.
2559 3462 2604 3518 Ο
2645 3464 2844 3518 veritas
2873 3479 2992 3533 qua:
3031 3477 3158 3518 vere
3183 3477 3241 3516 es
3266 3463 3279 3515 !
3309 3461 3440 3516 Nam
3485 3463 3536 3516 in
3577 3463 3840 3518 omnibus

2236 3555 2537 3610 actionibus
2565 3561 2620 3610 et
2646 3555 2878 3608 motibus
2897 3554 3112 3618 nostris,
3138 3563 3190 3608 et
3218 3553 3269 3606 in
3297 3553 3442 3606 omni
3469 3567 3690 3622 prorsus
3720 3555 3842 3624 agi-

2237 3646 2439 3700 tatione
2467 3654 2725 3700 creatura:
2748 3645 2854 3698 duo
2884 3654 3121 3713 tempora
3151 3643 3387 3708 invenio,
3422 3645 3755 3712 praeteritum
3786 3654 3843 3700 et

2240 3739 2493 3793 futurum.
2529 3739 2772 3792 Praesens
2809 3753 3012 3807 quaero,
3046 3737 3174 3791 nihil
3204 3746 3309 3790 stat
3342 3755 3355 3790 :
3389 3737 3528 3808 quod
3555 3737 3696 3804 dixi,
3724 3738 3843 3808 jam

2241 3847 2348 3886 non
2375 3840 2494 3896 est;
2521 3831 2659 3900 quod
2688 3830 2922 3884 dicturus
2951 3845 3092 3895 sum,
3123 3829 3355 3884 nondmn
3383 3837 3465 3883 est
3497 3845 3511 3881 :
3542 3827 3685 3899 quod
3711 3829 3844 3896 feci,

2237 3924 2349 3994 jam
2377 3940 2482 3978 non
2512 3933 2626 3988 est;
2659 3921 2799 3992 quod
2833 3922 3066 3976 facturus
3090 3936 3229 3984 sum,
3277 3920 3508 3975 nondum
3537 3930 3620 3975 est
3646 3937 3660 3974 :
3693 3920 3850 3992 quod

2241 4015 2371 4082 vixi,
2409 4015 2519 4084 jam
2546 4029 2649 4067 non
2676 4023 2793 4077 est;
2834 4012 2976 4082 quod
3001 4012 3236 4066 victurus
3279 4027 3419 4075 sum,
3467 4013 3707 4066 nondum
3736 4023 3849 4069 est.

2244 4107 2580 4162 Praeteritum
2611 4116 2666 4161 et
2695 4105 2928 4159 futurum
2954 4105 3166 4159 invenio
3189 4103 3241 4158 in
3271 4105 3416 4158 omni
3443 4113 3589 4158 motu
3615 4120 3848 4162 rerum:

2246 4199 2301 4255 in
2328 4199 2549 4254 veritate
2587 4215 2704 4269 qua:
2745 4207 2944 4258 manet.
2977 4197 3303 4266 praeteritum
3349 4206 3402 4251 et
3441 4195 3680 4252 futurum
3734 4215 3854 4254 non

2247 4292 2480 4357 invenio,
2513 4291 2608 4346 sed
2638 4291 2811 4346 solum
2841 4305 3096 4360 praesens,
3136 4297 3191 4345 et
3217 4289 3320 4344 hoc
3343 4290 3849 4360 incorruptibiliter,

2247 4383 2388 4455 quod
2411 4386 2462 4439 in
2490 4395 2733 4438 creatura
2774 4398 2879 4436 non
2906 4392 3005 4437 est.
3039 4383 3248 4437 Discute
3274 4399 3450 4437 rerum
3478 4385 3849 4450 mutationes,

2249 4476 2491 4532 invenies
2516 4475 2638 4530 Fuit
2660 4484 2711 4529 ct
2741 4475 2853 4528 Erit
2885 4492 2897 4526 :
2930 4475 3104 4545 cogita
3133 4475 3318 4541 Deum,
3350 4475 3585 4530 invenies
3608 4477 3727 4544 Est,
3760 4479 3856 4532 ubi

2249 4568 2373 4624 Fuit
2395 4579 2450 4624 et
2485 4568 2600 4623 Erit
2625 4582 2744 4623 esse
2787 4582 2893 4623 non
2922 4568 3110 4638 possit.
3143 4567 3211 4623 Ut
3236 4584 3364 4639 ergo
3391 4577 3447 4624 et
3475 4577 3533 4624 tu
3561 4571 3656 4635 sis,
3690 4580 3860 4627 tran-

2251 4661 2447 4716 scende
2469 4657 2815 4730 tempus.Sed
2839 4660 2957 4727 quis
2979 4658 3317 4714 transcendet
3333 4659 3532 4716 viribus
3555 4662 3670 4716 suis
3688 4663 3715 4716 ?
3746 4663 3864 4719 Le-

2248 4763 2340 4810 vet
2377 4754 2503 4808 illuc
2530 4753 2618 4807 ille
2642 4753 2730 4823 qui
2771 4751 2911 4806 Patri
2935 4751 3089 4818 dixit,
3131 4750 3256 4806 Volo
3286 4762 3340 4806 ut
3377 4753 3460 4807 ubi
3489 4771 3578 4826 ego
3615 4772 3758 4823 sum,
3814 4767 3866 4810 et

2250 4847 2350 4919 ipsi
2375 4848 2474 4901 sint
2503 4863 2713 4900 mecum.
2760 4845 2871 4899 Hoc
2902 4846 3078 4916 itaque
3109 4849 3422 4914 promittens
3449 4864 3518 4903 ne
3549 4850 3866 4906 moriamur

2252 4939 2306 4994 iu
2349 4939 2580 5008 peccatis
2609 4937 2822 4996 nostris.
2857 4935 2986 4989 nihil
3029 4936 3170 4990 aliud
3203 4937 3458 4992 Dominus
3486 4937 3642 4993 Jesus
3684 4940 3869 4996 Chri—

2253 5042 2367 5087 stus
2393 5031 2522 5086 mihi
2549 5030 2758 5084 videtur
2803 5029 2886 5082 his
2914 5029 3090 5084 verbis
3124 5029 3344 5096 dixisse,
3380 5029 3498 5086 Nisi
3525 5031 3868 5088 credideritis

2252 5125 2370 5195 quia
2407 5140 2497 5194 ego
2542 5139 2652 5176 sum
2680 5139 2698 5175 :
2726 5135 2944 5191 prorsus
2985 5119 3114 5174 nihil
3142 5120 3287 5175 aliud
3331 5121 3461 5175 mihi
3513 5122 3731 5178 videtur
3777 5125 3872 5180 his

2251 5219 2430 5274 verbis
2449 5217 2646 5271 dixisse
2662 5230 2818 5285 quam
2842 5213 2963 5278 hoc,
2990 5211 3107 5266 Nisi
3125 5213 3436 5268 credideritis
3454 5215 3576 5285 quia
3589 5231 3680 5287 ego
3707 5217 3872 5272 Deus

2252 5327 2382 5376 sum,
2413 5309 2694 5363 moriemini
2723 5308 2775 5361 in
2806 5305 3020 5376 peccatis
3048 5306 3239 5360 vestris.
3274 5307 3435 5374 Bene,
3467 5307 3575 5361 Deo
3618 5309 3870 5377 gratias,

2253 5402 2377 5473 quia
2401 5402 2553 5468 dixit,
2587 5401 2707 5455 Nisi
2732 5401 3043 5456 credideritis
3067 5417 3085 5454 :
3112 5416 3217 5455 non
3247 5401 3397 5462 dixit,
3427 5399 3538 5454 Nisi
3563 5402 3872 5468 ceperitis.

2255 5495 2383 5563 Quis
2411 5496 2552 5550 enim
2586 5495 2687 5549 hoc
2713 5494 2926 5563 capiat?
2953 5495 3060 5548 Aut
3088 5509 3232 5556 vere,
3259 5493 3379 5562 quia
3408 5506 3571 5548 ausus
3597 5507 3724 5546 sum
3775 5495 3878 5549 di-

2254 5602 2398 5654 cere,
2429 5597 2484 5642 et
2521 5587 2619 5641 visi
2657 5588 2786 5642 estis
2815 5585 3109 5656 intelligere
3137 5587 3178 5652 ⁸,
3205 5585 3401 5656 aliquid
3432 5587 3496 5640 de
3527 5594 3668 5639 tanta
3707 5586 3877 5643 inef-

2326 5791 2341 5822 ι
2368 5796 2498 5852 ιλονη
2521 5795 2567 5839 et
2588 5787 2699 5840 nisi.
2720 5795 2776 5838 At
2798 5787 2917 5839 editi
2939 5785 3019 5838 alii
3053 5794 3108 5838 et
3137 5793 3266 5852 uss,
3296 5785 3406 5842 visi.
