4118 6472
321 340 455 397 1681

320 459 588 516 fabiiitate
608 458 868 531 cepistis?
893 455 951 513 Si
974 471 1106 529 ergo
1132 471 1239 512 non
1267 458 1434 528 capis,
1463 457 1595 512 ﬁdes
1620 466 1672 511 te
1699 455 1908 511 liberat.

320 552 453 609 Ideo
472 563 528 607 et
552 553 808 608 Dominus
830 568 937 607 non
960 551 1054 619 ait,
1081 549 1194 606 Nisi
1222 550 1473 621 ceperitis
1497 550 1618 621 quia
1645 563 1745 619 ego
1770 562 1913 613 sum;

317 644 422 699 sed
443 645 585 715 quod
616 652 864 715 poterant
876 643 1030 709 dixit,
1053 640 1173 698 Nisi
1198 642 1509 698 credideritis
1532 644 1653 715 quia
1671 660 1762 716 ego
1781 659 1914 712 sum,

317 738 613 792 moriemini
637 738 692 791 in
719 737 934 809 peccatis
956 737 1153 793 vestris.

400 831 488 883 11.
532 829 599 883 Ει
628 830 702 884 illi
732 845 947 899 semper
974 837 1185 884 terrena
1213 830 1480 900 sapientes
1509 838 1561 885 et
1586 845 1801 900 semper
1828 843 1919 885 se-

324 921 560 976 cundum
608 937 823 976 carnem
855 922 1130 978 audientes
1170 932 1225 979 et
1254 923 1656 993 respondentes,
1703 922 1829 994 quid
1869 923 1919 979 ei

325 1014 625 1069 dixerunt?
662 1015 738 1069 Tu
778 1017 890 1087 quis
916 1018 1010 1073 es?
1049 1017 1163 1073 Non
1205 1019 1344 1073 enim
1391 1035 1511 1074 cum
1556 1019 1754 1084 dixisti,
1802 1017 1922 1073 Nisi

326 1107 643 1161 credideritis
692 1110 810 1179 quia
854 1126 943 1180 ego
968 1127 1099 1175 sum,
1138 1110 1387 1166 addidisti
1418 1112 1540 1182 quid
1573 1127 1739 1167 esses.
1789 1111 1921 1180 Quis

324 1212 404 1261 es,
438 1208 495 1251 ut
537 1199 855 1254 credamus?
882 1200 949 1254 Et
978 1201 1086 1268 ille,
1126 1201 1461 1273 Principium.
1504 1202 1644 1257 Ecce
1671 1203 1811 1273 quod
1837 1211 1921 1259 est

325 1304 468 1344 esse.
497 1290 821 1362 Principium
850 1294 1042 1347 mutari
1070 1309 1175 1347 non
1204 1302 1377 1363 potest
1401 1313 1414 1349 :
1444 1295 1757 1365 principium
1782 1296 1833 1349 in
1861 1310 1920 1351 se

323 1396 531 1447 manet,
561 1391 616 1438 et
643 1384 861 1439 innovat
886 1387 1062 1439 omnia
1095 1403 1109 1451 ;
1141 1386 1454 1456 principium
1485 1396 1587 1454 est,
1614 1387 1696 1441 cui
1719 1386 1918 1441 dictum

324 1484 429 1539 est,
460 1472 542 1527 Tu
584 1485 754 1529 autent
778 1477 910 1530 idem
941 1479 1046 1547 ipse
1088 1494 1159 1544 es,
1190 1485 1237 1531 et
1279 1480 1403 1533 anni
1445 1480 1519 1533 tui
1545 1496 1644 1532 non
1688 1479 1921 1547 deﬁcient

325 1565 501 1636 (Psal.
534 1583 606 1631 Cl,
636 1568 749 1640 28).
784 1569 1126 1639 Principium,
1155 1573 1245 1637 ait,
1280 1574 1398 1638 quia
1438 1574 1455 1605 ί
1477 1584 1525 1627 et
1554 1574 1733 1644 loquor
1761 1574 1917 1630 vobis.

324 1656 652 1726 Principium
684 1676 768 1714 me
798 1662 1019 1728 credite,
1050 1678 1117 1718 ne
1146 1663 1443 1718 moriamini
1472 1664 1523 1718 in
1569 1666 1798 1734 peccatis
1826 1682 1917 1722 ve-

324 1750 469 1804 stris.
500 1750 774 1821 Tanquam
801 1756 942 1807 enim
964 1753 1016 1808 in
1040 1770 1105 1808 eo
1133 1755 1272 1825 quod
1302 1755 1569 1821 dixerunt,
1590 1755 1669 1809 Tu
1694 1758 1805 1827 quis
1826 1775 1877 1811 es
1895 1758 1922 1813 7

323 1842 453 1896 nihil
502 1842 647 1897 aliud
688 1843 919 1900 dixerint
956 1862 1136 1917 quam,
1181 1848 1318 1916 Quid
1350 1858 1401 1903 te
1443 1864 1563 1905 esse
1608 1851 1919 1907 credimus?

323 1934 624 2001 reSpondit,
652 1933 972 2006 Principium
995 1956 1014 2004 ;
1042 1938 1093 1993 id
1118 1948 1217 2001 est,
1245 1940 1562 2010 Principium
1586 1957 1670 1996 me
1693 1943 1916 1999 credite.

324 2021 381 2079 ln
410 2040 589 2095 grzcco
619 2044 846 2096 namque
876 2030 1088 2101 eloquio
1128 2032 1468 2099 discernitur,
1501 2034 1641 2102 quod
1683 2051 1788 2090 non
1820 2052 1920 2106 po-

324 2125 430 2171 test
460 2119 512 2172 in
540 2119 724 2174 latino.
760 2122 911 2192 Apud
940 2138 1143 2193 graecos
1173 2126 1315 2180 enim
1340 2125 1576 2181 feminini
1605 2129 1817 2198 generis
1838 2141 1921 2187 est

324 2211 665 2280 principium,
695 2214 832 2268 sicut
859 2214 997 2284 apud
1028 2231 1127 2270 nos
1166 2217 1251 2272 lex
1278 2220 1490 2287 generis
1527 2220 1765 2275 feminini
1797 2230 1878 2276 est
1898 2264 1917 2292 ,

324 2317 441 2372 qua:
466 2305 607 2372 apud
646 2305 765 2360 illos
794 2316 877 2362 est
904 2310 1179 2363 masculini
1211 2328 1223 2361 :
1256 2311 1393 2365 sicut
1418 2312 1674 2381 sapientia
1701 2322 1756 2367 et
1778 2313 1918 2383 apud

325 2408 425 2449 nos
448 2405 505 2450 et
527 2396 665 2464 apud
690 2397 810 2452 illos
837 2402 1049 2468 generis
1069 2400 1307 2455 feminini
1334 2415 1434 2458 est.
1467 2402 1810 2460 Consuetudo
1838 2406 1919 2460 lo-

325 2488 553 2543 cutionis
577 2489 698 2544 ideo
725 2507 819 2560 per
851 2492 1089 2548 diversas
1113 2495 1317 2566 linguas
1346 2498 1513 2552 variat
1538 2515 1733 2569 genera
1761 2515 1920 2555 voca-

325 2578 595 2648 bulorum,
616 2582 739 2651 quia
770 2584 822 2637 in
847 2583 976 2653 ipsis
1004 2585 1168 2641 rebus
1196 2602 1299 2642 non
1330 2588 1536 2645 invenis
1564 2604 1771 2645 sexum.
1802 2591 1920 2648 Non

326 2671 467 2726 enim
498 2674 757 2743 sapientia
788 2690 914 2731 vere
942 2676 1137 2732 femina
1167 2690 1270 2745 est,
1315 2697 1435 2735 cum
1464 2682 1705 2737 Christus
1733 2684 1801 2738 sit
1828 2685 1919 2739 Dei

325 2765 595 2836 Sapientia
623 2768 667 2839 (I
698 2767 814 2824 Cor.
844 2787 881 2835 ι,
912 2771 1028 2842 24),
1062 2782 1116 2827 ει
1139 2755 1384 2830 Christus
1408 2778 1702 2847 appelletur
1724 2794 1921 2849 genere

325 2859 644 2925 masculino,
692 2862 950 2930 sapientia
1000 2862 1276 2919 feminino.
1324 2867 1458 2921 Cum
1513 2884 1640 2939 ergo
1680 2869 1921 2927 dicerent

326 2948 517 3016 Judaei,
553 2950 630 3004 Tu
654 2953 765 3022 quis
805 2954 898 3008 es?
928 2953 1019 3009 ille
1047 2957 1137 3025 qui
1166 2959 1369 3013 sciebat
1407 2975 1526 3016 esse
1564 2961 1635 3015 ibi
1662 2963 1921 3031 quosdam

327 3043 645 3111 credituros,
673 3052 728 3098 et
745 3046 865 3100 ideo
889 3047 1106 3115 dixisse,
1136 3048 1215 3103 Tu
1238 3052 1351 3123 quis
1374 3054 1465 3107 es?
1494 3063 1547 3107 ut
1575 3056 1772 3110 scirent
1796 3056 1921 3125 quid

328 3134 477 3189 illum
518 3137 741 3193 credere
769 3138 1046 3209 deberent,
1086 3145 1379 3212 respondit,
1416 3144 1734 3216 Principium
1765 3165 1783 3202 :
1814 3165 1920 3205 non

328 3235 579 3296 tanquam
621 3230 842 3296 diceret,
884 3232 1203 3305 Principium
1235 3251 1388 3301 sum;
1421 3237 1515 3293 sed
1559 3248 1807 3310 tanquam
1836 3241 1920 3296 di—

328 3330 495 3384 ceret,
516 3322 838 3393 Principium
857 3341 941 3381 me
961 3328 1181 3383 credite.
1206 3330 1359 3396 Quod
1387 3332 1439 3385 in
1457 3348 1703 3388 sermone
1720 3350 1919 3403 grmco,

329 3423 386 3468 ut
425 3416 558 3482 dixi,
608 3417 880 3474 evidenter
907 3430 1147 3490 apparet,
1192 3422 1279 3477 ubi
1325 3423 1560 3480 feminini
1601 3428 1815 3497 generis
1840 3436 1923 3482 est

329 3507 647 3576 principium
676 3509 774 3580 (a).
820 3510 978 3567 Velut
1016 3514 1061 3569 si
1089 3514 1246 3569 vellet
1288 3515 1467 3572 dicere
1495 3533 1554 3573 se
1581 3533 1701 3575 esse
1727 3523 1922 3576 verita-

330 3608 455 3667 tem,
503 3611 555 3656 et
596 3602 913 3672 dicentibus,
957 3605 1033 3660 Tu
1062 3609 1173 3676 quis
1198 3607 1291 3662 es?
1317 3611 1681 3680 responderet,
1712 3614 1921 3669 Verita~

332 3703 435 3749 tem
458 3710 475 3759 ;
504 3710 625 3749 cum
656 3697 894 3752 videatur
918 3699 983 3753 ad
1006 3699 1055 3753 id
1082 3700 1220 3770 quod
1247 3702 1443 3756 dictum
1471 3714 1572 3769 est,
1601 3704 1679 3758 Tu
1703 3708 1814 3778 quis
1835 3708 1923 3763 es?

331 3785 657 3854 respondere
703 3787 969 3855 debuisse,
1016 3789 1261 3858 Veritas;
1294 3792 1346 3846 id
1393 3803 1494 3860 est,
1530 3795 1736 3851 Veritas
1778 3813 1916 3854 sum.

331 3876 432 3932 Sed
458 3879 618 3934 altius
642 3880 940 3950 respbndit,
970 3897 1088 3937 cum
1120 3884 1324 3941 videret
1350 3901 1443 3941 eos
1470 3888 1537 3941 ita
1579 3888 1797 3956 dixisse,
1844 3890 1919 3945 Tu

330 3971 437 4038 quis
465 3987 517 4024 es
538 3971 565 4023 ?
592 3986 655 4025 ac
695 3973 738 4026 si
786 3973 1045 4038 dicerent,
1077 3976 1335 4043 Quoniam
1367 3978 1461 4032 abs
1490 3986 1541 4033 te
1584 3981 1880 4036 audivimus
1902 4024 1917 4049 ,

332 4059 453 4115 Nisi
470 4063 786 4117 credideritis
804 4067 921 4134 quia
945 4083 1036 4137 ego
1066 4085 1196 4133 sum,
1229 4070 1353 4139 quid
1383 4081 1435 4125 te
1464 4087 1581 4128 esse
1608 4074 1920 4129 credemus?

329 4151 391 4205 ad
420 4152 523 4207 hoc
547 4155 840 4223 respondit,
872 4155 1189 4227 Principium
1213 4177 1230 4213 :
1254 4172 1500 4231 tanquam
1522 4164 1743 4233 diceret,
1770 4167 1923 4220 Prin-

329 4246 522 4316 cipium
546 4264 633 4301 me
663 4249 883 4304 credite.
915 4250 985 4303 Et
1008 4251 1227 4315 addidit,
1257 4256 1375 4324 quia
1397 4265 1441 4308 et
1462 4257 1641 4326 loquor
1665 4260 1800 4313 vobis
1827 4277 1845 4313 :
1868 4261 1919 4315 id

329 4346 428 4403 est,
474 4340 597 4409 quia
630 4339 844 4395 humilis
892 4353 1106 4411 propter
1149 4359 1244 4399 vos
1275 4346 1461 4413 factus,
1506 4348 1570 4401 ad
1615 4349 1711 4403 ista
1758 4351 1918 4406 verba

328 4428 601 4485 descendi.
633 4431 767 4486 Nam
807 4434 851 4487 si
891 4435 1203 4503 principium
1234 4438 1387 4491 sicuti
1432 4447 1533 4505 est,
1580 4441 1647 4494 ita
1682 4453 1921 4497 maneret

327 4524 465 4592 apud
497 4524 732 4591 Patrem,
765 4536 821 4579 ut
847 4542 950 4580 non
979 4529 1242 4597 acciperet
1270 4530 1492 4585 formam
1518 4534 1656 4587 servi
1684 4544 1735 4588 et
1760 4536 1920 4591 homo

328 4615 636 4686 loqueretur
679 4617 1020 4686 hominibus;
1048 4623 1313 4690 quomodo
1357 4624 1404 4678 ei
1452 4626 1752 4688 crederent,
1798 4644 1918 4683 cum

328 4708 536 4764 intirma
566 4711 726 4765 corda
755 4713 1080 4783 intelligibile
1110 4714 1339 4770 Verbum
1381 4717 1497 4773 sine
1528 4735 1658 4775 voce
1684 4723 1920 4776 sensibili

328 4801 513 4856 audire
555 4817 663 4856 non
708 4806 968 4873 possent?
1014 4806 1174 4875 Ergo,
1208 4807 1395 4877 inquit,
1442 4812 1641 4866 credite
1684 4829 1770 4867 me
1800 4830 1920 4870 esse

329 4893 647 4963 principium
675 4912 689 4961 ;
720 4897 860 4965 quia,
895 4906 948 4951 ut
974 4899 1222 4964 credatis,
1254 4916 1358 4955 non
1385 4904 1553 4957 solum
1581 4921 1720 4972 sum,
1748 4909 1840 4962 sed
1868 4918 1923 4965 et

328 4984 518 5052 loquor
556 4987 727 5043 vobis.
779 4988 884 5043 Sed
923 4990 989 5044 de
1034 4990 1132 5045 hac
1162 5007 1220 5046 re
1256 4993 1365 5061 jam
1399 4996 1621 5050 multum
1650 5008 1732 5053 est
1775 5001 1919 5070 loqui

329 5077 478 5132 vobis
509 5095 523 5132 :
555 5078 758 5147 placeat
782 5081 959 5152 itaque
984 5080 1239 5137 Charitati
1265 5096 1454 5140 vestra:
1485 5099 1539 5141 ut
1565 5089 1707 5158 quod
1728 5102 1916 5162 restat,
1948 5144 1969 5153 ,

328 5167 418 5223 illo
442 5170 731 5241 adjuvante
755 5188 1051 5239 servemus,
1093 5177 1326 5231 crastino
1351 5178 1629 5235 reddituri.

777 5307 1188 5369 TRACTATUS
1225 5314 1468 5371 XXXIX.

332 5417 403 5472 Ab
431 5436 489 5475 eo
518 5421 658 5495 quod
681 5424 927 5494 scriptum
963 5436 1057 5495 est,
1105 5427 1267 5483 Multa
1295 5430 1465 5488 habeo
1490 5433 1557 5488 de
1585 5435 1735 5490 vobis
1774 5438 1918 5509 loqui

394 5560 413 5592 ί
434 5559 573 5619 aditi,
597 5574 696 5624 qui.
720 5570 774 5611 Αι,
794 5562 1017 5627 plerique
1042 5573 1166 5627 Mss,
1191 5564 1305 5628 quia
1330 5580 1348 5617 :
1367 5567 1503 5629 juxta
1521 5584 1749 5633 graecum,
1773 5574 1853 5625 oti.

388 5643 530 5722 {altu
561 5658 725 5722 graeco
748 5655 825 5697 est
841 5648 1157 5722 .arche‘ni:
1180 5651 1307 5722 quod
1331 5654 1572 5722 nonnullis
1606 5658 1820 5708 adverbii
1838 5674 1919 5710 so-

327 5705 538 5779 numbic
556 5705 727 5779 habet,
763 5722 816 5759 ut
846 5714 1020 5779 latinis
1056 5705 1300 5779 principio
1329 5723 1381 5779 et
1416 5716 1625 5779 primum
1644 5705 1919 5775 tsie'eeiie

325 5768 527 5843 sonabat
550 5769 898 5843 ᾳιιτδτευειοιιιυ.
924 5782 979 5824 At
1000 5768 1386 5841 interpretationi
1397 5768 1803 5843 Augustinifavet
1814 5768 1920 5839 Ah}:

324 5825 534 5894 ιιι-θείας,
864 5848 960 5889 etc.

1392 335 1803 396 TRACTATUS
1838 329 2087 390 XXXIX.
2135 332 2363 393 CAPUT
2405 333 2541 391 Vill.

3474 336 3615 397 £683

2089 461 2143 506 et
2173 454 2443 523 judicare;
2475 472 2630 525 usque
2647 456 2715 509 ad
2741 454 2841 524 id,,
2868 454 2935 510 Et
2958 447 3064 510 ndn
3098 468 3461 525 cognoverunt
3490 459 3615 527 quia

2093 547 2302 603 Patrem
2324 550 2440 619 ejus
2455 550 2665 605 dicebat
2691 550 2877 605 Deum.
2912 549 3038 619 Cap.
3066 566 3180 617 vm,
3220 548 3255 621 γ
3281 589 3293 603 .
3323 549 3416 619 26,
3445 552 3535 605 27.

2094 662 2145 715 l.
2186 661 2361 717 Verba
2404 664 2613 718 Domini
2658 663 2825 717 nostri
2867 662 2995 718 .lesn
3033 662 3231 719 Christi
3269 680 3389 734 quae
3428 664 3613 720 habuit

2022 759 2142 799 eum
2185 746 2402 813 Judteis,
2452 749 2522 802 ita
2566 748 2850 803 moderans
2884 748 3148 820 loquelam
3194 764 3365 815 suam,
3399 757 3458 804 ut
3485 748 3616 804 caeci

2023 856 2129 895 non
2156 840 2424 906 viderent,
2458 849 2511 895 et
2541 842 2722 896 fideles
2764 842 2947 897 oculos
2976 843 3264 912 aperirent,
3297 858 3416 912 qua:
3456 840 3617 897 hodie

2024 932 2092 988 de
2134 942 2318 988 sancto
2365 934 2651 1004 Evangelio
2680 936 2893 990 recitata
2927 944 3069 997 sunt,
3113 937 3212 990 ista
3258 944 3381 990 sunt
3417 954 3430 989 :
3461 933 3617 989 Dice-

2024 1025 2143 1080 bant
2162 1044 2279 1097 ergo
2298 1026 2490 1088 Judwi,
2516 1026 2593 1080 Tu
2616 1030 2726 1098 quis
2746 1046 2797 1083 es
2815 1030 2840 1082 ?
2863 1029 2994 1097 Quia
3023 1029 3227 1083 dixerat
3248 1045 3408 1098 supra
3436 1028 3618 1083 Domi-

2025 1136 2145 1186 nus,
2174 1120 2291 1175 Nisi
2315 1122 2624 1176 credideritis
2646 1125 2763 1192 quia
2781 1141 2869 1195 ego
2892 1141 3024 1188 sum,
3054 1123 3335 1177 moriemini
3361 1123 3412 1176 in
3443 1138 3619 1191 pecca-

2026 1216 2088 1268 tis
2110 1217 2279 1270 vestris
2304 1214 2477 1285 (Joan.
2510 1233 2622 1279 vni,
2649 1217 2740 1278 25,
2767 1218 2880 1285 24).
2910 1218 2990 1272 Ad
3010 1218 3111 1272 hoc
3133 1233 3260 1288 ergo
3282 1217 3376 1282 illi,
3404 1216 3482 1270 Tu
3503 1215 3617 1288 quis

2026 1310 2118 1363 es?
2148 1310 2309 1364 veluti
2338 1320 2632 1381 quaerentes
2657 1327 2812 1365 nosse
2841 1313 2891 1365 in
2920 1329 3075 1381 quem
3098 1312 3350 1367 deberent
3369 1311 3615 1376 credere,

2026 1417 2094 1457 ne
2124 1402 2175 1456 in
2206 1418 2303 1460 suo
2329 1415 2543 1473 peccato
2570 1412 2927 1459 morerentur.
2962 1404 3254 1474 Respondit
3278 1402 3616 1469 dicentibus,

2029 1494 2103 1549 Tu
2132 1498 2243 1564 quis
2263 1496 2353 1550 es?
2382 1507 2435 1551 et
2462 1498 2553 1561 ait,
2582 1495 2916 1561 Principium,
2950 1498 3068 1566 quia
3095 1507 3139 1551 et
3166 1498 3341 1566 loquor
3368 1495 3524 1550 vobis.
3558 1493 3617 1550 Si

2025 1602 2084 1643 se
2106 1588 2235 1641 dixit
2264 1589 2515 1643 Dominus
2541 1606 2660 1643 esse
2688 1589 3024 1657 principium.
3049 1590 3213 1658 aneri
3243 1596 3414 1657 potest
3435 1596 3614 1641 utrum

2026 1688 2079 1732 ct
2111 1679 2265 1733 Pater
2288 1679 2600 1749 principium
2628 1680 2721 1735 sit.
2745 1680 2797 1735 Si
2826 1680 2967 1733 enim
3000 1680 3165 1733 Filisu
3198 1679 3512 1749 principium
3534 1686 3618 1732 cst

2025 1771 2113 1841 qui
2146 1771 2302 1826 habet
2347 1773 2577 1835 Patrem.
2621 1785 2819 1842 quanto
2868 1773 3072 1827 facilius
3121 1772 3492 1842 intelligendus
3534 1780 3619 1826 est

2026 1862 2164 1916 Deus
2190 1863 2347 1918 Pater
2366 1880 2485 1919 esse
2510 1866 2846 1935 principium,
2879 1866 2965 1935 qui
2998 1866 3156 1919 habet
3181 1858 3395 1935 quidem
3418 1865 3616 1919 Filium

2024 1955 2107 2009 cui
2140 1955 2297 2010 Pater
2325 1957 2413 2020 sit,
2445 1957 2537 2012 sed
2568 1972 2672 2011 non
2707 1957 2867 2012 habet
2892 1957 2959 2012 de
2989 1973 3092 2026 quo
3117 1958 3227 2011 sit?
3270 1955 3434 2009 Filius
3472 1954 3612 2010 enim

2025 2045 2196 2100 Patris
2222 2055 2305 2101 εει
2334 2047 2517 2111 Filius,
2562 2058 2614 2102 et
2640 2049 2796 2103 Pater
2822 2050 3004 2118 utique
3030 2049 3146 2103 Filii
3188 2049 3345 2103 Pater
3369 2056 3452 2103 est
3481 2066 3494 2102 :
3522 2046 3617 2101 sed

2026 2136 2168 2193 Deus
2197 2138 2263 2194 de
2306 2139 2417 2194 Deo
2459 2140 2625 2194 Filius
2650 2140 2857 2205 dicitur,
2894 2142 3074 2195 lumen
3111 2139 3179 2195 de
3208 2141 3406 2194 lumine
3454 2138 3618 2192 Filius

2024 2228 2255 2284 dicitur:
2287 2231 2443 2285 Pater
2488 2232 2681 2286 dicitur
2732 2234 2933 2294 lumen,
2982 2232 3075 2287 sed
3120 2248 3223 2286 non
3263 2231 3329 2285 de
3377 2231 3613 2295 lumine;

2025 2322 2183 2377 Pater
2210 2323 2401 2377 dicitur
2433 2324 2587 2389 Dens,
2619 2325 2713 2380 sed
2743 2341 2845 2379 non
2873 2325 2938 2377 de
2966 2324 3100 2379 Deo.
3137 2322 3193 2379 Si
3220 2339 3348 2392 ergo
3375 2322 3518 2376 Deus
3547 2320 3615 2375 de

2026 2412 2157 2477 Deo,
2182 2414 2359 2469 lumen
2386 2416 2453 2469 de
2482 2416 2679 2470 lumine
2702 2415 3016 2486 principium
3041 2424 3160 2481 est;
3189 2423 3387 2485 quanto
3410 2413 3618 2467 facilius

2025 2506 2334 2576 intelligitur
2364 2507 2677 2577 principium
2722 2508 2899 2563 lninen
2938 2508 3005 2562 de
3032 2522 3136 2578 quo
3167 2507 3363 2571 lumen,
3396 2515 3448 2559 et
3475 2505 3622 2560 Deus

2026 2597 2092 2653 de
2133 2614 2238 2666 quo
2266 2599 2445 2654 Deus?
2476 2600 2695 2655 Videtur
2731 2600 2907 2669 itaque
2931 2599 3240 2666 abSnrdum,
3281 2598 3579 2654 cliarissimi
3602 2641 3619 2667 ,

2025 2703 2083 2746 ut
2108 2691 2301 2747 Filium
2329 2692 2568 2749 dicamus
2598 2694 2936 2764 principium,
2971 2703 3026 2750 et
3055 2694 3267 2750 Patrem
3300 2692 3617 2764 principium

2027 2798 2131 2838 non
2159 2784 2416 2839 dicamus.

2095 2878 2148 2928 2.
2172 2874 2276 2930 Sed
2299 2877 2423 2947 quid
2448 2878 2705 2948 agemus?
2730 2878 2985 2948 numquid
3006 2877 3114 2933 duo
3135 2888 3290 2932 erunt
3318 2877 3617 2947 principia?

2026 2967 2330 3023 Cavendum
2359 2970 2562 3024 esthoc
2585 2970 2785 3025 dicere.
2806 2971 2939 3039 Quid
2964 2971 3132 3041 ergo?
3154 2971 3198 3025 si
3220 2982 3271 3027 et
3295 2971 3453 3025 Pater
3473 2970 3620 3041 prin-

2026 3061 2218 3131 cipium
2248 3069 2301 3116 et
2329 3062 2496 3116 Filius
2527 3064 2863 3133 principium,
2898 3064 3168 3134 quomodo
3194 3080 3298 3119 non
3329 3063 3437 3119 duo
3461 3065 3615 3135 prin-

2026 3156 2195 3226 cipia?
2236 3155 2513 3224 Quomodo
2555 3156 2781 3212 dicimus
2832 3158 3045 3211 Patrem
3098 3159 3266 3212 Deum
3321 3167 3376 3213 et
3422 3156 3620 3214 Filium

2028 3251 2215 3317 Deum,
2245 3265 2345 3303 nec
2372 3259 2549 3305 tamen
2583 3249 2808 3304 dicimus
2846 3249 2980 3304 duos
3005 3250 3156 3305 deos.
3184 3249 3342 3305 Nefas
3367 3258 3450 3305 est
3475 3250 3619 3305 enim

2026 3341 2209 3396 dicere
2237 3341 2372 3395 duos
2400 3341 2551 3405 deos,
2572 3341 2721 3396 nefas
2748 3350 2833 3397 est
2852 3342 3030 3397 dicere
3052 3352 3160 3396 tres
3185 3342 3316 3398 deos
3341 3352 3427 3398 :et
3443 3353 3623 3398 tamen

2026 3432 2116 3501 qui
2160 3432 2319 3486 Pater
2348 3439 2448 3497 est,
2484 3448 2588 3486 non
2620 3441 2701 3488 est
2726 3432 2923 3499 Filius;
2955 3433 3047 3501 qui
3074 3433 3242 3489 Filius
3267 3442 3371 3499 est,
3403 3448 3509 3488 non
3537 3441 3625 3491 est

2028 3522 2216 3577 Pater:
2239 3522 2468 3591 Spiritus
2494 3532 2670 3577 autem
2700 3532 2915 3577 sanctus
2942 3524 3114 3578 Patris
3135 3539 3192 3578 et
3214 3524 3334 3578 Filii
3365 3523 3618 3595 Spiritus,

2026 3621 2127 3661 nec
2173 3607 2330 3660 Pater
2366 3615 2451 3661 est
2490 3623 2590 3661 nec
2618 3607 2803 3661 Filius.
2842 3607 3094 3675 Quamvis
3125 3623 3272 3678 ergo,
3299 3610 3436 3663 sicut
3461 3623 3620 3665 aures

2026 3698 2302 3752 catholica:
2343 3708 2467 3752 sunt
2504 3699 2726 3753 erudita:
2776 3700 2826 3752 in
2870 3699 3075 3769 gremio
3120 3700 3304 3753 matris
3343 3700 3618 3769 Ecclesize,

2026 3804 2127 3843 nec
2158 3790 2246 3843 ille
2274 3792 2361 3860 qui
2390 3799 2472 3845 est
2498 3791 2654 3844 Pater
2676 3793 2744 3844 sit
2773 3790 2958 3857 Filius,
2984 3805 3083 3844 nec
3111 3792 3198 3844 ille
3228 3791 3315 3861 qui
3342 3799 3425 3845 est
3449 3790 3618 3846 Filius

2027 3880 2096 3935 sit
2140 3880 2314 3946 Pater,
2347 3897 2443 3935 nec
2489 3882 2715 3950 Spiritus
2754 3890 2968 3935 sanctus
3009 3882 3180 3936 Patris
3204 3892 3260 3937 et
3286 3881 3406 3936 Filii
3435 3883 3502 3936 sit
3535 3884 3619 3941 vel

2027 3971 2195 4026 Filius
2220 3974 2299 4026 vel
2332 3973 2506 4038 Pater,
2537 3982 2645 4028 tres
2676 3973 2805 4027 deos
2833 3982 3009 4027 tamen
3051 3989 3173 4027 esse
3213 3990 3317 4027 non
3346 3974 3609 4034 dicimus:

2028 4067 2270 4135 quamvis
2301 4066 2366 4120 de
2392 4068 2613 4136 singulis
2640 4068 2682 4121 si
2712 4077 3000 4135 quaeratur,
3026 4083 3244 4123 necesse
3269 4077 3351 4123 est
3380 4069 3447 4123 de
3476 4084 3614 4139 quo-

2027 4175 2253 4228 cumque
2280 4160 2588 4231 interrogati
2617 4160 2894 4226 fuerimus,
2930 4162 3094 4216 Deum
3123 4177 3242 4217 esse
3275 4162 3554 4241 fateamur.

2099 4251 2150 4304 '5.
2183 4250 2251 4303 Et
2290 4251 2517 4305 absurda
2560 4253 2655 4305 ista
2703 4252 2950 4306 videntur
2990 4252 3293 4308 hominibus
3324 4255 3477 4309 solita
3509 4263 3617 4309 tra-

2028 4341 2280 4397 hentibus
2329 4343 2394 4397 ad
2439 4344 2670 4410 insolita,
2701 4334 2930 4399 visibilia
2958 4346 3022 4399 ad
3072 4346 3375 4413 invisibilia,
3406 4356 3618 4402 creatu-

2028 4451 2141 4489 ram
2186 4436 2619 4505 comparantibus
2667 4434 2928 4490 Creatori.
2958 4436 3289 4507 lnterrogant
3328 4439 3471 4493 enim
3516 4453 3617 4493 nos

2027 4527 2312 4597 aliquando
2360 4527 2607 4581 infideles
2652 4537 2707 4581 ct
2747 4528 2929 4583 dicunt
2956 4545 2970 4580 :
2995 4529 3205 4584 Patrem
3230 4545 3389 4600 quem
3419 4530 3617 4597 dicitis,

2029 4620 2196 4674 Deum
2224 4619 2435 4673 dicitis?
2463 4619 2899 4688 Respondemus:
2925 4622 3112 4675 Deum.
3133 4622 3327 4677 Filium
3353 4638 3509 4693 quem
3537 4622 3621 4677 di-

2027 4713 2149 4767 citis
2168 4755 2180 4777 ,
2223 4713 2386 4766 Deum
2429 4712 2643 4766 dicitis?
2670 4713 3079 4782 Respondemus
3102 4733 3114 4768 :
3142 4715 3327 4770 Deum.
3358 4716 3614 4785 Spiritum

2028 4815 2269 4859 sanctum
2300 4820 2459 4875 quem
2499 4805 2692 4873 dicitis,
2726 4807 2893 4861 Deum
2931 4807 3145 4861 dicitis?
3170 4809 3612 4878 Respondemus:

2027 4900 2214 4954 Deum.
2265 4900 2423 4970 Ergo,
2474 4900 2737 4969 inquiunt,
2778 4902 2934 4955 Pater
2978 4913 3031 4956 et
3080 4902 3251 4956 Filius
3292 4911 3347 4956 et
3387 4901 3616 4970 Spiritus

2028 5001 2241 5046 sanctus
2271 5001 2378 5046 tres
2404 5000 2528 5045 sunt
2558 4991 2671 5046 dii?
2712 4992 3116 5061 Respondemus
3154 5012 3168 5046 :
3208 4992 3343 5047 Non.
3375 4992 3618 5046 Turbati-

2028 5094 2129 5148 tur,
2154 5084 2275 5153 quia
2298 5099 2403 5137 non
2430 5084 2798 5139 illuntinantur
2822 5103 2834 5137 :
2859 5100 2953 5140 cor
2980 5088 3217 5141 clausum
3250 5084 3464 5148 habent,
3490 5085 3612 5155 quia

2027 5176 2215 5232 clavim
2250 5156 2379 5230 fidei.
2403 5193 2506 5230 non
2534 5175 2751 5231 habent.
2781 5177 2887 5232 Nos
2931 5193 3079 5248 ergo,
3109 5177 3318 5241 fratres,
3345 5175 3447 5230 fide
3480 5193 3617 5246 pra:-

2026 5268 2270 5335 cedente,
2300 5284 2419 5339 qua:
2445 5278 2599 5323 sanat
2618 5269 2833 5324 oculum
2860 5270 3039 5326 cordis
3072 5269 3257 5334 nostri,
3288 5269 3428 5339 quod
3458 5269 3616 5324 intel-

2026 5361 2260 5434 ligimus,
2289 5363 2404 5418 sine
2434 5363 2757 5418 obscuritate
2778 5367 3069 5433 capiamus;
3089 5362 3231 5433 quod
3245 5364 3617 5437 nonintelligi-

2026 5470 2164 5520 mus,
2183 5455 2297 5509 sine
2309 5454 2638 5511 dubitatione
2652 5457 2929 5510 credamus
2942 5471 2959 5509 :
2970 5472 3000 5509 a
3015 5455 3359 5512 fundamento
3374 5456 3495 5512 ﬁdei
3511 5474 3617 5512 non

2028 5546 2358 5612 recedamus,
2385 5556 2438 5611 ut
2464 5546 2530 5600 ad
2560 5548 2768 5601 culmen
2788 5546 3127 5617 perfectionis
3150 5549 3443 5604 veniamus.
3477 5550 3620 5604 Deus

2026 5649 2108 5693 est
2129 5639 2304 5707 Pater,
2334 5640 2475 5694 Deus
2492 5649 2572 5693 est
2588 5640 2751 5695 Filius
2770 5642 2905 5695 Deus
2934 5651 3015 5697 est
3036 5642 3263 5710 Spiritus
3286 5654 3502 5699 sanctus
3528 5668 3539 5696 .
3564 5651 3620 5697 et

2028 5740 2203 5786 tamen
2224 5733 2378 5787 Pater
2394 5743 2594 5787 nonest
2616 5734 2703 5803 qui
2723 5733 2907 5799 Filius,
2927 5752 3023 5791 nec
3040 5736 3206 5791 Filius
3224 5747 3304 5791 est
3320 5736 3409 5803 qui
3429 5736 3608 5800 Pater,

2027 5840 2127 5883 nec
2141 5825 2366 5899 Spiritus
2382 5836 2596 5885 sanctus
2614 5828 2785 5886 Patris
2798 5838 2853 5887 et
2869 5830 2990 5888 Filii
3007 5831 3235 5906 Spiritus
3250 5839 3344 5889 aut
3357 5830 3515 5887 Pater
3530 5836 3617 5893 εει
