4082 6506
417 391 430 426 ;_
479 352 617 412 {683

1395 345 1461 401 IN
1498 342 1776 402 JOANNIS
1813 335 2274 404 EVANGll-IUM,
2313 339 2376 398 Β.
2414 341 2771 402 ιεεεετιΝι

3583 349 3730 410 ιωι

473 479 566 526 aut
589 467 778 526 Filius.
801 466 1034 524 Trinitas
1059 479 1193 520 unus
1219 463 1362 520 Deus
1389 479 1402 515 :
1427 461 1676 527 Trinitas,
1702 474 1806 514 una
1829 445 2082 514 aitet-aii
2104 453 2136 543 ξ¹
2153 457 2548 526 conclavium,
2578 461 2822 516 omnium
2841 459 3074 530 gentium
3105 457 3300 530 linguis
3339 475 3617 534 «cperunt
3643 467 3724 523 lo-

473 571 580 629 tas,
609 577 712 618 una
755 569 1011 630 potestas,
1052 573 1156 614 una
1197 557 1474 628 maiestas;
1507 555 1674 619 tres‘,
1703 552 1798 608 sed
1821 565 1928 608 non
1953 545 2074 613 dii;
2295 549 2546 608 Mirae'do
2564 551 2810 607 exterriti
2825 551 3036 608 Domini
3053 553 3440 622 interfectores,
3467 569 3729 627 compun-

473 656 592 711 Non
632 654 765 711 mihi
812 653 1162 710 calumniator
1203 649 1522 722 respondeat
1552 667 1564 702 :
1589 645 1726 714 Quid
1749 659 1874 716 ergo
1901 641 2049 700 tres?

474 845 636 900 Pater
664 853 717 900 et
745 844 910 898 Filius
937 851 991 898 et
1003 835 1244 911 'Spiritus
1271 846 1503 893 sanctus.
1533 835 1698 902 Ecce,
1721 831 1912 904 inquit,
1941 837 2051 884 tres

476 934 686 1001 dixisti;
717 933 808 990 sed
835 933 960 1004 quid
996 941 1102 988 tres
1132 931 1390 1000 exprime.
1419 929 1529 982 lmo
1559 935 1614 981 tu
1645 938 1866 980 numera
1889 939 1902 974 :
1927 935 2050 976 nam

435 1007 440 1012 ”
476 1040 575 1098 ego
600 1025 843 1095 compleo
869 1036 996 1089 tres,
1023 1038 1146 1078 cum
1179 1023 1316 1085 dico,
1341 1021 1499 1076 Pater
1528 1027 1580 1073 et
1613 1016 1777 1070 Filius
1805 1023 1860 1070 et
1881 1011 2052 1082 Spiri-

477 1125 563 1170 tus
593 1125 827 1170 sanctus.
870 1115 926 1170 ld
957 1115 1095 1169 enim
1120 1114 1259 1183 quod
1285 1114 1440 1166 Pater
1469 1110 1530 1164 ad
1562 1125 1620 1162 se
1637 1116 1736 1171 est,
1769 1106 1910 1160 Deus
1935 1113 2048 1167 est;

435 1197 440 1202 ’
475 1209 618 1280 quod
643 1209 708 1263 ad
735 1207 926 1263 Filium
949 1215 1050 1271 est,
1075 1207 1229 1260 Pater
1251 1217 1332 1259 est
1354 1223 1364 1258 :
1387 1202 1525 1274 quod
1547 1201 1712 1255 Filius
1735 1199 1800 1252 ad
1819 1197 2051 1266 seipsum

476 1311 577 1368 est,
607 1299 746 1357 Deus
771 1305 881 1364 est;
913 1299 1051 1368 quod
1082 1297 1146 1352 ad
1177 1299 1386 1352 Patrem
1417 1303 1515 1358 cst,
1547 1293 1710 1348 Filius
1735 1299 1835 1346 est.

545 1393 598 1447 4.
633 1393 734 1447 lsta
763 1407 881 1461 qua}
908 1391 1028 1445 dico
1055 1389 1274 1460 potestis
1324 1388 1389 1442 de
1431 1383 1864 1440 similitudinibus
1890 1393 2054 1450 agno-

435 1491 442 1500 ’
473 1502 624 1544 scere
647 1487 986 1556 quotidianis.
1017 1485 1186 1539 Homo
1225 1493 1276 1538 ct
1305 1485 1437 1537 alter
1463 1481 1644 1545 homo,
1675 1479 1718 1534 si
1745 1479 1834 1532 ille
1864 1479 1931 1532 sit
1955 1491 2052 1546 pa-

476 1585 576 1640 ter,
608 1576 698 1631 ille
723 1577 899 1643 ﬁlius;
931 1575 1070 1646 quod
1097 1575 1258 1631 homo
1283 1583 1384 1636 est,
1417 1573 1482 1626 ad
1515 1573 1746 1641 seipsum
1771 1577 1886 1634 est;
1912 1567 2053 1638 quod

474 1676 624 1736 pater
650 1677 749 1734 est,
781 1667 848 1723 ad
891 1667 1056 1721 ﬁlium
1102 1676 1183 1722 cst
1217 1683 1228 1717 :
1259 1675 1312 1720 et
1341 1665 1478 1718 ﬁlius
1507 1662 1646 1734 quod
1677 1662 1838 1715 homo
1859 1669 1957 1724 est,
1987 1657 2052 1712 ad

475 1755 706 1826 seipsum
739 1767 854 1824 est;
888 1758 1028 1828 quod
1065 1765 1239 1812 autem
1279 1755 1415 1810 ﬁlius
1464 1763 1565 1820 est,
1598 1754 1662 1807 ad
1703 1761 1907 1821 patrem
1947 1759 2048 1804 est.

474 1847 635 1903 Pater
662 1850 803 1904 enim
848 1866 1044 1906 nomen
1071 1857 1152 1906 est
1177 1849 1372 1904 dictum
1400 1848 1472 1902 ad-
1499 1846 1718 1918 aliquid,
1748 1853 1799 1900 ct
1823 1845 1962 1900 ﬁlius
1987 1842 2054 1898 ad

474 1941 672 2012 aliquid
701 1961 713 1996 :
741 1943 836 1998 sed
880 1943 965 1998 isti
1007 1943 1110 1999 duo
1151 1943 1392 1998 homines
1433 1949 1571 1996 sunt.
1615 1941 1684 1994 At
1725 1953 1855 1994 vero
1897 1937 2054 1992 Pater

473 2031 615 2088 Deus
654 2035 720 2089 ad
760 2036 958 2106 aliquid
982 2045 1063 2090 est
1087 2037 1266 2104 Pater,
1290 2035 1340 2090 id
1365 2043 1445 2090 est
1471 2033 1536 2088 ad
1566 2033 1755 2088 Filium
1777 2049 1792 2096 ;
1815 2040 1868 2086 et
1889 2030 2054 2084 Filius

473 2109 614 2180 Deus
642 2126 708 2179 ad
739 2127 934 2196 aliquid
963 2136 1046 2182 est
1073 2125 1257 2192 Filius,
1281 2125 1332 2180 id
1363 2125 1531 2182 estad
1551 2125 1762 2180 Patrem
1791 2143 1803 2176 :
1835 2123 1930 2178 sed
1949 2137 2052 2176 non

449 2213 740 2286 quomodo
767 2219 843 2274 illi
869 2219 972 2274 duo
1003 2219 1243 2275 homines
1269 2228 1412 2287 sunt,
1432 2221 1507 2274 sic
1527 2218 1614 2272 isti
1636 2217 1740 2272 duo
1763 2217 1858 2272 dii.
1877 2217 2054 2282 Quare

471 2307 575 2364 hoc
605 2326 708 2364 non
737 2311 809 2364 ita
832 2319 912 2366 est
934 2311 1041 2365 ibi?
1071 2311 1202 2377 Quia
1233 2310 1360 2364 illud
1387 2309 1547 2376 aliud,
1577 2308 1680 2362 hoc
1709 2315 1884 2362 autem
1909 2305 2052 2360 aliud

472 2409 554 2454 cst
581 2403 734 2470 :quia
768 2403 854 2456 illa
894 2401 1141 2457 divinitas
1182 2411 1282 2458 est.
1313 2401 1409 2455 Est
1441 2401 1508 2454 ibi
1537 2399 1732 2468 aliquid
1763 2398 2048 2462 ineli‘abile,
2086 2425 2092 2432 -

453 2491 614 2560 'quod
642 2492 818 2548 verbis
844 2491 1096 2562 explicari
1130 2509 1232 2549 non
1265 2492 1461 2562 possit,
1500 2499 1558 2546 ut
1591 2499 1644 2546 et
1683 2504 1936 2544 numerus
1961 2489 2048 2556 sit,

470 2589 525 2636 et
550 2597 803 2639 numerus
829 2599 934 2638 non
957 2585 1044 2640 sit.
1077 2585 1266 2640 Videte
1292 2585 1432 2640 enim
1459 2585 1504 2638 si
1524 2599 1632 2638 non
1658 2583 1807 2654 quasi
1836 2591 2052 2652 apparet

469 2685 746 2740 numerus,
776 2675 931 2730 Pater
957 2683 1010 2730 et
1038 2675 1204 2730 Filius
1233 2684 1286 2731 et
1307 2675 1532 2745 Spiritus
1556 2683 1769 2729 sanctus
1799 2673 2048 2730 Trinitas.

469 2761 524 2819 Si
547 2771 676 2832 tres,
701 2765 826 2836 quid
855 2768 1000 2822 tres?
1029 2767 1213 2824 Deﬁcit
1251 2783 1519 2822 numerus.
1547 2766 1621 2820 Ita
1655 2767 1795 2822 Deus
1825 2782 1923 2822 nec
1961 2782 2048 2822 re-

469 2857 611 2912 cedit
643 2873 670 2910 a
705 2875 947 2926 numero,
975 2875 1074 2914 nec
1107 2861 1314 2930 capitur
1335 2873 1574 2914 numero.
1604 2858 1737 2926 Quia
1765 2868 1874 2913 tres
1901 2867 2047 2925 sunt,

467 2955 718 3017 tanquam
757 2959 839 3005 est
863 2965 1118 3005 numerus
1145 2969 1156 3004 :
1182 2951 1224 3005 si
1267 2949 1460 3020 quaeris
1501 2949 1623 3020 quid
1674 2959 1804 3014 tres,
1837 2965 1942 3004 non
1969 2958 2052 3006 est

467 3045 740 3093 numerus.
775 3039 926 3095 Unde
953 3041 1150 3095 dictum
1177 3051 1275 3106 est,
1306 3039 1524 3112 Magnus
1546 3039 1795 3096 Dominus
1815 3049 1980 3095 noster
2004 3051 2050 3094 et

467 3137 654 3202 magna
691 3131 846 3186 virtus
887 3135 1014 3203 ejus,
1047 3141 1092 3186 et
1125 3131 1386 3202 sapientia:
1424 3133 1534 3201 ejus
1577 3148 1677 3186 non
1715 3141 1786 3186 est
1817 3147 2050 3186 numerus

463 3217 640 3293 (Paul.
670 3238 778 3290 xw,
809 3221 863 3289 6,
893 3223 968 3294 5).
1001 3221 1104 3279 Ubi
1146 3224 1379 3294 cogitare
1423 3223 1670 3293 coeperis,
1717 3223 1907 3292 incipis
1945 3239 2046 3276 nu-

465 3323 676 3366 merare
707 3329 718 3364 :
749 3311 836 3366 ubi
869 3315 1250 3379 numeraveris,
1277 3309 1404 3383 quid
1433 3315 1796 3370 numeraveris
1823 3329 1929 3369 non
1953 3329 2050 3383 po—

465 3401 549 3454 tes
575 3399 922 3469 respondere.
958 3401 1134 3469 Pater,
1182 3401 1340 3457 Pater
1380 3411 1489 3468 est;
1521 3399 1700 3472 Filius,
1729 3403 1895 3458 Filius
1931 3412 2043 3470 est;

464 3484 694 3557 Spiritus
721 3499 957 3559 sanctus,
990 3491 1217 3562 Spiritus
1254 3501 1468 3549 sanctus
1504 3503 1586 3548 est
1615 3513 1626 3547 :
1651 3495 1774 3565 quid
1802 3503 1926 3550 sunt
1959 3495 2048 3550 isti

465 3587 599 3648 tres,
631 3579 790 3637 Pater
813 3591 866 3638 et
890 3579 1053 3640 Filius
1075 3593 1126 3640 ει
1155 3585 1383 3657 Spiritus
1412 3587 1658 3642 sanctus?
1684 3585 1798 3641 Non
1825 3597 1932 3642 tres
1948 3587 2046 3644 dii?

465 3665 604 3728 Non.
632 3673 748 3729 Non
779 3683 886 3730 tres
929 3673 1353 3748 omnipotentes?
1379 3673 1513 3734 Non.
1551 3677 1670 3734 Non
1710 3687 1819 3734 tres
1861 3679 2046 3734 mundi

464 3765 765 3820 creatores?
793 3765 928 3821 Non.
948 3767 1088 3840 Ergo
1111 3769 1448 3841 omnipotens
1477 3769 1667 3825 Pater?
1699 3769 2046 3840 Omnipotens

461 3851 642 3922 plane.
666 3853 806 3926 Ergo
831 3865 885 3913 et
913 3857 1078 3916 Filius
1117 3875 1222 3915 non
1263 3861 1634 3930 omnipotens?
1660 3861 1824 3917 Plane
1865 3869 1923 3916 et
1953 3861 2045 3916 Fi-

461 3939 567 3998 lius
605 3947 976 4017 omnipotens?
1001 3951 1141 4022 Ergo
1167 3959 1222 4006 et
1243 3951 1469 4020 Spiritus
1496 3961 1710 4008 sanctus
1741 3967 1847 4008 non
1874 3953 2046 4008 omni-

462 4037 692 4104 potens?
721 4037 789 4092 Et
823 4039 935 4108 ipse
982 4044 1337 4112 omnipotens.
1371 4043 1502 4097 Tres
1533 4057 1660 4114 ergo
1703 4045 2044 4114 omnipoten-

464 4127 584 4180 tes?
609 4125 762 4196 Non;
791 4133 885 4186 sed
923 4147 1058 4188 unus
1097 4135 1453 4204 omnipotens.
1483 4135 1597 4192 Hoc
1621 4134 1735 4191 solo
1761 4151 2042 4193 numerum

463 4215 734 4274 insinuant
756 4223 898 4291 quod
921 4224 984 4278 ad
1005 4225 1234 4282 invicem
1251 4236 1391 4295 sunt,
1421 4243 1528 4283 non
1553 4227 1693 4298 quod
1720 4229 1788 4284 ad
1811 4243 1870 4286 se
1897 4239 2042 4286 sunt.

465 4307 599 4373 Quia
623 4311 764 4365 enim
789 4313 929 4368 Deus
955 4313 1112 4370 Pater
1137 4315 1202 4372 ad
1232 4333 1290 4372 se
1315 4327 1398 4373 est
1423 4319 1562 4374 Deus
1588 4319 1748 4376 simul
1769 4338 1886 4377 cum
1907 4322 2045 4378 Filio

463 4407 519 4455 et
559 4397 761 4470 Spiritu
799 4415 1004 4474 sancto,
1043 4423 1149 4463 non
1197 4417 1323 4464 sunt
1363 4419 1471 4466 tres
1499 4411 1606 4479 dii;
1635 4413 1756 4483 quia
1785 4413 1851 4470 ad
1879 4429 1939 4471 se
1964 4423 2046 4472 est

464 4492 801 4563 omnipotens
846 4495 1003 4552 simul
1033 4511 1154 4554 cum
1189 4499 1325 4556 Filio
1363 4509 1415 4556 et
1457 4501 1660 4572 Spiritu
1701 4513 1906 4571 sancto,
1935 4521 2042 4560 non

463 4592 590 4640 sunt
618 4593 726 4641 tres
754 4589 1146 4659 omnipotentes
1173 4609 1184 4646 :
1209 4593 1330 4663 quia
1359 4608 1487 4649 vero
1515 4611 1620 4652 non
1649 4594 1712 4651 ad
1741 4611 1799 4652 se
1828 4605 1910 4652 εει
1937 4597 2042 4652 Pa-

461 4692 566 4754 ter,
609 4687 708 4743 sed
739 4685 806 4745 ad
843 4687 1067 4761 Filium;
1093 4709 1191 4750 nec
1219 4695 1386 4752 Filius
1410 4697 1478 4753 ad
1509 4713 1566 4754 se
1602 4707 1701 4766 est,
1735 4698 1828 4756 sed
1853 4699 1920 4754 ad
1947 4699 2047 4754 Pa-

460 4785 632 4845 trem;
667 4793 767 4836 nec
794 4779 1024 4852 Spiritus
1054 4784 1120 4838 ad
1150 4799 1229 4853 se,
1257 4785 1311 4840 in
1341 4801 1406 4842 eo
1430 4789 1570 4858 quod
1596 4789 1789 4845 dicitur
1815 4789 2042 4860 Spiritus

459 4865 635 4924 Patris
665 4877 721 4925 et
744 4869 897 4938 Filii;
930 4887 1036 4928 non
1062 4883 1145 4930 est
1171 4875 1295 4946 quid
1323 4875 1498 4933 dicam
1529 4887 1665 4947 tres,
1695 4881 1801 4936 nisi
1826 4880 2042 4936 Patrem

460 4963 517 5013 et
562 4957 754 5016 Filium
803 4969 857 5018 et
885 4959 1140 5033 Spiritum
1186 4975 1426 5022 sanctum
1465 4985 1630 5024 unum
1657 4969 1849 5038 Deum,
1878 4987 2040 5030 unum

462 5053 901 5122 omnipotentem.
931 5055 1078 5129 Ergo
1101 5073 1264 5115 unum
1291 5059 1630 5132 principium.

533 5143 586 5199 ὅ.
618 5145 857 5216 Accipite
885 5147 1088 5221 aliquid
1115 5148 1182 5207 de
1205 5147 1493 5221 Scripturis
1522 5153 1740 5221 sanctis,
1768 5155 1909 5212 unde
1935 5154 2038 5214 hoc

2113 735 2118 742 ι

474 745 532 804 Si
557 750 698 804 enim
722 757 850 816 tres,
875 747 970 816 ait,
993 753 1202 818 Oportet
1227 743 1371 800 dicas
1392 741 1516 812 quid
1540 749 1668 796 tres.
1696 735 2014 808 Respondeo
2032 735 2058 786 τ’
2149 735 2280 786 'runt
2327 749 2339 784 :

2109 840 2120 884 ς,
2155 823 2412 889 ﬁdelium,
2431 826 2530 880 tria
2547 825 2710 880 millia
2732 826 3026 883 luenti-tm.
3055 829 3184 886 Item
3205 831 3312 888 alio
3333 829 3476 887 facto
3495 833 3729 903 quodam

2109 905 2118 954 ἶ
2155 915 2434 982 miraculo,
2463 929 2801 974 accesserqu
2839 920 2942 974 alia
2977 921 3208 992 quinque
3251 924 3445 991 millia;
3477 925 3612 982 facta
3643 935 3730 983 εει

2149 637 2226 712 ξειὶ
2255 641 2558 709 doluerunt,
2587 643 2834 699 doletne.
2869 646 3052 698 mutati
3089 657 3234 712 sunt,
3265 649 3450 702 mutati
3477 648 3730 706 credide-

2394 743 2731 788 accesserunt
2777 738 2990 804 corpori
3025 737 3259 806 Domini,
3289 738 3345 794 ii
3383 749 3468 795 est
3503 755 3730 798 numero

2156 1008 2306 1078 plebs
2334 1025 2434 1064 una
2459 1024 2564 1064 non
2590 1026 2752 1079 parva
2777 1028 2790 1064 :
2817 1011 2868 1066 in
2897 1027 3003 1082 qua
3047 1029 3234 1070 manes
3274 1027 3494 1088 accepto
3523 1018 3727 1088 Spiritu

2156 1109 2364 1166 sancto,
2389 1115 2494 1169 quo
2537 1117 2688 1156 amor
2735 1103 3028 1172 spiritualis-
3059 1120 3318 1162 accensus
3343 1117 3444 1174 est,
3467 1109 3732 1166 charitatc

2155 1189 2268 1260 ipsa
2295 1200 2354 1246 et.
2375 1192 2581 1248 fervore
2609 1194 2824 1263 spiritus
2847 1196 2902 1250 in
2927 1211 3088 1251 unum
3113 1199 3334 1266 redacti,
3363 1212 3642 1272 temperant
3675 1205 3732 1258 in

2053 1300 2062 1357 ς
2156 1284 2268 1352 ipsa
2297 1286 2568 1342 societatis
2595 1288 2794 1344 unitate
2820 1289 3052 1344 vendere
3081 1293 3258 1348 mitia
3291 1307 3412 1363 que
3437 1294 3726 1364 habebant,

2157 1383 2210 1430 et
2233 1376 2400 1445 pretia
2431 1391 2628 1446 ponere
2651 1377 2718 1434 ad
2749 1380 2910 1449 pedes
2939 1383 3336 1452 Apostolorum,
3359 1393 3420 1441 at
3445 1387 3734 1444 distribue-

2157 1479 2304 1521 retur
2333 1468 2634 1538 unicuique,
2665 1470 2800 1526 sicut
2845 1473 3038 1543 cuique
3081 1489 3215 1545 Opus
3243 1485 3391 1552 erat.
3421 1477 3490 1534 Et
3526 1478 3630 1534 hoc
3661 1481 3734 1536 de

2141 1557 2260 1634 illis
2287 1559 2558 1628 Scriptura
2585 1560 2738 1628 dicit,
2759 1562 2902 1632 quod
2927 1573 3038 1618 erat
3085 1567 3156 1620 eis
3201 1569 3374 1622 animo
3417 1585 3521 1625 una
3567 1580 3615 1626 et
3642 1587 3734 1627 cor

2157 1665 2312 1702 unum
2340 1651 2392 1703 iu
2419 1650 2580 1706 Deum
2609 1652 2750 1722 (Λα.
2776 1655 2931 1726 ιι-ιν);
2963 1656 3236 1714 Attendite
3259 1673 3407 1730 ergo,
3435 1661 3649 1730 fratres,
3677 1671 3736 1721 et

2157 1742 2282 1797 hinc
2311 1745 2578 1814 agnoscite
2619 1748 2929 1816 mysterium
2957 1749 3252 1820 Trinitatis,
3283 1753 3552 1823 quomodo
3578 1755 3734 1810 diea-

2157 1849 2296 1899 mus,
2321 1834 2388 1888 Et
2415 1835 2570 1892 Pater
2594 1845 2700 1904 est,
2727 1847 2784 1894 et
2817 1837 2988 1894 Filius
3033 1852 3133 1907 est,
3169 1853 3224 1897 et
3263 1843 3494 1912 Spiritus
3515 1855 3734 1906 sanctus

2159 1934 2260 1994 cst,
2285 1935 2338 1980 et
2363 1935 2534 1982 ttunen
2561 1943 2700 1983 unus
2727 1928 2868 1984 Deus
2890 1940 2994 1985 est.
3011 1931 3152 1988 Ecce
3175 1933 3252 1988 illi
3271 1941 3352 1989 tot
3369 1935 3532 1990 millia
3551 1947 3732 2010 erant,

2159 2024 2212 2071 et
2240 2032 2332 2071 cor
2361 2033 2520 2072 unum
2551 2029 2698 2085 erat;
2730 2036 2858 2076 ecce
2881 2031 2958 2078 tot
2987 2025 3150 2078 millia
3175 2035 3347 2094 erant,
3377 2037 3434 2081 et
3465 2041 3567 2084 una
3607 2029 3732 2083 ani-

2157 2121 2242 2160 ma
2263 2117 2394 2162 erat.
2423 2108 2526 2165 Sed
2556 2111 2681 2166 ubi?
2711 2111 2766 2166 ln
2797 2112 2930 2168 Deo.
2963 2113 3172 2180 Quanto
3209 2119 3378 2188 magis
3401 2120 3514 2190 ipse
3541 2117 3734 2176 Deus?

2155 2199 2422 2272 Numquid
2449 2218 2568 2278 erro
2605 2203 2662 2260 in
2687 2205 2876 2273 verbo,
2900 2208 3114 2278 quando
3149 2209 3270 2266 dico
3309 2209 3448 2266 duos
3482 2211 3734 2268 homines

2155 2293 2291 2350 duas
2319 2277 2546 2360 animas,
2565 2307 2655 2352 aut
2685 2306 2796 2354 tres
2819 2299 3062 2356 homines
3083 2309 3194 2358 tres
3217 2303 3441 2370 animas,
3467 2311 3559 2358 aut
3583 2304 3732 2358 mul-

2159 2395 2241 2442 tos
2261 2388 2504 2444 homines
2527 2390 2722 2444 multas
2747 2391 2984 2448 animas?
3009 2393 3174 2448 Recte
3195 2396 3374 2466 utique
3399 2393 3537 2451 dico.
3559 2395 3732 2452 Acco:-

2157 2477 2285 2534 dant
2313 2479 2380 2534 ad
2399 2480 2592 2550 Deum,
2613 2498 2716 2538 una
2741 2486 2916 2562 anima
2941 2493 3026 2542 est
3045 2487 3302 2542 omnium.
3333 2487 3392 2545 Si
3414 2489 3738 2546 accedentes

2157 2570 2222 2625 ad
2253 2572 2438 2638 Deum,
2467 2575 2646 2630 multm
2675 2576 2866 2632 animae
2907 2591 3003 2647 per
3047 2578 3360 2634 charitatem
3405 2591 3510 2636 una
3553 2579 3738 2636 anima

2156 2671 2258 2727 est,
2298 2671 2352 2718 et
2387 2665 2552 2719 multa
2597 2667 2758 2722 corda
2801 2683 2962 2722 unum
3003 2684 3130 2738 cor;
3161 2670 3288 2740 quid
3317 2671 3422 2742 agit
3469 2671 3582 2740 ipse
3609 2671 3736 2728 fons

2155 2752 2429 2808 cbaritatis
2449 2755 2504 2810 in
2528 2755 2683 2812 Patre
2712 2765 2766 2814 et
2787 2757 2958 2814 Filio?
2987 2757 3174 2816 Nonne
3199 2762 3273 2816 ibi
3303 2763 3470 2833 magis
3498 2761 3736 2818 Trinitas

2156 2862 2292 2902 unus
2341 2857 2422 2902 est
2450 2847 2625 2904 Deus?
2657 2849 2786 2906 lude
2827 2854 2970 2908 enim
3015 2855 3170 2911 nobis
3205 2856 3438 2912 charitas
3463 2857 3628 2924 venit,
3659 2858 3732 2914 de

2156 2935 2271 3006 ipso
2311 2939 2508 3008 Spiritu
2550 2949 2764 3009 sancto,
2815 2943 2954 3000 sicut
2997 2945 3126 3002 dicit
3167 2947 3738 3017 Apostoluswhm'm

2155 3025 2252 3082 Dei
2289 3029 2476 3096 diffusa
2517 3041 2589 3086 est
2633 3033 2688 3087 in
2723 3033 2954 3091 cordibus
2982 3039 3166 3094 nostris
3212 3053 3302 3109 per
3338 3037 3588 3109 Spiritum
3608 3053 3732 3095 rart-

2153 3133 2288 3176 ctum
2313 3124 2396 3192 qui
2425 3125 2576 3179 datus
2594 3134 2666 3180 est
2691 3125 2834 3182 nobis
2853 3129 3037 3198 (Rom.
3067 3146 3120 3199 ν,
3155 3131 3240 3202 5).
3265 3131 3321 3186 Si
3349 3145 3476 3202 ergo
3505 3133 3731 3187 citat-itas

2154 3215 2248 3270 Dei
2271 3215 2458 3282 di/fusa
2481 3218 2533 3272 in
2559 3218 2790 3274 cordibus
2813 3224 2996 3278 nostris
3016 3239 3104 3294 per
3125 3225 3378 3295 Spiritum
3391 3235 3620 3280 sanclum
3633 3227 3726 3296 qui

2154 3307 2300 3362 datus
2323 3317 2396 3362 est
2422 3308 2582 3376 nobis,
2613 3312 2806 3368 multas
2825 3313 3030 3370 animas
3053 3315 3180 3371 facit
3203 3331 3360 3372 unam
3386 3318 3638 3385 animam,
3669 3327 3722 3374 et

2152 3401 2318 3456 multa
2343 3403 2502 3457 corda
2549 3403 2672 3458 facit
2712 3421 2874 3460 unum
2914 3422 3038 3474 cor;
3071 3419 3270 3480 quanto
3293 3411 3462 3481 magis
3489 3411 3650 3467 Pater
3671 3421 3728 3467 et

2153 3491 2318 3546 Filius
2359 3501 2412 3548 et
2451 3492 2678 3564 Spiritus
2705 3505 2940 3564 sanctus,
2973 3499 3112 3556 Deus
3137 3515 3294 3570 unus,
3325 3502 3504 3558 lumen
3533 3515 3724 3570 unum,

2152 3599 2422 3656 unumque
2451 3585 2806 3656 principium?

2223 3675 2276 3731 6.
2303 3675 2594 3734 Audiamus
2621 3695 2748 3750 ergo
2777 3680 3094 3751 principium
3121 3682 3266 3753 quod
3293 3683 3528 3756 loquitur
3545 3683 3724 3740 nobis.

2153 3765 2340 3836 Multa,
2370 3769 2559 3840 inquit,
2589 3771 2744 3824 habeo
2773 3771 2909 3842 loqui
2933 3773 2996 3828 de
3021 3775 3156 3829 vobis
3183 3785 3230 3830 et
3257 3776 3508 3847 judicare.
3539 3776 3730 3833 “etni-
3829 3775 3834 3778 ’

2151 3861 2305 3916 nistis
2332 3863 2470 3934 quod
2501 3863 2596 3926 ait,
2615 3863 2728 3936 Ego
2758 3881 2860 3920 non
2873 3867 3050 3938 judico
3079 3883 3376 3938 quamquam
3405 3868 3579 3942 (Josn.
3609 3883 3724 3937 vm,

2153 3953 2279 4026 45):
2315 3971 2438 4012 cccc
2461 3957 2620 4012 modo
2645 3957 2794 4026 dicit,
2829 3959 2996 4014 Multa
3036 3961 3192 4018 habeo
3231 3963 3294 4018 de
3333 3962 3470 4017 vobis
3513 3961 3648 4033 loqui
3678 3972 3728 4018 et

2141 4047 2396 4114 judicare.
2427 4047 2530 4104 Sed
2555 4049 2694 4104 aliud
2725 4059 2827 4114 est,
2855 4067 2956 4105 non
2973 4052 3182 4122 judico;
3207 4052 3368 4120 aliud,
3398 4053 3554 4107 habeo
3577 4053 3728 4124 judi-

2151 4155 2283 4193 care.
2313 4139 2433 4196 Nou
2464 4141 2662 4213 judico,
2686 4141 2820 4197 dixit
2855 4143 2922 4198 ad
2963 4159 3227 4213 praesens;
3257 4154 3474 4200 venerat
3499 4144 3640 4200 enim
3669 4153 3728 4199 ut

2151 4237 2380 4291 salvaret
2405 4236 2682 4302 mundum,
2705 4253 2810 4292 non
2841 4247 2898 4293 ut
2927 4239 3187 4308 judicaret
3211 4239 3464 4294 mundum
3491 4237 3600 4309 (Id.
3627 4253 3722 4304 xu,

2149 4329 2242 4398 47)
2270 4329 2446 4400 :quod
2473 4338 2648 4385 autem
2679 4329 2825 4396 dicit,
2859 4331 3026 4386 Multa
3063 4331 3218 4388 habeo
3255 4331 3317 4386 de
3356 4330 3492 4386 vobis
3515 4331 3652 4402 loqui
3679 4341 3728 4386 et

2149 4422 2394 4488 iudicare,
2419 4422 2672 4492 judicium
2705 4421 2934 4478 futurum
2967 4423 3114 4478 dicit.
3143 4422 3264 4477 Ideo
3285 4421 3432 4477 enim
3461 4421 3722 4486 ascendit,

2151 4522 2207 4569 ut
2234 4515 2410 4570 veniat
2431 4515 2668 4585 judicare
2695 4519 2842 4572 vivos
2867 4524 2922 4572 et
2949 4525 3204 4572 mortuos.
3231 4515 3402 4572 Nemo
3419 4516 3612 4585 justius
3637 4519 3728 4586 ju-

2148 4603 2365 4672 dicabit,
2393 4621 2550 4678 quam
2577 4608 2664 4676 qui
2691 4607 2884 4677 injuste
2899 4607 3166 4678 judicatus
3189 4617 3292 4665 est.
3315 4607 3502 4675 Multa,
3531 4609 3721 4679 inquit,

2149 4695 2304 4749 habeo
2330 4697 2391 4749 de
2417 4697 2552 4752 vobis
2577 4699 2714 4768 loqui
2737 4709 2784 4754 et
2799 4700 3030 4771 judicare
3051 4715 3070 4754 :
3089 4701 3177 4756 sed
3191 4701 3278 4774 qui
3299 4717 3376 4756 me
3395 4701 3550 4766 misit,
3571 4713 3730 4756 verat:

2149 4797 2240 4839 est.
2269 4785 2457 4842 Videte
2486 4787 2930 4858 quemadmodum
2957 4789 3100 4844 Patri
3125 4789 3216 4846 det
3251 4789 3474 4860 gloriam
3501 4789 3725 4859 aequalis

2147 4875 2332 4932 Filius.
2357 4877 2672 4948 Exemplum
2694 4880 2836 4936 enim
2869 4881 3020 4936 nobis
3045 4881 3268 4950 prmbet,
3295 4891 3350 4937 et
3383 4890 3630 4951 tanquam
3669 4881 3724 4936 in

2147 4971 2394 5026 cordibus
2420 4972 2618 5026 nostris
2643 4973 2908 5043 loquitur:
2927 4971 2972 5028 Ο
2999 4973 3160 5028 homo
3189 4973 3378 5038 ﬁdelis,
3409 4973 3456 5027 si
3481 4973 3730 5042 Evange-

2147 5061 2277 5118 lium
2315 5077 2493 5118 meum
2530 5063 2701 5131 audis,
2741 5065 2868 5120 dicit
2892 5064 2988 5120 tibi
3017 5065 3272 5120 Dominus
3299 5063 3440 5120 Deus
3465 5071 3606 5126 tuus,
3633 5063 3727 5118 ubi

2147 5155 2248 5223 ego
2296 5153 2348 5206 in
2397 5152 2655 5224 principio
2683 5153 2918 5210 Verbum
2947 5153 3086 5210 Deus
3112 5153 3252 5224 apud
3281 5155 3472 5221 Deum,
3503 5153 3726 5224 aqualis

462 5234 603 5304 quod
627 5237 822 5295 dicitur
837 5247 1124 5314 utcumque
1150 5243 1388 5314 capiatis.
1417 5241 1768 5316 Posteaquam
1786 5247 2041 5306 Dominus
2145 5244 2310 5313 Patri,
2341 5255 2636 5302 coaeternus
2671 5247 2934 5318 gignenti,
2960 5246 3030 5302 do
3057 5247 3279 5318 gloriam
3321 5247 3372 5302 ei
3411 5246 3564 5316 cujus
3605 5261 3728 5301 sum

461 5335 644 5384 uoster
713 5329 867 5388 Jcsus
925 5333 1170 5393 Christus
1232 5337 1564 5406 resurrexit,
1616 5347 1670 5396 et
1709 5354 1831 5396 cum
1875 5342 2042 5399 voluit

461 5421 701 5475 ascendit
729 5423 779 5477 in
810 5425 1027 5493 cmlum,
1065 5425 1248 5484 decem
1278 5427 1465 5486 diebus
1494 5429 1602 5486 illic
1631 5429 1862 5502 impletis
1897 5434 2042 5490 misit

461 5509 586 5566 inde
623 5511 876 5582 Spiritum
924 5527 1164 5575 sanctum
1189 5535 1201 5573 :
1227 5535 1331 5593 quo
1373 5521 1579 5592 impleti
1621 5523 1712 5596 qui
1739 5523 1960 5582 aderant
1983 5527 2040 5586 in

511 5669 709 5749 ἑ.
841 5686 1089 5749 ρει-Μηφ-
1111 5684 1168 5726 Αι
1335 5691 1509 5749 οωρεε
1529 5689 1855 5749 curentvoce,
1879 5697 2043 5749 perso-

459 5739 581 5810 nae“;
593 5739 1050 5810 _c_a“m_que7expungi
1071 5743 1390 5795 Lovaoienses
1409 5743 1462 5796 in
1925 5749 2041 5804 toni

461 5803 572 5844 nom
593 5805 940 5860 praeceperant.

2146 5337 2345 5406 Filius;
2369 5337 2637 5410 quomodo
2667 5348 2722 5396 tu
2749 5339 3012 5412 superbus
3049 5355 3108 5396 es
3134 5337 3388 5396 adversus
3417 5355 3540 5396 eum
3571 5337 3728 5408 cujus

2145 5446 2334 5492 smus
2359 5433 2454 5488 es?

2217 5527 2271 5580 7.
2301 5524 2467 5580 Multa
2501 5523 2677 5594 habeo,
2709 5511 2897 5596 inquit,
2925 5524 2988 5581 de
3014 5523 3150 5580 vobis
3187 5524 3326 5596 loqui
3365 5531 3411 5579 et
3445 5523 3686 5596 judicare
3707 5537 3732 5578 .-

2145 5617 2235 5672 sed
2257 5615 2346 5686 qui
2368 5633 2447 5670 me
2475 5617 2628 5686 misit,
2655 5633 2807 5672 verax
2821 5625 2898 5673 est
2917 5633 2936 5672 :
2957 5625 3206 5687 tanquam
3224 5615 3446 5683 diceret,
3473 5615 3598 5671 Ideo
3625 5629 3728 5670 ve-

2144 5724 2266 5766 rum
2283 5707 2480 5779 judico,
2508 5709 2630 5779 quia
2655 5707 2819 5762 Filius
2839 5708 3044 5764 veracis
3072 5708 3270 5764 veritas
3289 5721 3430 5765 sum.
3453 5707 3610 5762 Pater
3627 5719 3726 5761 re-

2147 5819 2266 5874 ται,
2293 5801 2460 5860 Filius
2485 5801 2703 5874 veritas,
2733 5801 2858 5875 quid
2905 5809 3150 5874 putamus
3182 5817 3302 5862 esse
3333 5799 3594 5876 amplius?
3615 5795 3728 5862 Coa
