4118 6468
334 315 474 374 1685

328 431 560 502 gitemus
590 425 635 482 si
653 424 937 496 possimus,
967 421 1091 502 quid
1115 430 1195 478 est
1221 421 1468 499 amplius,
1501 436 1663 480 verax
1686 437 1753 476 an
1774 421 1911 476 veri-

326 533 429 580 tas.
463 522 543 576 De
587 519 904 592 quibusdam
944 531 1264 590 quaeramus.
1295 516 1420 582 Pius
1460 515 1634 577 homo,
1663 515 1780 596 plus
1809 524 1912 584 est,

324 629 392 669 an
425 611 639 686 pietas?
672 611 778 668 Sed
807 612 920 682 plus
951 620 1032 666 est
1060 610 1172 688 ipsa
1203 608 1411 679 pietas:
1436 607 1554 688 pius
1584 607 1727 662 enim
1753 621 1783 661 a
1804 606 1917 677 pie-

324 717 459 772 tate,
501 721 612 768 non
652 704 823 786 pietas
845 721 874 760 a
906 704 1010 774 pio.
1039 703 1224 768 Potest
1251 701 1393 760 enim
1440 715 1560 758 esse
1592 701 1779 771 pietas,
1813 699 1917 754 etsi

322 800 416 854 ille
443 800 530 871 qui
554 800 668 872 pius
685 809 822 865 erat,
841 798 1012 854 factus
1027 797 1338 868 estimpius.
1362 795 1481 868 Ipse
1508 795 1736 867 perdidit
1753 793 1914 866 pieta-

322 904 456 959 tem,
487 894 670 964 pietati
705 893 836 948 nihil
866 892 1102 948 abstulit.
1130 891 1268 962 Quid
1301 892 1427 956 item
1464 889 1689 962 pulcher
1721 897 1775 948 et
1798 887 1914 959 pul-.

320 984 613 1040 chritudo?
642 985 766 1040 Plus
815 993 896 1040 est
940 983 1278 1054 pulchritudo
1319 998 1477 1055 quam
1522 981 1915 1054 pulcherzpul-

317 1076 575 1134 chritudo
599 1077 740 1132 enim
769 1075 896 1130 facit
922 1075 1223 1148 pulchrum,
1259 1090 1362 1136 non
1389 1073 1615 1152 pulcher
1644 1072 1768 1129 facit
1794 1073 1914 1143 pul-

317 1169 706 1226 chritudinem?
730 1168 923 1234 Castus
962 1179 1014 1224 et
1055 1169 1308 1226 castitas?
1335 1167 1562 1226 Castitas
1601 1167 1756 1238 plane
1798 1167 1916 1237 plus

318 1273 404 1318 est
431 1279 590 1334 quam
620 1270 817 1317 castus.
845 1261 900 1318 Si
927 1261 1068 1317 enim
1097 1261 1312 1317 castitas
1334 1276 1442 1316 non
1471 1268 1642 1332 esset,
1662 1259 1803 1317 unde
1829 1274 1915 1316 es-

318 1365 405 1412 set
457 1357 558 1411 iste
600 1364 795 1421 castus,
829 1371 933 1411 non
962 1355 1220 1412 haberet:
1245 1355 1290 1410 si
1320 1362 1497 1409 autem
1537 1353 1767 1410 noluerit
1793 1367 1915 1409 esse

315 1459 524 1516 castus,
557 1450 774 1505 castitas
818 1449 1025 1522 integra
1063 1456 1388 1519 perseverat.
1417 1445 1473 1503 Si
1501 1462 1628 1522 ergo
1655 1446 1773 1516 plus
1799 1445 1913 1516 pie-

316 1549 399 1594 tas
431 1555 592 1611 quam
631 1539 771 1611 pius,
803 1539 925 1614 plus
957 1538 1297 1610 pulchritudo
1325 1554 1492 1610 quam
1515 1535 1759 1607 pulcher,
1794 1535 1914 1606 plus

315 1632 540 1688 castitas
586 1647 748 1704 quam
787 1641 997 1697 castus;
1030 1631 1284 1703 numquid
1336 1629 1533 1688 dicturi
1572 1642 1756 1686 sumus
1795 1628 1913 1697 plus

314 1726 517 1780 veritas
549 1741 709 1796 quam
738 1727 935 1781 verax?
961 1726 1016 1782 Si
1058 1726 1159 1781 hoc
1199 1724 1513 1790 dixerimus,
1551 1722 1744 1777 Filium
1777 1721 1913 1775 inci-

319 1817 536 1887 piemus
572 1816 753 1872 dicere
791 1817 947 1872 Patre
985 1816 1273 1890 majorem.
1294 1815 1383 1872 Ait
1410 1815 1550 1870 enim
1579 1813 1914 1892 apertissime

318 1927 436 1981 ipse
464 1911 722 1965 Dominus
747 1930 759 1965 :
783 1909 898 1982 Ego
936 1928 1068 1975 sum,
1098 1911 1176 1964 via
1217 1920 1261 1964 et
1306 1911 1506 1977 veritas,
1531 1917 1577 1962 et
1605 1908 1704 1961 vita
1733 1905 1910 1980 (Joan.

320 2020 436 2069 xxv,
467 2004 548 2074 6).
578 2004 722 2074 Ergo
751 2004 799 2059 si
828 2003 992 2059 Filius
1019 2004 1249 2069 veritas;
1282 2003 1437 2059 Pater
1477 2001 1623 2072 quid,
1651 2001 1750 2056 nisi
1773 1999 1914 2072 quod

315 2096 392 2148 ait
421 2096 536 2165 ipsa
560 2097 780 2163 veritas,
809 2096 908 2163 Qui
933 2114 1009 2149 me
1031 2097 1183 2164 misit,
1207 2113 1360 2149 verax
1381 2093 1491 2150 est?
1515 2093 1680 2150 Filius
1695 2093 1910 2160 veritas,

319 2184 483 2240 Pater
510 2201 671 2242 verax
709 2185 876 2257 :quid
921 2187 1037 2258 plus
1077 2187 1146 2241 sit
1188 2202 1390 2258 quzero,
1421 2184 1516 2241 sed
1554 2185 1913 2256 aequalitatem

318 2278 558 2332 invenio.
587 2279 766 2334 Verax
797 2280 938 2334 enim
969 2279 1125 2334 Pater
1156 2295 1261 2334 non
1307 2279 1373 2334 ab
1409 2294 1472 2334 ea
1499 2279 1725 2334 veritate
1751 2290 1913 2333 verax

319 2379 402 2425 est
429 2371 582 2440 cujus
610 2381 818 2441 partem
845 2373 1004 2443 cepit,
1035 2372 1129 2427 sed
1150 2389 1310 2444 quam
1339 2381 1502 2429 totam
1531 2371 1732 2444 genuit.

391 2465 445 2519 8.
480 2465 652 2526 Video,
693 2466 900 2538 planius
948 2480 1067 2522 esse
1092 2465 1396 2521 dicendum.
1450 2466 1516 2520 Et
1553 2475 1698 2520 certe
1725 2480 1793 2520 ne
1819 2478 1915 2520 vos

317 2554 409 2608 diu
440 2564 651 2612 teneam
675 2597 690 2622 ,
727 2555 884 2611 hodie
909 2556 1011 2611 huc
1041 2572 1207 2628 usque
1239 2564 1494 2612 tractetur
1525 2574 1537 2609 :
1569 2571 1690 2611 cum
1728 2556 1915 2612 fmiero

317 2647 463 2718 quod
504 2648 629 2702 volo
668 2647 877 2712 dicere,
908 2648 1192 2719 adjuvante
1220 2647 1364 2716 Deo,
1407 2662 1586 2704 sermo
1614 2646 1912 2704 claudatur.

321 2738 435 2792 iloc
467 2739 588 2794 ideo
609 2739 738 2808 dixi,
770 2750 827 2795 ut
853 2740 1087 2798 intentos
1117 2756 1213 2796 vos
1239 2739 1489 2796 facerem.
1523 2737 1710 2795 Omnis
1737 2738 1916 2794 anima

322 2833 575 2902 quoniam
603 2849 690 2888 res
725 2839 808 2887 est
831 2832 1097 2890 mutabilis
1117 2875 1130 2899 ,
1184 2841 1239 2890 et
1267 2832 1508 2904 quamvis
1537 2845 1727 2902 magna
1765 2845 1916 2885 crea-

322 2932 464 2992 tura,
490 2934 666 2980 tamen
686 2934 958 2993 creatura;
989 2925 1232 3000 quamvis
1259 2940 1483 2996 corpore
1504 2924 1712 2989 melior,
1736 2931 1917 2980 tamen

324 3015 461 3071 facta
495 3035 507 3069 :
540 3018 714 3072 omnis
735 3033 862 3089 ergo
892 3016 1068 3073 anima
1093 3018 1344 3088 quoniam
1371 3015 1641 3072 mutabilis
1669 3023 1774 3084 est,
1812 3014 1916 3072 hoc

325 3117 426 3174 est,
453 3107 614 3163 modo
643 3108 832 3177 credit,
859 3109 1019 3164 modo
1041 3125 1147 3166 non
1176 3109 1377 3175 credit;
1402 3107 1561 3163 modo
1592 3107 1722 3175 vult,
1755 3106 1916 3161 modo

325 3214 432 3253 non
488 3199 638 3267 vult;
686 3200 846 3258 modo
894 3201 1130 3257 adultera
1161 3209 1278 3268 est,
1331 3200 1493 3258 modo
1536 3209 1716 3265 casta;
1757 3199 1918 3256 modo

327 3291 499 3358 bona,
543 3293 704 3348 modo
740 3293 915 3360 mala;
955 3293 1226 3348 mutabilis
1269 3301 1353 3348 cst
1388 3311 1402 3347 :
1433 3292 1575 3348 Deus
1609 3301 1786 3347 autem
1816 3291 1918 3346 hoc

327 3397 406 3441 est
432 3387 577 3456 quod
605 3395 719 3451 est;
750 3385 871 3442 ideo
901 3389 1172 3458 proprium
1202 3401 1394 3441 nomen
1427 3385 1526 3440 sibi
1558 3385 1762 3448 tenuit,
1805 3383 1916 3455 Ego

326 3494 436 3529 sum
457 3477 545 3546 qui
565 3493 674 3530 sum
704 3475 898 3550 (Exod.
928 3494 1004 3542 ιιι,
1039 3476 1148 3548 14).
1186 3476 1296 3532 Hoc
1323 3484 1403 3531 est
1426 3475 1590 3532 Filius
1611 3516 1626 3541 ,
1655 3474 1882 3530 dicendo
1901 3516 1914 3540 ,

331 3566 384 3620 Ν
389 3569 450 3621 isi
477 3569 791 3622 credideritis
815 3571 931 3638 quia
957 3587 1047 3640 ego
1074 3585 1184 3623 sum
1212 3585 1230 3623 :
1257 3568 1322 3624 ad
1345 3569 1446 3623 hoc
1471 3568 1703 3638 pertinet
1731 3577 1803 3631 et,
1838 3565 1918 3620 Tu

328 3663 438 3731 quis
469 3663 561 3716 es?
589 3661 907 3734 Principium
939 3662 1115 3736 (Joan.
1138 3680 1229 3718 vin
1253 3705 1268 3729 ,
1299 3663 1398 3728 24,
1431 3662 1548 3734 25).
1594 3663 1734 3718 Deus
1760 3661 1922 3732 igitur

331 3755 780 3812 incommutabilis
819 3767 929 3823 est,
971 3757 1144 3812 anima
1179 3757 1469 3812 mutabilis.
1510 3756 1733 3824 Quando
1777 3756 1920 3830 capit

330 3847 507 3900 anima
533 3861 600 3900 ex
627 3847 737 3902 Deo
763 3847 903 3906 unde
931 3848 1000 3904 sit
1023 3848 1189 3914 bona,
1225 3847 1594 3920 participando
1632 3847 1693 3902 tit
1733 3847 1873 3902 bona
1902 3863 1916 3901 :

330 3939 600 4010 quomodo
629 3948 748 3997 tuus
779 3941 963 3996 oculus
979 3942 1341 4014 participando
1365 3942 1529 3998 videt.
1561 3942 1694 3997 Nam
1722 3943 1922 4000 lumine

332 4035 606 4090 subtracto
633 4052 740 4091 non
771 4037 932 4104 videt,
962 4037 1112 4109 cujus
1132 4038 1396 4109 particeps
1417 4036 1586 4093 factus
1605 4036 1768 4093 videt.
1787 4037 1921 4105 Quia

330 4144 458 4200 ergo
490 4130 667 4186 anima
694 4130 1059 4202 participando
1080 4132 1138 4186 tit
1168 4131 1306 4188 bona
1327 4173 1340 4198 ,
1375 4132 1420 4188 si
1455 4139 1660 4186 mutata
1691 4131 1918 4204 casperit

330 4238 448 4278 esse
473 4224 615 4278 mala
637 4266 652 4291 ,
683 4223 892 4282 bonitas
930 4235 1112 4288 manet
1153 4226 1305 4297 cujus
1330 4236 1444 4284 erat
1471 4227 1735 4297 particeps
1760 4225 1920 4281 bona.

332 4313 595 4370 Bonitatis
622 4316 766 4380 enim
786 4317 1062 4388 cujusdam
1084 4319 1351 4390 particeps
1377 4317 1515 4374 facta
1535 4329 1620 4375 est
1645 4334 1766 4374 cum
1785 4317 1925 4372 bona

329 4418 506 4474 esset;
536 4424 643 4482 qua
672 4418 873 4468 mutata
894 4410 946 4465 in
964 4410 1135 4480 pejus,
1168 4411 1374 4482 integra
1389 4411 1598 4468 bonitas
1625 4418 1921 4482 permanet.

330 4499 384 4556 Si
411 4501 631 4558 recedat
658 4503 834 4560 anima
861 4511 918 4560 ct
942 4503 1082 4560 mala
1115 4501 1204 4558 ﬁat
1224 4544 1238 4568 ,
1271 4518 1378 4560 non
1402 4503 1656 4559 minuitur
1682 4503 1922 4570 bonitas;

332 4594 375 4648 si
400 4603 702 4652 revertatur
727 4604 780 4652 et
807 4596 948 4652 bona
979 4596 1088 4664 tiat,
1117 4611 1223 4654 non
1251 4597 1445 4654 crescit
1467 4595 1698 4653 bonitas.
1730 4595 1925 4656 Factus

334 4694 420 4740 δι
443 4687 633 4744 oculus
662 4695 782 4748 tuus
809 4687 1073 4759 particeps
1106 4689 1242 4746 lucis.
1268 4688 1445 4760 hujus,
1476 4696 1532 4744 et
1554 4687 1704 4744 vides
1737 4706 1749 4742 :
1783 4688 1930 4744 clad.-

335 4791 426 4833 sus
453 4779 569 4833 est?
595 4778 734 4836 hanc
757 4780 932 4838 lucem
958 4797 1064 4838 non
1085 4781 1322 4838 minuisti
1356 4800 1370 4836 :
1406 4791 1621 4852 apertus
1649 4781 1763 4838 est?
1789 4781 1928 4842 hanc

335 4871 510 4928 lucem
539 4874 890 4932 nouauxisti.
913 4874 1025 4934 Hac
1049 4875 1171 4933 data
1198 4875 1564 4944 similitudine,
1597 4875 1808 4944 fratres,
1837 4878 1926 4938 in-

340 4967 564 5038 telligite
594 4968 721 5040 quia
739 4969 792 5024 si.
809 4969 895 5040 pia
916 4977 998 5026 est
1018 4970 1196 5026 anima
1214 5011 1230 5036 ,
1263 4977 1349 5026 est
1372 4970 1542 5041 pietas
1567 4970 1716 5044 apud
1736 4970 1925 5042 Deum,

336 5059 492 5128 cujus
518 5060 581 5115 tit
601 5061 868 5132 particeps
886 5062 1096 5129 anima;
1130 5062 1176 5120 si
1199 5069 1280 5126 est
1308 5072 1452 5120 casta
1485 5063 1664 5120 anima
1687 5103 1703 5130 ,
1730 5071 1812 5122 est
1835 5077 1928 5122 cas-

339 5150 492 5206 stitas
520 5151 663 5222 apud
702 5152 870 5212 Deum
890 5195 905 5220 ,
947 5153 1100 5224 cujus
1119 5163 1218 5228 est
1245 5153 1509 5228 particeps
1533 5155 1747 5221 anima;
1775 5155 1822 5216 si
1847 5163 1930 5214 est

340 5240 478 5299 bona
504 5243 718 5313 anima,
741 5253 823 5304 est
849 5244 1060 5303 bonitas
1086 5245 1229 5317 apud
1250 5245 1415 5302 Deum
1435 5287 1450 5313 ,
1483 5248 1635 5318 cujus
1656 5255 1738 5302 est
1761 5247 1929 5317 parti-

341 5350 466 5406 ceps
511 5338 725 5405 anima;
772 5338 822 5395 si
865 5347 948 5396 est
988 5353 1154 5404 verax
1204 5338 1419 5407 anima,
1462 5347 1546 5396 est
1571 5339 1767 5396 veritas
1789 5339 1932 5412 apud

344 5427 542 5497 Deum,
581 5430 734 5501 cujus
764 5437 849 5488 est
883 5431 1148 5504 particeps
1172 5431 1368 5488 anima.
1395 5429 1560 5501 Cujus
1588 5432 1856 5502 particeps
1885 5430 1934 5490 si

342 5536 450 5577 non
473 5523 637 5580 fuerit
663 5524 880 5594 anima,
909 5524 1085 5582 omnis
1114 5523 1276 5580 homo
1300 5523 1528 5582 mendax
1571 5522 1743 5597 (Psat.
1769 5538 1890 5584 ριν
1909 5563 1927 5591 ,

344 5617 432 5690 il)
468 5637 481 5674 :
513 5619 562 5675 si
598 5619 778 5677 omnis
819 5618 982 5676 homo
1020 5618 1288 5687 mendax,
1333 5618 1510 5678 nouus
1537 5617 1698 5676 homo
1725 5617 1794 5675 de
1835 5633 1932 5676 suo

344 5723 528 5767 verax.
560 5711 720 5770 Pater
736 5719 914 5772 autem
942 5710 1223 5781 venas,“
1249 5725 1347 5770 suo
1374 5719 1462 5768 est
1483 5725 1674 5778 verax;
1702 5709 1822 5782 quia
1835 5725 1933 5783 ge:-

347 5803 466 5866 nuit
484 5804 790 5875 vetitam-
810 5804 973 5876 Aliud
993 5803 1428 5878 statim.th
1451 5803 1611 5872 homo
1639 5803 1739 5862 iste
1755 5845 1776 5875 ν
1805 5802 1929 5878 quia

1457 307 1882 386 reserans,
1902 305 2020 388 ιιι,
2058 307 2283 378 CAPUT
2324 307 2458 382 vui,

3461 309 3597 384 tege

2023 420 2140 490 jam.
2158 421 2403 498 percepit
2421 420 2721 498 veritatem;
2754 420 2896 481 aliud
2917 429 2998 478 est
3017 463 3032 490 ,
3063 421 3235 484 Verax
3260 422 3401 479 Deus
3427 464 3441 491 ,
3473 425 3598 494 quia

2023 493 2528 584 genuuveritatem.
2557 510 2694 574 Ecce
2722 511 2986 598 qnomodo
3015 527 3178 568 verax
3207 520 3288 568 est
3312 498 3472 580 Deus,
3493 493 3605 570 non

2021 605 2406 677 participando,
2433 606 2526 662 sed
2552 607 2854 678 generando
2877 607 3172 678 veritatem,
3204 607 3374 663 Video
3397 622 3493 663 vos
3518 607 3603 663 in-

2023 697 2293 768 tellexisse
2337 708 2391 768 et
2417 699 2621 772 gaudeo
2654 718 2667 754 :
2708 699 2936 768 sufﬁciat
2977 700 3129 758 vobis
3172 699 3365 769 hodie;
3413 708 3607 758 caetera

2023 790 2234 866 quando
2247 791 2474 860 Domino
2487 793 2766 866 placuerit,
2777 795 2920 868 [sicut
2933 794 3578 876 donaverit,.exponemus
3588 832 3603 852 .

2527 909 2933 970 TRACTATUS
2979 910 3092 972 XL.

2021 1019 2101 1076 At
2121 1021 2495 1090 eo-loco,.Dixit
2512 1037 2640 1094 ergo
2662 1025 2945 1082 eiaJesus:
2976 1023 3110 1090 Cum
3135 1025 3503 1090 “altantidis
3515 1025 3602 1084 Εἰς

2094 1112 2226 1168 lium
2255 1112 2521 1181 hominis;
2554 1131 2712 1187 usque
2736 1117 2807 1172 ad
2845 1117 2921 1186 id,
2952 1116 3022 1178 Et
3047 1118 3384 1190 cognoscetis
3406 1117 3606 1182 veritao

2093 1211 2222 1271 tem,
2253 1211 2310 1261 et
2336 1204 2533 1266 veritas
2555 1205 2802 1266 liberabit
2822 1222 2937 1270 vos.
2980 1207 3108 1280 Cap.
3147 1224 3276 1278 vat,
3305 1207 3601 1279 1-38452.

2095 1322 2146 1375 1.
2188 1320 2263 1377 Ι)ε
2289 1331 2476 1378 sancto
2506 1323 2792 1397 Evangelio
2814 1326 3102 1382 secundum
3129 1325 3428 1394 Joannem,
3457 1327 3601 1398 quod

2019 1423 2228 1484 gestare
2272 1431 2371 1470 nos
2400 1416 2588 1472 videtis
2627 1418 2682 1473 in
2716 1419 2995 1488 manibus,
3032 1419 3143 1490 jam
3191 1420 3366 1476 multa
3403 1419 3606 1475 audivit

2020 1507 2265 1563 Charitas
2293 1517 2491 1575 vestra,
2514 1526 2632 1582 quae
2654 1509 2766 1567 Deo
2785 1511 3016 1567 donante
3036 1512 3178 1569 sicut
3200 1513 3470 1584 potuimus
3483 1513 3602 1568 dis-
3691 1559 3694 1562 .

2021 1600 2323 1670 putavimus
2351 1643 2366 1668 ,
2431 1603 2866 1660 commendantes
2920 1604 3072 1660 vobis
3151 1605 3386 1661 maxime
3427 1592 3603 1660 istum

2020 1695 2398 1763 evangelistam
2425 1694 2494 1750 de
2522 1695 2732 1751 Domini
2761 1697 3065 1765 divinitate,
3106 1697 3400 1754 secundum
3443 1712 3601 1767 quam

2021 1784 2238 1854 aequalis
2265 1795 2344 1840 est
2365 1785 2508 1842 Patri
2534 1796 2587 1842 et
2610 1787 2776 1843 Filius
2803 1789 3113 1844 unicus-Dei
3135 1831 3150 1857 ,
3181 1789 3327 1860 l'oqui
3353 1788 3600 1860 elegisse,

2019 1883 2074 1929 et
2107 1885 2385 1946 propterea
2416 1878 2605 1949 aquila:
2645 1889 3012 1951 comparatum
3043 1898 3056 1934 :
3089 1881 3232 1935 nulla
3270 1880 3466 1951 quippe
3492 1879 3605 1934 avis

2019 1966 2201 2022 volare
2232 1967 2387 2022 altius
2409 1969 2733 2038 perhibetur.
2761 1971 2991 2027 Proinde
3019 1986 3140 2042 quae
3165 1987 3230 2026 ex
3250 1971 3448 2026 ordine
3466 1969 3601 2025 sub-

2019 2068 2316 2128 sequuntur
2337 2100 2350 2125 ,
2381 2059 2516 2115 sicut
2545 2077 2610 2117 ea
2638 2063 2895 2119 Dominus
2925 2073 3154 2119 tractare
3175 2063 3483 2130 donaverit,
3518 2062 3604 2118 in-

2023 2151 2321 2207 tentissime
2343 2152 2543 2208 audite.

2089 2244 2145 2298 2.
2187 2246 2374 2302 Locuti
2395 2263 2576 2305 sumus
2603 2251 2753 2307 vobis
2781 2251 2850 2306 de
2868 2251 3191 2321 praecedenti
3218 2252 3446 2308 lectione
3467 2295 3483 2320 ,
3526 2251 3608 2306 in-

2019 2337 2294 2394 sinuantes
2320 2341 2586 2410 quomodo
2634 2343 2959 2414 intelligatur
3001 2344 3168 2399 Pater
3205 2358 3399 2409 verax,
3439 2342 3610 2398 Filius

2019 2429 2236 2485 veritas.
2279 2429 2411 2486 Cum
2448 2442 2626 2489 autem
2669 2434 2891 2490 dixisset
2920 2435 3177 2491 Dominus
3203 2435 3358 2492 Jesus
3380 2477 3394 2501 ,
3439 2433 3610 2489 νει-απ

2021 2531 2092 2576 est
2117 2523 2204 2592 qui
2231 2539 2311 2578 me
2333 2525 2466 2578 misit
2493 2525 2668 2595 (J'oan.
2697 2542 2812 2593 vui,
2838 2525 2930 2598 26)
2951 2570 2965 2594 ,
2989 2541 3096 2582 non
3117 2527 3492 2583 intellexerunt
3511 2525 3610 2580 Ju-

2020 2613 2120 2668 dzui
2147 2615 2288 2684 quod
2315 2615 2381 2671 de
2403 2616 2560 2673 Patre
2580 2619 2682 2674 illis
2713 2618 2933 2674 diceret.
2964 2619 3032 2674 Et
3052 2619 3124 2674 ait
3147 2619 3250 2676 illis
3276 2619 3418 2691 quod
3446 2618 3609 2675 modo

2021 2722 2140 2762 cum
2168 2708 2434 2780 legeretur
2456 2712 2678 2768 audistis
2712 2730 2725 2766 :
2756 2711 2885 2768 Cum
2928 2714 3264 2769 exultaverim
3290 2705 3484 2768 Fitiu'm
3519 2712 3610 2766 ho-

2021 2803 2171 2856 minis
2189 2845 2202 2869 ,
2229 2813 2345 2857 tunc
2365 2807 2672 2875 cognoscetis
2691 2808 2814 2876 quia
2837 2823 2926 2878 ego
2946 2823 3057 2860 sum
3077 2847 3092 2873 ,
3127 2816 3172 2860 et
3201 2823 3233 2860 α
3257 2807 3447 2876 nteipso
3476 2804 3611 2876 facio

2021 2896 2152 2948 nihil
2174 2938 2188 2964 ,
2226 2897 2314 2950 sed
2337 2898 2466 2951 sicut
2487 2898 2656 2952 docuit
2693 2915 2771 2953 me
2808 2898 2985 2966 Pater,
3009 2899 3116 2953 lucc
3143 2899 3338 2970 loquor.
3367 2896 3505 2965 Quid
3529 2904 3614 2951 est

2021 2986 2157 3044 hoc?
2185 2989 2324 3044 Nihil
2363 2991 2503 3046 enim
2534 2992 2675 3047 aliud
2702 2991 2911 3047 videtur
2949 2993 3148 3048 dixisse
3169 3036 3184 3060 ,
3218 2992 3321 3048 nisi
3348 3007 3444 3048 eos
3487 2998 3609 3062 post

2023 3085 2325 3154 passionem
2350 3103 2497 3142 suam
2532 3090 2838 3158 cognituros
2880 3090 2999 3160 quis
3027 3098 3188 3145 esset.
3228 3089 3420 3146 Procul
3446 3089 3609 3144 dubio

2023 3192 2152 3248 ergo
2177 3177 2390 3235 videbat
2411 3181 2482 3236 ibi
2505 3181 2732 3252 aliquos,
2764 3197 2894 3252 quos
2926 3183 3040 3253 ipse
3067 3190 3286 3238 noverat
3305 3223 3320 3248 ,
3343 3197 3475 3253 quos
3497 3181 3612 3251 ipse

2023 3284 2145 3324 cum
2186 3272 2396 3328 caeteris
2427 3273 2624 3329 sanctis
2662 3274 2772 3328 suis
2810 3282 2934 3330 ante
2963 3272 3396 3328 constitutionem
3422 3270 3608 3328 mundi

2023 3364 2356 3432 praesciendo
2385 3366 2654 3436 elegerat,
2695 3375 2816 3436 post
2839 3368 3143 3436 passionem
3175 3383 3327 3422 suam
3349 3381 3470 3422 esse
3490 3381 3608 3422 cre~

2025 3452 2248 3510 dituros.
2280 3453 2385 3524 Ipsi
2414 3465 2539 3511 sunt
2560 3456 2632 3512 illi
2654 3472 2786 3528 quos
2814 3458 3028 3514 assidue
3054 3458 3493 3516 commendamus
3513 3500 3527 3525 ,
3556 3466 3610 3514 et

2025 3547 2093 3602 ad
2115 3549 2464 3606 imitationem
2486 3566 2607 3606 cum
2631 3566 2818 3621 magna
2847 3552 3216 3608 exhortatione
3244 3553 3609 3624 proponimus.

2026 3640 2186 3698 Misso
2211 3643 2352 3697 enim
2388 3644 2620 3714 desuper
2658 3645 2858 3715 Spiritu
2892 3657 3076 3702 sancto
3102 3655 3223 3716 post
3252 3647 3459 3702 Domini
3488 3660 3612 3716 pas-

2026 3735 2230 3790 sionem
2260 3744 2314 3791 et
2338 3739 2784 3794 resurrectionem
2809 3749 2863 3796 et
2891 3741 3279 3809 ascensionem,
3304 3755 3422 3796 cum
3453 3741 3602 3794 mira-

2026 3827 2143 3882 cula
2168 3827 2356 3883 tierent
2383 3829 2437 3884 in
2465 3829 2578 3900 ejus
2600 3831 2834 3900 nomine,
2867 3849 3024 3903 quem
3057 3842 3308 3903 tanquam
3338 3841 3607 3887 mortuum

2027 3927 2412 3990 persequentes
2439 3920 2608 3977 Judaei
2638 3931 3071 3993 contempserant
3095 3967 3110 3994 ,
3156 3923 3460 3995 compuncti
3491 3932 3616 3979 sunt

2027 4012 2223 4081 corde;
2265 4023 2320 4070 et
2361 4016 2451 4086 qui
2481 4017 2760 4072 szevientes
2785 4017 3124 4082 occiderunt,
3155 4017 3343 4072 mutati
3367 4016 3614 4072 credide-

2027 4113 2182 4173 runt;
2241 4115 2295 4161 et
2343 4122 2501 4178 quem
2545 4108 2854 4178 sanguinem
2883 4108 3151 4164 saeviendo
3181 4108 3461 4173 fuderunt,
3494 4123 3615 4164 cre-

2028 4194 2205 4252 dendo
2234 4196 2484 4254 biberunt
2510 4217 2522 4253 :
2554 4199 2641 4253 illa
2667 4199 2766 4254 tria
2791 4199 2976 4266 millia,
3000 4209 3054 4256 et
3082 4199 3171 4255 illa
3200 4201 3433 4271 quinque
3453 4199 3618 4254 millia

2028 4290 2331 4347 Judmorum
2358 4292 2489 4364 (Act.
2521 4310 2581 4362 ιι,
2611 4294 2701 4361 5⁸7,
2733 4294 2822 4361 41,
2848 4302 2892 4348 et
2911 4310 2984 4358 tv,
3007 4293 3086 4364 4),
3131 4307 3264 4365 quos
3285 4293 3356 4348 ibi
3382 4291 3614 4362 videbat,

2031 4369 2244 4458 quando
2268 4385 2497 4453 dicebat,
2522 4385 2648 4440 Cum
2669 4385 3003 4441 exaltaveritis
3025 4384 3218 4440 Filium
3243 4385 3479 4453 hominis,
3503 4393 3620 4440 tunc

2030 4477 2336 4546 cognoscetis
2373 4478 2492 4548 quia
2533 4494 2623 4550 ego
2657 4494 2788 4531 sum.
2837 4477 3110 4548 Tanquam
3153 4477 3369 4545 dicens,
3420 4477 3618 4534 Diil’ero

2032 4567 2390 4637 cognitionem
2410 4577 2664 4635 vestram,
2698 4578 2756 4623 ut
2783 4569 3029 4640 impleam
3059 4569 3360 4642 passionem
3393 4585 3568 4626 meam
3602 4587 3617 4624 :

2031 4658 2221 4715 ordine
2242 4669 2419 4715 vestro
2450 4660 2467 4692 ¹
2498 4661 2831 4731 cognoscetis
2857 4662 2948 4732 qui
2975 4661 3095 4727 sim.
3128 4661 3243 4718 Non
3279 4663 3402 4734 quia
3432 4677 3618 4718 omnes
3713 4691 3715 4698 ι
3773 4685 3795 4704 ~

2031 4758 2160 4807 tunc
2188 4760 2341 4808 erant
2369 4751 2628 4808 credituri
2652 4768 2719 4810 ex
2740 4755 2804 4810 iis
2833 4754 2922 4826 qui
2943 4754 3260 4823 audiebant,
3288 4755 3342 4811 id
3367 4763 3476 4823 est,
3500 4762 3622 4825 post
3702 4759 3705 4762 ’

2030 4845 2338 4917 passionem
2368 4846 2578 4902 Domini
2609 4865 2620 4900 :
2650 4863 2773 4903 nam
2795 4847 2952 4919 paulo
2978 4856 3098 4920 post
3121 4848 3267 4916 dicit,
3303 4847 3428 4903 Hec
3454 4863 3511 4903 eo
3535 4847 3617 4902 to-

2033 4948 2234 5009 quente,
2270 4939 2417 4994 multi
2445 4938 2765 4994 crediderunt
2789 4939 2844 4994 in
2864 4957 2998 5007 eum,
3025 4950 3080 4997 ct
3101 4940 3336 4997 nondum
3358 4939 3620 4996 exaltatus

2033 5039 2152 5089 erat
2193 5029 2360 5086 Filius
2402 5029 2656 5086 hominis.
2697 5030 3086 5088 Exaltationem
3114 5032 3308 5104 quippe
3345 5029 3473 5087 dicit
3501 5045 3624 5103 pas-

2036 5123 2223 5189 sionis,
2248 5137 2353 5178 non
2378 5123 2810 5195 glorificationis;
2846 5124 3052 5192 crucis,
3083 5141 3188 5182 non
3217 5122 3339 5179 ccell
3371 5141 3385 5178 :
3417 5123 3539 5195 quia
3569 5133 3626 5180 et

2035 5215 2110 5272 ibi
2136 5214 2399 5270 exaltatus
2439 5223 2555 5282 est,
2599 5216 2812 5288 quando
2840 5215 3089 5288 pependit
3117 5216 3174 5272 in
3201 5215 3364 5286 ligno.
3403 5214 3508 5272 Sed
3533 5215 3622 5271 illa

2037 5306 2286 5364 exaltatio
2331 5306 2629 5365 humiliatio
2657 5308 2775 5364 fuit.
2808 5307 2957 5365 Tune
2995 5309 3135 5364 enim
3164 5307 3332 5365 factus
3370 5318 3452 5365 est
3490 5308 3623 5365 obe-

2037 5399 2192 5458 diens
2211 5415 2379 5472 usque
2404 5399 2471 5458 ad
2499 5410 2727 5457 mortem
2777 5402 2950 5458 crucis
3001 5400 3258 5476 (Philipp.
3288 5417 3360 5469 ιι,
3396 5402 3472 5473 8).
3512 5401 3626 5460 Hoc

2038 5496 2320 5568 oportebat
2348 5494 2561 5568 impleri
2586 5511 2682 5567 per
2715 5511 2901 5552 eorum
2943 5511 3134 5552 manus
3161 5496 3250 5568 qui
3292 5507 3476 5568 postea
3507 5495 3622 5551 t‘ue‘

2039 5596 2162 5643 rant
2186 5585 2478 5656 credituri,
2504 5587 2697 5658 quibus
2721 5586 2884 5655 dicit,
2917 5586 3042 5642 Cum
3071 5587 3408 5643 exultaveritis
3431 5585 3626 5640 Filium

2042 5679 2261 5737 hominis
2280 5722 2303 5751 ,
2347 5689 2466 5736 tunc
2501 5682 2806 5753 cognoscetis
2831 5682 2948 5755 quia
2974 5699 3065 5756 ego
3103 5699 3234 5740 sum.
3282 5682 3456 5753 Quare
3481 5678 3583 5736 hoc
3604 5719 3622 5750 ,

2107 5815 2126 5850 ι
2151 5813 2290 5881 aditi,
2311 5826 2464 5869 versa.
2487 5820 2616 5880 ηδε..
2644 5820 2819 5882 uestra.
