4082 6478
471 343 611 402 1687

470 464 574 522 nisi
617 469 676 518 ut
700 472 860 516 nemo
895 455 1204 528 desperaret
1229 453 1280 509 in
1315 465 1647 524 quocumque
1683 447 1887 502 scelere
1914 442 2054 499 male

469 558 574 615 sibi
602 556 848 612 conscius
865 595 880 620 ,
906 551 1120 625 quando
1151 548 1368 605 videbat
1391 547 1469 602 eis
1494 542 1680 600 donari
1704 537 2054 597 homicidium

471 650 564 722 qui
592 647 900 704 occiderant
924 642 1234 701 Christum?

544 741 600 796 3.
641 739 752 795 Hos
774 753 900 808 ergo
921 737 973 792 in
1001 735 1086 790 illa
1116 732 1265 790 turba
1291 742 1584 802 agnoscens
1601 724 1880 791 Dominus,
1902 721 2052 787 dixit,

472 832 601 889 Cum
627 831 964 888 exaltaveritis
990 828 1182 883 Filium
1203 826 1439 890 hominis,
1470 831 1588 877 tunc
1609 819 1916 892 cognoscetis
1937 817 2058 888 quia

473 943 565 997 ego
603 943 735 981 sum.
782 925 899 980 iam
923 923 1090 978 nostis
1115 920 1239 991 quid
1259 920 1329 974 sit
1353 934 1498 983 sum;
1541 931 1640 972 nec
1662 915 1873 970 assidue
1895 928 2054 981 repe-

476 1017 692 1073 tendum
721 1025 838 1081 est,
887 1031 955 1070 ne
999 1014 1166 1084 pariat
1194 1027 1282 1067 res
1309 1019 1454 1066 tanta
1492 1008 1780 1063 fastidium.
1819 1003 2060 1060 Recolite

476 1111 628 1176 illud,
677 1108 791 1180 Ego
833 1124 945 1162 sum
981 1106 1066 1176 qui
1093 1122 1204 1160 sum
1224 1146 1238 1171 ,
1267 1112 1322 1160 et
1349 1103 1448 1169 Qui
1473 1109 1564 1168 est,
1591 1100 1724 1154 misit
1744 1115 1823 1152 me
1844 1098 1862 1168 (
1882 1095 2058 1150 Exod.

479 1219 562 1266 ιιι,
597 1203 720 1273 14);
751 1209 805 1256 et
830 1201 1164 1272 agnoscetis,
1195 1198 1320 1268 quid
1345 1197 1545 1252 dictum
1577 1195 1678 1261 sit,
1723 1192 1863 1247 Tunc
1897 1191 2063 1246 scietis

477 1295 597 1364 quia
641 1310 733 1364 ego
758 1309 872 1347 sum
909 1309 930 1346 :
961 1291 1055 1347 sed
1081 1302 1155 1358 et,
1185 1291 1342 1346 Pater
1370 1298 1452 1343 est
1471 1329 1483 1352 ,
1507 1296 1559 1341 et
1586 1286 1815 1356 Spiritus
1843 1293 2062 1340 sanctus

479 1396 581 1439 est.
616 1384 696 1439 Ad
721 1385 894 1456 ipsum
942 1399 1063 1439 esse
1103 1383 1332 1453 pertinet
1375 1389 1482 1436 tota
1519 1380 1770 1436 Trinitas.
1804 1377 1910 1434 Sed
1939 1376 2064 1448 quia

479 1476 735 1531 Dominus
761 1477 898 1532 sicut
926 1476 1093 1531 Filius
1122 1475 1455 1544 loquebatur,
1488 1487 1555 1527 ne
1581 1472 1716 1527 forte
1742 1474 1794 1525 in
1824 1485 1889 1525 eo
1913 1467 2057 1539 quod

479 1567 638 1634 dixit,
668 1566 814 1622 Tunc
841 1567 1148 1638 cognoscetis
1173 1567 1295 1637 quia
1315 1582 1405 1636 ego
1434 1581 1547 1618 sum
1567 1607 1583 1633 ,
1615 1563 1940 1617 subintraret
1979 1576 2066 1614 er-

480 1674 573 1715 ror
595 1660 1018 1716 Sabellianorum
1039 1701 1054 1727 ,
1088 1660 1188 1714 hoc
1214 1667 1296 1713 est
1333 1657 1874 1727 Patripassianorum,
1907 1668 2066 1732 quem

480 1750 632 1806 vobis
676 1767 912 1806 errorem
951 1749 1320 1806 commendavi
1349 1764 1456 1804 non
1488 1747 1804 1813 tenendum,
1853 1745 1946 1800 sed
1974 1759 2066 1798 ca-

481 1843 732 1904 vendum,
765 1858 948 1898 eorum
979 1841 1180 1897 scilicet
1212 1841 1304 1912 qui
1333 1841 1612 1902 dixerunt,
1647 1840 1761 1907 Ipse
1787 1846 1869 1892 est
1889 1837 2064 1898 Pater,

482 1936 597 2006 ipse
617 1946 699 1992 est
713 1937 911 1997 Filius;
937 1935 1044 1990 duo
1069 1945 1192 1990 sunt
1213 1935 1448 2000 nomina,
1475 1933 1568 1988 sed
1591 1947 1678 1987 res
1698 1946 1799 1984 una
1821 1948 1834 1982 :
1853 1937 2070 1999 propter

485 2032 642 2088 istum
669 2047 795 2103 ergo
817 2032 1110 2088 cavendum
1136 2046 1372 2087 errorem
1399 2045 1519 2084 cum
1542 2027 1762 2082 dixisset
1788 2023 2068 2089 Dominus,

485 2121 627 2178 Tunc
651 2124 959 2195 cognoscetis
983 2125 1101 2194 quia
1130 2140 1219 2194 ego
1251 2139 1395 2188 sunt;
1442 2137 1507 2174 ne
1537 2121 1650 2189 ipse
1690 2118 2073 2186 intelligeretur

483 2214 661 2278 Pater,
694 2217 946 2272 continuo
975 2215 1262 2286 subiunxit,
1299 2214 1364 2267 Et
1389 2231 1420 2266 a
1446 2213 1634 2282 meipso
1655 2211 1787 2283 facio
1811 2209 1958 2271 nihil,
1985 2205 2074 2261 sed

483 2306 614 2360 sicut
634 2307 802 2360 docuit
827 2323 905 2361 me
928 2305 1103 2370 Pater,
1132 2305 1240 2359 lucc
1267 2305 1460 2374 loquor.
1490 2303 1604 2358 Jam
1635 2300 1865 2372 gaudere
1890 2313 2072 2367 caepe-

485 2406 570 2452 rat
595 2398 915 2453 sabellianus
934 2438 948 2458 .
979 2396 1180 2451 erroris
1203 2396 1284 2450 sui
1313 2395 1594 2450 occasione
1620 2400 1888 2460 comperta
1920 2408 1933 2443 :
1967 2399 2076 2444 sta-

486 2489 581 2543 tim
609 2498 667 2544 ut
686 2505 746 2545 se
775 2498 1023 2560 tanquam
1054 2488 1106 2543 in
1128 2488 1358 2544 obscuro
1382 2485 1604 2551 extulit,
1636 2484 1914 2553 sequentis
1952 2496 2078 2536 sen-

487 2581 665 2635 tentiae
687 2582 802 2636 luce
821 2581 1074 2636 confusus
1097 2589 1198 2636 est.
1227 2580 1515 2635 Putaveras
1541 2592 1662 2632 eum
1689 2591 1808 2630 esse
1838 2575 2073 2639 Patrem,

486 2671 609 2741 quia
629 2671 782 2736 dixit,
810 2672 921 2744 Ego
941 2690 1053 2726 sum
1073 2689 1092 2726 :
1118 2671 1238 2726 audi
1267 2671 1389 2741 quia
1419 2670 1582 2724 Filius
1611 2678 1715 2733 est,
1744 2667 1807 2720 Et
1831 2684 1864 2720 a
1889 2665 2077 2736 meipso

485 2763 620 2833 facio
649 2762 796 2816 nihil.
821 2761 956 2830 Quid
987 2772 1087 2827 est,
1115 2763 1161 2816 Α
1184 2766 1375 2832 meipso
1407 2760 1538 2830 facio
1575 2759 1744 2812 nihil?
1789 2759 1828 2812 A
1871 2757 2077 2824 meipso

482 2871 591 2910 non
620 2870 760 2911 sum.
789 2855 954 2912 Filius
983 2857 1125 2911 enim
1150 2856 1218 2910 de
1242 2857 1400 2910 Patre
1427 2863 1510 2910 est
1533 2854 1700 2915 Deus;
1725 2853 1882 2907 Pater
1899 2862 2076 2905 autem

483 2962 589 3001 non
617 2956 700 3001 est
726 2946 794 3002 de
819 2947 953 3001 Filio
973 2949 1113 3002 Deus
1145 2964 1158 3000 :
1188 2947 1355 3002 Filius
1374 2954 1458 3002 est
1479 2946 1619 3001 Deus
1644 2944 1710 2999 de
1735 2944 1880 3008 Deo;
1914 2943 2071 2997 Pater

483 3047 662 3093 autem
681 3037 842 3102 Deus,
870 3037 963 3093 sed
995 3053 1102 3092 non
1125 3038 1190 3092 de
1213 3039 1358 3094 Deo:
1390 3037 1558 3094 Filius
1587 3046 1666 3092 est
1692 3037 1870 3091 lumen
1897 3035 1964 3090 de
1991 3035 2075 3088 lu-

485 3131 659 3196 mine;
689 3131 847 3186 Pater
874 3140 1050 3185 autem
1080 3131 1280 3198 lumen,
1310 3133 1402 3187 sed
1431 3148 1536 3187 non
1565 3133 1632 3187 de
1649 3133 1848 3186 lumine
1875 3147 1887 3183 :
1913 3130 2078 3186 Filius

484 3237 587 3288 est,
616 3221 711 3278 sed
733 3221 905 3278 estde
927 3237 1035 3292 quo
1063 3232 1180 3290 est;
1208 3226 1367 3281 Pater
1386 3234 1563 3281 autem
1594 3211 1708 3290 est,
1730 3224 1828 3280 sed
1855 3239 1960 3279 non
1988 3232 2072 3279 est

483 3318 552 3373 de
581 3333 687 3388 quo
715 3331 817 3375 est.

558 3411 611 3464 4.
651 3409 804 3478 Quod
827 3428 954 3484 ergo
979 3412 1212 3477 addidit,
1263 3411 1408 3468 Sicut
1446 3411 1617 3464 docuit
1646 3426 1723 3461 me
1751 3408 1930 3474 Pater,
1967 3409 2074 3463 hau:

486 3499 696 3570 loquor;
725 3504 926 3558 nemini
972 3513 1210 3560 vestrum
1253 3503 1476 3571 obrepat
1517 3502 1767 3571 cogitatio
1809 3502 2070 3567 carnalis,

485 3591 675 3649 fratres
702 3595 831 3651 mei.
861 3594 978 3651 Non
1004 3597 1146 3652 enim
1179 3603 1350 3666 potest
1371 3595 1603 3649 humana
1633 3594 1910 3648 inﬁrmitas
1937 3593 2076 3662 cogi-

485 3693 631 3751 tare,
665 3685 766 3741 nisi
796 3687 936 3758 quod
985 3688 1264 3743 consuevit
1290 3687 1462 3742 facere
1510 3687 1592 3742 vel
1641 3686 1845 3740 audire.
1893 3683 2071 3741 Nolite

480 3790 610 3848 ergo
639 3777 790 3833 vobis
832 3779 983 3849 quasi
1013 3778 1146 3834 duos
1173 3778 1416 3833 homines
1459 3787 1582 3832 ante
1624 3777 1806 3832 oculos
1831 3791 2032 3846 ponere
2053 3817 2071 3842 ,

482 3885 646 3926 unum
693 3884 896 3942 patrem
922 3915 937 3939 ,
967 3873 1194 3928 alterum
1223 3872 1387 3926 ﬁlium
1407 3912 1422 3938 ,
1451 3879 1505 3926 et
1532 3871 1839 3941 loquentem
1867 3879 2072 3940 patrem

481 3963 547 4016 ad
580 3963 743 4017 ﬁlium
785 3982 798 4018 :
827 3965 967 4018 sicut
1003 3963 1131 4019 facis
1162 3973 1216 4019 tu
1237 4005 1253 4027 ,
1287 3963 1500 4034 quando
1528 3963 1690 4018 verba
1719 3963 1894 4032 aliqua
1939 3962 2072 4018 dicis

483 4051 594 4106 ﬁlio
626 4062 735 4119 tuo,
769 4069 994 4108 monens
1023 4071 1143 4110 eum
1174 4064 1227 4110 et
1255 4056 1524 4109 instruens
1547 4069 1670 4108 eum
1701 4053 1969 4124 quomodo
1988 4055 2072 4109 lo-

481 4153 675 4212 quatur
694 4186 708 4208 ,
741 4155 798 4199 ut
822 4162 1169 4217 quaecumque
1189 4147 1389 4201 audivit
1415 4162 1446 4200 a
1487 4157 1538 4201 te
1559 4186 1574 4213 ,
1601 4145 1937 4202 commendet
1962 4162 2074 4202 me-

484 4237 706 4302 moriae;
757 4251 878 4291 cum
909 4238 1365 4294 commendaverit
1402 4243 1710 4304 memoria},
1759 4238 1993 4308 proferat
2017 4249 2074 4295 et

484 4325 660 4395 lingua
691 4369 706 4394 ,
755 4328 1041 4399 distinguat
1070 4345 1164 4398 per
1193 4345 1354 4386 sonos
1375 4372 1390 4396 ,
1421 4329 1614 4384 inferat
1637 4330 1853 4385 auribus
1882 4331 2072 4386 alienis

482 4419 624 4488 quod
653 4421 890 4490 percepit
910 4422 963 4476 in
991 4422 1120 4476 suis.
1153 4422 1327 4476 Nolite
1358 4423 1430 4476 ita
1451 4423 1708 4491 cogitare,
1741 4437 1807 4478 ne
1835 4423 1887 4477 in
1911 4423 2073 4480 corde

484 4517 662 4566 vestro
702 4511 841 4566 idola
885 4510 1169 4569 fabricetis.
1196 4513 1492 4569 Humanam
1519 4513 1778 4580 formam,
1809 4515 2071 4570 humano-

481 4616 600 4656 rum
620 4601 936 4659 lineamenta
957 4605 1338 4672 membrorum,
1362 4603 1585 4676 ﬁguram
1608 4607 1784 4662 carnis
1799 4605 2068 4678 humanae,

479 4707 671 4750 sensus
698 4695 829 4749 istos
848 4697 1180 4767 conspicuos,
1210 4705 1466 4752 staturam
1490 4707 1774 4769 motusque
1800 4699 2065 4768 corporis,

479 4789 673 4860 lingua:
697 4790 928 4846 ofﬁcium
949 4833 964 4859 ,
996 4792 1362 4848 distinctiones
1387 4806 1639 4848 sonorum
1662 4834 1676 4858 ,
1708 4793 1873 4848 nolite
1899 4793 1953 4846 in
1980 4791 2069 4847 illa

479 4882 744 4940 Trinitate
788 4885 1024 4956 cogitare
1053 4928 1067 4950 ,
1118 4887 1221 4943 nisi
1268 4887 1408 4957 quod
1458 4887 1687 4955 pertinet
1729 4886 1795 4942 ad
1838 4886 2066 4942 formam

480 4978 618 5031 servi
637 5019 654 5043 ,
695 4993 852 5048 quam
882 4979 1088 5050 accepit
1113 4980 1412 5048 unigenitus
1439 4979 1607 5036 Filius
1626 5023 1642 5048 ,
1673 4997 1794 5036 cum
1833 4981 2066 5037 Verbum

477 5083 604 5125 caro
624 5069 822 5126 factum
856 5080 960 5138 est,
989 5082 1047 5127 ut
1070 5071 1333 5129 habitaret
1364 5074 1416 5128 in
1445 5074 1599 5130 nobis
1627 5072 1805 5146 (Joan.
1854 5091 1894 5143 ι,
1947 5076 2062 5145 14).

475 5162 556 5220 lbi
582 5181 686 5220 non
718 5173 769 5221 te
791 5165 1063 5236 prohibeo,
1094 5165 1322 5221 humana
1348 5167 1646 5234 infirmitas,
1671 5169 1903 5238 cogitare
1923 5167 2064 5238 quod

476 5257 651 5325 nosti;
685 5258 792 5313 imo
817 5261 979 5314 etiam
1017 5259 1301 5328 compello.
1353 5259 1406 5313 Si
1458 5260 1588 5315 ﬁdes
1615 5261 1667 5314 in
1708 5267 1762 5314 te
1788 5274 1912 5314 vera
1940 5267 2063 5326 est,

479 5349 638 5404 talem
659 5350 929 5407 Christum
957 5352 1127 5422 cogita
1160 5370 1172 5406 :
1201 5351 1294 5407 sed
1321 5368 1386 5406 ex
1413 5351 1574 5405 Maria
1603 5352 1828 5422 virgine,
1859 5366 1967 5406 non
1998 5351 2065 5408 de

478 5440 590 5494 Deo
618 5442 775 5498 Patre
798 5444 958 5500 talem
983 5445 1174 5516 cogita.
1213 5443 1390 5498 Infans
1421 5444 1552 5509 fuit,
1575 5434 1748 5498 'crevit
1774 5453 1832 5498 ut
1861 5444 2024 5499 homo
2042 5485 2058 5514 ,

476 5530 767 5586 ambulavit
793 5543 847 5588 ut
876 5535 1058 5602 homo,
1085 5535 1324 5600 esurivit,
1356 5531 1521 5589 sitivit
1547 5543 1605 5588 ut
1633 5533 1795 5590 homo
1818 5578 1832 5602 ,
1860 5535 2062 5590 dormi-

476 5624 552 5678 vit
580 5633 638 5679 ut
659 5621 842 5690 homo,
871 5636 1142 5695 postremo
1169 5641 1353 5696 passus
1379 5635 1437 5681 ut
1463 5627 1622 5680 homo
1641 5668 1658 5694 ,
1689 5642 1977 5697 suspensus
2003 5628 2058 5684 in

475 5717 648 5788 ligno,
679 5718 918 5786 occisus,
947 5719 1183 5788 sepultus
1207 5729 1272 5774 ιιι·
1310 5719 1500 5786 homo;
1555 5719 1606 5773 in
1645 5718 1830 5775 eadem
1888 5720 2054 5776 forma

478 5811 786 5881 resurrexit,
819 5810 873 5868 in
921 5809 1109 5869 eadem
1161 5810 1330 5869 forma
1355 5820 1480 5868 ante
1531 5811 1716 5868 oculos
1761 5813 2051 5886 discipulo-

1424 335 1488 392 IN
1525 328 1804 391 JOANNIS
1838 319 2301 393 EVANGELIUM,
2338 320 2401 381 S.
2439 318 2806 382 AUGUSTINI

3590 321 3732 384 1688

2159 476 2280 517 rum
2330 460 2570 517 ascendit
2611 439 2676 515 in.
2699 459 2916 526 coelum,
2967 456 3023 512 in
3059 455 3245 513 eadem
3273 454 3442 512 forma
3484 468 3744 517 venturus

2161 564 2244 612 est
2289 554 2357 611 ad
2379 554 2654 624 judicium.
2701 554 3025 625 Angelorum
3051 552 3194 608 enim
3235 567 3341 607 vox
3369 562 3452 608 est
3480 553 3535 609 in
3564 554 3744 612 Evan-

2160 648 2302 719 gelio
2361 663 2612 720 expressa
2653 666 2667 704 :
2718 647 2810 704 Sic
2867 649 3026 704 veniet
3079 655 3329 723 quomodo
3381 668 3496 706 eum
3547 651 3747 708 vidistis

2164 748 2358 794 euntem
2393 743 2447 794 in
2469 740 2645 795 caelum
2675 739 2809 812 (Act.
2831 757 2850 796 ι
2868 783 2883 807 ,
2925 742 3038 813 Η).
3068 741 3292 810 Quando
3325 760 3453 814 ergo
3477 743 3546 800 de
3575 744 3748 802 forma

2165 834 2303 888 servi
2354 835 2554 904 cogitas
2603 835 2655 888 in
2707 833 2956 900 Christo,
3020 834 3303 891 humanam
3354 836 3584 908 efﬁgiem
3654 854 3750 893 co-

2163 925 2304 996 gita,
2337 927 2380 980 si
2408 936 2489 981 est
2530 926 2582 980 in
2627 934 2679 980 te
2709 925 2842 982 ﬁdes
2874 945 2886 980 :
2915 928 3128 998 quando
3175 941 3349 984 autem
3400 931 3634 999 cogitas,
3681 930 3751 986 In

2167 1020 2414 1092 principio
2440 1030 2547 1074 erat
2579 1018 2791 1074 Verbum
2815 1064 2829 1085 ,
2852 1033 2899 1075 et
2937 1021 3148 1076 Verbum
3168 1035 3275 1077 erat
3296 1026 3434 1091 apud
3476 1024 3639 1079 Deum
3658 1067 3675 1092 ,
3704 1037 3754 1080 et

2166 1111 2304 1166 Deus
2337 1121 2447 1165 erat
2501 1111 2718 1166 Verbum
2759 1112 2939 1183 (Joan.
2967 1130 3006 1179 ι,
3050 1113 3136 1184 1),
3173 1123 3358 1186 pereat
3381 1115 3449 1170 de
3474 1117 3635 1172 corde
3660 1126 3756 1173 tuo

2167 1204 2340 1259 omnis
2372 1205 2596 1259 humana
2624 1205 2864 1275 ﬁguratio
2905 1223 2918 1260 :
2965 1206 3194 1277 pellatur
3231 1206 3301 1262 de
3343 1203 3757 1278 cogitationibus

2167 1296 2273 1350 tuis
2298 1296 2552 1366 quidquid
2583 1296 2688 1352 ﬁne
2713 1312 2972 1367 corporeo
3001 1299 3334 1363 terminatur,
3363 1300 3618 1371 quidquid
3649 1301 3757 1355 loci

2169 1389 2341 1459 spatio
2370 1389 2703 1464 continetur,
2754 1390 2836 1445 vel
2863 1390 3192 1460 quantalibet
3236 1392 3376 1446 mole
3404 1392 3752 1460 diffunditur;

2170 1480 2237 1535 de
2265 1481 2428 1536 corde
2450 1491 2540 1536 tuo
2568 1480 2874 1552 ﬁgmentum
2906 1483 3010 1538 tale
3036 1483 3322 1553 diSpereat.
3348 1486 3551 1555 Cogita,
3580 1485 3624 1539 si
3653 1501 3759 1557 po-

2171 1583 2271 1634 tes.
2307 1575 2757 1644 pulchritudinem
2790 1575 3088 1644 sapientiae,
3116 1584 3363 1631 occurrat
3394 1576 3485 1630 tibi
3518 1577 3760 1647 pulchri-

2172 1665 2550 1734 tudojustitiae.
2573 1665 2764 1720 Forma
2780 1666 2903 1722 est?
2926 1676 3128 1722 statura
3150 1668 3269 1722 est?
3288 1669 3436 1722 color
3463 1669 3584 1724 est?
3608 1669 3756 1725 Nihil

2171 1756 2360 1812 horum
2387 1767 2489 1821 est,
2518 1767 2573 1813 et
2598 1767 2775 1814 tamen
2805 1767 2888 1814 est
2914 1777 2927 1814 :
2963 1775 3082 1813 nam
3111 1761 3155 1816 si
3186 1777 3290 1815 non
3311 1770 3471 1825 esset,
3498 1777 3596 1816 nec
3613 1777 3764 1817 ama-

2173 1861 2320 1904 retur
2338 1892 2353 1916 ,
2380 1864 2477 1905 nec
2505 1851 2696 1905 merito
2725 1851 3030 1907 laudaretur
3050 1895 3064 1919 ,
3095 1868 3195 1908 nec
3214 1866 3388 1908 amata
3419 1870 3518 1910 nec
3544 1855 3762 1910 laudata

2172 1940 2331 1994 corde
2349 1942 2688 2011 moribusque
2711 1952 2984 1998 teneretur
3009 1961 3022 1998 :
3055 1960 3195 1999 nunc
3215 1961 3341 2000 vero
3364 1945 3494 2000 ﬁunt
3518 1947 3765 2002 homines

2173 2033 2476 2100 sapientes;
2514 2035 2655 2089 unde
2682 2036 2908 2103 ﬁerent,
2947 2037 3048 2092 nisi
3084 2046 3230 2092 esset
3257 2038 3552 2106 sapientia?
3593 2039 3765 2095 Porro

2173 2134 2373 2191 autem,
2400 2141 2433 2180 o
2455 2127 2634 2194 homo,
2659 2127 2704 2181 si
2726 2131 3036 2198 sapientiam
3062 2141 3203 2185 tuam
3231 2131 3411 2186 videre
3431 2132 3607 2188 carnis
3626 2149 3764 2187 ocu-

2175 2216 2242 2270 lis
2288 2234 2391 2272 non
2438 2230 2624 2288 potes,
2672 2235 2772 2276 nec
2803 2221 2889 2276 tali
2918 2223 3292 2291 imaginatione
3335 2224 3568 2295 cogitare
3615 2225 3765 2295 quali

2177 2311 2471 2380 corporalia
2505 2313 2839 2382 cogitantur,
2877 2315 3151 2384 sapientiae
3176 2315 3270 2370 Dei
3309 2317 3477 2372 audes
3517 2317 3767 2388 ingerere

2178 2401 2392 2456 humani
2419 2406 2657 2474 corporis
2681 2406 2938 2460 formam?

2249 2494 2302 2548 5.
2345 2494 2479 2560 Quid
2507 2511 2635 2566 ergo
2677 2496 2935 2565 dicimus,
2965 2498 3191 2555 fratres?
3217 2499 3497 2568 Quomodo
3542 2502 3759 2559 locutus

2179 2594 2262 2639 est
2285 2586 2441 2641 Pater
2471 2587 2640 2652 Filio,
2673 2591 2922 2659 quoniam
2969 2590 3133 2646 Filius
3160 2593 3235 2647 ait
3293 2593 3440 2647 Sicut
3479 2594 3646 2648 docuit
3683 2611 3769 2651 me

2181 2675 2357 2746 Pater,
2399 2680 2506 2734 hazc
2549 2680 2761 2749 loquor?
2788 2683 3021 2741 Locutus
3058 2693 3141 2740 est
3185 2685 3296 2740 illi?
3323 2687 3546 2754 Quando
3581 2688 3768 2743 docuit

2179 2769 2336 2826 Pater
2360 2772 2548 2827 Filium
2565 2815 2578 2837 ,
2607 2777 2767 2830 verba
2796 2775 2920 2830 fecit
2937 2818 2952 2842 ,
2979 2777 3246 2846 quomodo
3270 2787 3350 2844 tu,
3368 2779 3579 2850 quando
3599 2780 3766 2836 doces

2180 2864 2348 2918 ﬁlium
2411 2874 2594 2932 tuum,
2650 2866 2810 2921 verba
2864 2867 3030 2921 lacis?
3082 2867 3360 2935 Quomodo
3413 2868 3538 2924 facit
3599 2871 3766 2929 verba

2181 2954 2398 3010 Verbo?
2426 2955 2556 3024 Quae
2593 2957 2753 3012 verba
2784 2959 2951 3014 multa
2977 2959 3168 3014 ﬁerent
3197 2961 3354 3017 unico
3381 2959 3596 3017 Verbo?
3624 2962 3766 3017 Ver-

2179 3046 2305 3102 bum
2334 3049 2474 3102 enim
2505 3049 2676 3104 Patris
2701 3065 2859 3105 aures
2890 3052 3072 3106 habuit
3099 3052 3166 3108 ad
3190 3068 3251 3108 os
3277 3053 3485 3109 Patris?
3515 3055 3766 3111 Carnalia

2179 3149 2302 3194 sunt
2348 3142 2480 3207 ista,
2514 3154 2732 3213 pereant
2776 3145 2844 3200 de
2894 3145 3144 3201 cordibus
3199 3147 3409 3203 vestris.
3461 3148 3574 3204 Hoc
3617 3150 3766 3206 cnim

2179 3230 2331 3295 dico,
2363 3247 2488 3288 ecce
2530 3235 2575 3289 si
2614 3233 2949 3292 intellexistis
2990 3237 3130 3306 quod
3171 3251 3271 3309 ego
3317 3238 3456 3307 dixi,
3492 3255 3590 3310 ego
3616 3250 3768 3296 certe

2180 3325 2386 3381 locutus
2412 3342 2551 3394 sum,
2578 3337 2633 3383 et
2658 3343 2775 3383 mea
2803 3332 2968 3384 verba
2990 3340 3301 3395 sonuerunt,
3326 3332 3576 3403 sonisque
3603 3348 3766 3390 aures

2181 3419 2532 3488 pepulerunt,
2562 3430 2615 3476 et
2641 3437 2734 3490 per
2760 3438 2976 3477 sensum
3005 3423 3216 3479 auditus
3242 3425 3404 3480 vestri
3430 3425 3496 3480 ad
3523 3441 3615 3479 cor
3639 3442 3768 3480 sen-

2179 3512 2397 3566 tentiam
2424 3513 2786 3582 perduxerunt
2804 3559 2818 3582 ,
2847 3516 2893 3570 si
2921 3516 3282 3572 intellexistis.
3315 3516 3500 3573 Facite
3528 3519 3765 3588 aliquem

2176 3602 2387 3658 audisse
2406 3603 2583 3658 latina:
2604 3605 2795 3674 lingua:
2815 3606 3105 3671 hominem,
3133 3609 3501 3665 tantummodo
3521 3609 3759 3680 audisse,

2175 3712 2276 3752 nec
2305 3706 2480 3753 tamen
2512 3699 2836 3755 intellexisse
2865 3699 3003 3770 quod
3037 3701 3146 3756 dixi
3177 3720 3191 3757 :
3219 3711 3473 3772 quantum
3525 3702 3589 3757 ad
3618 3713 3764 3758 stre-

2177 3791 2342 3860 pitum
2387 3793 2618 3860 pertinet
2669 3793 2922 3847 emissum
2966 3809 3032 3848 ex
3074 3809 3169 3850 ore
3207 3810 3360 3861 meo,
3389 3795 3468 3851 sic
3513 3795 3627 3866 ejus
3671 3797 3764 3852 ille

2176 3882 2443 3952 particeps
2487 3885 2652 3937 factus
2691 3893 2773 3937 est
2814 3885 2903 3953 qui
2949 3901 3054 3940 non
3095 3886 3382 3953 intellexit,
3411 3887 3677 3959 quomodo
3706 3898 3766 3943 et

2175 3989 2301 4040 vos;
2329 3990 2451 4029 eum
2481 3990 2668 4030 sonum
2701 3977 2932 4044 audivit,
2966 3979 3165 4034 eaedem
3193 3980 3410 4052 syllabae
3450 3995 3605 4036 aures
3641 3980 3763 4050 ejus

2177 4077 2592 4136 percusserunt;
2623 4068 2715 4122 sed
2757 4069 2810 4122 in
2853 4069 3015 4123 corde
3056 4071 3222 4139 ipsius
3265 4071 3393 4125 nihil
3441 4081 3762 4142 genuerunt.

2176 4157 2392 4225 Quare?
2420 4159 2554 4226 Quia
2576 4175 2681 4214 non
2701 4160 2978 4216 intellexit.
2997 4160 3107 4214 Vos
3123 4170 3297 4216 autem
3330 4163 3374 4216 si
3401 4163 3738 4219 intellexistis

2175 4248 2318 4305 unde
2361 4250 2732 4304 intellexistis?
2773 4251 2882 4320 Ego
2929 4250 2997 4305 ad
3045 4265 3227 4307 aurem
3269 4253 3452 4317 sonui;
3495 4254 3757 4320 numquid

2175 4357 2274 4412 ego
2301 4341 2352 4396 in
2384 4342 2544 4397 corde
2577 4343 2754 4396 lumen
2796 4343 3053 4397 accendi?
3080 4343 3268 4399 Procul
3310 4343 3470 4398 dubio
3500 4345 3542 4398 si
3569 4361 3761 4400 verum

2175 4443 2258 4489 est
2281 4434 2421 4504 quod
2453 4435 2598 4501 dixi,
2627 4443 2681 4487 et
2713 4435 2812 4488 hoc
2836 4449 3019 4489 verum
3048 4449 3156 4489 non
3181 4435 3353 4489 solum
3384 4435 3626 4503 audistis,
3658 4450 3762 4491 ve-

2175 4541 2293 4579 rum
2319 4526 2479 4580 etiam
2513 4525 2875 4592 intellexistis;
2904 4525 3022 4580 dua:
3049 4541 3135 4581 res
3173 4526 3242 4579 ibi
3272 4524 3426 4581 facta:
3455 4535 3617 4590 sunt,
3647 4526 3766 4581 dis-

2175 4617 2378 4673 cernite
2407 4617 2556 4681 illas,
2584 4615 2794 4671 auditus
2835 4626 2889 4671 et
2919 4617 3238 4673 intellectus.
3269 4617 3493 4673 Auditus
3533 4633 3628 4686 per
3670 4633 3765 4675 me

2174 4709 2344 4765 factus
2369 4718 2452 4766 est
2472 4753 2486 4776 ,
2514 4710 2818 4764 intellectus
2845 4725 2940 4778 per
2967 4711 3159 4778 quem?
3187 4709 3301 4780 Ego
3340 4711 3406 4765 ad
3433 4727 3611 4766 aurem
3641 4712 3763 4768 dixi

2174 4811 2233 4857 ut
2261 4803 2538 4869 audiretis,
2567 4801 2632 4856 ad
2660 4815 2754 4855 cor
2779 4809 3014 4856 vestrum
3042 4801 3161 4870 quis
3185 4801 3324 4856 dixit
3345 4811 3405 4856 ut
3429 4802 3764 4872 intelligere-

2174 4895 2279 4950 tis?
2305 4893 2432 4949 Sine
2479 4893 2639 4948 dubio
2685 4892 2876 4962 aliquis
2923 4900 2976 4947 et
3021 4893 3086 4946 ad
3128 4907 3222 4947 cor
3277 4903 3515 4948 vestrum
3555 4893 3764 4961 aliquid

2173 4986 2338 5049 dixit,
2368 4997 2426 5040 ut
2453 5001 2558 5040 non
2589 4984 2763 5040 solum
2792 4987 3044 5054 strepitus
3076 4987 3174 5040 iste
3199 4986 3485 5040 verborum
3514 4996 3766 5056 percute-

2171 5089 2255 5134 ret
2273 5093 2454 5132 aurem
2480 5085 2710 5132 vestram
2737 5119 2752 5141 ,
2785 5076 2879 5132 sed
2908 5079 3068 5131 etiam
3096 5078 3146 5132 in
3177 5093 3272 5133 cor
3291 5088 3530 5133 vestrum
3557 5078 3762 5149 aliquid

2171 5169 2521 5228 descenderet
2543 5169 2783 5224 veritatis
2803 5186 2816 5221 :
2835 5169 2970 5223 dixit
2987 5170 3177 5239 aliquis
3203 5180 3256 5225 et
3279 5169 3345 5225 ad
3366 5185 3462 5225 cor
3491 5181 3758 5238 vestrum,

2172 5262 2266 5318 sed
2298 5277 2401 5315 non
2431 5277 2550 5315 eum
2582 5259 2802 5324 videtis;
2829 5259 2875 5313 si
2905 5260 3266 5327 intellexistis,
3292 5260 3516 5324 fratres,
3550 5261 3759 5318 dictum

2171 5365 2255 5410 est
2286 5363 2338 5410 et
2363 5353 2511 5408 cordi
2541 5362 2742 5407 vestro.
2772 5351 2962 5407 Munus
2991 5352 3087 5408 Dei
3110 5362 3193 5408 est
3219 5353 3582 5424 intelligentia.
3624 5355 3762 5421 Quis

2169 5446 2275 5501 hoc
2315 5445 2447 5500 dixit
2475 5445 2526 5498 in
2559 5445 2719 5499 corde
2754 5451 2969 5509 vestro,
3011 5444 3057 5499 si
3103 5444 3474 5502 intellexistis?
3498 5446 3595 5500 Cui
3625 5447 3763 5500 ὀξεῖ’

2169 5537 2412 5592 Psalmus
2430 5578 2445 5603 ,
2472 5535 2554 5590 Da
2574 5535 2700 5588 mihi
2730 5533 3038 5589 intellectum
3056 5578 3072 5603 ,
3103 5544 3158 5590 ut
3181 5537 3372 5592 discam
3393 5539 3633 5592 mandata
3668 5548 3760 5593 tua

2169 5628 2340 5699 (Psat.
2368 5644 2548 5696 cxvm,
2579 5627 2690 5699 73).
2712 5626 2872 5682 Verbi
2897 5629 3088 5698 gratia,
3116 5629 3398 5700 episcopus
3420 5631 3624 5685 locutus
3647 5641 3757 5686 est.

2166 5719 2302 5789 Quid
2326 5720 2530 5774 locutus
2559 5727 2661 5785 est,
2688 5715 2880 5787 aliquis
2909 5717 3021 5773 ait?
3051 5717 3362 5789 Respondes
3389 5721 3512 5792 quid
3538 5722 3757 5779 locutus

2165 5813 2268 5882 sit,
2295 5821 2348 5867 et
2373 5809 2522 5867 addis
2545 5807 2786 5891 ςγδι-ιω
2811 5803 2971 5872 dixit.
2993 5807 3144 5874 Tunc
3166 5811 3305 5876 alius
3328 5813 3420 5887 qui
3445 5829 3552 5870 uou
3583 5814 3752 5876 intel-
