4102 6464
296 470 428 527 lexit
451 486 466 522 :
488 464 628 534 Quid
663 463 825 530 dixit,
852 461 1058 534 inquit,
1089 469 1182 517 aut
1207 461 1332 532 quid
1372 477 1454 518 εει
1481 463 1621 535 quod
1651 462 1876 519 laudas?

292 559 471 617 Ambo
499 571 585 612 me
610 553 1180 619 audierunt,ambobus
1194 567 1293 624 ego
1321 552 1427 608 dixi
1488 554 1583 609 sed
1613 555 1702 610 uni
1735 555 1879 625 ipso-

290 666 413 707 rum
445 651 586 704 Deus
630 645 782 702 dixit.
823 644 877 701 Si
908 659 1066 716 parva
1093 645 1297 714 magnis
1345 659 1656 714 comparate
1687 660 1880 702 conce-

290 741 458 806 ditur,
483 738 733 809 quoniam
759 751 856 791 nos
881 735 946 791 ad
966 750 1090 792 eum
1109 735 1234 807 quid
1257 737 1472 791 sumus?
1496 745 1672 793 tamen
1699 739 1879 794 nescio

291 833 420 902 quid
449 829 850 898 incorporaliter
869 837 923 882 et
941 827 1285 897 spiritualiter
1310 827 1438 882 facit
1459 828 1512 884 in
1540 828 1694 882 nobis
1716 828 1876 896 Dens,

293 922 436 993 quod
462 936 562 976 nec
603 936 766 976 sonus
796 930 880 974 est
920 921 1008 989 qui
1050 934 1234 975 aurem
1278 920 1568 990 percutiat,
1598 935 1696 975 nec
1724 920 1876 979 color

291 1015 380 1084 qui
411 1014 584 1068 oculis
609 1012 959 1074 discernatur,
991 1027 1092 1067 nec
1127 1010 1262 1065 odor
1303 1021 1385 1067 est
1423 1012 1512 1081 qui
1543 1012 1756 1066 naribus
1783 1027 1876 1066 ca-

288 1107 486 1176 piatur,
519 1119 618 1158 nec
647 1118 806 1173 sapor
829 1103 917 1174 qui
957 1101 1197 1157 faucibus
1237 1103 1526 1173 judicetur,
1558 1119 1656 1159 nec
1684 1103 1877 1158 durum

292 1208 343 1251 et
369 1198 537 1252 molle
561 1197 702 1267 quod
742 1197 1003 1267 tangendo
1031 1197 1325 1253 sentiatur:
1352 1205 1525 1253 tamen
1556 1198 1751 1268 aliquid
1796 1207 1880 1253 est

290 1292 432 1361 quod
456 1291 660 1344 sentire
705 1289 857 1344 facile
887 1297 1000 1355 est,
1027 1289 1292 1358 explicare
1321 1289 1646 1360 impossibile
1683 1298 1784 1344 est.
1817 1289 1875 1345 Si

291 1401 419 1456 ergo
449 1387 589 1441 Deus
607 1428 623 1452 ,
657 1395 712 1439 ut
735 1384 914 1440 dicere
941 1399 1212 1454 cmperam
1235 1426 1250 1451 ,
1276 1384 1509 1452 loquitur
1547 1385 1599 1438 in
1627 1384 1876 1439 cordibus

290 1482 491 1534 nostris
540 1479 656 1535 sine
701 1495 866 1544 sono,
897 1477 1164 1548 quomodo
1205 1479 1436 1548 loquitur
1463 1477 1597 1532 Filio
1627 1480 1760 1533 suo?
1789 1479 1877 1534 Sic

290 1588 438 1642 ergo,
467 1572 661 1628 fratres
681 1615 694 1638 ,
722 1575 801 1629 sic
827 1575 1072 1644 cogitate,
1102 1584 1355 1642 quantum
1385 1575 1622 1643 potestis,
1653 1582 1709 1627 ut
1733 1574 1874 1642 dixi,

291 1664 332 1717 si
384 1664 510 1718 iicet
556 1680 716 1734 parva
765 1666 970 1734 magnis
1016 1665 1174 1719 modo
1221 1666 1398 1735 aliquo
1423 1681 1766 1734 comparare;
1800 1667 1878 1721 sic

289 1757 540 1825 cogitate.
583 1756 990 1826 lncorporaliter
1029 1757 1186 1812 Pater
1209 1757 1416 1811 locutus
1442 1766 1524 1811 est
1552 1757 1685 1810 Filio
1705 1799 1720 1824 ,
1753 1757 1877 1827 quia

289 1847 698 1915 incorporaliter
716 1847 871 1902 Pater
889 1847 1068 1916 genuit
1084 1847 1294 1902 Filium.
1316 1847 1425 1902 Nec
1451 1865 1571 1902 eum
1599 1849 1675 1902 sic
1698 1849 1878 1902 docuit

288 1939 439 2007 quasi
472 1938 739 1992 indoctum
766 1940 1009 2010 genuerit
1037 1956 1050 1991 :
1079 1939 1172 1993 sed
1204 1939 1304 1994 hoc
1330 1947 1414 1994 est
1439 1955 1558 1994 eum
1589 1940 1834 1996 docuisse
1856 1983 1872 2007 ,

288 2028 429 2098 quod
472 2039 555 2082 est
595 2031 850 2085 scientem
893 2030 1175 2099 genuisse;
1209 2040 1262 2084 et
1305 2030 1405 2084 hoc
1449 2039 1561 2096 est,
1591 2032 1760 2085 docuit
1799 2047 1878 2085 me

290 2121 467 2188 Pater,
499 2123 641 2192 quod
671 2132 783 2188 est,
815 2123 1073 2178 scientem
1099 2139 1186 2176 me
1214 2125 1395 2192 genuit
1423 2123 1598 2177 Pater.
1625 2123 1681 2178 Si
1707 2123 1870 2189 enim,

288 2214 430 2282 quod
459 2215 610 2282 pauci
642 2213 978 2284 intelligunt,
1009 2213 1235 2281 simplex
1264 2223 1344 2267 est
1373 2221 1558 2267 natura
1599 2213 1871 2278 veritatis;

289 2304 392 2358 hoc
417 2315 501 2360 est
527 2305 660 2362 Filio
686 2321 805 2361 esse
847 2306 989 2377 quod
1019 2322 1196 2361 nosse.
1231 2307 1310 2360 Ab
1338 2306 1427 2360 illo
1469 2322 1597 2376 ergo
1630 2306 1786 2360 habet
1815 2315 1874 2361 ut

290 2396 587 2460 noverit,a
633 2412 739 2465 quo
785 2396 944 2450 habet
986 2406 1042 2450 ut
1085 2397 1192 2450 sit:
1223 2411 1325 2450 non
1377 2405 1434 2450 ut
1480 2397 1624 2466 prius
1663 2397 1728 2450 ab
1783 2396 1874 2451 illo

290 2499 465 2554 esset,
495 2497 552 2542 et
589 2488 656 2543 ab
685 2489 777 2543 illo
801 2499 982 2559 postea
1035 2499 1248 2553 nosset;
1278 2489 1371 2544 sed
1421 2488 1870 2556 quemadmodum

291 2580 363 2633 illi
403 2580 667 2650 gignendo
712 2580 857 2634 dedit
897 2589 952 2634 ιιι
990 2590 1165 2644 esset,
1197 2581 1273 2634 sic
1315 2580 1578 2652 gignendo
1625 2580 1770 2635 dedit
1817 2590 1876 2634 ut

291 2681 472 2724 nosset
493 2689 507 2723 :
527 2671 649 2740 quia
677 2671 923 2740 simplici,
955 2679 1012 2726 ut
1039 2671 1237 2727 dictum
1264 2681 1388 2744 est,
1406 2680 1608 2725 naturae
1635 2669 1872 2726 veritatis

292 2777 409 2816 esse
428 2772 484 2816 et
510 2778 665 2817 nosse
684 2779 788 2817 non
820 2763 1057 2817 estaliud
1075 2773 1231 2833 atque
1247 2763 1410 2828 aliud,
1429 2763 1522 2818 sed
1556 2764 1654 2818 hoc
1679 2765 1870 2832 ipsum.

361 2853 416 2907 6.
458 2854 601 2907 Dixit
629 2869 754 2923 ergo
792 2855 890 2908 ista
932 2855 1163 2920 Judwis,
1197 2864 1250 2909 et
1298 2853 1498 2908 addidit
1527 2871 1537 2906 :
1562 2852 1630 2907 Et
1671 2855 1753 2924 qui
1797 2871 1876 2908 me

291 2945 424 2997 misit
453 2961 645 2998 mecum
672 2953 760 2998 est.
805 2944 918 3000 Jam
965 2946 1066 3000 hoc
1107 2956 1162 3000 et
1203 2956 1325 3000 ante
1360 2946 1595 3012 dixerat,
1626 2946 1718 3000 sed
1759 2961 1872 3000 rem

293 3050 536 3104 magnam
563 3036 774 3090 assidue
815 3047 1197 3092 commemorat
1229 3055 1242 3091 :
1269 3037 1405 3090 misit
1446 3053 1524 3090 me
1544 3078 1559 3103 ,
1584 3045 1638 3090 et
1679 3054 1873 3090 mecum

293 3134 380 3178 est.
411 3124 467 3181 Si
513 3142 640 3196 ergo
667 3137 840 3182 tecum
886 3136 967 3182 est
988 3169 1002 3193 ,
1035 3144 1066 3181 0
1091 3129 1310 3182 Domine
1331 3169 1344 3192 ,
1378 3144 1483 3182 non
1513 3144 1646 3182 unus
1671 3130 1738 3182 ab
1766 3129 1872 3184 alio

292 3216 487 3271 missus
524 3225 640 3283 est,
673 3217 769 3272 sed
800 3217 954 3272 ambo
980 3219 1218 3273 venistis.
1253 3218 1320 3272 Et
1360 3228 1537 3273 tamen
1567 3234 1686 3273 cum
1714 3219 1870 3274 ambo

291 3306 448 3360 simul
493 3307 635 3374 sint,
681 3323 817 3363 unus
862 3309 1057 3364 missus
1097 3319 1212 3376 est,
1245 3309 1379 3364 alter
1417 3310 1872 3379 misitzquoniam

291 3398 475 3452 missio
507 3399 800 3454 incarnatio
826 3408 940 3464 est,
972 3409 1028 3454 et
1051 3400 1164 3468 ipsa
1194 3399 1489 3454 incarnatio
1518 3400 1635 3454 Filii
1667 3409 1869 3454 tantum

291 3499 404 3558 est,
438 3507 543 3544 non
570 3502 623 3546 et
650 3491 843 3546 Patris.
868 3491 1007 3546 Misit
1034 3491 1210 3561 itaque
1232 3491 1392 3546 Pater
1414 3491 1627 3559 Filium,
1651 3493 1744 3546 sed
1768 3509 1871 3546 non

290 3584 512 3637 recessit
535 3599 568 3638 a
599 3582 754 3638 Filio.
787 3582 902 3638 Non
922 3584 1064 3638 enim
1092 3599 1195 3654 quo
1220 3584 1365 3637 misit
1395 3583 1584 3637 Filium
1606 3626 1620 3650 ,
1652 3601 1756 3639 non
1801 3585 1872 3639 ibi

289 3683 403 3728 erat
427 3674 604 3729 Pater.
629 3675 726 3730 Ubi
749 3676 890 3729 enim
913 3689 1017 3729 non
1044 3676 1233 3744 estqui
1259 3674 1381 3728 fecit
1407 3675 1624 3728 omnia?
1653 3675 1739 3729 tibi
1763 3691 1870 3730 non

289 3776 368 3820 est
392 3767 482 3836 qui
506 3767 657 3832 dixit,
677 3766 868 3821 Caelum
893 3777 938 3821 et
965 3777 1148 3821 terrant
1169 3784 1258 3838 ego
1284 3768 1469 3836 impleo
1489 3767 1698 3836 (Jerem.
1719 3785 1869 3836 χχιιι,

289 3855 416 3926 24)?
443 3857 552 3911 Sed
594 3857 731 3912 forte
770 3858 928 3912 Pater
971 3859 1194 3928 ubique,
1222 3868 1276 3913 et
1317 3857 1479 3913 Filius
1523 3873 1627 3913 uon
1677 3859 1872 3928 ubique

289 3950 408 4003 est?
435 3950 829 4020 Evangelistam
861 3951 982 4006 audi
1013 3969 1026 4005 :
1054 3950 1121 4005 In
1147 3952 1242 4005 hoc
1267 3952 1453 4005 mundo
1478 3961 1585 4006 erat
1603 3995 1618 4018 ,
1649 3963 1694 4006 et
1725 3971 1872 4008 mun-

289 4041 380 4094 dus
407 4057 500 4111 per
519 4059 633 4094 eum
663 4044 825 4112 factus
851 4053 922 4096 est
950 4041 1125 4115 (Joan.
1155 4060 1193 4109 ι,
1225 4042 1336 4116 10).
1361 4043 1520 4114 Ergo,
1553 4045 1756 4115 inquit,
1788 4045 1872 4114 qui

288 4131 417 4184 misit
448 4147 562 4198 me,
588 4133 740 4202 cujus
765 4135 1076 4189 auctoritate
1100 4145 1346 4206 tanquam
1373 4146 1591 4206 paterna
1619 4137 1867 4192 incarna-

288 4233 368 4277 tus
395 4239 517 4278 sum
538 4265 554 4290 ,
587 4242 778 4278 mecum
819 4236 910 4292 est,
939 4243 1038 4280 non
1067 4243 1144 4280 me
1180 4225 1398 4297 reliquit.
1431 4226 1606 4294 Quare
1648 4245 1753 4283 non
1783 4244 1870 4285 me

287 4315 541 4384 reliquit?
596 4313 715 4368 Non
766 4333 842 4369 me
894 4317 1127 4387 reliquit,
1172 4318 1370 4388 inquit,
1401 4320 1564 4373 solum
1615 4324 1735 4392 quia
1781 4337 1871 4392 ego

285 4423 397 4476 qua:
424 4407 618 4478 placita
641 4417 758 4461 sunt
793 4408 874 4476 ei,
903 4410 1034 4479 facio
1072 4426 1286 4479 semper.
1331 4410 1447 4480 Ipsa
1490 4421 1572 4466 est
1596 4415 1870 4483 aequalitas

285 4515 503 4568 semper,
534 4513 641 4553 non
681 4514 748 4555 ex
790 4501 1018 4570 quodam
1059 4501 1210 4555 initio
1237 4511 1292 4556 et
1316 4501 1594 4573 deinceps,
1627 4506 1719 4559 sed
1751 4509 1868 4562 sine

286 4591 435 4645 initio
456 4633 471 4652 .
504 4591 622 4646 sine
651 4590 775 4645 ﬁne.
808 4591 899 4646 Dei
930 4592 1070 4647 enim
1112 4593 1383 4662 generatio
1424 4610 1529 4648 non
1575 4595 1735 4652 habet
1765 4597 1868 4654 iui-

286 4681 416 4735 tium
445 4681 722 4750 temporis,
754 4683 874 4751 quia
905 4698 1000 4752 per
1024 4682 1257 4753 genitum
1290 4683 1425 4738 facta
1454 4695 1578 4740 sunt
1604 4696 1865 4758 tempora.

353 4774 408 4827 7.
470 4771 596 4827 Haec
636 4773 727 4827 illo
771 4774 1034 4844 loquente,
1075 4776 1221 4830 multi
1266 4778 1585 4833 crediderunt
1633 4781 1685 4834 in
1733 4799 1865 4838 eum.

285 4865 498 4922 Utinam
528 4874 585 4921 et
611 4881 697 4921 me
741 4866 987 4937 loquente
1013 4869 1165 4922 multi
1193 4869 1280 4939 qui
1310 4870 1452 4924 aliud
1491 4872 1766 4941 sapiebant
1790 4874 1872 4927 in-

285 4958 560 5028 telligant,
593 4965 648 5012 et
673 4958 892 5012 credant
934 4959 987 5013 in
1027 4975 1168 5015 eum.
1197 4959 1421 5027 Quidam
1462 4963 1604 5016 enim
1645 4964 1869 5022 fortasse

282 5059 406 5104 sunt
445 5050 499 5104 in
540 5051 640 5103 ista
674 5051 1008 5107 multitudine
1036 5054 1224 5108 ariani.
1255 5052 1372 5108 Non
1411 5056 1580 5113 audeo
1609 5061 1868 5129 suSpicari

282 5159 401 5197 esse
431 5143 756 5198 sabellianos
800 5147 886 5215 qui
932 5148 1103 5217 ipsum
1135 5147 1344 5202 Patrem
1389 5149 1574 5205 dicunt
1613 5167 1731 5208 esse
1779 5156 1867 5226 qui

283 5233 448 5289 Filius
475 5244 595 5290 est:
624 5236 843 5292 haresis
882 5239 1075 5310 quippe
1113 5240 1212 5294 ista
1251 5241 1406 5295 nimis
1432 5244 1645 5314 antiqua
1673 5256 1782 5315 est,
1815 5257 1868 5303 et

284 5325 538 5395 paulatim
568 5328 879 5383 eviscerata.
907 5331 1222 5386 Arianorum
1247 5342 1424 5388 autem
1455 5335 1628 5390 adhuc
1661 5338 1868 5396 videtur

282 5415 484 5472 habere
512 5418 720 5488 aliquas
739 5421 1000 5476 motiones
1020 5423 1169 5493 quasi
1192 5423 1465 5480 cadaveris
1487 5433 1866 5501 putrescentis;

282 5517 374 5561 aut
392 5518 564 5576 certe,
589 5520 647 5564 ut
667 5511 911 5578 multum,
937 5515 1086 5583 quasi
1108 5514 1338 5571 hominis
1362 5519 1592 5574 animam
1621 5524 1824 5590 agentis
1852 5542 1865 5580 :

280 5609 494 5669 oportet
526 5601 652 5656 inde
698 5603 930 5673 reliquos
964 5605 1209 5675 liberari,
1238 5609 1374 5664 sicut
1401 5610 1522 5666 inde
1551 5614 1699 5666 multi
1731 5615 1837 5670 libc

281 5690 384 5745 rati
405 5701 553 5746 sunt.
577 5693 646 5748 Et
670 5694 880 5766 quidem
902 5697 999 5751 ista
1026 5697 1212 5752 civitas
1234 5715 1324 5756 eos
1355 5717 1459 5756 non
1491 5703 1750 5772 habebat;
1776 5709 1870 5762 sed

281 5793 633 5857 posteaquam
667 5787 822 5851 multi
867 5790 1132 5862 peregrini
1157 5790 1516 5863 advenerunt,
1546 5797 1783 5853 nonnulli
1815 5809 1869 5856 et

1422 347 1829 408 TRACTATUS
1864 348 1980 408 XL.
2017 349 2244 410 CAPUT
2276 352 2414 410 VIII.

3427 371 3568 432 1690

1987 462 2089 534 ipsi
2114 477 2392 521 venerunt.
2411 466 2552 524 Ecce
2571 466 2688 525 haec
2709 469 2936 528 Domino
2953 473 3202 546 loquente
3221 480 3375 537 multi
3391 482 3561 542 Judaei

1986 553 2326 612 crediderunt
2351 558 2404 612 in
2426 574 2582 626 eum;
2611 575 2736 616 ecce
2761 572 2818 618 et
2843 579 2930 622 me
2958 566 3207 638 loquente
3230 572 3412 630 Ariani
3436 591 3565 633 cre-

1985 643 2146 714 dant,
2175 661 2281 701 non
2317 650 2369 703 in
2395 666 2515 717 me,
2538 652 2633 707 sed
2663 669 2892 711 mecum.

2055 736 2108 791 8.
2149 736 2357 793 Dicebat
2383 757 2500 813 ergo
2539 742 2786 800 Dominus
2814 749 2882 802 ad
2913 765 2999 805 eos
3027 752 3113 822 qui
3143 756 3461 811 crediderant
3504 760 3560 813 in

1984 844 2099 881 eum
2139 827 2350 884 Judceos
2371 849 2390 884 :
2423 834 2484 885 Si
2521 850 2606 890 vos
2650 841 2934 896 manseritis
2979 844 3032 897 in
3075 847 3223 900 verba
3263 865 3390 903 meo.
3437 850 3564 908 Ideo

1985 924 2267 978 manseritis
2286 965 2300 985 ,
2329 927 2449 994 quia
2493 927 2680 984 initiati
2705 935 2864 998 estis,
2897 938 3017 1005 quia
3043 948 3098 992 et
3125 939 3194 994 ibi
3221 953 3342 995 esse
3365 943 3566 1012 capis-

1987 1013 2070 1068 tis.
2095 1014 2153 1069 Si
2175 1019 2476 1086 manseritis,
2498 1020 2598 1076 hoc
2615 1032 2696 1077 est
2716 1025 2767 1078 in
2793 1025 2896 1080 lide
2920 1044 3040 1098 quae
3062 1031 3116 1084 in
3139 1033 3286 1088 vobis
3305 1049 3426 1090 esse
3441 1051 3565 1091 cre-

1983 1104 2228 1164 dentibus
2247 1111 2449 1198 icmpit;
2471 1129 2576 1181 quo
2603 1119 2952 1182 pervenietis?
2975 1120 3105 1177 Vide
3133 1126 3289 1191 quale
3321 1126 3563 1198 initium,

1984 1211 2089 1265 quo
2129 1197 2389 1266 perducit.
2419 1203 2619 1256 Amasti
2647 1203 3068 1276 fundamentum,
3095 1214 3306 1269 culmen
3325 1197 3563 1286 attende,

1984 1293 2036 1338 et
2074 1303 2141 1340 ex
2189 1288 2286 1342 ista
2333 1289 2627 1348 humilitate
2658 1295 2813 1350 aliam
2857 1301 3222 1359 celsitudinem
3249 1321 3448 1375 qutere.
3477 1307 3560 1364 Fi-

1982 1375 2076 1431 des
2101 1379 2241 1433 enim
2279 1380 2624 1439 humilitatem
2661 1387 3093 1460 habet:cognitio
3127 1395 3564 1454 etimmortalitas

1982 1477 2035 1521 et
2061 1471 2330 1526 aeternitas
2357 1489 2462 1528 non
2487 1474 2646 1532 habet
2661 1478 3032 1550 humilitatem,
3052 1486 3143 1538 sed
3159 1487 3559 1557 celsitudinem;

1983 1561 2306 1618 ercctiouem
2328 1605 2343 1632 ,
2375 1567 2572 1622 nullam
2602 1569 2952 1627 defectionem
2973 1614 2990 1642 ,
3021 1585 3272 1632 aeternam
3303 1581 3568 1636 stabilita-

1985 1659 2126 1719 tem,
2159 1656 2350 1708 nullam
2377 1658 2444 1712 ab
2475 1658 2688 1715 inimico
2727 1666 3171 1732 expugnationem
3191 1708 3206 1732 ,
3239 1670 3438 1724 nullum
3461 1672 3562 1726 de-

1981 1740 2191 1798 licieudi
2219 1747 2481 1802 timorem.
2527 1750 2770 1821 Magnum
2814 1765 2895 1807 est
2936 1757 3076 1824 quod
3127 1757 3311 1829 incipit
3347 1775 3378 1814 a
3421 1761 3558 1827 fide;

1981 1836 2072 1889 sed
2091 1841 2464 1894 contemnitur.
2486 1841 2909 1900 Fundamentum
2927 1849 3064 1903 solet
3083 1851 3241 1904 etiam
3263 1853 3314 1906 iu
3335 1853 3561 1911 aedilicio

1979 1925 2046 1978 ab
2075 1925 2330 1996 imperitis
2355 1935 2638 1989 contemni.
2673 1935 2833 1991 Fossa
2861 1940 2918 1992 lit
2943 1942 3176 2010 grandis,
3199 1943 3401 2012 lapides
3429 1962 3548 2016 quo-

1980 2031 2084 2085 quo
2109 2019 2267 2072 modo
2295 2023 2490 2089 passim
2517 2025 2820 2096 mittuntur;
2848 2031 2988 2083 nulla
3015 2033 3086 2085 ibi
3117 2034 3388 2102 expolitio,
3417 2038 3556 2092 nulla

1980 2107 2313 2176 pulchritudo
2342 2124 2560 2181 apparet
2583 2133 2596 2169 :
2621 2119 2888 2186 quomodo
2913 2137 3011 2175 nec
3039 2123 3090 2176 in
3111 2125 3320 2180 arboris
3345 2127 3556 2193 radice,

1980 2216 2084 2254 non
2112 2213 2327 2272 apparet
2363 2207 2537 2276 aliqua
2567 2209 2936 2279 pulchritudo;
2969 2223 3134 2269 totum
3178 2226 3352 2272 tamen
3399 2220 3544 2290 quid-

1979 2292 2104 2360 quid
2148 2302 2198 2348 te
2237 2294 2462 2350 delectat
2502 2298 2553 2351 in
2593 2301 2818 2368 arbore,
2852 2303 2918 2356 de
2953 2305 3133 2360 radice
3161 2310 3408 2362 surrexit.
3450 2310 3558 2365 Sed

1980 2382 2126 2436 vides
2163 2384 2425 2454 radicem,
2459 2398 2512 2442 et
2551 2405 2656 2444 non
2702 2391 3017 2458 delectaris;
3049 2396 3194 2450 vides
3231 2399 3474 2454 arborem
3504 2411 3561 2457 et

1981 2473 2206 2527 miraris.
2238 2474 2440 2543 Stulte,
2471 2479 2611 2548 quod
2641 2481 2849 2537 miraris
2868 2525 2881 2548 ,
2914 2484 3038 2539 inde
3064 2490 3296 2543 surrexit
3323 2506 3428 2560 quo
3449 2508 3557 2547 non

1978 2564 2279 2623 delectaris.
2313 2569 2506 2624 Parum
2534 2574 2732 2642 aliquid
2765 2576 2970 2632 videtur
3012 2579 3146 2634 fides
3187 2583 3516 2640 credentium
3539 2627 3556 2653 ,

1979 2674 2084 2713 non
2129 2660 2291 2715 habes
2332 2673 2584 2718 stateram
2616 2667 2754 2722 unde
2797 2671 3088 2738 appendas.
3116 2673 3253 2729 Audi
3283 2690 3559 2748 ergo-quo

1979 2753 2252 2820 perveniat
2276 2796 2291 2819 ,
2324 2765 2377 2810 et
2407 2757 2525 2812 vide
2567 2769 2760 2828 quanta
2788 2762 2857 2815 sit
2883 2780 2895 2815 :
2923 2763 3058 2817 sicut
3082 2774 3136 2818 et
3161 2767 3274 2835 ipse
3301 2768 3559 2826 Dominus

1978 2844 2082 2898 alio
2107 2845 2224 2898 loco
2252 2845 2412 2914 dicit,
2442 2849 2504 2902 Si
2540 2849 2812 2905 habueritis
2837 2852 2987 2921 ﬁdem
3015 2855 3142 2908 sicut
3179 2873 3393 2926 granum
3420 2860 3561 2914 sina-

1979 2935 2056 3003 pis
2078 2935 2286 3006 (Matth.
2316 2953 2420 2991 xvu
2441 2979 2455 3003 ,
2491 2936 2598 3013 l9).
2629 2940 2764 3008 Quid
2806 2941 3085 3009 humilius,
3111 2946 3236 3015 quid
3271 2948 3560 3004 vehemen-

1981 3023 2119 3077 tius?
2149 3026 2272 3094 quid
2314 3029 2598 3095 minutius,
2628 3031 2754 3100 quid
2801 3032 3126 3089 ferventius?
3152 3037 3292 3105 Ergo
3340 3047 3396 3092 et
3436 3056 3555 3108 vos,

1977 3115 2069 3180 ait,
2091 3119 2136 3169 si
2156 3120 2435 3174 manseritis
2472 3124 2524 3174 in
2552 3123 2696 3176 uerbo
2718 3141 2824 3177 meo
2843 3165 2857 3189 ,
2884 3124 2937 3179 in
2964 3142 3067 3196 quo
3093 3127 3424 3194 credidistis,
3452 3147 3559 3201 quo

1981 3207 2379 3276 perducemini?
2417 3210 2542 3267 Vere
2565 3213 2802 3282 discipuli
2840 3218 2936 3269 mei
2964 3218 3117 3272 eritis.
3147 3218 3217 3273 Et
3254 3221 3380 3290 quid
3404 3222 3560 3278 nobis

1981 3299 2228 3368 prodest?
2256 3301 2321 3354 Et
2345 3305 2648 3373 cognoscetis
2677 3307 2946 3360 veritatem.

2050 3389 2102 3443 9.
2121 3390 2257 3458 Quid
2273 3395 2533 3463 promittit
2548 3396 2906 3464 credentibus,
2927 3395 3150 3454 fratres?
3165 3399 3235 3454 Et
3250 3405 3559 3474 cognoscetis

1979 3485 2250 3537 veritatem.
2277 3485 2411 3552 Quid
2441 3487 2616 3542 enim?
2637 3504 2742 3542 non
2772 3489 2912 3543 illam
2938 3501 3316 3561 cognoverant,
3345 3495 3558 3564 quando

1977 3575 2234 3632 Dominus
2260 3577 2608 3648 loquebatur?
2637 3581 2679 3635 si
2729 3598 2836 3636 non
2883 3593 3258 3652 cognoverant,
3288 3587 3558 3656 quomodo

1977 3665 2351 3721 crediderunt?
2376 3669 2490 3723 Non
2523 3671 2643 3740 quia
2674 3683 3036 3742 cognoverunt
3061 3675 3430 3746 crediderunt,
3461 3678 3558 3734 sed

1980 3765 2035 3812 ut
2061 3773 2444 3829 cognoscerent
2477 3763 2836 3818 crediderunt.
2881 3763 3162 3823 Credimus
3200 3769 3342 3823 enim
3383 3778 3441 3824 ut
3465 3785 3532 3826 co

1975 3864 2320 3919 gnoscamus,
2369 3868 2474 3906 non
2526 3857 2894 3924 cognoscimus
2937 3865 2996 3912 ut
3043 3858 3346 3914 credamus.
3398 3860 3553 3928 Quod

1977 3943 2116 3997 enim
2166 3943 2424 4014 cognituri
2469 3961 2680 4013 sumus,
2719 3963 2818 4003 uec
2853 3949 3039 4004 oculus
3081 3950 3240 4016 vidit,
3267 3967 3367 4007 nec
3413 3953 3558 4008 auris
3595 4013 3598 4015 Α

1977 4032 2204 4101 audivit,
2235 4050 2333 4088 nec
2363 4036 2415 4089 in
2445 4051 2542 4091 cor
2577 4037 2806 4094 hominis
2849 4039 3090 4094 ascendit
3118 4039 3266 4114 (Isai.
3319 4058 3459 4110 thv,
3491 4044 3555 4110 4;

1976 4123 1998 4179 Ι
2026 4122 2142 4179 Cor.
2170 4141 2238 4191 ιι,
2268 4125 2345 4196 9).
2391 4127 2526 4193 Quid
2557 4137 2638 4183 est
2681 4130 2821 4183 enim
2854 4128 3010 4195 fides,
3041 4132 3141 4186 nisi
3169 4132 3391 4188 credere
3418 4134 3558 4204 quod

1979 4232 2084 4272 non
2110 4218 2290 4273 vides?
2317 4219 2472 4274 Fides
2500 4236 2626 4290 ergo
2663 4231 2744 4275 est
2766 4263 2781 4288 ,
2812 4223 2952 4291 quod
2993 4239 3095 4278 non
3125 4225 3272 4281 vides
3298 4227 3556 4296 credere;

1977 4311 2204 4378 veritas,
2234 4310 2373 4379 quod
2417 4311 2689 4366 credidisti
2741 4314 2922 4369 videre
2953 4332 2968 4368 :
3001 4316 3137 4370 sicut
3167 4317 3280 4386 ipse
3327 4320 3556 4389 quodam

1976 4401 2094 4456 loco
2123 4403 2213 4458 ait.
2246 4401 2369 4458 Ideo
2390 4404 2643 4460 Dominus
2666 4408 2811 4475 prius
2837 4407 2903 4462 ad
2930 4407 3222 4465 faciendam
3253 4411 3410 4468 fidem
3440 4430 3554 4470 am-

1976 4495 2174 4550 bulavit
2201 4497 2252 4550 in
2285 4507 2446 4551 terra.
2481 4497 2649 4552 Homo
2678 4509 2822 4568 erat,
2856 4500 3067 4557 humilis
3096 4501 3264 4558 factus
3306 4517 3455 4574 erat;
3483 4508 3552 4563 ab

1978 4587 2221 4641 omnibus
2247 4588 2540 4655 videbatur,
2562 4605 2658 4644 nec
2683 4591 2750 4644 ab
2776 4593 3021 4647 omnibus
3049 4597 3498 4664 cognoscebatur;
3526 4614 3556 4652 a

1975 4679 2155 4732 multis
2198 4679 2598 4750 reprobabatur,
2629 4697 2659 4734 a
2709 4682 2858 4737 turba
2910 4685 3268 4754 occidebatur,
3297 4703 3327 4741 a
3376 4689 3557 4758 paucis

1975 4767 2288 4824 dolebatur:
2319 4769 2412 4823 sed
2456 4779 2633 4825 tamen
2659 4781 2711 4826 et
2739 4773 2807 4826 ab
2835 4773 2913 4827 eis
2957 4789 2986 4828 a
3017 4776 3211 4845 quibus
3256 4776 3550 4844 dolebatur,

1976 4860 2213 4913 nondum
2258 4860 2398 4915 sicut
2435 4870 2550 4915 erat
2599 4865 3002 4934 agnoscebatur.
3033 4866 3225 4921 Totum
3271 4867 3372 4923 hoc
3406 4869 3556 4938 quasi

1975 4960 2182 5014 initium
2209 4970 2291 5016 est
2319 4959 2761 5016 lineamentorum
2790 4962 2912 5017 fidei
2944 4971 2996 5018 et
3025 4973 3308 5018 structurae
3339 4963 3552 5018 inierat.

1975 5055 2125 5123 Quod
2157 5055 2408 5110 Dominus
2438 5057 2551 5126 ipse
2597 5057 2875 5111 attendens
2904 5059 3131 5127 quodam
3162 5059 3279 5112 loco
3319 5058 3425 5123 ait,
3459 5057 3560 5122 Qui

1976 5149 2138 5219 diligit
2162 5163 2273 5213 me,
2301 5149 2542 5201 mandata
2585 5165 2694 5202 mea
2738 5151 2990 5216 custodit;
3017 5160 3061 5203 et
3100 5150 3186 5222 qui
3232 5148 3394 5219 diligit
3443 5165 3555 5216 nte,

1977 5242 2211 5312 diligetur
2230 5256 2262 5293 a
2288 5239 2444 5295 Patre
2470 5259 2598 5306 meo,
2627 5251 2672 5296 et
2698 5259 2786 5313 ego
2808 5243 3016 5312 diligant
3045 5259 3178 5308 eum,
3211 5252 3257 5296 et
3287 5243 3551 5298 ostendam

1977 5335 2219 5404 meipsum
2245 5335 2319 5388 illi
2342 5333 2516 5402 (Joan.
2542 5351 2648 5401 xlv,
2675 5336 2790 5406 21).
2816 5337 2982 5402 Quem
3011 5337 3097 5404 qui
3125 5335 3427 5404 audiebant,
3459 5338 3560 5392 uti-

1976 5427 2204 5498 quejam
2221 5427 2502 5492 videbant;
2531 5428 2608 5482 eis
2640 5436 2836 5492 tamen,
2857 5430 2908 5482 'si
2936 5428 3241 5497 diligebant,
3271 5429 3557 5486 videndum

1978 5534 2034 5574 se
2062 5520 2421 5588 promittebat.
2453 5519 2540 5574 Sic
2568 5529 2620 5572 ct
2646 5519 2748 5582 hic,
2781 5517 3096 5590 Cognoscetis
3121 5520 3391 5575 veritatem.
3416 5519 3553 5588 Quid

1977 5613 2152 5666 enim?
2181 5613 2321 5682 quod
2349 5611 2524 5665 dixisti
2555 5626 2660 5665 non
2691 5620 2775 5666 est
2821 5612 3048 5665 veritas?
3079 5611 3283 5667 Veritas
3316 5622 3431 5676 est,
3464 5612 3560 5667 sed

1957 5681 2150 5760 adhuc
2183 5681 2436 5771 creditur,
2468 5704 2698 5758 nondum
2738 5703 2964 5758 videtur.
3005 5703 3059 5760 Si
3101 5715 3378 5760 maneatur
3407 5705 3460 5757 in
3490 5717 3557 5759 eo

1981 5797 2123 5868 quod
2148 5798 2401 5868 creditur,
2431 5797 2736 5870 pervenitur
2762 5795 2826 5852 ad
2854 5795 2907 5852 id
2945 5797 3086 5868 quod
3128 5795 3387 5854 videatur.
3431 5792 3563 5852 Indo
