4102 6498
487 487 734 546 ωε
771 485 898 556 ἧβαι
930 491 1148 542 sanctus
1173 481 1494 553 emlgehsta
1541 480 1610 532 in:
1639 473 1888 547 Epistula
1919 482 2062 524 sum:

487 577 846 644 “lectissimi,
869 578 1042 648 inquit
1061 617 1078 644 ,
1105 575 1208 646 ﬁlii
1237 573 1350 628 Dei
1371 587 1578 638 suntne,
1606 567 2068 634 sednondum-ap-

488 670 658 740 paruit
705 669 827 742 quid
869 670 1074 728 erimus.
1125 667 1252 724 Jan
1289 679 1504 731 sumus,
1532 673 1586 720 et
1609 662 1807 733 aliquid
1846 663 2062 716 erimus.

485 762 628 831 Quid
649 763 774 834 plus
793 763 1002 819 eximus
1014 777 1170 834 quam
1197 775 1380 815 sumus
1393 761 1426 814 ⁸1·
1441 757 1580 814 A‘ndl
1603 775 1616 812 :
1641 757 1884 811 Nondum
1905 771 2068 827 appa-

484 857 594 910 ruia
609 856 1196 926 quid-edimv'scimus'
1226 854 1352 924 quia
1369 869 1486 907 cunt
1525 852 1844 924 apparuerit,
1875 848 2068 905 similes

485 949 546 1004 ei-
575 950 778 1004 «mm.
823 948 1010 1005 Unde?
1041 947 1300 1014 Quoniam
1352 946 1634 1001 videbimus
1671 961 1784 999 eum
1819 943 1968 999 sicuti
1995 949 2068 996 est

487 1039 536 1113 (ι
559 1039 730 1096 ὖοωι..
751 1057 833 1108 ιη,
865 1039 946 1112 2).
975 1041 1161 1112 Magna
1189 1037 1502 1110 promissio;
1533 1036 1638 1092 sed-
1660 1049 1865 1092 merces
1893 1041 1976 1089 est
2003 1033 2066 1087 li-

488 1131 598 1194 dei.
638 1133 858 1198 Qumris:
887 1129 1218 1199 mercedem,
1247 1143 1398 1200 opus
1431 1127 1718 1198 pra-cedat.
1750 1127 1810 1182 Si
1855 1123 2062 1190 credis,

485 1224 798 1282 mercedem
833 1224 984 1294 erige
1027 1223 1258 1288 ﬁdei;-si
1315 1231 1490 1276 autem
1543 1235 1650 1274 non
1705 1219 1912 1284 credis,
1943 1217 2064 1272 ﬁdei

481 1315 786 1372 mercedem
815 1331 930 1386 quu=
962 1313 1390 1385 ﬁentequacris?
1421 1313 1481 1368 Si
1521 1327 1662 1382 ergo-
1695 1311 1980 1364 ntunscrilis
2011 1310 2066 1362 in

483 1407 632 1462 urbe
653 1423 764 1460 meo
781 1447 795 1472 ,
819 1406 1320 1476 umidiscipuli'mai‘
1349 1405 1526 1458 eritis:
1547 1411 1608 1458 ut
1632 1400 2066 1470 contemplemini

483 1496 662 1568 ipsam
677 1497 958 1553 veritatem
995 1497 1149 1552 sicuti
1179 1505 1296 1562 est;
1322 1511 1428 1550 non
1469 1509 1564 1564 per
1589 1494 1750 1548 verba
1789 1491 2061 1557 sonantia,

483 1589 584 1645 sed
625 1603 724 1661 per
765 1590 946 1646 luoem-
977 1589 1380 1660 Splendcntem,
1409 1601 1530 1642 cum
1576 1582 1846 1640 satiaverit
1893 1597 1992 1637 nos
2019 1582 2060 1650 ί,

487 1680 630 1750 quod
657 1679 848 1750 legitur
867 1679 930 1734 in-
948 1680 1164 1735 Pssimo
1180 1721 1196 1746 ,
1225 1679 1498 1749 Signatum
1515 1685 1594 1732 est
1612 1690 1874 1745 supernos
1893 1673 2064 1727 lumen

481 1771 652 1826 cultris
678 1775 750 1826 tui
767 1813 782 1840 ,
807 1771 1030 1830 Bonane
1068 1771 1236 1846 (Prol.
1279 1787 1351 1837 ιν,
1375 1769 1454 1842 7).
1481 1769 1690 1824 Moneta
1717 1767 1814 1823 Dei
1842 1779 2026 1822 sumus
2045 1807 2060 1832 ,

483 1881 734 1921 nummus
765 1881 798 1920 a
839 1866 1094 1922 thesauro
1137 1864 1522 1920 oberravimus.
1565 1861 1763 1917 Errore
1809 1859 2064 1914 detritum

485 1969 570 2014 est
595 1959 746 2032 quod:
764 1959 818 2014 in
853 1959 1008 2015 nobis
1025 1958 1196 2013 fuerat
1217 1958 1569 2026 impressum;
1597 1954 1745 2010 venit
1771 1953 1860 2024 qui
1887 1951 2061 2008 refor-

481 2061 625 2117 met,
653 2052 776 2122 quia
805 2051 922 2122 ipse
943 2053 1266 2106 formarent
1295 2067 1306 2104 :
1339 2049 1527 2120 quaerit
1553 2059 1609 2105 et
1635 2049 1750 2118 ipse
1779 2061 2060 2102 nummum

481 2156 664 2208 suum;
693 2143 836 2198 sicut
864 2141 1042 2198 Cassar
1071 2157 1344 2198 nummum
1393 2157 1580 2208 suum;
1619 2139 1738 2196 ideo
1781 2140 1887 2206 ait,
1921 2137 2064 2192 Rede

481 2231 585 2285 dies
611 2231 802 2288 Caesari
835 2247 966 2304 qua:-
995 2232 1208 2288 Ccesaris
1243 2239 1390 2300 sum,
1421 2241 1468 2287 et
1507 2231 1612 2286 Dco
1645 2247 1760 2302 qua:
1803 2229 1900 2284 Dei
1948 2237 2074 2283 sunt

481 2321 695 2388 (Matth.
725 2339 844 2380 χιιι
863 2365 877 2390 ,
907 2325 1052 2396 2ης
1079 2323 1280 2380 Cmsari
1317 2339 1562 2379 nummos
1581 2365 1594 2390 ,
1625 2323 1735 2378 Deo
1770 2335 1866 2378 vos
1895 2321 2058 2391 ipsos.

485 2411 630 2472 Tune
649 2431 780 2489 ergo
803 2418 1132 2486 exprimetur
1153 2417 1350 2472 veritas
1379 2416 1432 2471 in
1461 2417 1636 2472 nobis.

551 2508 638 2564 lt).
679 2509 818 2575 Quid
853 2508 1026 2564 dicam
1055 2508 1312 2564 Charitati
1355 2509 1584 2564 vestrae?
1611 2508 1657 2564 0
1697 2509 1742 2565 si
1787 2523 1878 2564 cor
1918 2515 2064 2564 esset

479 2601 931 2672 qualitercumque
980 2601 1252 2671 suspirans
1295 2601 1348 2655 in
1399 2601 1542 2655 illam
1583 2599 1902 2656 ineil‘abilem
1945 2600 2062 2670 glo-

479 2692 648 2746 riam!
677 2691 730 2747 0
747 2693 792 2748 si
823 2692 1298 2763 peregrinationem
1327 2699 1564 2746 nostram
1591 2692 1644 2748 in
1669 2691 1869 2762 gemitu
1895 2691 2062 2746 senti-

477 2797 692 2850 remus,
743 2792 800 2840 et
834 2785 1090 2839 smculum
1129 2799 1236 2840 non
1265 2799 1597 2852 amat-emus,
1629 2795 1682 2840 et
1719 2786 1786 2839 ad
1821 2799 1940 2840 eum
1972 2785 2063 2854 qui

477 2891 576 2934 nos
606 2875 844 2944 vocavit;
895 2877 984 2947 pia
1007 2885 1188 2932 mente
1213 2885 1470 2947 perpetuo
1501 2876 1866 2948 pulsaremns!
1907 2876 2061 2931 Desi-

477 2967 716 3036 derium‘,
765 2969 915 3025 sinus
953 2970 1130 3025 cordis
1169 2979 1282 3036 est;
1315 2971 1618 3041 capiemus,
1667 2970 1712 3026 si
1739 2969 2060 3027 desiderium

475 3071 732 3134 quantum
771 3077 1056 3134 possumus
1097 3063 1462 3121 extendamus.
1505 3063 1614 3119 lloe
1651 3065 1924 3120 nobiscum
1955 3063 2063 3134 agit

479 3157 754 3228 Scriptum
783 3157 960 3213 divina
979 3200 992 3222 ,
1043 3157 1144 3212 hoc
1171 3157 1509 3228 congregatio
1549 3157 1866 3227 populorum
1889 3198 1904 3224 ,
1957 3155 2062 3211 hoc

478 3251 766 3306 celebratio
810 3259 1298 3318 sacramentorum,
1331 3249 1432 3304 hoc
1474 3249 1768 3319 baptismus
1809 3257 2057 3318 sanctus,

477 3343 582 3401 hoc
623 3345 830 3401 cantica
869 3345 1040 3400 laudis
1072 3345 1197 3410 Dei,
1250 3343 1351 3399 hoc
1379 3345 1492 3414 ipsa
1532 3353 1712 3398 nostra
1743 3343 2058 3414 disputatio,

477 3445 544 3494 ut
573 3437 676 3494 hoc
698 3437 1018 3494 desiderium
1042 3453 1148 3492 non
1173 3437 1344 3492 solum
1375 3437 1669 3494 seminetur
1697 3447 1750 3494 et
1777 3437 2056 3510 germinet,

477 3545 664 3586 verum
693 3531 852 3586 etiam
881 3531 932 3584 in
961 3529 1176 3585 modum
1219 3537 1380 3584 tantae
1425 3527 1730 3599 capacitatis
1769 3537 2057 3600 augeatur,

475 3629 538 3680 ut
562 3623 810 3678 idenenm
841 3623 914 3680 sit
935 3637 1148 3680 sumere
1191 3621 1332 3696 quod
1377 3623 1560 3680 oculus
1601 3639 1708 3680 non
1739 3623 1903 3694 vidit,
1959 3641 2060 3682 nec

475 3715 620 3771 auris
645 3715 866 3784 audivit,
895 3729 994 3772 nec
1011 3717 1064 3772 in
1091 3731 1183 3772 cor
1211 3715 1444 3772 hominis
1477 3717 1734 3773 ascendit.
1757 3717 1864 3774 Sed
1885 3727 2060 3776 amate

475 3823 708 3865 mecum.
747 3809 868 3865 Non
921 3819 1063 3866 amat
1123 3812 1349 3865 multum
1406 3827 1716 3880 nummum,
1777 3812 1866 3884 qui
1919 3821 2064 3872 amat

476 3901 664 3958 Deum.
701 3901 770 3958 Et
800 3917 898 3974 ego
935 3903 1143 3974 palpavi
1179 3903 1538 3960 inﬁrmitatem
1563 3947 1580 3974 ,
1613 3920 1720 3961 non
1747 3920 1906 3962 ausus
1939 3921 2060 3964 sum

476 3992 686 4062 dicere,
714 3993 828 4050 Non
861 4002 1004 4050 amat
1023 4011 1298 4050 nummum
1325 4013 1338 4064 ;
1374 3995 1468 4051 sed
1490 4039 1504 4066 ,
1529 4011 1638 4052 non
1667 3997 1892 4052 multum
1917 4007 2062 4054 amat

477 4099 754 4141 nummum
781 4103 792 4140 :
826 4088 977 4158 quasi
1006 4087 1264 4144 amandus
1293 4088 1363 4144 sit
1389 4104 1658 4156 nummus,
1687 4090 1780 4144 sed
1801 4105 1908 4148 non
1935 4091 2062 4148 mul-

478 4185 613 4233 tum.
639 4177 686 4234 0
713 4177 758 4234 si
785 4177 948 4234 Deum
969 4177 1129 4250 digne
1157 4196 1419 4250 amemus,
1449 4197 1697 4236 nummos
1713 4181 1930 4238 omnino
1954 4199 2062 4242 non

401 4275 410 4284 '
477 4271 774 4327 amabimus
802 4273 816 4327 ε
847 4271 963 4328 Erit
991 4273 1085 4328 tibi
1111 4289 1360 4329 nummus
1385 4273 1796 4330 instrumentum
1823 4277 2061 4348 peregri-

485 4363 747 4432 nationis,
779 4381 892 4420 non
937 4365 1328 4424 irritamentum
1375 4367 1708 4438 cupiditatis;
1763 4383 1870 4440 quo
1899 4369 2062 4426 utaris

483 4457 552 4513 ad
579 4460 946 4516 necessitatem
965 4503 980 4528 ,
1037 4477 1141 4516 non
1172 4477 1278 4534 quo
1307 4461 1502 4516 fruaris
1537 4461 1603 4516 ad
1634 4461 2060 4518 delectationem.

484 4550 654 4606 Deum
678 4567 798 4608 ama
818 4593 833 4622 ,
857 4553 902 4608 si
927 4551 1124 4624 aliquid
1155 4553 1206 4608 in
1234 4563 1286 4608 te
1307 4553 1413 4624 egit
1440 4551 1580 4624 quod
1605 4553 1758 4610 audis
1783 4563 1834 4610 et
1859 4555 2062 4612 laudas.

482 4642 646 4700 Utere
671 4643 870 4700 mundo
891 4685 905 4712 ,
930 4661 1038 4702 non
1059 4657 1109 4702 te
1135 4645 1309 4715 capiat
1335 4645 1582 4701 mundus.
1615 4645 1768 4714 Quod
1785 4645 1994 4704 intrasti
2019 4649 2064 4716 ³,

479 4737 581 4794 iter
630 4737 777 4810 agis,
823 4739 1062 4798 exiturus
1103 4741 1340 4810 venisti,
1393 4755 1498 4796 non
1545 4757 1887 4800 remansuros
1919 4761 1930 4798 :
1963 4743 2067 4800 iter

482 4833 596 4906 agis
615 4876 630 4903 ,
656 4833 922 4892 stabulum
949 4843 1032 4892 est
1059 4835 1174 4892 haec
1193 4837 1318 4892 vita.
1344 4837 1508 4894 Utere
1533 4853 1776 4908 nummo,
1799 4839 2066 4911 quomodo

479 4927 652 4984 viator
679 4929 734 4982 in
755 4919 962 4983 stabulo
989 4929 1152 4986 utitur
1171 4943 1353 4984 mensa
1374 4971 1388 4996 ,
1420 4929 1604 4996 calice,
1637 4946 1818 4998 urceo,
1848 4931 2066 4998 lectulo,

480 5019 798 5078 dimissurus
819 5061 834 5088 ,
863 5035 972 5076 non
1001 5036 1398 5092 permansurus.
1431 5021 1488 5078 Si
1525 5023 1660 5080 tales
1687 5022 1894 5078 fueritis
1913 5065 1930 5092 ,
1962 5023 2066 5079 eri-

479 5113 592 5184 gite
620 5127 713 5170 cor
732 5113 826 5184 qui
847 5113 1066 5184 potestis
1086 5157 1101 5184 ,
1143 5122 1199 5172 et
1223 5113 1398 5172 audite
1421 5131 1505 5172 me
1533 5133 1545 5170 :
1577 5117 1620 5172 si
1653 5119 1782 5174 tales
1821 5116 2060 5188 fueritis,

482 5205 552 5262 ad
581 5205 698 5277 ejus
725 5206 989 5278 promissa
1015 5207 1260 5264 venietis.
1311 5207 1426 5264 Non
1454 5209 1595 5264 enim
1627 5211 1850 5266 multum
1891 5221 1973 5266 est
2000 5211 2070 5268 ad

481 5313 609 5368 vos,
640 5299 764 5370 quia
791 5315 980 5372 magna
1001 5309 1084 5356 est
1111 5317 1299 5358 manus
1321 5301 1436 5372 ejus
1465 5301 1556 5372 qui
1583 5317 1677 5358 vos
1705 5303 1932 5358 vocavit.
1967 5303 2070 5360 Vo-

483 5391 658 5459 eavit,
708 5391 1016 5461 invocetur;
1059 5393 1265 5451 dicatur
1302 5395 1379 5450 illi
1407 5412 1419 5448 :
1451 5394 1664 5450 Vocasti
1693 5411 1822 5464 nos,
1851 5396 2067 5454 invoca-

487 5499 610 5540 mus
636 5493 687 5541 te
711 5503 725 5556 ;
750 5501 878 5543 ecce
903 5487 1200 5544 audivimus
1221 5495 1532 5554 vocantem,
1569 5487 1690 5544 audi
1716 5489 2024 5546 invocantes
2051 5507 2064 5546 :

487 5575 691 5647 perduc
719 5593 821 5650 quo
846 5580 1172 5650 promisisti,
1217 5579 1410 5652 perﬁce
1453 5579 1594 5650 quod
1624 5580 1916 5652 inchoasti;
1961 5584 2072 5642 noli

487 5669 738 5728 deserere
791 5687 1014 5728 munera
1043 5681 1167 5744 tua,
1199 5673 1308 5730 noli
1355 5671 1605 5732 deserere
1646 5691 1834 5748 agrum
1881 5685 2028 5734 tuum
2051 5721 2068 5748 ,

549 5787 668 5862 f§i°
687 5799 860 5862 ρεηηοε
881 5796 987 5862 m8.-
1011 5797 1070 5840 Αι
1087 5787 1224 5862 editi.
1258 5787 1646 5862 misissem!
1667 5805 1770 5846 nas-

549 5851 572 5886 ²
585 5859 687 5905 Duo
695 5857 801 5904 Mss.
817 5851 1042 5916 ,mundus
1053 5865 1194 5917 quem
1201 5851 1407 5908 intrasti.
1422 5851 1741 5931 Kliitotidem,
1753 5869 1849 5934 quo
1859 5855 2066 5914 auras“.

1434 367 1501 422 lN
1536 357 1814 422 JOAl‘lNlS
1851 350 2312 420 ιςγλνΝθῑίιωπ,
2349 351 2406 408 S.
2447 351 2810 412 AUGUSTINI

2171 465 2412 535 germina
2439 474 2524 521 tua
2551 467 2754 524 intrent
2795 467 2850 524 in
2879 467 3146 528 horreum.
3193 471 3764 535 Abundam-tentatioa-

2173 573 2270 614 nes
2313 558 2380 614 in-
2415 559 2616 616 mundo
2638 561 2677 628 ¹;
2725 561 2826 618 θαι·
2845 563 3018 634 major
3041 575 3130 620 esto
3165 567 3256 638 qui
3291 566 3416 623 fecit
3447 570 3704 626 mundum
3736 589 3752 628 ε

2172 651 2444 708 abundant
2467 655 2820 722 mutationes;
2848 655 3072 712 sed-non
3097 657 3275 715 deﬁcit
3293 661 3384 732 qui
3411 661 3464 716 in
3491 662 3582 718 illo
3603 679 3772 734 spem-

2173 744 2351 814 ponit,
2383 760 2434 799 tu
2462 761 2572 816 quo
2597 745 2836 802 defectus
2863 747 3036 804 nullus
3061 759 3166 804 esu

2245 838 2334 892 Η.
2375 836 2456 892 Ad
2486 837 2588 892 hoo
2615 837 2862 895 hortatus
2879 855 2994 894 sum
3017 840 3146 908 ista,
3179 840 3402 912 fratres,
3439 844 3561 915 quia
3586 845 3756 902 liber-

2173 935 2256 984 tas
2279 927 2348 982 de
2385 943 2490 1000 qua
2515 929 3030 1000 quaitur-Domiuus
3072 941 3256 989 noster
3290 934 3443 990 Jesus
3465 935 3712 994 Christus
3732 980 3750 1008 ,

2172 1033 2278 1074 non
2309 1018 2466 1089 hujus
2491 1021 2752 1093 temporis
2774 1031 2874 1078 est.
2907 1022 3096 1080 Videte
3139 1025 3266 1096 quid
3309 1025 3588 1096 adiunxit:
3623 1027 3754 1084 Vere

2173 1109 2408 1180 discipuli
2441 1114 2538 1166 mei
2580 1115 2744 1181 eritis,
2780 1123 2834 1169 et.
2853 1118 3158 1187 cognoscetis
3179 1118 3465 1186 veritatem,
3495 1123 3754 1177 seueritas

2175 1205 2398 1259 liberabit
2423 1223 2526 1262 vos.
2559 1208 2694 1276 Quid
2736 1217 2852 1276 est,
2885 1209 3120 1266 liberabit
3137 1213 3274 1266 vos?
3301 1211 3521 1270 Liberos
3549 1229 3645 1270 vos
3669 1215 3754 1270 fa-

2172 1297 2295 1352 ciet.
2329 1299 2564 1370 Denique
2591 1300 2760 1356 .ludtei
2805 1303 3047 1359 carnales
3067 1345 3082 1370 ,
3113 1313 3170 1360 et
3195 1305 3486 1360 secundum
3529 1321 3748 1363 carnem

2167 1389 2496 1460 judicantcs,
2530 1411 2636 1448 non
2667 1394 2721 1448 hi
2749 1395 2838 1464 qui
2875 1395 3248 1464 crediderant,
3280 1397 3376 1453 sed
3401 1399 3454 1452 in
3483 1399 3566 1453 illa
3597 1399 3752 1456 turba

2173 1483 2262 1553 qui
2291 1493 2442 1538 erant
2484 1486 2574 1556 qui
2605 1501 2710 1542 non
2753 1487 3074 1556 credebant,
3123 1489 3368 1560 iniuriam
3411 1491 3516 1548 sibi
3561 1491 3754 1550 factam

2173 1587 2521 1648 putaverunt,
2545 1581 2668 1650 quia
2697 1581 2832 1636 dixit
2857 1583 2968 1650 eis,
3003 1583 3200 1639 Veritas
3221 1585 3448 1642 liberabit
3477 1605 3582 1644 vos.
3607 1588 3754 1644 Indi-

2169 1670 2316 1740 gnati
2348 1679 2470 1726 sunt
2498 1687 2682 1729 servos
2707 1689 2765 1730 se
2789 1690 2910 1731 esse
2945 1675 3292 1748 signiﬁcatos.
3347 1680 3414 1735 Et
3458 1697 3584 1737 vere
3611 1682 3752 1738 servi

2171 1773 2323 1822 eram
2351 1782 2364 1816 :
2393 1773 2448 1820 et
2485 1767 2702 1836 exponit
2729 1768 2838 1824 illis
2859 1785 2978 1840 quae
3019 1771 3088 1826 sit
3121 1773 3384 1842 servitus,
3439 1781 3494 1829 et
3529 1789 3646 1845 qua:
3683 1774 3754 1830 sit

2169 1853 2346 1912 futura
2375 1858 2592 1915 libertas
2615 1875 2772 1930 quam
2795 1862 2908 1932 ipse
2935 1864 3218 1934 promittit.
3251 1865 3356 1922 Sed
3381 1865 3450 1922 de
3469 1865 3570 1922 hac
3599 1866 3756 1923 liber-

2171 1955 2278 2002 tate
2323 1958 2378 2004 et
2403 1949 2472 2005 de
2521 1950 2610 2006 illa
2651 1954 2904 2010 servitute
2940 1955 3100 2011 nimis
3125 1957 3340 2029 longum
3385 1967 3468 2014 est
3507 1967 3564 2014 ut
3594 1957 3760 2014 hodie-

2167 2039 2518 2113 disputemus.

2663 2161 3072 2222 TRACTATUS
3117 2165 3256 2222 XLI.

2169 2269 2394 2328 Rursum
2413 2275 2466 2330 in
2495 2274 2646 2344 illud,
2676 2276 2894 2334 Dicebat
2917 2289 3094 2336 autem
3121 2280 3278 2338 Jesus
3303 2281 3372 2340 ad
3395 2297 3490 2340 eos
3517 2283 3754 2354 qui.ch-

2241 2367 2514 2436 diderunt;
2559 2386 2714 2440 usque
2739 2371 2808 2424 ad
2833 2371 2908 2438 id,
2939 2371 2994 2428 Si
3024 2389 3152 2444 ergo
3173 2389 3268 2430 vos
3294 2375 3459 2432 Filius
3491 2376 3756 2436 liberave-

2238 2460 2310 2516 rit
2329 2500 2343 2527 ,
2375 2475 2504 2516 vere
2533 2460 2685 2518 liberi
2709 2461 3029 2534 critis..Cap.
3053 2481 3168 2533 Vill,
3211 2466 3248 2537 )‘l.
3271 2503 3285 2518 .
3331 2466 3516 2524 3-1-56.

2241 2594 2291 2647 l.
2333 2593 2484 2662 Quod
2511 2593 2580 2652 de
2601 2597 2832 2654 lectione
2851 2599 3072 2668 pristina
3100 2601 3366 2672 sequitur,
3391 2609 3446 2657 et
3471 2601 3540 2658 de
3565 2611 3752 2660 sancto

2169 2683 2455 2757 Evangelio
2475 2687 2632 2744 hodie
2663 2689 2814 2746 nobis
2845 2691 3124 2746 recitatum
3153 2700 3236 2748 est
3257 2735 3272 2762 ,
3303 2701 3428 2749 tunc
3447 2693 3630 2749 distuli
3659 2693 3746 2748 di-

2166 2793 2323 2844 cere,
2368 2781 2619 2850 quoniam
2649 2783 2814 2838 multa
2835 2783 2945 2854 jam
2975 2785 3212 2840 dixeram
3238 2829 3253 2854 ,
3311 2795 3364 2844 et
3390 2787 3456 2843 de
3497 2787 3746 2844 libertate

2167 2874 2220 2930 in
2249 2889 2405 2945 quam
2433 2891 2530 2931 nos
2559 2885 2713 2932 vocat
2736 2879 2904 2948 gratia
2929 2878 3218 2936 Salvatoris
3239 2921 3253 2946 ,
3277 2895 3384 2936 non
3413 2889 3748 2952 praetereun-

2167 2975 2252 3022 ter
2277 2983 2450 3038 neque
2478 2971 2805 3041 negligenter
2835 2971 3005 3028 fuerat
3042 2973 3410 3032 disserendum
3443 2993 3456 3029 :
3489 2975 3614 3032 hinc
3654 2976 3754 3032 ho-

2166 3059 2284 3128 die,
2319 3061 2543 3116 Domino
2571 3061 2891 3132 adjuvante,
2925 3067 3208 3121 statuimus
3243 3067 3388 3138 loqui
3417 3067 3584 3123 vobis.
3617 3067 3750 3136 Qui—

2165 3152 2266 3208 bus
2312 3153 2454 3208 enim
2482 3153 2796 3224 loquebatur
2823 3157 3076 3212 Dominus
3098 3157 3252 3213 Jesus
3281 3157 3554 3226 Christus,
3582 3158 3754 3216 Jndmi

2167 3255 2352 3312 erant,
2407 3263 2472 3302 ex
2523 3263 2710 3319 magna
2757 3249 2972 3319 quidem
3019 3259 3170 3322 parte
3197 3251 3425 3318 inimici,
3469 3251 3564 3307 sed
3591 3251 3754 3308 etiam

2167 3341 2322 3395 amici
2353 3357 2418 3396 ex
2467 3341 2694 3414 quadam
2735 3354 2886 3414 parte
2925 3343 3036 3416 jam
3084 3343 3242 3414 facti,
3297 3355 3351 3402 et
3392 3347 3593 3401 futuri:
3626 3361 3752 3400 nam

2165 3434 2424 3504 quosdam
2453 3435 2523 3488 ibi
2551 3435 2794 3502 videbat,
2827 3437 2982 3492 sicuti
3032 3439 3142 3506 jam
3189 3437 3447 3505 diximus,
3497 3439 3588 3508 qui
3633 3447 3758 3508 post

2165 3523 2280 3594 ejus
2311 3525 2612 3594 passionem
2655 3525 2866 3582 fuerant
2891 3527 3159 3583 credituri.
3209 3529 3317 3584 Hos
3359 3529 3569 3590 intuens
3595 3529 3754 3584 dixe-

2164 3625 2248 3672 rat
2273 3634 2286 3670 :
2320 3615 2448 3672 Cum
2467 3620 2801 3675 cmollaverilis
2831 3619 3024 3675 Filium
3045 3621 3283 3688 hominis,
3309 3633 3425 3678 tunc
3445 3623 3756 3696 cognoscetis

2164 3709 2284 3779 quia
2309 3725 2398 3781 ego
2413 3727 2526 3764 sum
2548 3710 2728 3782 (Joan.
2759 3729 2867 3780 Vill,
2895 3711 3012 3786 28).
3043 3713 3208 3768 Erant
3238 3715 3310 3770 ibi
3340 3716 3499 3770 etiam
3527 3717 3618 3786 qui
3639 3715 3754 3772 huic

2164 3799 2416 3871 loquente
2457 3801 2550 3856 illo
2579 3803 2834 3860 continuo
2859 3803 3236 3874 crediderunt;
3279 3806 3408 3876 ipsis
3433 3807 3643 3862 locutus
3671 3815 3758 3862 est

2164 3893 2309 3966 quod
2334 3896 2633 3954 audivimus
2661 3897 2820 3954 hodie
2845 3917 2858 3954 ε
2888 3898 3096 3953 Dicebat
3120 3915 3240 3972 ergo
3277 3899 3428 3956 Jesus
3453 3901 3522 3954 ad
3559 3917 3642 3956 cos
3667 3901 3756 3972 qui

2165 3988 2482 4044 crediderant
2523 3991 2601 4057 ei,
2634 3990 2846 4048 Jndwos
2867 4009 2885 4046 :
2924 3993 2986 4048 Si
3021 3993 3308 4050 manseritis
3351 3997 3404 4050 in
3430 3995 3575 4050 verba
3602 4012 3712 4052 meo
3733 4039 3750 4062 ,

2165 4097 2280 4136 vere
2317 4083 2554 4156 discipuli
2597 4087 2696 4140 mei
2738 4087 2894 4142 erilis.
2927 4087 3190 4144 Manendo
3219 4089 3368 4146 eritis
3398 4109 3410 4146 :
3443 4091 3566 4162 quia
3607 4092 3754 4148 enim

2165 4188 2308 4229 nunc
2350 4175 2630 4232 credentes
2655 4177 2782 4232 estis
2803 4219 2820 4250 ,
2851 4179 3117 4234 manendo
3157 4179 3399 4236 videntes
3429 4181 3596 4236 eritis.
3627 4179 3756 4237 ideo

2167 4268 2406 4338 sequitur
2425 4312 2441 4337 ,
2474 4269 2540 4324 Et
2565 4273 2870 4344 coynoscctis
2913 4273 3190 4328 veritatem.
3222 4273 3428 4342 Veritas
3453 4274 3756 4332 incommu-

2175 4359 2348 4416 tabilis
2377 4369 2477 4417 est.
2519 4361 2727 4418 Veritas
2756 4363 2906 4433 panis
2937 4373 3018 4420 est
3041 4407 3056 4438 ,_
3089 4373 3299 4422 mentes
3323 4365 3492 4424 reiicit
3517 4381 3618 4426 nec
3658 4365 3752 4424 de-

2174 4453 2321 4509 ﬁcit:
2351 4463 2521 4511 mutat
2537 4467 2838 4514 vescentem
2858 4501 2871 4525 ,
2901 4475 3008 4516 non
3039 4461 3222 4534 ipsain
3249 4473 3556 4520 vescentem
3579 4471 3754 4520 muta-

2171 4555 2275 4603 tur.
2304 4547 2418 4620 lpsa
2445 4559 2528 4606 est
2565 4553 2758 4606 veritas
2789 4551 3020 4614 Verbum
3065 4554 3198 4624 Dei,
3227 4555 3367 4612 Deus
3396 4555 3536 4626 apud
3583 4556 3756 4616 Deum

2170 4639 2473 4712 unigenitus
2501 4641 2687 4698 Filius.
2721 4643 2844 4700 llaec
2877 4645 3264 4706 Veritascarne
3293 4647 3478 4708 induta
3506 4657 3592 4706 est
3623 4664 3758 4720 pro-

2169 4740 2288 4802 pter
2313 4747 2411 4789 nos
2434 4776 2447 4798 ,
2479 4743 2538 4800 ut
2561 4735 2627 4792 de
2667 4735 2830 4794 Maria
2859 4738 3063 4810 virgine
3088 4749 3434 4810 nasceretur,
3481 4749 3542 4798 et
3563 4741 3756 4810 imple-

2171 4833 2320 4879 retur
2371 4825 2680 4896 prophetia,
2744 4827 2941 4886 l'erilas
2995 4831 3059 4888 de
3117 4839 3252 4888 terra
3299 4841 3412 4888 orta
3457 4841 3528 4894 est
3562 4831 3754 4904 (Psal.

2173 4920 2417 4989 Lxxxlv‘,
2452 4919 2564 4992 ia).
2595 4921 2721 4978 llaec
2759 4937 2888 5002 ergo
2915 4923 3128 4984 Veritas
3145 4941 3266 4986 cum
3293 4925 3494 4990 ludatis
3515 4927 3760 5000 loquere-

2173 5021 2276 5078 tur,
2303 5011 2498 5069 latebat
2527 5013 2582 5070 in
2609 5029 2768 5072 carne
2790 5034 2802 5072 :
2826 5015 3022 5076 latebat
3047 5027 3226 5075 autem
3251 5035 3356 5078 non
3379 5027 3436 5076 ut
3451 5028 3758 5092 negaretur,

2174 5105 2270 5162 sed
2301 5115 2358 5161 ut
2378 5105 2711 5176 diﬁ‘erretur;
2742 5109 3070 5178 dilferretur,
3099 5112 3238 5170 utin
3263 5127 3423 5172 carne
3447 5119 3760 5186 pateretur;

2173 5200 2228 5256 in
2255 5215 2416 5256 carne
2459 5211 2634 5256 autem
2673 5211 2974 5274 pateretur,
3023 5212 3081 5262 ut
3118 5219 3243 5260 caro
3273 5205 3478 5280 peccati
3526 5205 3766 5262 redimo-

2174 5301 2342 5358 retur.
2369 5293 2526 5350 Stans
2548 5294 2725 5364 itaque
2744 5295 3061 5366 conspicuus
3082 5297 3373 5358 secundum
3393 5297 3762 5358 inﬁrmitatem

2175 5385 2350 5440 carnis
2381 5385 2636 5444 Dominus
2673 5397 2857 5444 noster
2880 5387 3034 5446 Jesus
3063 5388 3302 5448 Christus
3323 5433 3344 5460 ,_
3385 5399 3438 5447 et
3465 5390 3762 5450 secundum

2175 5477 2506 5549 majestatem
2537 5479 2823 5538 divinitatis
2849 5481 3126 5550 occultus,
3173 5481 3308 5538 dixit
3345 5482 3412 5538 ad
3443 5497 3535 5540 eos
3561 5482 3654 5554 qui
3671 5483 3720 5538 ei
3743 5523 3764 5550 ,

2175 5585 2296 5626 cum
2343 5571 2458 5626 haec
2501 5571 2844 5642 loqueretur,
2891 5573 3258 5644 crediderant,
3284 5573 3346 5632 Si
3392 5574 3680 5632 amiserim
3707 5576 3764 5630 in

2173 5661 2320 5718 uerbo
2339 5680 2467 5732 meo,
2492 5679 2604 5720 vere
2640 5661 2877 5736 discipuli
2905 5681 3002 5722 met
3027 5667 3182 5724 eritis.
3212 5667 3314 5738 Qui
3335 5668 3476 5732 enim
3503 5681 3762 5739 perseve-

2239 5793 3035 5866 trditiaobtmdmtmm
3065 5795 3120 5854 in
3151 5797 3582 5862 manum,
3615 5797 3770 5850 am

2175 5857 2294 5912 dant
2315 5857 2608 5912 tetuatiwtes.
