4102 6460
282 369 425 428 1693

279 485 477 542 ravcrit
499 497 670 554 usque
694 481 750 537 in
771 479 932 538 linem
948 521 963 548 ,
994 479 1086 536 hic
1109 477 1284 535 salvus
1303 477 1402 533 erit
1425 477 1635 552 (Matth.
1659 493 1717 544 ι,
1738 475 1855 546 22).

280 577 348 633 Et
374 576 684 648 cognoscetis
725 574 1012 638 ueritatem,
1045 588 1162 644 qua:
1191 571 1348 627 modo
1373 585 1468 626 vos
1497 569 1666 636 latet,
1693 578 1748 625 et
1775 569 1856 624 lo-

280 671 460 741 quitur
485 669 658 723 vobis.
691 667 759 721 Et
786 669 967 721 ueritas
986 666 1212 720 liberabit
1233 681 1338 719 uos.
1368 665 1480 720 lloc
1505 664 1730 719 verbum
1749 663 1856 720 Do-

281 763 458 816 minus
483 775 516 814 a
538 761 780 815 libertate
807 758 1019 828 posuit,
1048 756 1272 811 liberabit
1297 772 1402 811 uos.
1433 755 1576 809 Nihil
1603 763 1687 810 est
1709 755 1853 810 enim

279 854 424 910 aliud
470 853 683 924 proprie
724 851 949 918 liberat,
974 850 1077 905 nisi
1121 849 1345 904 liberum
1396 846 1540 902 facit.
1581 843 1860 914 Quomodo

280 949 450 1002 salvat
492 946 623 1000 nihil
663 953 744 1000 est
787 943 928 999 aliud
979 957 1136 1014 quam
1164 942 1366 998 salvum
1395 939 1552 1006 facit;
1594 938 1860 1009 quomodo

279 1047 431 1092 sanat
460 1036 592 1092 nihil
615 1044 699 1091 est
721 1034 863 1092 aliud
888 1050 1044 1107 quam
1073 1049 1259 1090 sanum
1284 1032 1439 1098 facit;
1471 1031 1604 1086 ditat
1623 1029 1754 1086 nihil
1780 1037 1861 1084 est

277 1128 419 1184 aliud
446 1145 607 1200 quam
647 1129 810 1185 ditem
830 1171 846 1197 ,
892 1129 948 1183 id
973 1137 1087 1196 est,
1131 1127 1353 1183 divitem
1378 1125 1536 1181 facit:
1565 1125 1642 1181 sic
1671 1124 1860 1179 liberat

279 1223 408 1276 nihil
427 1232 510 1276 est
531 1220 671 1276 aliud
683 1236 841 1291 quam
869 1219 1092 1276 liberum
1118 1219 1261 1274 facit.
1285 1218 1396 1274 lloc
1422 1217 1474 1272 in
1502 1216 1666 1272 verbo
1685 1228 1858 1287 graeco

275 1313 484 1383 planius
512 1324 597 1368 est
615 1310 712 1384 (a).
731 1311 862 1367 Nam
883 1313 935 1366 in
956 1311 1117 1368 latina
1143 1310 1524 1366 consuetudine
1550 1309 1858 1379 plerumque

276 1404 504 1458 dicimus
532 1403 803 1458 hominem
835 1402 1083 1469 liberari,
1124 1402 1266 1474 quod
1309 1401 1381 1456 ad
1423 1402 1724 1456 libertatem
1750 1414 1858 1454 non

277 1497 544 1566 pertinet,
589 1493 683 1551 sed
725 1503 930 1549 tantum
971 1494 1037 1549 ad
1085 1494 1315 1550 salutem
1351 1512 1362 1546 :
1396 1495 1534 1549 sicut
1580 1493 1856 1564 quisquam

277 1586 468 1642 dicitur
496 1583 712 1642 liberari
737 1583 806 1642 ab
860 1585 1191 1652 inﬁrmitate;
1245 1585 1438 1640 usitate
1468 1584 1694 1649 dicitur,
1750 1597 1857 1639 non

278 1689 451 1734 tamen
483 1679 711 1749 proprie.
763 1676 851 1734 Sic
887 1686 1064 1732 autem
1107 1677 1286 1750 posuit
1314 1677 1568 1731 Dominus
1606 1674 1709 1730 hoc
1731 1689 1855 1729 ver-

277 1773 401 1828 bum
420 1814 435 1839 ,
465 1783 526 1828 ut
549 1771 776 1839 diceret,
821 1769 888 1826 Et
917 1772 1094 1826 ueritas
1118 1770 1341 1825 liberabit
1365 1785 1452 1824 uos
1477 1809 1490 1832 ,
1524 1777 1580 1822 ut
1606 1768 1656 1822 in
1683 1781 1855 1839 grteca

277 1864 453 1936 lingua
481 1879 640 1919 nemo
663 1863 870 1918 dubitet
897 1878 1016 1918 eum
1047 1860 1113 1917 de
1133 1862 1377 1916 libertate
1405 1859 1627 1914 dixisse.

345 1958 402 2012 2.
432 1957 671 2028 Denique
701 1967 753 2014 et
781 1955 949 2012 Judaei
979 1956 1056 2011 sic
1086 1955 1494 2017 intellexerunt,
1521 1963 1566 2006 et
1588 1950 1856 2022 responde-

278 2058 396 2104 runt
419 2050 465 2103 ei
491 2067 511 2104 :
538 2065 643 2104 non
671 2048 745 2104 illi
771 2050 861 2119 qui
884 2047 994 2118 jam
1038 2045 1401 2114 crediderant,
1436 2043 1530 2100 sed
1558 2043 1633 2098 illi
1661 2042 1749 2114 qui
1800 2041 1855 2098 in

280 2142 430 2198 turba
455 2150 609 2196 erant
629 2138 860 2194 nondum
887 2137 1163 2195 credentes
1196 2155 1209 2191 :
1241 2136 1604 2206 responderunt
1631 2133 1678 2188 ei
1695 2175 1709 2200 ,
1761 2130 1857 2188 Se-

278 2253 391 2289 men
420 2234 640 2288 Abraha:
685 2251 888 2298 smnus,
933 2241 979 2286 et
1030 2231 1216 2286 nemini
1259 2229 1544 2284 seruiuimus
1591 2241 1855 2298 unquam;

278 2327 531 2398 quomodo
561 2338 616 2382 tu
650 2327 812 2396 dicis,
855 2325 1020 2380 Liberi
1049 2325 1223 2380 eritis?
1265 2324 1380 2379 Non
1429 2333 1604 2378 autem
1650 2321 1857 2378 dixerat

280 2419 577 2485 Dominus,
626 2414 795 2472 Liberi
833 2417 1004 2483 eritis;
1056 2416 1184 2484 sed,
1234 2415 1426 2470 Veritas
1473 2415 1696 2469 liberabit
1745 2430 1851 2468 uos.

278 2511 334 2565 ln
374 2527 480 2581 quo
517 2521 694 2565 tamen
718 2509 884 2565 verbo
919 2509 1030 2574 illi,
1072 2507 1230 2580 quia,
1279 2507 1415 2562 sicut
1441 2506 1583 2573 dixi,
1615 2513 1759 2576 patet
1800 2505 1854 2559 in

277 2616 478 2672 graeco,
531 2615 634 2656 non
677 2599 1049 2656 intellexerunt
1103 2598 1204 2653 nisi
1246 2597 1579 2663 libertatem;
1621 2605 1677 2652 et
1701 2603 1854 2653 extu-

277 2693 452 2749 lerunt
494 2709 554 2748 se
579 2691 722 2763 quod
751 2707 934 2748 semen
972 2699 1151 2746 essent
1178 2690 1435 2756 Abrahm,
1481 2699 1535 2746 et
1571 2690 1849 2757 dixerunt,

279 2784 461 2840 Semen
498 2785 716 2839 Abralne
743 2799 952 2851 sumus;
991 2793 1038 2838 et
1065 2783 1248 2837 nemini
1281 2784 1572 2837 seruiuimus
1595 2798 1851 2854 unquam;

276 2875 522 2946 quomodo
547 2883 601 2929 tu
635 2875 792 2939 dicis,
841 2871 1001 2928 Liberi
1044 2874 1224 2929 eritis?
1250 2873 1293 2927 Ο
1317 2874 1465 2944 pellis
1495 2873 1702 2928 inﬂata!
1735 2871 1850 2927 Non

276 2977 356 3022 est
380 2967 483 3022 ista
509 2966 816 3037 magnitudo
837 3008 850 3032 ,
885 2966 977 3022 sed
1004 2975 1197 3022 tumor.
1241 2967 1308 3020 Et
1329 2966 1429 3020 hoc
1458 2966 1629 3038 ipsum
1661 2981 1849 3020 secun-

275 3059 400 3114 dum
462 3059 622 3129 hujus
685 3059 938 3129 temporis
989 3058 1285 3113 libertatem
1354 3055 1622 3128 quomodo
1665 3071 1849 3112 verum

275 3152 516 3220 dixistis,
547 3151 756 3207 Nemini
791 3151 1083 3208 seruiuimus
1112 3151 1372 3222 unquam?
1410 3149 1607 3222 .loscph
1637 3165 1740 3205 non
1769 3158 1850 3206 est

274 3244 622 3300 venumdatus
662 3243 815 3316 (Gen.
861 3260 1079 3311 xxxvu,
1121 3242 1212 3313 28)
1237 3243 1261 3297 ?
1290 3241 1570 3313 Propheta:
1599 3241 1766 3298 sancti
1793 3242 1847 3298 in

272 3337 629 3406 Captivitatem
657 3351 764 3392 non
791 3345 912 3391 sunt
932 3335 1076 3391 ducti
1107 3334 1214 3407 (iV
1243 3335 1369 3408 Reg.
1399 3335 1586 3404 xxiv)?
1611 3333 1811 3389 Deinde
1830 3375 1847 3402 ,

273 3439 449 3484 nonne
485 3426 716 3498 ipseille
739 3435 821 3483 est
850 3427 1074 3499 populus
1101 3427 1190 3497 qui
1218 3427 1268 3480 in
1295 3421 1526 3497 Aigypto
1554 3425 1745 3480 lateres
1773 3424 1851 3479 fa-

271 3519 469 3587 ciebat,
503 3527 557 3574 et
573 3518 787 3590 regibus
807 3518 954 3573 duris
978 3534 1083 3573 non
1106 3518 1290 3573 saltem
1314 3518 1364 3572 in
1392 3532 1520 3572 auro
1541 3526 1846 3588 etargento,

271 3612 367 3668 sed
404 3612 463 3666 in
493 3611 606 3667 luto
634 3611 898 3668 serviebat
925 3610 1130 3683 (Exod.
1160 3629 1210 3677 ι,
1266 3613 1332 3667 ll
1353 3613 1397 3684 )?
1425 3611 1479 3668 Si
1507 3613 1702 3669 nemini
1732 3628 1850 3668 ser-

269 3703 421 3759 vistis
449 3719 703 3774 unquam,
736 3719 768 3758 ο
793 3702 1003 3774 ingrati,
1034 3703 1164 3774 quid
1196 3713 1276 3758 est
1303 3702 1446 3775 quod
1467 3703 1676 3758 assidue
1702 3703 1851 3762 vobis

272 3795 498 3864 imputat
523 3795 662 3850 Deus
691 3793 831 3864 quod
857 3809 951 3849 vos
997 3794 1063 3850 de
1093 3795 1252 3850 domo
1300 3794 1571 3850 servitutis
1610 3794 1852 3850 liberavit

271 3882 378 3956 (Id.
405 3899 524 3952 xm,
554 3883 622 3952 3;
653 3883 805 3939 Deut.
839 3900 892 3954 v,
919 3886 972 3952 6,
999 3885 1129 3958 etc.)
1153 3886 1177 3940 ?
1201 3887 1282 3940 An
1313 3886 1443 3940 forte
1471 3894 1646 3956 patres
1689 3884 1853 3940 vestri

267 3978 605 4045 servierunt,
631 3991 729 4032 vos
757 3986 932 4033 autem
961 3977 1050 4048 qui
1072 3977 1366 4048 loquimini,
1395 3976 1600 4034 nemini
1621 3992 1851 4049 unquam

267 4068 560 4146 servistis?
607 4068 884 4135 Quomodo
914 4081 1040 4138 ergo
1068 4067 1348 4123 solvebatis
1387 4068 1495 4139 jam
1522 4067 1712 4123 tributa
1737 4067 1849 4122 Ro-

267 4160 472 4226 manis,
503 4159 645 4216 unde
672 4170 724 4216 et
753 4160 853 4230 ipsi
882 4159 1101 4214 Vcritati
1131 4160 1374 4232 laqueum
1403 4160 1552 4232 quasi
1591 4161 1850 4232 captionis

266 4252 624 4324 proposuistis
644 4293 658 4318 ,
682 4260 740 4307 ut
767 4251 1013 4308 diceretis
1038 4294 1052 4320 ,
1081 4251 1220 4306 Licet
1243 4253 1450 4307 reddere
1468 4253 1709 4307 tributum
1735 4253 1850 4308 Ca:-

267 4345 409 4397 ισήέ
435 4352 499 4398 ut
528 4344 573 4397 si
603 4343 855 4411 dixisset,
894 4343 1076 4410 Licet;
1102 4345 1353 4400 teneretis
1389 4360 1508 4400 eum
1537 4347 1685 4416 quasi
1714 4346 1852 4402 male

266 4443 510 4507 optasset
533 4435 763 4491 libertati
795 4435 1012 4492 seminis
1043 4435 1268 4491 Abrahze
1303 4454 1315 4490 :
1345 4437 1390 4491 si
1416 4446 1592 4492 autem
1619 4436 1850 4508 diceret,

265 4525 381 4583 Non
409 4528 575 4592 licet;
607 4526 1064 4582 calumniaremini
1101 4525 1239 4598 apud
1269 4541 1418 4596 reges
1465 4536 1622 4582 teme
1647 4568 1661 4594 ,
1711 4527 1852 4598 quod

265 4620 584 4691 prohiberet
627 4617 840 4692 regibus
884 4618 1080 4674 tributa
1134 4619 1386 4690 persolvi.
1430 4619 1617 4674 Merito
1647 4620 1852 4690 prolato

264 4728 490 4769 nummo
516 4713 645 4768 victi
675 4712 833 4779 estis,
879 4719 933 4768 et
968 4711 1199 4782 captioni
1241 4719 1433 4767 vestra:
1458 4725 1552 4766 vos
1595 4711 1695 4780 ipsi
1725 4711 1851 4766 estis

263 4806 602 4877 respondere
627 4805 906 4876 compulsi.
936 4804 1012 4861 lbi
1040 4806 1180 4860 enim
1198 4805 1348 4860 vobis
1367 4804 1564 4860 dictum
1594 4813 1696 4873 est,
1724 4803 1854 4859 Red-

265 4899 370 4954 dite
390 4899 587 4954 Cwsari
611 4915 724 4970 qua
760 4898 973 4954 Ccesm'is
1020 4906 1171 4964 sunt,
1227 4905 1276 4951 et
1313 4896 1418 4950 Deo
1443 4913 1554 4966 qum
1581 4895 1676 4950 Dei
1704 4905 1852 4966 sunt;

264 5005 388 5046 cum
406 5006 506 5046 vos
523 4991 623 5062 ipsi
640 4989 1050 5061 respondissetis
1067 4989 1206 5060 quod
1223 5004 1470 5043 nummus
1487 4987 1706 5042 haberet
1722 4988 1856 5042 ima-

264 5084 445 5154 ginem
481 5082 708 5138 Caesaris
743 5082 952 5153 (Matth.
973 5081 1325 5152 nmis-ﬁl).
1355 5080 1484 5150 Quia
1512 5082 1647 5136 sicut
1666 5080 1853 5152 qumrit

264 5175 451 5232 Cresar
476 5175 530 5231 in
561 5191 780 5231 nummo
817 5176 1100 5246 imaginem
1125 5189 1295 5241 suam,
1319 5175 1395 5231 sic
1420 5175 1560 5229 Deus
1588 5174 1775 5243 quaerit
1800 5173 1852 5228 in

268 5266 492 5325 homine
507 5281 679 5323 suam.
702 5265 828 5324 limo
847 5283 976 5340 ergo
995 5267 1266 5340 respondit
1279 5267 1496 5323 Judacis.
1516 5268 1688 5322 Movet
1709 5267 1851 5322 enim

268 5373 358 5416 me
382 5401 397 5427 ,
438 5359 634 5416 fratres
655 5404 670 5430 ,
721 5361 996 5417 hominum
1024 5375 1161 5417 vana
1203 5361 1453 5430 superbia
1477 5401 1492 5428 ,
1541 5359 1664 5430 quia
1690 5360 1851 5415 etiam

267 5450 336 5506 de
361 5451 511 5521 ipsa,
553 5465 712 5522 quam
734 5453 1018 5508 carnaliter
1041 5451 1440 5524 intelligebant,
1482 5466 1577 5508 sua
1607 5451 1852 5508 libertate

267 5543 481 5598 mentiti
506 5551 632 5599 sunt
657 5543 894 5601 dicentes
914 5589 928 5613 ,
960 5543 1167 5600 Nemini
1192 5546 1484 5602 seruiuimus
1510 5561 1754 5618 unquam.

339 5635 395 5690 5.
425 5635 685 5691 Dominus
711 5646 889 5693 autem
911 5637 1035 5708 quid
1058 5639 1422 5708 responderit,
1463 5638 1567 5695 hoc
1595 5640 1768 5711 potius
1797 5645 1854 5696 et
1911 5629 1923 5658 ”

270 5723 528 5782 intentius
547 5727 852 5794 audiamus.
884 5743 954 5787 ne
976 5737 1030 5787 et
1051 5743 1150 5788 nos
1175 5731 1276 5803 ipsi
1313 5731 1453 5789 servi
1492 5732 1848 5791 inveniamur.

333 5835 408 5906 (α)
429 5843 602 5906 αα..
619 5836 948 5898 deut/urbm.

1405 363 1810 421 TRACTATUS
1843 361 1982 420 ω.
2027 365 2250 424 CAPUT
2277 367 2415 430 Vill.

1879 5563 1886 5620 ξ

1965 478 2239 550 Respondit
2279 483 2422 539 enim
2451 484 2524 539 eis
2559 483 2756 541 hstis:
2795 486 2999 553 Anien”
3031 504 3180 544 mn
3217 489 3525 561 dicambis,

1961 573 2080 640 quia
2098 575 2258 630 omnis
2277 577 2364 648 qui
2387 577 2512 647 facit
2532 589 2796 650 peccatum
2809 621 2824 645 ,
2853 596 3028 636 seruus
3046 590 3119 636 cst
3150 585 3361 652 peccati.
3401 583 3528 642 Ser-

1943 679 2062 736 vus
2085 674 2190 731 est,
2217 668 2422 722 utinam
2442 670 2674 727 hominis
2700 680 2754 727 et
2771 687 2884 728 non
3154 673 3410 741 Quisuou
3429 675 3528 733 sub

1962 757 2052 814 his
2068 761 2246 817 verbis
2259 765 2670 821 contremiscat?
2695 766 2917 823 Praestet
2941 767 3094 824 nobis
3119 768 3380 826 Dominus
3388 771 3532 828 Deus

1960 860 2142 908 noster
2162 893 2180 921 ,
2211 853 2265 908 id
2294 862 2378 911 est
2403 865 2456 910 et
2497 857 2625 914 mihi
2652 866 2706 915 et
2729 859 2906 924 vobis,
2954 869 3014 918 ut
3036 875 3139 930 pro
3157 863 3426 921 sententia.
3445 862 3529 919 ιον

1962 959 2096 1014 quar
2130 945 2200 1001 de
2228 945 2328 1002 hac
2363 947 2608 1005 libertate
2634 951 2960 1022 appetenda,
2983 962 3042 1010 et
3065 953 3131 1008 de
3165 954 3256 1011 illa
3276 955 3533 1012 servium

1964 1036 2194 1092 vitanda.
2238 1038 2431 1104 Amen,
2487 1029 2646 1096 antea
2669 1041 2780 1098 dico
2823 1043 2996 1109 uobis,
3033 1044 3242 1102 Veritas
3278 1044 3448 1102 dicit:
3479 1055 3534 1102 et

1961 1127 2115 1197 quale
2139 1136 2222 1183 est
2243 1128 2456 1184 Domini
2475 1130 2570 1186 Dei
2603 1132 2769 1188 nostri
2796 1132 3006 1200 dicere,
3031 1134 3225 1203 Anien,
3241 1152 3386 1190 aiueu
3415 1136 3530 1191 dico

1960 1220 2136 1275 uobis?
2161 1221 2377 1278 Multum
2400 1224 2738 1280 commendat
2760 1226 2900 1296 quod
2928 1227 2996 1282 ita
3017 1227 3364 1298 pronuntiat;
3395 1243 3529 1298 quo-

1960 1310 2242 1368 dammodo
2262 1353 2280 1382 ,
2307 1314 2354 1368 si
2401 1313 2506 1370 dici
2552 1316 2634 1371 fas
2655 1325 2738 1372 est
2757 1357 2780 1384 ,.
2816 1318 3014 1386 juratio
3037 1318 3151 1387 ejus
3179 1328 3300 1387 est,
3335 1319 3526 1386 Amen,

1960 1420 2105 1458 auten
2125 1405 2236 1460 dico
2256 1406 2419 1460 uobis.
2444 1408 2599 1463 Amen
2626 1408 2820 1479 quippe
2845 1412 3218 1480 interpretatur
3233 1452 3256 1477 ,,
3293 1411 3525 1468 Varum:

1959 1504 2014 1552 et
2040 1504 2214 1553 tamen
2242 1512 2348 1553 non
2376 1508 2459 1554 est
2486 1501 2886 1571 interpretatum
2905 1543 2922 1568 ,
2953 1515 3080 1560 cum.
3101 1502 3360 1572 potuisset
3383 1503 3524 1572 diei,

1961 1587 2155 1643 Verum
2189 1588 2310 1645 dico
2333 1590 2503 1646 vobis.
2550 1591 2662 1647 Nec
2700 1607 2908 1663 graecus
2947 1591 3054 1648 hoc
3076 1593 3338 1664 interpres
3363 1609 3527 1654 uissus

1958 1687 2042 1734 est
2086 1678 2288 1746 facere,
2334 1696 2433 1737 nec
2467 1683 2662 1738 latinus
2688 1700 2702 1736 :
2729 1699 2852 1740 nam
2891 1684 2990 1740 hoc
3030 1686 3254 1742 verbum
3277 1686 3528 1757 quodest

1957 1769 2148 1836 Amen,
2195 1786 2294 1827 nec
2335 1787 2566 1844 graacum
2589 1781 2790 1830 estnec
2817 1776 3191 1846 latinum,sed
3230 1777 3523 1834 balineum.

1957 1859 2046 1916 Sic
2067 1861 2292 1930 mansit,
2340 1878 2449 1919 non
2492 1874 2574 1920 est
2596 1866 3032 1937 interpretatum,
3059 1875 3118 1926 ut
3149 1867 3405 1924 honorem
3431 1867 3528 1922 ha-

1955 1955 2107 2013 beret
2126 1956 2422 2014 velamento
2449 1961 2640 2014 secreti
2671 1977 2684 2013 :
2730 1975 2838 2015 non
2859 1968 2916 2016 ut
2933 1969 3076 2017 esset
3100 1969 3378 2033 negatum,
3429 1960 3525 2018 sed

1957 2063 2026 2106 ne
2052 2050 2328 2107 vilesceret
2367 2051 2642 2108 nudatum.
2673 2051 2780 2108 Nec
2815 2052 2984 2108 semel
3003 2060 3214 2120 tamen,
3245 2052 3341 2112 sed
3366 2051 3452 2110 bis
3495 2066 3527 2108 a

1956 2138 2182 2194 Domino
2207 2139 2403 2198 dictum
2424 2148 2525 2210 est,
2547 2144 2724 2210 Amen,
2753 2158 2898 2200 amen
2917 2142 3028 2198 dico
3047 2141 3334 2198 uobisJam
3360 2156 3528 2213 quan-

1958 2238 2070 2286 tum
2119 2231 2220 2286 hoc
2273 2232 2699 2289 commendatum
2750 2234 2858 2301 sit,
2897 2249 2965 2290 ex
3013 2234 3128 2306 ipsa
3166 2231 3527 2304 geminatione

1957 2326 2278 2396 cognoscite.

2028 2416 2082 2472 4.
2115 2416 2250 2485 Quid
2279 2423 2361 2472 est
2388 2431 2514 2488 ergo
2554 2415 3022 2474 commendatum?
3064 2414 3263 2472 Verum
3288 2456 3304 2484 ,
3335 2429 3529 2476 verum

1955 2506 2077 2564 dico
2104 2507 2274 2574 vobis,
2294 2506 2504 2564 Veritas
2527 2507 2680 2573 dicit;
2710 2523 2827 2578 qua:
2851 2508 3032 2579 utique
3055 2507 3160 2564 etsi
3181 2521 3289 2564 non
3305 2505 3530 2576 diceret,

1957 2601 2152 2658 Verum
2175 2601 2315 2668 dico,
2342 2603 2555 2658 mentiri
2574 2603 2791 2658 omnino
2810 2617 2914 2658 non
2939 2612 3115 2673 posset
3142 2621 3155 2657 :
3188 2611 3362 2660 tamen
3383 2618 3530 2662 comv

1955 2691 2193 2757 mendat,
2235 2692 2498 2760 inculcat;
2539 2692 2862 2749 dormientes
2891 2693 3283 2768 quodammodo
3309 2694 3528 2764 excitat,

1955 2783 2186 2838 intentos
2210 2782 2354 2851 facit,
2376 2784 2643 2839 contemni
2667 2798 2772 2840 non
2794 2786 2920 2840 vult.
2945 2783 3081 2852 Quid
3100 2783 3319 2842 dicens?
3344 2785 3532 2853 Amen,

1954 2892 2099 2930 amen
2129 2876 2238 2930 dico
2263 2876 2418 2939 vobis,
2450 2876 2567 2946 quia
2595 2877 2754 2928 omnis
2782 2877 2866 2947 qui
2894 2874 3016 2944 facit
3042 2884 3297 2946 peccatum
3319 2916 3336 2942 ,
3361 2890 3532 2934 seruus

1954 2981 2024 3024 est
2053 2969 2260 3039 peccati.
2287 2967 2332 3025 Ο
2357 2969 2674 3024 miserabilis
2704 2969 2962 3024 servitus!
3006 2967 3326 3038 Plerumque
3352 2966 3526 3022 homi-

1953 3076 2050 3116 nes
2077 3076 2200 3117 cum
2229 3059 2472 3116 dominos
2492 3060 2661 3115 malos
2680 3060 2968 3130 patiuntur,
2991 3059 3206 3114 venales
3223 3073 3281 3114 se
3301 3066 3486 3130 petunt
3508 3074 3527 3125 ;

1955 3169 2062 3208 non
2093 3159 2387 3223 quaerentes
2407 3149 2677 3208 dominum
2699 3148 3044 3214 nonhaberc,
3070 3147 3165 3203 sed
3191 3147 3376 3204 saltem
3406 3163 3525 3202 mu-

1954 3252 2112 3312 tare;
2144 3257 2330 3300 servus
2369 3242 2570 3313 peccati
2598 3241 2724 3313 quid
2750 3240 2940 3296 faciat?
2983 3255 3139 3310 quem
3183 3239 3527 3309 interpellet?

1953 3335 2094 3409 apud
2121 3351 2277 3407 quem
2303 3334 2644 3405 interpellet?
2671 3333 2812 3404 apud
2833 3347 2989 3400 quem
3013 3346 3071 3387 se
3090 3332 3329 3387 venalem
3352 3330 3527 3404 petat?

1955 3425 2156 3481 Deinde
2201 3441 2385 3481 servus
2429 3425 2658 3480 hominis
2699 3422 2980 3495 aliquando
3013 3423 3094 3478 sui
3138 3422 3339 3478 domini
3378 3420 3527 3480 duris

1957 3517 2195 3590 imperiis
2233 3517 2481 3590 fatigatus
2503 3560 2518 3584 ,
2561 3517 2808 3588 fugiendo
2836 3515 3122 3588 requiescit
3148 3533 3160 3568 :
3189 3530 3374 3572 servus
3404 3528 3534 3586 pec-

1955 3611 2057 3666 cati
2085 3625 2189 3680 quo
2225 3608 2396 3681 fugit?
2441 3609 2634 3666 Secum
2671 3625 2728 3665 se
2771 3609 2932 3663 trahit
2957 3622 3286 3678 quocumque
3313 3605 3527 3678 fugerit.

1953 3701 2069 3757 Non
2094 3701 2224 3772 fugit
2252 3702 2481 3772 seipsam
2502 3701 2637 3755 mala
2664 3699 3008 3767 conscientia,
3051 3713 3158 3754 non
3184 3707 3266 3754 est
3288 3713 3392 3770 quo
3418 3706 3530 3764 cat,

1955 3789 2194 3863 sequitur
2221 3809 2279 3851 se
2304 3811 2318 3862 ;
2368 3794 2476 3850 imo
2520 3809 2626 3849 non
2656 3791 2856 3848 recedit
2885 3809 2914 3846 a
2943 3807 3004 3847 se
3035 3809 3049 3846 :
3080 3801 3355 3863 peccatum
3383 3791 3527 3848 enim

1955 3884 2095 3956 quod
2139 3885 2296 3953 facit,
2330 3885 2470 3939 intus
2513 3892 2614 3940 est.
2661 3881 2810 3939 Fecit
2852 3892 3161 3956 peccatum,
3211 3890 3268 3938 ut
3295 3883 3528 3954 aliquam

1955 3979 2285 4051 corporalem
2337 3985 2552 4050 caperet
2602 3976 2924 4048 voluptatem
2963 3994 2976 4029 :
3022 3976 3264 4046 voluptas
3313 3975 3526 4042 transit,

1954 4077 2230 4142 peccatum
2257 4079 2472 4137 manet;
2520 4069 2770 4140 praeteriit
2798 4068 2936 4138 quod
2965 4066 3280 4133 delectabat,
3311 4082 3524 4121 reman-

1955 4163 2025 4218 sit
2063 4160 2204 4233 quod
2248 4169 2464 4232 pungat.
2504 4161 2640 4216 Mala
2683 4160 2938 4215 servitus!
2988 4157 3282 4228 Aliquando
3325 4156 3532 4229 fugiunt

1956 4253 2199 4310 homines
2242 4254 2307 4309 ad
2338 4254 2628 4309 Ecclesiam
2653 4294 2668 4320 ,
2717 4261 2772 4308 et
2810 4253 3122 4325 plerumque
3159 4265 3254 4307 eos
3299 4251 3530 4322 patimur

1958 4354 2204 4416 tauquam
2247 4344 2663 4414 indisciplinatos
2693 4362 2707 4398 :
2736 4343 2972 4399 volentes
3015 4356 3198 4398 carere
3225 4340 3455 4397 dominis
3489 4344 3530 4410 ί,

1957 4439 2044 4508 qui
2083 4438 2268 4492 nolunt
2307 4451 2490 4492 carere
2533 4435 2784 4506 peccatis.
2837 4432 3133 4504 Aliquando
3165 4442 3341 4487 autem
3368 4432 3533 4488 etiam

1957 4531 2138 4585 illicito
2159 4530 2285 4600 jugo
2305 4538 2360 4584 et
2383 4527 2622 4598 improbo
2642 4525 2864 4595 subjecti
2892 4524 3098 4596 fugiunt
3123 4523 3191 4578 ad
3211 4521 3529 4587 Ecclesiam,

1958 4623 2079 4692 quia
2107 4623 2404 4677 retinentur
2435 4619 2646 4690 ingenui
2671 4617 2737 4672 ad
2768 4615 3074 4671 servitutem
3099 4658 3114 4684 ,
3142 4622 3196 4670 et
3225 4614 3532 4684 interpella-

1957 4722 2044 4770 tur
2080 4715 2357 4784 episcopus
2391 4730 2405 4766 :
2444 4721 2498 4768 et
2538 4711 2639 4766 nisi
2663 4717 2812 4766 curet
2833 4724 3048 4780 operam
3092 4707 3419 4780 impendere,
3467 4721 3533 4761 ne

1957 4807 2254 4878 ingenuitas
2289 4804 2617 4876 opprimatur
2641 4845 2654 4869 ,
2696 4802 3073 4858 immisericors
3102 4800 3402 4871 deputatur.
3448 4796 3529 4852 Ad

1958 4898 2227 4954 Christum
2252 4911 2437 4951 omnes
2479 4894 2740 4967 fugiamus
2763 4934 2778 4959 ,
2829 4901 3011 4948 contra
3055 4900 3328 4962 peccatum
3361 4887 3532 4943 Deum

1957 4990 2298 5046 liberatorem
2330 4987 2727 5059 interpellemus
2761 5005 2774 5042 :
2800 4986 3015 5042 venales
3041 5001 3139 5041 nos
3165 4994 3407 5054 petamus
3428 5023 3442 5048 ,
3472 4990 3531 5036 ut

1959 5084 2075 5154 ejus
2101 5083 2363 5153 sanguine
2387 5082 2726 5137 redimamur.
2756 5079 2893 5135 Dicit
2915 5079 3056 5134 enim
3094 5077 3364 5139 Dominus,
3401 5069 3533 5128 Gra-

1965 5176 2027 5230 tis
2063 5174 2352 5229 uenumdati
2395 5175 2544 5242 estis,
2583 5183 2632 5228 et
2667 5173 2774 5226 sine
2799 5178 3002 5243 argento
3043 5165 3352 5222 redimemini
3380 5161 3529 5235 (lsai.

1961 5284 2052 5335 tu,
2081 5266 2159 5339 '5).
2204 5266 2332 5324 Sine
2357 5266 2526 5336 pretio
2550 5307 2565 5334 ,
2597 5262 2691 5321 sed
2717 5271 2922 5330 vestro;
2956 5262 3076 5335 quia
3114 5271 3254 5314 meo.
3287 5256 3396 5312 lloc
3427 5257 3532 5311 Do-

1959 5364 2134 5418 minus
2159 5361 2287 5417 dicit
2316 5379 2330 5416 :
2360 5359 2474 5430 ipse
2494 5358 2635 5414 enim
2659 5357 2884 5427 pretium
2909 5353 3073 5419 dedit,
3104 5365 3208 5406 non
3231 5358 3527 5422 argentum,

1959 5455 2055 5513 sed
2085 5454 2394 5525 sanguinem
2419 5465 2594 5508 suum.
2641 5447 2776 5505 Nam
2801 5462 2900 5504 nos
2933 5454 2987 5503 et
3012 5444 3153 5501 servi
3179 5451 3231 5500 et
3260 5442 3414 5514 egeni
3440 5455 3530 5498 re-

1958 5561 2340 5606 manseramus.

2031 5646 2084 5699 5.
2113 5640 2328 5698 Libet-at
2351 5650 2478 5708 ergo
2515 5634 2583 5691 ab
2608 5631 2712 5690 hac
2748 5629 3002 5689 servitute
3040 5627 3186 5686 solus
3228 5625 3528 5685 Dominus:

2021 5783 2038 5816 ί
2063 5788 2137 5832 Er.
2159 5778 2304 5842 Lugd.
2320 5783 2500 5842 etven.
2520 5774 2592 5824 sic
2611 5767 2934 5842 habentth
2950 5766 3144 5842 locum;
3165 5774 3443 5836 quam
3461 5761 3535 5822 inc.

1959 5830 2300 5911 disciplinam,
2329 5837 2536 5892 notaues
2556 5846 2722 5889 carere
2995 5835 3060 5887 It.
