4030 6470
535 389 562 444 1
571 386 676 446 695

532 505 624 576 qui
645 503 788 558 illam
819 514 926 556 non
953 497 1156 565 habuit,
1187 496 1302 567 ipse
1324 494 1392 549 de
1427 491 1518 548 illa
1547 491 1766 555 liberat;
1793 488 1943 543 solus
1971 484 2116 540 enim

532 597 587 651 in
615 595 716 651 bac
739 609 899 650 carne
931 593 1076 648 venit
1102 591 1218 646 sine
1247 596 1484 660 peccato.
1529 583 1662 640 Nam
1685 598 1822 655 quos
1849 580 2038 636 videtis
2063 578 2102 634 it

533 689 778 745 manibus
803 695 1030 741 matrum
1077 682 1322 755 parvulos
1352 679 1515 747 ferri,
1547 677 1782 732 nondum
1821 675 2113 739 ambulant,

531 789 587 834 et
609 778 718 849 jam
741 787 864 832 sunt
886 775 1170 845 compediti
1195 791 1210 839 ;
1240 781 1515 827 traxerunt
1531 770 1671 825 enim
1693 768 1760 824 de
1780 767 1948 823 Adam
1975 763 2115 836 quod

531 870 1083 926 solvaturaChristo.
1159 865 1397 922 Pertinet
1443 863 1606 919 etiam
1653 861 1720 916 ad
1766 863 1946 931 ipsos,
1995 873 2114 914 cum

534 963 904 1034 baptizantur,
956 961 1054 1014 ista
1095 960 1260 1029 gratia
1310 971 1468 1027 quam
1506 955 1760 1010 Dominus
1794 953 2111 1022 pollicetur;

532 1057 655 1127 quia
701 1057 768 1111 de
793 1065 1013 1126 peccato
1038 1053 1184 1107 solus
1214 1051 1444 1106 liberare
1469 1058 1676 1120 potest,
1718 1048 1808 1118 qui
1833 1046 1979 1102 venit
2001 1045 2118 1101 sine

534 1159 786 1220 peccato,
824 1157 877 1204 et
916 1146 1087 1202 factus
1114 1155 1193 1202 est
1223 1145 1538 1200 sacriﬁcium
1581 1159 1680 1216 pro
1718 1151 1957 1212 peccato.
2009 1144 2107 1195 Au-

533 1239 687 1294 distis
721 1240 862 1294 enim
901 1255 1022 1294 cum
1066 1238 1354 1308 Apostolus
1397 1238 1702 1308 legeretur:
1740 1233 1846 1288 Pro
1894 1231 2114 1301 Christo,

531 1331 723 1402 inquit,
749 1332 995 1402 legatione
1020 1331 1301 1403 fungimur,
1325 1338 1565 1398 tanquam
1591 1327 1696 1382 Deo
1717 1328 2014 1381 exhortante
2028 1339 2120 1394 per

529 1421 997 1487 nes;obsecramus
1047 1439 1139 1492 pro
1182 1421 1422 1487 Christo;
1467 1420 1518 1475 id
1569 1429 1670 1485 cst,
1717 1429 1967 1490 tanquam
2019 1431 2119 1471 vos

533 1513 780 1569 Christus
806 1516 1072 1571 obsecret.
1101 1515 1270 1582 Quid?
1316 1514 1652 1570 Reconciliari
1682 1511 1808 1566 Deo.
1841 1511 1896 1566 Si
1927 1509 2120 1566 exhor-

533 1617 676 1663 tatur
699 1617 753 1664 et
773 1611 1018 1664 obsecrat
1044 1609 1334 1678 Apostolus
1353 1617 1411 1663 ut
1441 1607 1846 1663 reconciliemur
1861 1606 1987 1669 Deo,
2022 1604 2121 1658 ini-

534 1700 654 1756 mici
686 1715 899 1754 eramus
921 1701 1052 1756 Deo.
1105 1700 1274 1755 Nemo
1303 1701 1444 1754 enim
1494 1699 1870 1754 reconciliatur
1911 1696 2014 1751 nisi
2053 1711 2120 1751 ex

534 1791 847 1847 inimicitiis.
879 1793 1124 1848 Inimicos
1153 1803 1329 1847 autem
1359 1807 1456 1846 nos
1486 1807 1592 1846 non
1618 1799 1826 1854 natura,
1860 1789 1954 1845 sed
2001 1805 2124 1859 pec-

535 1893 651 1938 cata
682 1884 941 1940 fecerunt.
974 1885 1122 1942 Unde
1149 1885 1346 1940 inimici
1377 1885 1540 1950 illius,
1571 1883 1694 1939 inde
1721 1883 1859 1938 servi
1891 1881 2118 1952 peccati.

539 1975 650 2030 Non
678 1975 837 2032 habet
870 1978 1008 2032 Deus
1056 1978 1252 2032 liberos
1298 1977 1576 2041 inimicos;
1627 1991 1846 2031 necesse
1873 1985 1956 2030 est
1982 1973 2121 2029 servi

537 2068 642 2122 sint
677 2085 689 2121 :
721 2078 774 2124 ct
799 2073 937 2125 servi
969 2070 1313 2125 remanebunt
1348 2071 1446 2124 nisi
1479 2069 1544 2124 ab
1575 2069 1666 2124 illo
1693 2068 2002 2133 liberentur,
2035 2066 2121 2122 cui

535 2162 803 2231 peccando
849 2162 1048 2218 inimici
1090 2178 1208 2218 esse
1250 2163 1553 2218 voluerunt.
1604 2161 1934 2215 Obsecramus
1968 2174 2120 2229 ergo,

531 2253 722 2324 inquit,
772 2271 863 2324 pro
889 2254 1114 2321 Christo,
1139 2257 1457 2310 reconciliari
1483 2254 1610 2307 Deo.
1642 2252 1922 2320 Quomodo
1943 2261 2120 2304 autem

529 2348 964 2416 reconciliamur,
1001 2349 1102 2404 nisi
1132 2350 1369 2404 solvatur
1391 2349 1532 2418 quod
1559 2349 1696 2402 inter
1728 2363 1826 2401 nos
1855 2354 1908 2400 et
1938 2347 2113 2415 ipsum

528 2441 786 2508 separat?
834 2442 922 2496 Ait
967 2443 1109 2497 enim
1161 2457 1259 2512 per
1303 2441 1615 2512 prephetam
1662 2458 1675 2496 :
1721 2439 1844 2492 Non
1898 2438 2124 2510 gravavit

529 2549 700 2587 aurem
728 2551 790 2588 ne
811 2535 986 2589 audiat
1009 2577 1026 2601 ,
1064 2535 1152 2590 sed
1189 2545 1394 2605 peccata
1423 2545 1584 2590 vestra
1609 2540 1848 2604 separant
1875 2532 2006 2586 inter
2033 2547 2122 2585 vos

529 2633 576 2678 et
609 2624 768 2679 Deum
797 2625 928 2697 (lsa.
961 2643 1069 2693 ιιι,
1092 2625 1236 2698 1,2).
1270 2625 1404 2694 Quia
1425 2641 1552 2696 ergo
1578 2640 1683 2679 non
1715 2624 2124 2679 reconciliamur

532 2717 634 2771 nisi
661 2717 836 2772 ablato
859 2719 1001 2789 quod
1029 2719 1079 2772 iu
1098 2719 1274 2773 medio
1293 2727 1394 2781 est,
1423 2726 1476 2772 et
1499 2718 1672 2788 posito
1691 2715 1834 2787 quod
1865 2718 1919 2769 in
1945 2714 2123 2769 medio

531 2807 621 2862 sit.
654 2808 749 2864 Est
765 2811 906 2865 enim
935 2810 1164 2866 medium
1182 2825 1460 2880 separans,
1491 2809 1584 2865 sed
1609 2818 1795 2865 contra
1816 2817 1898 2864 est
1922 2807 2124 2863 media-

530 2909 615 2956 tor
662 2904 1048 2970 reconcilians;
1105 2904 1336 2960 medium
1394 2919 1649 2974 separans
1693 2912 1776 2959 est
1821 2911 2118 2974 peccatum,

533 2992 796 3047 mediator
832 2995 1183 3050 reconcilians
1220 3004 1304 3052 est
1345 2995 1603 3050 Dominus
1643 2994 1799 3050 Jesus
1833 2984 2119 3051 Christus:

536 3083 678 3140 Unus
715 3086 850 3139 enim
881 3085 1054 3153 Deus,
1101 3097 1147 3141 et
1188 3105 1317 3142 unus
1361 3089 1607 3142 mediator
1634 3086 1730 3141 Dei
1757 3096 1803 3142 et
1837 3087 2119 3155 hominum,

532 3177 682 3231 homo
717 3177 944 3233 Christus
981 3176 1133 3233 Jesus
1160 3179 1203 3252 (ι
1235 3178 1364 3238 Tim.
1396 3197 1462 3247 ll,
1509 3179 1588 3252 5).
1632 3179 1704 3236 Ut
1741 3197 1869 3251 ergo
1906 3181 2122 3237 tollatur

531 3269 762 3322 maceria
791 3283 1048 3338 separatis
1069 3271 1210 3341 quod
1228 3280 1310 3326 est
1337 3280 1631 3341 peccatum,
1660 3272 1906 3327 venitille
1918 3273 2121 3327 media-

532 3368 636 3426 tor,
660 3370 714 3414 et
736 3359 904 3415 factus
925 3373 1008 3417 est
1038 3365 1357 3418 sacriﬁcium
1381 3365 1775 3436 sacerdosipse.
1802 3367 1867 3421 Et
1885 3367 2007 3437 quia
2030 3382 2118 3421 sa-

533 3449 791 3507 criﬁcium
822 3454 990 3510 factus
1021 3467 1101 3511 est
1129 3473 1226 3527 pro
1257 3468 1475 3528 peccato
1499 3501 1513 3525 ,
1545 3458 1774 3516 offerens
1803 3461 2036 3532 seipsum
2066 3463 2119 3516 in

529 3540 899 3600 holocaustum
938 3547 989 3600 in
1029 3564 1188 3604 cruce
1230 3551 1490 3619 passionis
1516 3566 1660 3616 Siue,
1705 3553 1944 3622 sequitur
1971 3556 2119 3624 Apo-

533 3635 704 3692 stolus
733 3648 787 3692 et
811 3638 961 3705 dicit,
989 3656 1109 3695 cum
1136 3641 1358 3698 dixisset
1376 3686 1390 3710 ,
1423 3642 1750 3698 Obsecramus
1777 3662 1870 3716 pro
1893 3645 2117 3715 Christo,

526 3732 848 3786 reconciliari
873 3733 981 3788 Deo
1015 3753 1035 3788 :
1059 3737 1210 3806 quasi
1239 3735 1574 3804 diceremus,
1618 3739 1888 3809 quomodo
1917 3742 2119 3808 poterio

527 3839 646 3880 mus
658 3828 1030 3883 reconciliari?
1052 3829 1201 3895 Eum,
1229 3831 1419 3901 inquit,
1443 3830 1492 3886 id
1516 3841 1600 3886 est
1628 3831 1801 3902 ipsum
1825 3833 2116 3902 Christum,

525 3918 612 3988 qui
640 3935 740 3972 non
764 3931 966 3975 noverat
997 3932 1256 3990 peccatum
1275 3964 1290 3990 ,
1325 3936 1584 3994 peccatum
1615 3942 1707 3994 pro
1731 3925 1870 3978 nobis
1897 3926 2036 3996 fecit,
2065 3936 2120 3981 ut

524 4027 615 4064 nos
635 4012 791 4065 simus
820 4014 1026 4084 justitia
1052 4014 1146 4068 Dei
1173 4015 1226 4069 in
1254 4017 1363 4085 ipso
1398 4015 1464 4088 (ll
1486 4017 1604 4072 Cor.
1635 4034 1689 4081 v,
1720 4018 1809 4080 20,
1835 4019 1950 4089 21).
1980 4018 2120 4074 Eum

527 4103 726 4172 ipsum,
757 4105 946 4174 inquit,
973 4106 1242 4161 Christum
1268 4107 1456 4175 Deum,
1485 4111 1571 4178 qui
1596 4127 1696 4163 non
1718 4122 1920 4164 noverat
1941 4129 2119 4183 pecca-

528 4203 654 4248 tum.
688 4195 844 4251 Venit
865 4198 1006 4252 euim
1040 4199 1089 4252 in
1115 4214 1295 4264 carne,
1326 4201 1427 4255 hoc
1447 4212 1529 4256 est
1549 4201 1601 4256 in
1630 4203 1972 4259 similitudine
1999 4221 2117 4260 car-

526 4286 608 4340 nis
638 4289 845 4357 peccati
880 4289 1058 4356 (Rom.
1088 4307 1208 4353 vm,
1241 4291 1296 4363 3)
1324 4333 1340 4358 ,
1381 4307 1487 4346 non
1520 4303 1695 4347 tamen
1724 4295 1773 4348 iu
1801 4311 1961 4351 carne
1987 4314 2115 4367 pec-

525 4387 628 4433 catl
649 4420 664 4444 ,
711 4395 816 4434 non
862 4380 1066 4437 habens
1111 4384 1273 4437 ullum
1303 4385 1524 4439 omnino
1554 4395 1829 4456 peccatum
1861 4406 1874 4441 :
1907 4400 1959 4444 et
1994 4390 2116 4446 ideo

528 4469 699 4527 factos
718 4485 800 4528 est
825 4491 1008 4530 verum
1031 4477 1346 4533 sacriﬁcium
1366 4461 1463 4550 pro
1487 4491 1729 4550 peccato,
1757 4483 1879 4552 quia
1908 4483 2114 4539 nullum

522 4562 752 4621 habebat
782 4568 893 4638 ipse
923 4579 1218 4639 peccatum.

593 4660 647 4715 6.
675 4661 780 4716 Sed
810 4662 946 4719 forte
983 4664 1051 4720 de
1087 4680 1246 4721 sensu
1272 4683 1392 4723 meo
1418 4668 1561 4736 dixi,
1592 4671 1714 4740 quia
1741 4681 2001 4744 peccatum
2027 4689 2114 4728 sa-

524 4755 784 4810 criﬁcium
812 4767 893 4812 est
923 4774 1021 4830 pro
1050 4770 1288 4830 peccato.
1339 4762 1440 4831 Qui
1472 4764 1751 4835 legerunt,
1781 4777 2110 4838 agnoscant;

526 4849 615 4919 qui
643 4865 746 4904 non
776 4850 1038 4922 legerunt,
1069 4870 1175 4908 non
1217 4855 1325 4910 sint
1351 4855 1483 4928 pigri
1515 4876 1528 4912 :
1563 4875 1669 4914 non
1695 4861 1839 4928 sint,
1871 4862 2108 4934 inquam,

519 4940 654 5010 pigri
685 4940 750 4997 ad
791 4943 1073 5013 legendum
1099 4987 1114 5012 ,
1148 4957 1203 5000 ut
1232 4962 1448 5003 veraces
1493 4951 1599 5005 sint
1635 4951 1703 5006 ad
1740 4953 2107 5022 judicandum.

523 5031 654 5088 Cum
685 5032 752 5089 de
777 5035 1056 5092 sacriﬁciis
1099 5038 1240 5092 enim
1281 5041 1594 5113 prxecipcret
1634 5044 1776 5099 Deus
1823 5047 2111 5103 oll'crendis

521 5141 619 5197 pro
645 5139 892 5196 peccato,
924 5130 975 5183 in
1007 5131 1200 5200 quibus
1242 5134 1521 5189 sacriﬁciis
1564 5152 1669 5191 non
1715 5149 1830 5193 erat
1876 5142 2108 5208 expiatio

521 5229 890 5288 peccatorum,
924 5222 1017 5278 sed
1048 5223 1234 5278 umbra
1278 5224 1572 5282 futurorum
1599 5271 1614 5296 ,
1664 5230 1850 5286 eadem
1878 5233 1987 5301 ipsa
2020 5249 2108 5288 sa-

518 5313 714 5369 criﬁcia
738 5359 755 5384 ,
806 5319 1020 5374 easdem
1063 5320 1207 5391 ipsas
1236 5321 1470 5391 hostias,
1522 5327 1736 5382 easdem
1777 5311 1919 5398 ipsas
1957 5331 2110 5385 victi-

519 5420 672 5472 mas,
721 5409 906 5466 eadem
955 5413 1068 5483 ipsa
1113 5415 1360 5472 animalia
1401 5434 1519 5488 qua:
1545 5419 1968 5476 admovebantur
1994 5437 2107 5476 ma-

517 5499 707 5553 ctanda
740 5518 836 5572 pro
862 5507 1125 5573 peccatis,
1157 5507 1208 5560 in
1237 5524 1460 5578 quorum
1491 5511 1744 5580 sanguine
1772 5515 1988 5584 sanguis
2016 5515 2105 5572 ille

517 5591 870 5664 ﬁgurabatur,
912 5610 1127 5667 peccata
1162 5599 1270 5654 Lex
1299 5603 1531 5673 appellat
1561 5619 1575 5656 z
1607 5620 1776 5673 usque
1802 5603 1936 5660 adeo
1967 5608 2100 5662 utin

517 5687 832 5758 quibusdam
864 5690 994 5746 locis
1031 5699 1284 5764 scriptum
1329 5697 1397 5749 sit
1435 5696 1536 5758 ita,
1580 5705 1635 5750 ut
1661 5707 1966 5754 sacerdotes
2001 5700 2102 5754 im-

518 5782 765 5839 molaturi
808 5797 1068 5855 ponerent
1097 5802 1287 5843 manus
1325 5803 1448 5843 suas
1484 5803 1644 5860 super
1679 5800 1837 5861 caput
1875 5793 2096 5861 peccati,

514 5874 572 5936 id
591 5884 694 5949 est,
733 5891 897 5950 super
915 5888 1074 5953 caput
1100 5879 1332 5938 victimae
1355 5880 1691 5940 immolanda:
1721 5898 1819 5958 pro
1852 5893 2092 5944 peccato.

1467 375 1539 433 IN
1570 367 1852 432 JOANNIS
1890 353 2359 436 EVANGELIUM,
2397 371 2457 427 s.
2497 369 2869 432 AUGUSTINI

3674 379 3813 439 £696

2225 485 2353 542 Tale
2378 502 2506 558 ergo
2546 502 2832 560 peccatum,
2862 489 2917 546 id
2940 500 3050 559 est,
3097 490 3413 548 sacriﬁcium
3439 506 3535 565 pro
3568 505 3815 568 peccato,

2227 580 2398 636 factus
2422 591 2502 637 est
2533 582 2789 640 Dominus
2809 595 2992 641 noster
3010 583 3166 642 Jesus
3182 583 3448 655 Christus,
3477 588 3567 659 qui
3590 605 3694 645 non
3721 607 3816 646 no-

2223 685 2360 729 verat
2383 687 2660 747 peccatum.

2297 769 2349 822 7.
2396 767 2582 823 Merito
2627 770 2817 826 liberat
2851 772 2918 827 ab
2957 770 3058 828 bac
3085 773 3342 828 servitute
3372 775 3575 844 peccati
3601 774 3692 831 ille
3721 776 3815 847 qui

2224 861 2353 916 dicit
2381 861 2432 916 in
2461 862 2684 918 Psalmis
2712 880 2726 918 :
2755 862 2942 920 Factus
2961 881 3070 919 sum
3094 875 3334 937 tanquam
3360 866 3510 921 homo
3534 867 3643 922 sine
3662 869 3817 941 adju-

2225 955 2373 1022 torio,
2403 955 2532 1009 inter
2557 967 2777 1010 mortuos
2799 956 2921 1012 liber
2948 956 3116 1029 (Psal.
3143 975 3370 1014 Lxxxvn
3391 1001 3405 1026 ,
3435 961 3499 1026 5,
3531 961 3606 1033 6).
3655 960 3820 1020 Solus

2359 1011 2372 1022 ,
2951 1011 2964 1029 ι
3027 1011 3037 1012 κ
3086 1011 3089 1012 ν
3143 1011 3405 1026 -ηηη-η,
3439 1011 3499 1026 -.
3537 1011 3606 1033 νι-
3656 1011 3819 1020 ww-

2224 1049 2365 1102 enim
2397 1049 2565 1114 liber,
2613 1051 2734 1120 quia
2772 1065 2875 1106 non
2915 1051 3142 1106 habebat
3176 1062 3470 1121 peccatum.
3519 1051 3638 1124 Ipse
3667 1054 3817 1112 enim
3858 1011 3903 1158 ἑ

2223 1139 2352 1194 dicit
2377 1141 2429 1195 in
2459 1142 2746 1214 Evangelia
2777 1161 2792 1200 :
2821 1143 2956 1200 Ecce
2982 1145 3113 1199 venit
3152 1147 3386 1217 princeps
3419 1147 3573 1220 hujus
3611 1148 3813 1219 mundi,
3860 1139 3882 1212 ἶ

2223 1231 2493 1287 diabolum
2524 1233 2827 1304 signiﬁcans
2869 1246 3148 1292 venturum
3178 1237 3230 1292 in
3256 1237 3455 1294 Judaais
3500 1251 3813 1309 persecuto-

2223 1325 2406 1389 ribus;
2435 1342 2565 1392 ecce,
2595 1327 2783 1397 inquit,
2813 1329 2964 1394 venit,
2993 1339 3040 1384 et
3067 1330 3120 1384 in
3141 1347 3218 1386 me
3244 1332 3373 1386 nihil
3391 1333 3602 1388 inveniet
3630 1332 3816 1406 (Joan.

2225 1432 2340 1484 le,
2369 1417 2459 1486 50,
2492 1420 2609 1492 3i).
2639 1419 2756 1475 Non
2783 1422 3054 1491 quomodo
3081 1423 3132 1477 in
3159 1424 3238 1477 eis
3267 1439 3401 1494 quos
3428 1426 3621 1481 occidit
3650 1427 3815 1482 etiam

2219 1509 2428 1581 justus,
2477 1512 2679 1567 invenit
2713 1514 3096 1586 qualecumque
3135 1527 3410 1586 peccatum
3431 1558 3444 1582 ,
3489 1517 3540 1571 in
3573 1533 3658 1572 me
3680 1518 3818 1576 nihil

2226 1603 2480 1660 inveniet.
2533 1605 2601 1660 Et
2631 1614 2883 1678 tanquam
2915 1608 2963 1664 ei
2993 1608 3283 1677 diceretur,
3326 1609 3370 1665 si
3403 1609 3532 1664 nihil
3569 1612 3620 1665 in
3648 1623 3698 1666 te
3729 1612 3819 1667 in-

2226 1699 2436 1764 veniet,
2481 1715 2646 1769 quare
2686 1710 2737 1755 te
2775 1700 3019 1755 occidet?
3068 1701 3339 1770 Subjecit,
3389 1711 3444 1757 et
3477 1703 3592 1758 ait:
3623 1703 3730 1758 Sed
3762 1713 3818 1759 ut

2225 1793 2386 1846 sciant
2411 1809 2582 1847 omnes
2609 1795 2727 1866 quia
2750 1795 3051 1849 voluntatem
3084 1793 3254 1850 Patris
3279 1796 3376 1850 mei
3402 1797 3564 1868 facio,
3591 1798 3816 1869 surgite,

2227 1903 2400 1940 eamus
2421 1887 2556 1941 hinc.
2589 1886 2736 1954 Non,
2768 1889 2973 1959 inquit,
3005 1899 3232 1944 mortem
3263 1890 3364 1945 mei
3398 1891 3600 1961 peccati
3631 1905 3822 1946 neces-

2227 1979 2382 2034 sitate
2413 1981 2689 2050 persolvo,
2737 1982 2833 2037 sed
2861 1983 2912 2036 in
2939 1998 3004 2038 eo
3031 1983 3174 2054 quod
3213 1985 3452 2052 morior,
3486 1985 3818 2040 voluntatem

2226 2070 2400 2126 Patris
2431 2073 2532 2127 mei
2562 2073 2696 2127 facio
2725 2091 2738 2128 :
2772 2075 2994 2145 plusque
3017 2075 3087 2129 ibi
3113 2075 3246 2130 facio
3273 2092 3430 2148 quam
3460 2078 3630 2147 patior
3649 2120 3665 2144 ,
3693 2077 3820 2148 quia

2226 2155 2271 2208 si
2311 2156 2508 2210 nollem
2533 2197 2547 2222 ,
2581 2173 2680 2212 nec
2709 2173 2896 2227 passus
2921 2173 3119 2214 essem.
3148 2161 3322 2216 Habes
3364 2163 3511 2217 illum
3555 2163 3659 2216 alio
3698 2163 3822 2219 loco

2226 2246 2492 2302 dicentem
2513 2289 2529 2314 ,
2579 2246 2886 2304 Potestatem
2915 2250 3071 2305 habeo
3099 2254 3318 2323 ponendi
3355 2255 3581 2308 animam
3625 2272 3816 2322 vneam,

2227 2349 2275 2394 et
2311 2349 2600 2410 potestatem
2637 2340 2794 2396 habeo
2820 2343 3003 2397 iterum
3035 2345 3266 2400 sumendi
3293 2363 3424 2400 eam.
3449 2345 3564 2418 (Id.
3589 2363 3624 2402 χ
3649 2388 3664 2412 ,
3697 2346 3816 2420 18).

2229 2433 2370 2488 Ecce
2401 2450 2520 2488 ιρι-ιε
2550 2433 2600 2486 in
2633 2435 2857 2488 mortuis
2885 2435 3040 2490 liber.

2298 2527 2352 2582 8.
2384 2528 2516 2583 Cum
2556 2544 2686 2601 ergo
2710 2530 2886 2584 omnis
2913 2531 3005 2600 qui
3031 2529 3154 2584 facit
3178 2541 3452 2602 peccatum
3473 2575 3489 2600 ,
3527 2547 3719 2589 servus
3749 2533 3825 2590 sit

2227 2623 2466 2692 peccati,
2508 2639 2627 2694 quae
2653 2623 2722 2677 sit
2745 2638 2869 2692 Spes
2891 2624 3043 2678 nobis
3071 2623 3333 2680 libertatis
3351 2668 3365 2691 ,
3393 2625 3592 2682 audite.
3623 2627 3820 2684 Servus

2226 2724 2422 2781 autem,
2457 2715 2658 2785 inquit,
2688 2732 2786 2769 non
2814 2725 2981 2768 manet
3012 2716 3064 2768 in
3089 2715 3238 2769 domo
3265 2717 3317 2771 in
3340 2727 3600 2772 internum.
3633 2718 3825 2775 Eccle-

2227 2806 2301 2860 sia
2326 2815 2408 2861 est
2433 2806 2624 2862 domus
2647 2847 2662 2872 ,
2707 2822 2892 2861 servus
2931 2819 3179 2876 peccator
3202 2816 3302 2863 est.
3352 2808 3554 2863 lntrant
3581 2811 3735 2865 multi
3764 2811 3820 2868 in

2229 2903 2524 2958 Ecclesium
2550 2912 2878 2972 peccatores.
2905 2902 3021 2956 Non
3053 2919 3180 2974 ergo
3204 2903 3356 2970 dixit,
3387 2902 3574 2959 Servus
3599 2921 3705 2959 non
3734 2915 3823 2962 eSt

2227 2995 2278 3048 in
2302 2996 2494 3060 domo;
2525 2994 2642 3062 sed,
2671 3011 2771 3049 non
2790 3005 2957 3049 manet
2983 2995 3034 3049 in
3058 2995 3208 3048 domo
3234 2996 3286 3049 in
3315 3006 3576 3050 aeternum.
3604 2997 3659 3051 Si
3687 3012 3820 3068 ergo

2228 3088 2404 3142 nullus
2433 3088 2504 3142 ibi
2534 3103 2720 3142 servus
2757 3088 2860 3142 erit
2884 3130 2899 3156 ,
2949 3089 3066 3159 quis
3094 3089 3164 3143 ibi
3191 3089 3336 3144 erit?
3390 3089 3517 3146 Cum
3547 3091 3688 3146 enim
3727 3108 3822 3147 rea:

2216 3184 2388 3254 justus
2416 3183 2598 3239 sederit
2623 3185 2676 3238 in
2708 3184 2921 3250 throno,
2953 3186 3089 3240 sicut
3115 3185 3388 3256 Scriptura
3413 3187 3645 3258 loquitur
3665 3230 3677 3252 ,
3706 3188 3822 3258 quis

2225 3276 2522 3346 gloriabitur
2546 3287 2739 3330 castum
2763 3293 2817 3332 se
2853 3276 3034 3332 habere
3071 3279 3199 3333 cor?
3239 3289 3327 3332 aut
3372 3280 3482 3350 quis
3519 3280 3823 3350 gloriabitur

2226 3368 2472 3421 mundum
2500 3385 2554 3422 se
2585 3385 2689 3423 esse
2711 3385 2745 3422 a
2789 3377 2989 3438 peccato
3024 3366 3202 3439 (Prov.
3232 3385 3299 3424 xx
3319 3411 3335 3437 ,
3365 3370 3397 3424 8
3416 3412 3432 3436 ,
3456 3369 3546 3440 9)?
3593 3370 3821 3427 Multum

2226 3475 2326 3514 nos
2349 3460 2570 3524 terruit,
2597 3475 2631 3515 ο
2654 3460 2846 3516 fratres
2873 3462 2998 3526 mei,
3029 3461 3285 3529 dicendo,
3316 3461 3502 3518 Servus
3522 3480 3622 3517 non
3649 3473 3821 3520 manet

2224 3553 2278 3607 in
2307 3555 2456 3607 domo
2481 3555 2533 3608 in
2563 3564 2824 3608 aeternum.
2860 3555 3114 3625 Adjungit
3137 3565 3346 3622 autem,
3378 3567 3432 3612 ct
3455 3557 3614 3624 dicit,
3645 3555 3822 3614 Filius

2224 3657 2389 3700 autem
2415 3657 2579 3702 nianet
2601 3648 2653 3702 in
2677 3658 2940 3702 wternum.
2972 3649 3116 3718 Ergo
3145 3650 3292 3706 solus
3326 3652 3378 3704 in
3407 3651 3568 3707 domo
3594 3668 3694 3708 sua
3715 3655 3822 3711 erit

2224 3738 2502 3795 Christus?
2527 3741 2702 3796 nullus
2727 3742 2798 3795 illi
2823 3743 3049 3812 populus
3064 3741 3388 3798 cohaerebit?
3408 3741 3502 3798 Cui
3519 3745 3816 3815 eritcaput,

2222 3830 2268 3884 si
2298 3845 2402 3886 non
2428 3831 2530 3886 erit
2552 3831 2787 3902 corpus?
2825 3834 2906 3886 Au
2938 3832 3074 3888 forte
3105 3842 3272 3888 totum
3303 3834 3406 3889 hoc
3426 3835 3592 3892 Filius
3611 3879 3626 3903 ,
3657 3848 3820 3910 caput

2221 3933 2276 3978 et
2305 3923 2533 3994 corpus?
2573 3925 2689 3980 Non
2729 3926 2870 3981 enim
2907 3926 3022 3981 sine
3053 3943 3213 3982 causa
3238 3937 3293 3982 et
3322 3929 3540 3998 terruit,
3581 3940 3636 3986 et
3661 3947 3816 4002 spem

2223 4017 2370 4072 dedit
2402 4037 2414 4072 :
2446 4021 2654 4080 terruit.
2690 4035 2758 4075 ne
2779 4031 3054 4091 peccatum
3079 4037 3422 4088 amaremus;
3465 4039 3616 4093 spem
3642 4024 3815 4094 dedit,

2222 4127 2290 4167 ne
2317 4111 2386 4167 de
2417 4114 2615 4182 peccati
2639 4114 2903 4170 solutione
2927 4115 3287 4171 difﬁderemus
3319 4134 3332 4171 :
3364 4117 3539 4171 Omnis
3560 4160 3574 4185 ,
3620 4119 3814 4188 inquit,

2221 4204 2307 4274 qui
2352 4206 2473 4275 facit
2517 4215 2776 4274 peceatum
2800 4247 2814 4271 ,
2860 4223 3031 4262 servus
3058 4216 3130 4261 est
3173 4211 3382 4278 peccati.
3430 4209 3619 4264 Servus
3646 4219 3818 4264 autem

2222 4313 2322 4349 non
2346 4306 2514 4350 manet
2541 4297 2592 4350 in
2621 4299 2770 4351 domo
2805 4298 2855 4352 in
2893 4309 3152 4353 internum.
3194 4301 3324 4366 Quae
3353 4315 3478 4369 ergo
3505 4301 3661 4356 nobis
3688 4317 3816 4372 spes

2221 4399 2331 4453 est,
2366 4389 2454 4458 qui
2482 4404 2585 4443 non
2618 4405 2800 4444 sumus
2827 4391 2941 4444 sine
2969 4392 3224 4460 peccato?
3264 4391 3400 4446 Audi
3426 4407 3576 4461 spem
3617 4403 3763 4447 tuam
3789 4410 3809 4460 ;

2219 4477 2390 4533 Filius
2414 4490 2580 4534 manet
2606 4481 2658 4534 in
2683 4491 2945 4536 wternum.
2977 4481 3038 4536 Si
3057 4499 3174 4554 ergo
3199 4499 3285 4537 vos
3306 4481 3472 4537 Filius
3504 4483 3813 4555 liberaverit,

2218 4580 2337 4626 tunc
2370 4589 2480 4626 vere
2515 4571 2658 4627 liberi
2697 4574 2850 4627 eritis.
2900 4573 3026 4629 Hmc
3065 4590 3186 4645 spes
3213 4585 3393 4630 nostra
3419 4585 3499 4631 est
3524 4619 3539 4640 ,
3590 4577 3810 4647 fratres,

2220 4676 2278 4719 ut
2303 4681 2333 4719 a
2364 4666 2531 4720 libero
2561 4667 2869 4734 liberemur,
2902 4677 2956 4722 et
2972 4668 3250 4723 liberando
3277 4685 3462 4725 servos
3482 4686 3580 4726 nos
3608 4670 3769 4728 faciat
3797 4689 3813 4725 :

2217 4759 2358 4813 servi
2400 4759 2540 4814 enim
2589 4775 2802 4814 eramus
2840 4761 3170 4831 cupiditatis,
3212 4761 3419 4817 liberati
3454 4764 3600 4819 servi
3643 4765 3816 4822 efﬁcio
3861 4773 3878 4814 ‘-

2217 4866 2340 4904 mur
2381 4851 2678 4906 charitatis.
2734 4852 2846 4906 Hoc
2884 4863 2939 4908 et
2965 4854 3252 4924 Apostolus
3287 4855 3456 4910 dicit;
3495 4855 3593 4910 Vos
3639 4869 3814 4914 autem

2217 4943 2400 5013 fratres
2429 4943 2481 4995 in
2507 4943 2784 4996 libertatem
2816 4945 2976 4998 vocati
3003 4946 3163 5009 estis;
3209 4955 3404 5000 tantum
3427 4964 3488 5000 ne
3526 4948 3812 5006 libertatem

2214 5038 2270 5091 in
2301 5040 2612 5092 occasionem
2650 5039 2816 5092 carnis
2854 5040 2980 5094 detis
2999 5081 3013 5105 ,
3049 5039 3138 5093 sed
3174 5056 3263 5109 per
3295 5041 3592 5094 charitatem
3630 5045 3813 5099 servits

2214 5130 2424 5183 invicem
2456 5127 2651 5202 (Colat.
2680 5145 2742 5194 v,
2775 5129 2883 5200 15).
2933 5129 3051 5184 Non
3087 5144 3216 5200 ergo
3259 5129 3401 5184 dicat
3441 5131 3808 5190 christianos:

2214 5221 2374 5277 Liber
2399 5237 2538 5287 sum,
2583 5223 2635 5276 in
2664 5221 2961 5278 libertatem
2991 5230 3210 5276 vocatus
3229 5237 3350 5276 sum
3383 5241 3396 5276 :
3425 5238 3612 5278 servus
3632 5240 3805 5294 eram,

2215 5317 2309 5373 sed
2351 5317 2659 5388 redemptus
2688 5333 2804 5371 sum
2827 5358 2842 5382 ,
2872 5327 2925 5372 et
2961 5316 3074 5386 ipsa
3110 5317 3475 5388 redemptione
3505 5319 3643 5374 liber
3671 5321 3807 5378 ell'e-

2213 5422 2331 5466 ctus
2367 5427 2483 5466 sum
2506 5453 2520 5477 ,
2566 5411 2753 5466 faciam
2780 5409 2920 5480 quod
2964 5409 3120 5476 volo;
3167 5425 3323 5464 nemo
3349 5427 3435 5466 me
3467 5412 3751 5482 prohibeat
3773 5428 3808 5471 a

2211 5506 2485 5562 voluntate
2525 5521 2676 5571 mea,
2723 5505 2768 5558 si
2803 5502 2937 5558 liber
2964 5517 3102 5558 sum.
3151 5501 3258 5558 Sed
3301 5503 3345 5558 si
3387 5504 3487 5559 ista
3527 5505 3810 5564 voluntate

2211 5608 2486 5670 peccatum
2512 5597 2672 5661 facis,
2703 5611 2889 5651 servus
2919 5611 2978 5651 es
3006 5595 3228 5667 peccati.
3257 5595 3370 5652 Noli
3397 5611 3524 5665 ergo
3553 5597 3807 5654 libertate

2210 5693 2353 5749 abuti
2377 5693 2442 5747 ad
2467 5693 2633 5747 libere
2665 5690 3013 5760 peccandum,
3038 5689 3132 5743 sed
3158 5698 3306 5743 utere
3333 5687 3398 5742 ad
3425 5705 3529 5742 non
3563 5705 3801 5758 peccan-

2209 5788 2357 5843 dum.
2387 5787 2500 5840 Erit
2525 5785 2667 5840 enim
2694 5783 2936 5838 voluntas
2963 5791 3049 5837 tua
3070 5782 3257 5850 libera,
3287 5779 3334 5836 si
3359 5781 3518 5838 fuerit
3543 5782 3648 5852 pia.
3677 5783 3805 5840 Eris

2181 5883 2367 5959 liber.
2393 5879 2443 5940 si
2468 5878 2634 5938 fueris
2669 5892 2884 5948 servus;
2909 5874 3046 5934 liber
3068 5875 3295 5954 peccati,
3316 5889 3505 5935 servus
3525 5873 3754 5948 justitia
3773 5893 3822 5966 Ξ.
