4102 6500
321 402 468 462 1697

323 517 538 575 dicente
562 511 818 584 Apostolo
837 554 851 579 ,
879 508 1007 567 Cum
1030 509 1159 564 servi
1177 509 1347 564 essetis
1369 511 1573 581 peccati,
1602 508 1742 563 liberi
1758 511 1909 564 eratis

309 609 534 681 justitia:
557 623 575 660 :
592 621 725 659 nunc
746 615 915 657 autent
934 604 1129 657 liberati
1149 620 1178 655 a
1199 612 1419 673 peccato,
1452 603 1579 656 servi
1601 612 1767 655 autem
1793 602 1915 672 facti

321 702 458 767 Deo,
491 700 681 755 habetis
713 701 934 769 fructum
958 696 1247 750 vestrumin
1267 696 1730 763 sanctiﬁcationem,
1761 697 1914 763 linem

319 810 439 848 vero
460 794 611 847 vitam
644 799 884 846 aeternam
909 787 1084 862 (Rom.
1114 804 1202 855 v1,
1232 786 1323 853 20,
1344 787 1458 858 22).
1495 786 1606 842 Hoc
1634 801 1908 854 conemur,

320 885 375 940 id
402 898 644 954 agamus.
950 923 957 928 -

392 977 448 1031 9.
474 975 650 1029 Prima
680 972 899 1027 libertas
925 979 1007 1026 est
1032 986 1216 1026 carere
1240 969 1574 1026 criminibus.
1621 969 1906 1035 lntendite,

318 1067 517 1125 fratres
558 1067 701 1131 mei,
753 1065 1041 1129 intendite;
1085 1078 1154 1119 ne
1201 1063 1335 1120 forte
1374 1064 1572 1133 possim
1619 1064 1910 1135 perducere

318 1161 474 1216 vobis
508 1159 577 1214 ad
599 1173 814 1214 sensum
845 1167 900 1212 et
936 1157 1110 1228 qualis
1137 1156 1297 1211 modo
1319 1156 1423 1223 sit,
1461 1166 1515 1211 et
1542 1156 1713 1227 qualis
1736 1154 1910 1210 futura

316 1254 389 1309 sit
436 1252 538 1307 ista
572 1253 813 1307 libertas.
843 1249 1146 1318 Quemlibet
1174 1249 1325 1305 valde
1350 1250 1552 1320 justum
1576 1248 1828 1303 discntias
1856 1250 1909 1303 in

318 1343 423 1400 hac
451 1344 559 1398 vita
581 1384 598 1410 ,
626 1342 868 1413 quamvis
888 1342 998 1412 jam
1022 1341 1093 1395 sit
1116 1340 1305 1412 dignus
1329 1340 1458 1409 justi
1485 1340 1768 1406 vocabulo,
1799 1355 1906 1394 non

316 1446 403 1494 est
432 1447 608 1493 tamen
638 1438 753 1492 sine
795 1445 1014 1507 peccato
1040 1455 1055 1492 :
1083 1437 1204 1491 audi
1250 1438 1421 1507 ipsum
1466 1446 1706 1491 sanctum
1749 1434 1909 1489 Joan—

316 1544 445 1585 nem
469 1570 484 1594 ,
534 1529 686 1599 cujus
723 1538 778 1583 et
802 1529 905 1584 hoc
930 1529 1273 1599 Evangelium
1301 1537 1385 1584 est
1408 1570 1424 1593 ,
1466 1528 1518 1582 in
1551 1528 1788 1598 Epistula
1814 1542 1908 1581 sua

317 1621 633 1686 dicentem,
682 1620 745 1676 Si
772 1621 1047 1676 dixerimus
1070 1662 1085 1686 ,
1129 1620 1336 1691 inquit,
1373 1621 1492 1693 quia
1521 1631 1779 1692 peccatum
1807 1637 1908 1675 non

316 1713 593 1778 habemus,
638 1728 729 1766 nos
757 1714 896 1783 ipsos
925 1713 1202 1782 decipimus
1222 1754 1236 1777 ,
1268 1721 1315 1765 et
1340 1713 1522 1766 veritas
1548 1713 1601 1766 in
1635 1713 1777 1766 nobis
1806 1729 1908 1767 non

314 1815 392 1860 est
419 1805 464 1875 (l
492 1804 651 1859 Joan.
683 1822 701 1859 ι
723 1848 738 1870 ,
765 1806 842 1875 8).
886 1803 1044 1860 Solus
1073 1806 1173 1860 hoc
1199 1804 1377 1860 dicere
1408 1806 1577 1876 potuit
1604 1807 1657 1861 in
1686 1808 1908 1861 mortuis

316 1895 489 1962 liber,
514 1896 585 1950 de
613 1896 728 1951 solo
754 1897 857 1951 dici
882 1898 1052 1966 potuit
1078 1896 1167 1966 qui
1198 1911 1302 1951 non
1344 1906 1566 1953 noverat
1596 1908 1904 1968 peccatum;

320 1986 393 2042 de
426 1987 544 2042 solo
573 1987 682 2042 dici
721 1989 892 2057 putuit
918 2007 931 2043 :
959 1988 1157 2043 etenim
1196 1997 1445 2058 expertus
1481 1998 1565 2043 est
1605 1990 1781 2044 omnia
1818 2006 1908 2045 see

314 2082 549 2136 cundum
590 2083 993 2139 similitudinem
1026 2084 1142 2139 sine
1184 2093 1400 2154 peccato
1443 2083 1625 2157 (Hebr.
1658 2100 1750 2151 tv,
1790 2083 1903 2155 15).

314 2172 473 2228 Solus
500 2173 681 2229 dicere
707 2175 899 2243 potuit,
931 2174 1064 2229 Ecce
1091 2176 1248 2229 veniet
1278 2177 1507 2246 princeps
1536 2176 1714 2229 mundi
1735 2218 1750 2242 ,
1779 2186 1826 2230 et
1852 2176 1906 2230 in

313 2280 397 2318 me
429 2264 560 2318 nihil
597 2268 832 2320 inveniet.
879 2267 1278 2337 Quemcumque
1323 2268 1484 2322 alium
1533 2268 1659 2323 licet
1700 2268 1906 2338 justum

313 2356 653 2423 discusseris,
677 2372 786 2412 non
810 2358 1116 2414 omnimodo
1136 2368 1219 2414 est
1247 2360 1361 2414 sine
1388 2372 1623 2429 peccato.
1645 2360 1757 2416 Nec
1775 2377 1907 2431 qua-

314 2448 380 2504 lis
401 2459 518 2504 erat
542 2449 645 2505 Job
669 2492 684 2516 ,
735 2452 820 2506 cui
858 2452 1112 2508 Dominus
1139 2453 1243 2507 tale
1273 2454 1630 2509 testimonium
1664 2456 1907 2525 perbibe-

314 2544 441 2609 hat,
473 2554 533 2599 ut
556 2545 801 2600 diabolus
828 2546 1115 2611 invideret,
1156 2556 1211 2601 et
1255 2548 1543 2616 postularet
1569 2550 1903 2615 tentandum,

314 2645 530 2692 tentans
568 2648 946 2708 superaretur,
993 2647 1051 2693 ut
1089 2639 1179 2695 ille
1220 2641 1534 2710 probaretur
1573 2640 1712 2714 (Job.
1745 2659 1795 2709 ι,
1819 2641 1902 2715 ιι).

313 2724 441 2781 Ideo
466 2737 649 2783 autem
676 2728 767 2783 ille
794 2730 1044 2799 probatus
1072 2740 1186 2792 est,
1228 2747 1331 2786 non
1359 2732 1482 2802 quia
1519 2733 1713 2788 latebat
1738 2735 1903 2790 Deum

311 2818 677 2883 coronandus,
698 2819 793 2873 sed
815 2830 871 2874 ut
892 2821 1251 2877 innotescerct
1270 2821 1573 2877 hominibus
1594 2825 1903 2880 imitandus.

313 2908 491 2964 Etiam
524 2914 639 2980 ipse
666 2911 768 2967 Job
808 2913 935 2982 quid
968 2913 1137 2968 dicit?
1179 2914 1307 2980 Quis
1324 2916 1456 2969 enim
1494 2918 1755 2972 mundus?
1795 2918 1906 2973 Nec

312 3001 514 3073 infans,
563 3006 715 3076 cujus
740 3015 814 3060 est
840 3008 992 3061 unius
1021 3008 1124 3061 diei
1148 3009 1248 3061 vita
1274 3025 1425 3079 super
1444 3018 1628 3063 terram
1661 3010 1769 3083 (Id.
1792 3029 1902 3082 xw,

314 3093 382 3159 4,
411 3111 517 3148 sec.
549 3094 738 3165 LXX).
786 3096 890 3151 Sed
928 3097 1085 3165 plane
1119 3098 1268 3152 multi
1303 3099 1432 3168 justi
1475 3100 1600 3156 dicti
1638 3112 1759 3156 sunt
1788 3103 1907 3160 sine

311 3189 534 3257 querela
555 3230 570 3251 ,
626 3190 766 3259 quod
806 3191 1118 3260 intelligitur
1145 3192 1262 3247 sine
1290 3194 1514 3248 crimine
1542 3212 1555 3247 :
1584 3196 1727 3249 nulla
1762 3197 1906 3252 enim

312 3280 533 3347 querela
561 3279 702 3350 justa
723 3289 806 3335 est
832 3281 900 3336 de
936 3281 1018 3337 his
1047 3283 1099 3337 in
1140 3284 1301 3338 rebus
1339 3284 1585 3340 humanis
1607 3327 1622 3350 ,
1665 3289 1755 3357 qui
1797 3304 1907 3344 non

314 3368 518 3424 habent
555 3370 779 3425 crimen.
825 3370 1038 3427 Crimen
1077 3383 1255 3428 autem
1297 3385 1379 3430 est
1418 3387 1689 3445 peccatum
1721 3394 1902 3449 grave,

316 3462 662 3515 accusatione
707 3472 761 3515 et
796 3462 1136 3519 damnatione
1178 3464 1568 3536 dignissimum.
1614 3468 1730 3523 Non
1779 3485 1907 3541 ergo

322 3550 466 3604 Deus
495 3552 735 3621 quaedam
769 3564 983 3623 peccata
1011 3555 1249 3621 damnat,
1300 3558 1543 3627 quasdam
1570 3558 1825 3628 justiﬁcat
1853 3572 1909 3617 et
1936 3592 1947 3604 -

316 3641 543 3695 laudat:
588 3644 726 3696 nulla
776 3643 987 3711 laudat,
1042 3645 1154 3700 odit
1199 3646 1397 3701 omnia.
1459 3648 1737 3716 Quomodo
1794 3651 1908 3706 odit

316 3734 560 3788 medicus
589 3736 955 3805 aegritudinem
985 3738 1200 3807 aegroti,
1232 3747 1289 3792 et
1328 3738 1379 3792 id
1418 3741 1527 3809 agit
1569 3742 1807 3796 curando
1850 3753 1908 3798 ut

316 3826 579 3895 :egritudo
610 3826 855 3895 pellatur,
887 3843 1030 3898 a‘ger
1065 3829 1301 3883 levetur:
1330 3831 1407 3884 sic
1444 3831 1583 3885 Deus
1615 3833 1781 3903 gratia
1810 3850 1905 3889 sua

317 3916 419 3971 hoc
464 3918 516 3970 in
565 3917 716 3971 nobis
744 3919 882 3987 agit,
924 3929 981 3972 ut
1019 3929 1289 3989 peccatum
1333 3933 1716 3988 consumatur,
1748 3926 1906 3980 homo

317 4008 590 4063 liberetur.
625 4011 730 4065 Seu
755 4010 967 4080 quando
984 4014 1332 4077 consumitur,
1364 4014 1607 4085 inquies?
1635 4016 1689 4071 Si
1711 4019 1906 4072 minui-

318 4109 433 4166 tur,
466 4117 633 4171 quare
661 4118 769 4157 non
804 4105 1173 4159 consumitur?
1215 4105 1468 4161 Minuitur
1503 4116 1681 4164 autem
1712 4111 1767 4163 in
1802 4110 1905 4165 vita

317 4194 712 4263 proﬁcientium
733 4236 749 4260 ,
778 4195 919 4265 quod
960 4195 1012 4249 in
1038 4197 1145 4250 vita
1170 4198 1500 4253 consumitur
1528 4199 1903 4269 perfectorum.

388 4286 477 4340 10.
519 4286 695 4341 Prima
723 4297 805 4341 est
851 4303 979 4358 ergo
1022 4289 1273 4355 libertas,
1329 4304 1514 4346 carere
1572 4293 1903 4349 criminibus.

317 4375 439 4431 Ideo
469 4385 524 4431 et
549 4378 823 4446 apostolus
870 4378 1063 4433 Paulus
1106 4381 1319 4449 quando
1367 4382 1528 4453 elegit
1577 4385 1901 4442 ordiuandos

316 4468 397 4521 vel
426 4468 770 4538 presbyteros
790 4470 873 4524 vel
894 4470 1167 4537 diaconos,
1195 4481 1250 4527 et
1292 4474 1614 4545 quicumque
1653 4477 1907 4532 ordinan-

317 4556 415 4611 dus
442 4567 527 4612 est
565 4559 632 4613 ad
670 4561 1071 4630 przeposituram
1099 4563 1371 4629 Ecclesiae,
1397 4580 1506 4620 non
1530 4567 1633 4634 ait,
1682 4566 1738 4623 Si
1789 4571 1908 4639 quis

317 4651 432 4707 sine
460 4661 685 4724 peccato
711 4664 828 4720 est;
861 4655 962 4710 hoc
1003 4656 1146 4711 enim
1171 4656 1219 4712 si
1246 4656 1477 4723 diceret,
1525 4659 1700 4716 omnis
1749 4660 1908 4718 homo

319 4744 715 4812 reprobaretur,
746 4746 922 4801 nullus
951 4748 1288 4803 ordinaretur
1314 4768 1326 4804 :
1351 4750 1443 4806 sed
1462 4752 1556 4816 ait,
1578 4752 1640 4807 Si
1663 4754 1775 4823 quis
1801 4756 1909 4809 sine

318 4840 525 4893 crimine
553 4848 627 4893 est
658 4837 942 4906 (lTim.nt,
973 4840 1060 4907 10,
1085 4856 1134 4894 et
1162 4840 1260 4894 Tit.
1289 4841 1421 4915 1,6),
1452 4844 1600 4898 sicuti
1623 4856 1703 4900 est
1734 4846 1908 4901 homi-

318 4930 535 4995 cidium,
564 4930 906 4997 adulterium,
952 4931 1127 5001 aliqua
1150 4932 1479 4987 immunditia
1522 4933 1904 5002 fornicationis,

320 5022 539 5088 furtum,
558 5023 722 5087 fraus,
746 5022 1101 5094 sacrilegium,
1124 5034 1175 5079 et
1200 5035 1390 5080 caetera
1421 5026 1741 5097 hujusmodi.
1773 5031 1906 5085 Cum

319 5114 542 5183 coeperit
568 5128 631 5168 ea
657 5130 761 5168 non
783 5113 983 5170 habere
1011 5116 1170 5170 homo
1191 5116 1368 5187 (debet
1387 5128 1562 5174 autem
1589 5137 1694 5175 non
1716 5122 1910 5178 habere

319 5205 494 5260 omnis
521 5205 845 5261 christianus
864 5205 1069 5278 homo),
1100 5208 1457 5280 incipitcaput
1494 5212 1698 5281 erigere
1741 5214 1807 5268 ad
1849 5214 1910 5268 li-

323 5294 583 5351 bertatem
609 5314 623 5349 :
654 5296 749 5351 sed
776 5298 877 5351 ista
898 5298 1145 5353 inchoata
1167 5308 1269 5367 est,
1286 5316 1388 5355 non
1414 5302 1646 5372 perfecta
1665 5305 1905 5362 libertas.

322 5390 529 5458 Quare,
561 5393 954 5464 inquitaliquis,
1004 5410 1107 5451 non
1132 5405 1215 5453 est
1244 5396 1473 5466 perfecta
1495 5399 1749 5456 libertas?
1776 5402 1908 5470 Quia

329 5500 349 5534 ι
381 5484 538 5541 video
561 5486 718 5541 aliam
744 5487 914 5559 legem
944 5488 996 5542 in
1023 5490 1276 5545 membris
1314 5492 1448 5548 meis
1470 5533 1485 5557 ,
1525 5506 1906 5565 repugnantem

324 5574 423 5647 legi
450 5577 645 5631 mentis
669 5593 804 5633 mea:
833 5597 846 5632 :
884 5596 987 5634 non
1014 5580 1156 5637 enim
1182 5583 1321 5652 quod
1343 5586 1463 5637 volo
1483 5600 1581 5655 ago
1600 5626 1615 5651 ,
1667 5587 1764 5655 ait,
1815 5590 1907 5645 sed

324 5666 464 5737 quod
479 5667 567 5722 odi
588 5668 717 5723 illud
738 5670 873 5725 iacio
897 5690 915 5723 ι
943 5671 1138 5743 (Galat.
1158 5690 1211 5741 ν,
1236 5674 1379 5745 17).‹
1404 5676 1558 5743 Caro,
1574 5678 1753 5748 inquit,
1777 5696 1909 5736 con-

325 5758 548 5828 cupiscit
573 5760 831 5817 adversus
849 5761 1091 5832 spiritum
1118 5806 1133 5830 ,
1157 5776 1211 5820 et
1234 5766 1450 5836 spiritus
1495 5768 1751 5826 adversus
1789 5789 1910 5831 car-

325 5865 470 5921 nem,
498 5863 682 5911 utnon
708 5871 770 5912 ea
798 5872 919 5929 quae
942 5859 1105 5917 vultis
1128 5860 1214 5920 illa
1241 5862 1461 5924 faciatis.
1493 5882 1513 5919 ι
1544 5864 1620 5920 Ex
1656 5876 1806 5938 parte
1832 5869 1899 5925 li-

1505 389 1915 450 TRACTATUS
1948 390 2085 449 XLI.
2125 389 2350 449 CAPUT
2388 390 2518 448 VIII.

3454 395 3597 455 1098

2020 505 2215 571 bertas,
2247 524 2311 563 ex
2332 518 2477 577 parte
2499 507 2754 564 servitus:
2775 507 3009 564 nondum
3030 518 3162 578 tota,
3185 510 3420 568 nondum
3440 529 3596 584 pura,

2019 598 2251 652 nondum
2279 599 2432 668 plena
2464 600 2712 665 libertas,
2736 600 2857 671 quia
2893 600 3127 657 nondum
3160 605 3452 659 aeternitas.
3493 605 3601 660 Ha-

2018 687 2203 742 bemus
2228 690 2367 743 enim
2391 704 2453 744 ex
2478 699 2627 758 parte
2651 690 3005 747 inlirmitatem
3024 734 3040 758 ,
3072 707 3138 748 ex
3181 704 3331 763 parte
3384 696 3598 766 accepi-

2016 794 2135 833 mus
2161 780 2476 836 libertatem.
2507 781 2769 851 Quidquid
2797 793 3070 852 peccatum
3100 794 3185 841 est
3210 801 3240 839 a
3267 786 3422 843 nobis
3445 827 3462 853 ,
3503 802 3601 843 an-

2019 879 2101 927 tea
2129 872 2360 927 deletum
2392 882 2472 928 est
2497 874 2547 927 in
2579 874 2862 943 Baptismo.
2890 875 3154 946 Numquid
3175 878 3294 947 quia
3319 879 3492 935 deleta
3518 890 3602 937 est

2015 971 2122 1018 tota
2156 965 2424 1034 iniquitas,
2457 966 2596 1019 nulla
2618 968 2872 1022 remansit
2913 968 3233 1024 inﬁrmitas?
3270 970 3325 1026 Si
3373 986 3476 1026 non
3512 988 3597 1029 rer

2015 1056 2329 1120 mansisset,
2363 1056 2476 1111 sine
2504 1066 2720 1125 peccato
2772 1059 2858 1113 hic
2891 1061 3207 1117 viveremus.
3246 1062 3375 1130 Quis
3416 1072 3596 1121 autem

2015 1149 2208 1204 audeat
2235 1149 2337 1205 hoc
2362 1150 2538 1205 dicere
2568 1151 2668 1205 nisi
2697 1152 2987 1222 superbus,
3016 1153 3119 1208 nisi
3141 1154 3503 1211 misericordia
3528 1157 3597 1213 li-

2014 1241 2273 1296 beratoris
2302 1242 2579 1312 indignus,
2611 1243 2712 1298 nisi
2746 1244 2837 1314 qui
2878 1246 3112 1315 seipsum
3156 1248 3269 1301 vult
3304 1248 3553 1319 decipere
3576 1291 3594 1318 ,

2013 1338 2138 1392 etin
2169 1354 2275 1408 quo
2298 1340 2493 1394 veritas
2520 1356 2625 1394 non
2649 1341 2769 1395 est?
2798 1342 2937 1413 Ergo
2980 1359 3044 1399 ex
3070 1360 3135 1399 eo
3163 1346 3304 1417 quod
3343 1349 3601 1404 remansit

2013 1430 2210 1501 aliquid
2243 1432 2584 1498 inﬁrmitatis,
2613 1434 2782 1489 audeo
2801 1435 3002 1501 dicere,
3032 1454 3096 1492 ex
3122 1454 3223 1509 qua
3255 1452 3405 1511 parte
3426 1443 3595 1498 servi-

2014 1537 2133 1575 mus
2161 1522 2287 1587 Deo,
2320 1524 2471 1578 liberi
2495 1540 2677 1580 sumus
2702 1543 2713 1578 :
2741 1541 2809 1580 ex
2847 1542 2949 1597 qua
2991 1538 3140 1597 parte
3192 1534 3452 1588 servimus
3492 1534 3599 1605 legi

2013 1616 2253 1683 peccati,
2299 1614 2473 1671 adhuc
2511 1618 2650 1671 servi
2692 1632 2895 1673 sumus.
2945 1620 3094 1676 Unde
3142 1624 3270 1679 dicit
3311 1626 3599 1696 Apostolus

2012 1707 2154 1775 quod
2183 1708 2359 1763 dicere
2400 1725 2732 1780 cmperamus
2762 1730 2774 1766 :
2799 1711 3125 1769 Condelector
3165 1716 3262 1787 legi
3292 1717 3388 1772 Dei
3419 1737 3599 1775 secun-

2012 1799 2133 1853 dum
2160 1802 2445 1857 interiorem
2468 1805 2738 1860 hominem.
2769 1808 2905 1862 Ecce
2927 1808 3068 1864 unde
3092 1810 3279 1876 liberi,
3304 1813 3443 1867 unde
3468 1830 3597 1870 con-

2011 1891 2341 1948 delectamur
2391 1896 2490 1966 legi
2545 1898 2637 1952 Dei
2680 1917 2693 1953 :
2731 1899 2949 1955 libertas
2984 1902 3125 1957 enim
3178 1902 3424 1959 delectat.
3465 1905 3596 1961 Nam

2012 1984 2259 2052 quamdiu
2284 1986 2473 2041 timore
2492 1987 2620 2042 lacis
2649 1989 2790 2059 quod
2815 1990 3016 2059 justum
3055 2003 3165 2061 est,
3204 2010 3309 2049 non
3360 1997 3498 2051 Deus
3547 2006 3599 2052 te

2012 2072 2289 2129 delectat‘.
2319 2077 2583 2144 Quamdiu
2609 2080 2781 2136 adhuc
2829 2099 3015 2138 servus
3044 2084 3171 2140 facis
3191 2128 3206 2151 ,
3242 2094 3292 2142 te
3318 2103 3420 2142 non
3453 2087 3599 2144 dele-

2012 2173 2155 2219 etat:
2185 2167 2412 2224 delectet
2436 2176 2508 2235 te,
2537 2180 2590 2226 et
2616 2173 2749 2228 liber
2774 2189 2852 2229 es.
2882 2174 2998 2229 Noli
3031 2178 3217 2233 timere
3236 2194 3468 2249 pmnam,
3501 2180 3594 2236 sed

2010 2273 2129 2312 ama
2150 2259 2426 2328 justitiam.
2455 2262 2698 2317 Nondmn
2731 2275 2879 2334 potes
2913 2283 3091 2323 amare
3112 2269 3407 2338 justitiam?
3467 2273 3593 2327 time

2011 2349 2096 2403 vel
2124 2365 2354 2418 poenam,
2388 2361 2445 2406 ut
2477 2355 2758 2422 pervenias
2788 2357 2853 2410 ad
2890 2359 3170 2413 amandam
3204 2360 3485 2430 justitiam.

2085 2442 2171 2496 11.
2215 2442 2353 2513 Ergo
2374 2444 2483 2513 jam
2515 2445 2606 2499 ille
2642 2462 2706 2501 ex
2753 2457 2899 2517 parte
2946 2451 3221 2519 superiore
3267 2453 3489 2507 liberum
3539 2470 3599 2509 se

2011 2546 2132 2587 esse
2158 2535 2438 2602 sentiebat,
2474 2535 2612 2591 unde
2634 2536 2865 2605 dicebat,
2896 2540 3222 2596 Condelector
3247 2542 3345 2615 legi
3384 2543 3477 2599 Dei
3516 2562 3598 2600 se-

2010 2626 2231 2679 cundant
2254 2626 2539 2681 interiorem
2569 2630 2839 2682 hominem.
2876 2631 3111 2687 Delectat
3137 2650 3222 2689 me
3251 2636 3352 2698 lex.
3373 2636 3601 2693 delectat

2012 2731 2099 2771 me
2136 2717 2279 2786 quod
2294 2718 2446 2788 jubet
2471 2720 2553 2773 lex
2576 2762 2589 2783 ,
2617 2720 2847 2776 delectat
2887 2738 2974 2777 me
3012 2724 3122 2794 ipsa
3158 2725 3381 2795 justitia.
3441 2726 3599 2782 Video

2010 2816 2179 2861 autem
2206 2810 2363 2864 aliam
2386 2810 2542 2882 legem
2569 2811 2619 2865 in
2642 2812 2872 2867 membris
2892 2816 3014 2868 meis
3046 2832 3064 2868 :
3096 2814 3210 2870 haec
3246 2827 3328 2872 est
3363 2834 3483 2889 quas
3512 2835 3599 2876 re-

2011 2901 2207 2955 mansit
2237 2902 2513 2957 inlirmitas
2541 2921 2554 2956 :
2586 2915 2951 2975 repugnantem
2992 2908 3090 2978 legi
3134 2911 3312 2963 mentis
3362 2927 3517 2977 mete,
3551 2922 3598 2967 et

2010 2994 2343 3057 captivantem
2368 3011 2447 3048 me
2484 2995 2537 3049 in
2576 2996 2684 3067 lege
2720 2999 2942 3067 peccati,
2990 3016 3102 3069 quae
3145 3011 3217 3054 est
3260 3002 3315 3056 in
3361 3005 3597 3059 membris

2011 3086 2153 3140 meis.
2187 3086 2267 3139 Ex
2311 3086 2411 3141 hac
2437 3096 2583 3157 parte
2619 3089 3191 3159 sentitcaptivitatem,
3233 3093 3320 3149 ubi
3364 3110 3470 3149 non
3516 3104 3599 3151 est

2012 3180 2229 3251 impleta
2249 3180 2453 3249 justitia
2475 3197 2488 3233 :
2514 3196 2636 3236 nam
2665 3181 2751 3235 ubi
2791 3182 3187 3239 condelectatur
3210 3185 3313 3256 legi
3344 3186 3457 3253 Dei,
3489 3203 3597 3244 non

2011 3272 2285 3340 captivus,
2312 3272 2404 3326 sed
2432 3272 2563 3343 legis
2601 3274 2806 3328 amicus
2834 3283 2949 3339 est;
2983 3285 3037 3329 et
3079 3275 3202 3331 ideo
3250 3277 3404 3345 liber,
3451 3280 3593 3350 quod

2011 3361 2235 3416 amicus.
2269 3361 2403 3428 Quid
2426 3378 2552 3433 ergo
2581 3378 2647 3417 ex
2676 3379 2741 3418 eo
2770 3365 2911 3435 quod
2942 3368 3142 3420 restat?
3175 3366 3340 3434 Quid,
3368 3369 3469 3423 nisi
3511 3385 3597 3426 re-

2012 3454 2299 3523 spiciamus
2325 3455 2390 3508 ad
2420 3455 2565 3509 illum
2590 3456 2680 3525 qui
2707 3456 2860 3524 dixit,
2895 3457 2956 3513 Si
2982 3475 3065 3513 vos
3088 3457 3255 3514 Filius
3282 3462 3560 3518 liberaverit
3581 3506 3597 3531 ,

2012 3553 2130 3598 tunc
2156 3560 2266 3599 vere
2297 3545 2441 3599 liberi
2470 3547 2609 3600 eritis
2630 3546 2656 3600 ?
2685 3547 2922 3618 Denique
2942 3558 2995 3603 et
3017 3550 3127 3620 ipse
3153 3552 3240 3620 qui
3264 3552 3597 3623 loquebatur,

2012 3636 2079 3691 ad
2108 3636 2253 3691 illum
2290 3638 2524 3706 respexit
2553 3655 2565 3691 :
2601 3656 2619 3689 ι
2655 3637 2843 3693 Infelix
2873 3655 2971 3710 ego
2996 3640 3177 3706 homo,
3207 3644 3325 3711 quis
3359 3661 3444 3699 me
3471 3646 3602 3702 libe-

2011 3728 2167 3790 rabit,
2194 3728 2370 3795 inquit,
2395 3728 2463 3782 de
2482 3742 2710 3797 corpore
2734 3730 2921 3784 mortis
2944 3731 3138 3800 hujus?
3166 3732 3345 3788 Gratia
3376 3737 3467 3791 Dei
3505 3754 3598 3806 per

2011 3818 2191 3873 Jesum
2211 3817 2482 3873 Christum
2505 3820 2782 3874 Dominum
2799 3832 3059 3877 nostrum.
3087 3824 3226 3895 Ergo
3253 3827 3295 3880 si
3315 3842 3407 3881 vos
3432 3827 3597 3884 Filius

2012 3911 2331 3977 liberaverit,
2359 3921 2483 3967 tunc
2508 3928 2631 3968 vere
2646 3914 2799 3968 liberi
2820 3916 2987 3970 eritis.
3014 3936 3032 3968 ι
3054 3918 3368 3988 Deniqueita
3388 3924 3597 3977 conclu-

2012 4005 2084 4060 sit
2106 4022 2118 4058 :
2159 4024 2178 4057 ‹
2203 4004 2600 4076 Igituripseego
2622 4016 2802 4061 mente
2818 4008 2992 4061 servio
3009 4010 3106 4080 legi
3123 4011 3235 4072 Dei.
3250 4024 3598 4069 carueautem

2011 4097 2119 4169 legi
2157 4099 2388 4168 peccati»
2415 4097 2588 4170 (Rom.
2615 4114 2709 4163 vn,
2737 4099 2947 4170 19-25).
2967 4099 3221 4174 Ipseego,
3246 4104 3417 4175 inquit
3448 4124 3460 4159 :
3491 4120 3599 4161 non

2011 4191 2152 4245 enim
2182 4189 2288 4244 duo
2309 4204 2492 4244 sumus
2522 4191 2657 4246 inter
2674 4204 2771 4245 nos
2796 4194 3047 4247 contrarii
3070 4194 3136 4248 de
3151 4194 3376 4251 diversis
3395 4196 3600 4267 princi-

2012 4282 2113 4352 piis
2138 4282 2443 4347 venientes;
2464 4283 2555 4337 sed
2574 4300 2663 4355 ego
2690 4285 2798 4355 ipse
2816 4295 2978 4339 mente
2991 4289 3150 4341 servio
3167 4289 3263 4359 legi
3294 4290 3419 4358 Dei,
3449 4308 3601 4348 carne

2012 4385 2178 4428 autem
2201 4375 2298 4445 legi
2325 4377 2545 4443 peccati,
2574 4378 3063 4448 quamdiulanguor
3091 4381 3391 4438 obluctatur
3417 4385 3595 4440 saluti.

2083 4468 2169 4523 12.
2197 4467 2302 4523 Sed
2331 4470 2376 4521 si
2406 4483 2568 4523 carne
2596 4470 2766 4524 servis
2798 4469 2902 4540 legi
2942 4473 3178 4542 peccati,
3216 4473 3299 4529 fac
3340 4477 3481 4547 quod
3525 4478 3603 4533 ait

2014 4558 2131 4629 ipse
2164 4559 2456 4627 Apostolus
2485 4578 2499 4614 :
2533 4559 2652 4613 Non
2695 4578 2812 4632 ergo
2842 4573 3012 4633 regnet
3040 4577 3302 4635 peccatum
3338 4568 3392 4622 in
3440 4579 3601 4624 vestro

2012 4650 2216 4705 mortali
2247 4668 2458 4722 corpore
2491 4652 2559 4705 ad
2584 4652 2917 4707 obediendum
2956 4656 3218 4713 desideriis
3255 4662 3397 4731 ejus,
3448 4678 3604 4732 neque

2011 4743 2283 4797 exhibeatis
2308 4742 2528 4795 membra
2551 4752 2711 4797 vestra
2735 4761 2878 4798 arma
2898 4745 3175 4811 iniquitatis
3195 4760 3399 4820 peccato
3419 4750 3597 4823 (Rom.

2013 4853 2084 4901 vr,
2116 4837 2202 4899 12,
2232 4835 2342 4906 15).
2372 4834 2485 4889 Non
2508 4836 2601 4902 ait,
2632 4836 2749 4892 Non
2778 4838 2880 4905 sit;
2906 4854 3023 4909 sea,
3050 4840 3171 4895 Non
3196 4852 3384 4913 regnet.
3404 4843 3603 4911 Quam-

2013 4930 2101 4983 diu
2132 4939 2403 4998 pcccatum
2434 4944 2653 4983 necesse
2673 4940 2755 4984 est
2772 4947 2892 4987 esse
2912 4931 2965 4985 in
2983 4934 3232 4989 membris
3259 4935 3382 4999 tuis,
3411 4935 3597 4989 saltem

2014 5020 2086 5075 illi
2109 5035 2328 5091 regnum
2351 5020 2637 5089 auferatur,
2660 5038 2765 5076 non
2795 5022 2885 5076 list
2911 5025 3050 5095 quod
3075 5025 3242 5095 jubet.
3270 5026 3449 5095 Surgit
3484 5028 3601 5081 ira?

2013 5112 2122 5167 noli
2149 5112 2277 5167 dare
2304 5113 2396 5167 irae
2421 5114 2653 5183 linguam
2696 5113 2762 5167 ad
2808 5116 3259 5181 maledicendum;
3314 5118 3424 5172 noli
3470 5118 3601 5176 dare

2015 5205 2109 5260 ira:
2138 5220 2353 5259 manum
2380 5214 2469 5259 aut
2510 5205 2697 5275 pedem
2735 5206 2801 5261 ad
2844 5206 3156 5263 feriendum.
3202 5208 3320 5264 Non
3359 5225 3601 5283 surgeret

2014 5299 2090 5354 ira
2130 5298 2228 5353 ista
2260 5299 2671 5367 irrationabilis,
2705 5301 2805 5356 nisi
2838 5310 3110 5371 peccatum
3149 5312 3291 5358 esset
3329 5305 3380 5359 in
3425 5323 3597 5363 mem-

2014 5389 2126 5445 bris
2156 5408 2168 5443 :
2200 5390 2293 5445 sed
2325 5392 2448 5446 tolle
2479 5392 2551 5445 Illi
2576 5407 2797 5461 regnum
2820 5434 2837 5459 ,
2880 5408 2989 5448 non
3035 5393 3227 5450 habeat
3265 5410 3413 5453 arma
3455 5400 3597 5455 unde

2014 5493 2197 5539 contra
2235 5491 2542 5555 tepngnet;
2589 5485 2757 5541 discet
2799 5486 2957 5540 etiam
3007 5502 3111 5541 non
3167 5504 3419 5561 surgere,
3474 5508 3593 5547 cum

2015 5593 2160 5633 arma
2188 5579 2410 5648 coeperit
2454 5596 2556 5634 non
2606 5579 2860 5634 invenire.
2907 5579 3030 5635 Non
3063 5582 3337 5639 exhibeatis
3379 5586 3602 5640 membra

2081 5696 2252 5770 1.Upu‘s
2273 5700 2463 5770 ‘enMss.
2488 5694 2682 5770 omittit,
2728 5694 3347 5770 geus.__Fort_elegeudum,
3392 5701 3606 5751 nondum

2015 5761 2062 5807 te
2084 5755 2303 5807 delectat.
2322 5763 2425 5807 Mox
2445 5763 2646 5805 veteres
2664 5755 2856 5806 codices
2873 5755 3169 5809 Fossatensis
3192 5769 3243 5811 et
3260 5755 3605 5813 Carcassonen-

2010 5820 2083 5940 iis
2104 5827 2460 5888 prosequuntur
2478 5819 2548 5868 sic
2565 5832 2577 5868 :
2599 5818 2835 5895 Quamdiu
2850 5825 2897 5870 te
2917 5834 3010 5895 non
3025 5820 3244 5887 delectat,
3257 5820 3418 5893 adluit:
3440 5836 3602 5889 servus

2036 5894 2152 5934 acts.
