4030 6476
515 378 658 439 1705

516 501 767 573 poterant
797 498 1141 563 cognoscere,
1171 482 1292 554 quia
1327 493 1433 535 non
1472 484 1719 547 poterant
1755 470 1963 573 audire.-
1999 466 2107 573 Sed

521 558 663 650 unde
700 558 889 644 audire
918 598 1025 639 non
1053 584 1316 650 poterant,
1342 571 1442 627 nisi
1470 568 1594 641 quia
1624 564 1817 635 corrigi
1839 558 2109 618 credendo

519 681 805 742 nolebant?
835 678 904 734 Et
951 676 1055 732 hoc
1097 668 1270 728 unde?
1322 664 1422 719 Vos
1463 679 1496 716 a
1540 669 1680 731 patre
1722 655 1922 710 diabolo
1969 652 2105 707 estis.

520 775 786 848 Quamdiu
841 779 1047 841 patrem
1099 753 1561 818 commemoratis?
1615 748 1876 819 Quamdiu

520 834 756 937 mutatis,
785 834 946 920 modo
973 855 1260 917 Abraham,
1285 849 1443 906 modo
1471 843 1668 900 Deum?
1698 840 1889 896 Audite
1915 853 1947 892 a
1973 834 2109 890 Filio

594 1021 681 1112 il).
724 1021 821 1107 ilic
863 1048 974 1117 jam
1016 1039 1252 1098 cavenda
1290 1043 1373 1091 est
1412 1028 1632 1086 haeresis
1673 1021 2105 1117 Manichaeorum,

518 1164 639 1223 qua:
666 1144 794 1202 dicit
822 1112 940 1197 esse
964 1133 1252 1208 quamdam
1282 1137 1524 1184 naturam
1566 1119 1690 1176 mali
1729 1125 1785 1223 et
1823 1112 2107 1186 quamdam

518 1213 732 1317 gentem
762 1235 1107 1293 tenebrarum
1147 1241 1269 1283 cum
1310 1218 1635 1293 principibus
1670 1213 1801 1279 suis,
1832 1225 1950 1280 quae
1978 1220 2107 1317 aqsa

519 1298 603 1392 Et
644 1342 877 1402 pugnare
903 1333 1091 1381 contra
1116 1320 1282 1375 Deum
1322 1333 1336 1369 :
1376 1314 1522 1367 illum
1550 1322 1677 1363 vero
1705 1307 1890 1402 Deum,
1919 1315 1988 1355 ne
2015 1298 2109 1402 de-

517 1398 743 1486 bellaret
783 1435 912 1492 gens
960 1415 1181 1471 adversa
1222 1422 1445 1479 regnum
1494 1402 1631 1473 ejus,
1674 1398 1884 1454 misisse
1920 1399 2106 1449 contra

517 1534 637 1576 eam
659 1526 905 1585 tanquam
925 1510 1131 1564 viscera
1161 1517 1256 1558 sua
1286 1497 1550 1570 principes
1578 1493 1644 1548 de
1672 1492 1790 1545 luce
1815 1501 1930 1588 sua;
1957 1499 2106 1588 eam-

516 1626 623 1682 que
671 1580 883 1679 gen'tem
930 1600 1095 1655 fuisse
1133 1593 1470 1651 debellatum.
1505 1583 1644 1682 unde
1672 1580 1915 1637 diabolus
1940 1580 2108 1647 origi-

519 1677 642 1759 nem
679 1677 845 1752 ducit.
871 1694 1005 1748 Hinc
1039 1690 1222 1745 dicunt
1250 1685 1445 1739 ducere
1468 1677 1727 1748 originem
1753 1685 1967 1728 carnem
2008 1683 2107 1722 no-

518 1807 715 1858 stram;
758 1799 812 1845 et
841 1784 1132 1843 secundum
1181 1780 1284 1835 hoc
1333 1781 1518 1847 putant
1560 1771 1756 1825 dictum
1797 1762 2105 1827 aDomino,

527 1887 629 1941 Vos
659 1901 689 1936 a
715 1891 858 1954 patre
887 1876 1086 1931 diabolo
1114 1872 1251 1934 estis,
1282 1866 1422 1938 quod
1445 1871 1626 1920 essent
1654 1858 1728 1914 illi
1749 1857 1890 1954 velut
1918 1864 2106 1954 natura

517 1976 665 2042 mali,
696 1945 953 2029 ducentes
993 1965 1250 2035 originem
1279 1959 1349 2014 de
1376 1964 1533 2028 gente
1562 1950 1831 2007 contraria
1857 1945 2109 2042 tenebra-

517 2037 660 2125 rum.
698 2064 787 2120 Sic
824 2068 1025 2125 errant,
1059 2057 1136 2111 sic
1175 2060 1531 2113 excaecantur,
1559 2046 1637 2100 sic
1666 2043 1871 2112 seipsos
1908 2037 2110 2093 faciunt

515 2168 731 2232 gentem
772 2154 1130 2214 tenebrarum,
1163 2141 1431 2201 credendo
1473 2136 1615 2209 quod
1644 2135 1836 2232 falsum
1865 2138 1949 2232 est
1974 2144 2108 2183 con-

518 2225 601 2309 tra
627 2266 751 2307 eum
778 2264 807 2302 a
838 2263 943 2316 quo
971 2241 1139 2299 creati
1165 2246 1308 2295 sunt.
1350 2236 1497 2291 Bona
1528 2242 1611 2286 est
1638 2230 1781 2285 enim
1807 2225 1980 2280 omnis
2009 2238 2108 2277 na-

517 2354 670 2409 tura;
707 2340 802 2396 sed
830 2340 1011 2393 vitiata
1052 2343 1133 2389 est
1176 2328 1409 2385 hominis
1440 2332 1626 2380 natura
1657 2336 1752 2391 per
1779 2318 2109 2373 voluntatem

517 2438 734 2494 malam.
774 2430 925 2501 Quod
973 2428 1096 2483 fecit
1140 2426 1283 2479 Deus
1320 2436 1425 2475 non
1463 2424 1638 2489 potest
1663 2428 1784 2469 esse
1810 2410 2029 2475 malum,
2062 2409 2108 2462 si

518 2529 636 2599 ipse
666 2526 826 2579 homo
870 2536 975 2576 non
1024 2519 1095 2573 sit
1137 2515 1237 2571 sibi
1278 2512 1449 2567 malus
1493 2527 1507 2564 :
1544 2506 1637 2563 sed
1680 2507 1836 2599 plane
1864 2503 2105 2566 Creato'r,

517 2598 741 2677 Creator
765 2625 882 2681 est;
913 2621 1155 2670 creatura
1175 2651 1190 2674 ,
1218 2615 1461 2663 creatura
1489 2611 1606 2667 est;
1637 2598 1836 2671 aquari
1865 2605 2110 2652 creatura

518 2728 625 2768 non
665 2718 841 2780 potest
881 2703 1141 2760 Creatori.
1164 2700 1464 2755 Discernite
1497 2710 1621 2750 eum
1661 2693 1749 2762 qui
1782 2690 1925 2756 fecit,
1958 2689 2025 2743 ab
2045 2703 2111 2743 eo

517 2800 662 2872 quod
686 2799 828 2855 fecit.
856 2794 1076 2866 Equari
1098 2807 1202 2847 non
1232 2796 1407 2860 potest
1432 2788 1579 2841 labro
1604 2798 1903 2847 scamnum,
1934 2794 2114 2872 aequa-7

518 2870 565 2950 ri
607 2908 713 2947 non
753 2898 931 2962 potest
968 2886 1213 2942 columna
1253 2878 1539 2943 structori;
1580 2884 1635 2931 et
1673 2884 1850 2929 tamen
1882 2872 2031 2927 faber
2065 2870 2112 2925 si

518 2999 796 3041 scamnum
848 2980 993 3046 fecit,
1034 2977 1234 3048 lignum
1279 2975 1390 3044 ipse
1431 2987 1539 3025 non
1582 2968 1801 3024 creavit.
1854 2965 2113 3020 Dominus

518 3086 698 3131 autem
753 3074 893 3127 Deus
935 3079 1117 3124 noster
1162 3067 1283 3137 quia
1327 3064 1664 3131 omnipotens
1706 3066 1808 3122 est,
1851 3066 1906 3111 et
1938 3054 2113 3110 Verbo

519 3166 651 3224 fecit
696 3163 839 3235 quod
887 3160 1012 3217 fecit
1041 3178 1055 3216 :
1088 3157 1265 3213 omnia
1293 3170 1412 3225 quae
1451 3153 1575 3207 fecit
1613 3166 1717 3204 non
1759 3146 1942 3202 habuit
1971 3145 2112 3200 unde

520 3260 739 3323 faceret,
772 3264 827 3311 et
856 3264 1032 3309 tamen
1072 3251 1216 3307 fecit.
1260 3247 1417 3302 Facta
1454 3254 1579 3299 sunt
1602 3242 1742 3297 enim
1769 3241 1890 3308 quia
1921 3238 2110 3305 voluit,

520 3351 659 3405 facta
686 3356 809 3403 sunt
830 3345 953 3416 quia
975 3343 1107 3398 dixit
1136 3359 1150 3394 :
1187 3339 1281 3394 sed
1308 3338 1446 3392 facta
1473 3336 1655 3390 factori
1683 3331 1980 3401 comparari
2006 3344 2111 3383 non

518 3449 763 3515 possunt.
828 3437 1031 3506 Quaeris
1096 3432 1236 3505 quod
1292 3444 1588 3499 compares,
1641 3426 1833 3481 Filium
1896 3424 2110 3477 unicum

520 3548 769 3604 agnosce.
802 3529 955 3586 Unde
999 3542 1129 3598 ergo
1175 3523 1346 3582 Judaei
1397 3521 1490 3576 lilii
1537 3519 1769 3574 diaboli?
1824 3516 2107 3581 lmitando,

520 3643 627 3684 non
657 3623 946 3681 nascendo.
978 3621 1171 3676 Audite
1200 3618 1489 3686 Scriptura:
1527 3622 1723 3668 sanctae
1768 3610 2112 3667 consuetudi-

521 3735 667 3775 nem.
720 3715 983 3786 Pr0pheta
1032 3713 1161 3767 dicit
1203 3710 1269 3764 ad
1311 3709 1456 3779 ipsos
1497 3706 1713 3761 Judaeos
1758 3722 1772 3758 :
1805 3703 1960 3758 Pater
1999 3713 2113 3757 tuus

520 3812 868 3871 Amorrhwus,
918 3817 963 3863 et
1014 3814 1174 3859 mater
1224 3812 1309 3855 tua
1355 3799 1553 3855 Cethaza
1599 3797 1809 3866 (Ezech.
1872 3811 1984 3860 xv1,
2034 3794 2110 3862 5).

520 3905 820 3962 Amorrhzei
855 3916 987 3973 gens
1014 3909 1129 3955 erat
1157 3894 1423 3967 quaedam,
1456 3893 1596 3947 unde
1634 3893 1894 3962 originem
1941 3889 2114 3944 Judaei

521 4014 629 4054 non
674 3996 941 4051 ducebant
982 3990 1229 4046 :Cethaei
1273 4000 1327 4043 et
1374 3986 1473 4055 ipsi
1514 3994 1723 4055 gentem
1758 3998 1907 4037 suam
1949 3982 2114 4036 habe-

521 4093 669 4157 bant,
701 4087 921 4144 omnino
957 4084 1183 4138 alienam
1209 4096 1239 4134 a
1269 4093 1466 4149 genere
1494 4076 1822 4131 .ludazorum.
1854 4072 1959 4129 Sed
1990 4075 2113 4143 quia

522 4191 677 4239 erant
700 4178 848 4250 impii
874 4174 1169 4231 Amorrhasi
1192 4182 1245 4227 et
1264 4170 1491 4236 Cethaei,
1518 4168 1683 4223 Judaei
1714 4176 1891 4222 autem
1924 4167 2115 4221 imitati

521 4284 648 4332 sunt
694 4272 997 4344 impietates
1042 4267 1280 4330 illorum;
1334 4263 1650 4319 invenerunt
1694 4261 1795 4315 sibi
1842 4271 2111 4331 parentes,

522 4383 633 4422 non
671 4366 738 4421 de
778 4363 971 4435 quibus
1008 4365 1374 4421 nascerentur,
1421 4355 1515 4409 sed
1546 4370 1770 4425 quorum
1801 4369 1978 4408 mores
2024 4369 2114 4408 sc-

521 4457 717 4515 ctando
744 4454 943 4526 pariter
965 4452 1363 4507 damnarentur.
1395 4446 1645 4513 Quaeritis
1660 4456 1836 4500 autem
1863 4445 2112 4513 fortasse,

522 4550 663 4607 unde
690 4549 803 4619 ipse
833 4543 1113 4601 diabolus?
1142 4540 1269 4597 Inde
1292 4540 1477 4610 utique
1506 4538 1646 4594 unde
1674 4538 2117 4608 etcasteriAnge-

522 4643 580 4698 li.
607 4640 711 4697 Sed
739 4639 918 4695 czeteri
960 4635 1144 4707 Angeli
1191 4634 1243 4688 in
1275 4648 1369 4687 sua
1399 4630 1699 4685 obedientia
1729 4632 2111 4700 perstiterunt:

523 4736 613 4791 .Zle
640 4730 995 4789 inonediendo
1020 4738 1074 4783 et
1101 4723 1459 4797 superbiendo
1482 4724 1661 4794 lapsus
1688 4732 1773 4779 est
1799 4724 2039 4793 angelus,
2062 4730 2117 4778 et

522 4827 693 4883 factus
713 4835 794 4881 est
817 4823 1078 4878 diabolus.

595 4922 683 4974 11.
724 4917 829 4974 Sed
862 4915 1021 4969 modo
1046 4912 1224 4968 audite
1244 4910 1369 4981 quid
1394 4909 1539 4965 dicat
1564 4908 1841 4973 Dominus,
1879 4905 1998 4971 Vos,
2035 4905 2116 4960 in-

522 5014 655 5084 quit,
696 5029 729 5065 a
768 5018 910 5081 patre
952 5005 1342 5069 diabolo.estis,
1382 5012 1427 5055 et
1469 5000 1717 5054 desideria
1759 5000 1919 5070 patris
1969 4998 2118 5053 vestri

523 5106 671 5160 vultis
709 5109 893 5175 facere.
926 5101 1061 5153 Ecce
1087 5100 1225 5150 unde
1266 5095 1359 5148 lilii
1426 5094 1576 5162 ejus;
1621 5092 1741 5161 quia
1797 5092 1919 5144 talia
1971 5090 2116 5145 desi-

508 5196 741 5268 deratis,
777 5210 882 5248 non
922 5191 1044 5261 quia
1082 5189 1149 5243 de
1180 5188 1270 5242 illo
1301 5186 1407 5239 nati
1451 5185 1599 5238 estis.
1640 5183 1768 5251 Quae
1811 5193 1932 5236 sunt
1977 5182 2117 5237 illius

512 5274 821 5341 'dcsideria?
852 5282 952 5335 Ille
982 5279 1234 5334 homicida
1261 5286 1366 5331 erat
1394 5275 1457 5329 ab
1486 5276 1651 5328 initio.
1687 5276 1825 5329 Ecce
1849 5274 1990 5344 quod
2012 5284 2112 5341 est,

526 5378 775 5432 desideria
816 5376 971 5445 patris
1001 5373 1149 5427 vestri
1179 5376 1342 5443 facere
1380 5370 1529 5423 uultis
1558 5385 1575 5421 :
1606 5368 1843 5433 Quaeritis
1882 5385 1959 5421 me
1984 5370 2119 5423 occi-

492 5473 664 5535 fdere,
694 5471 943 5523 hominem
982 5467 1072 5535 qui
1105 5466 1360 5519 veritatem
1398 5462 1533 5517 vobis
1560 5462 1693 5515 dico.
1728 5464 1792 5517 Et
1818 5462 1905 5517 ille
1932 5463 2119 5519 invidit

493 5531 752 5623 :homini,
785 5570 838 5614 et
865 5558 1059 5614 occidit
1099 5557 1389 5611 hominem.
1424 5554 1672 5608 Diabolus
1707 5555 1849 5609 enim
1876 5570 1999 5609 cum
2031 5557 2115 5610 in-

528 5655 733 5711 videret
771 5652 994 5717 homini,
1021 5660 1267 5720 serpente
1296 5648 1512 5703 indutus
1541 5649 1749 5703 locutus
1772 5657 1855 5703 est
1883 5650 2113 5716 mulieri,

530 5746 675 5804 etde
700 5745 926 5800 muliere
958 5742 1239 5797 venenavit
1260 5751 1313 5797 et
1336 5741 1530 5795 virum.
1780 5738 1905 5798 sunt
1930 5742 2119 5798 diabo-

531 5842 641 5900 lum
683 5836 948 5897 audiendo
994 5834 1145 5909 (Gen.
1183 5852 1263 5902 ,
1306 5836 1384 5908 1),
1411 5852 1568 5907 quem
1604 5850 1712 5895 non
1748 5836 2042 5908 audissent,
2071 5842 2119 5900 si

1465 358 1530 415 IN
1565 351 1842 414 JOANNIS
1882 344 2349 417 EVANGELIUM,
2390 348 2449 405 S.
2490 347 2863 409 AUGUSTINI

3662 354 3807 414 1708

2216 466 2497 521 Dominum
2532 468 2715 523 audire
2749 468 3039 524 voluissent
3071 486 3084 523 :
3112 468 3317 540 positus
3346 469 3491 524 enim
3518 468 3683 527 homo
3711 470 3802 527 in-

2218 568 2302 613 ter
2328 575 2447 614 eum
2489 560 2577 629 qui
2614 562 2834 627 creavit,
2873 571 2927 616 et
2964 578 3086 617 eum
3125 564 3215 633 qui
3254 564 3434 632 lapsus
3458 572 3561 630 est,
3590 562 3800 620 obtem-

2216 668 2405 724 perare
2448 654 2627 709 debuit
2655 654 2917 720 Creatori,
2950 670 3055 710 non
3098 656 3387 726 deceptori.
3419 656 3560 727 Ergo
3590 657 3679 711 ille
3707 658 3805 712 ho-

2216 746 2401 800 micida
2431 757 2537 800 erat
2562 747 2625 801 ab
2662 748 2826 802 initio.
2858 748 3045 804 Videte
3065 764 3231 818 genus
3266 748 3559 815 homicidii,
3587 748 3785 805 fratres

2216 837 2490 895 Homicida
2519 840 2713 895 dicitur
2740 840 3000 903 diabolus,
3035 856 3140 896 non
3168 841 3343 912 gladio
3390 852 3647 906 armatus,
3694 858 3806 899 non

2214 930 2356 987 ferro
2391 932 2692 999 accinctus;
2724 934 2791 988 ad
2832 933 3104 989 hominem
3142 935 3306 997 venit,
3335 934 3557 990 verbum
3603 937 3807 992 malum

2214 1024 2521 1090 seminavit,
2563 1037 2617 1079 et
2656 1026 2869 1081 occidit.
2899 1025 3018 1081 Noli
3065 1040 3195 1096 ergo
3240 1034 3427 1095 putare
3466 1035 3519 1082 te
3546 1041 3656 1081 non
3682 1042 3808 1083 esse

2216 1114 2560 1182 homicidam,
2589 1117 2803 1187 quando
2847 1116 2997 1172 fratri
3044 1126 3138 1172 tuo
3187 1118 3324 1172 mala
3374 1118 3713 1188 persuades:
3760 1120 3807 1174 si

2214 1204 2361 1260 fratri
2408 1215 2497 1261 tuo
2534 1209 2673 1263 mala
2718 1209 3025 1278 persuades,
3056 1208 3279 1265 occidis.
3306 1209 3375 1263 Et
3412 1218 3470 1264 ut
3494 1211 3634 1266 scias
3677 1211 3807 1281 quia

2212 1299 2433 1366 occidis,
2462 1300 2583 1355 audi
2621 1301 2892 1356 Psalmum
2926 1319 2940 1355 :
2974 1300 3100 1356 Filii
3133 1302 3413 1369 hominum,
3435 1303 3610 1359 dentes
3627 1320 3809 1359 eorum

2212 1406 2356 1445 arma
2381 1404 2425 1447 et
2448 1394 2664 1464 sagittis,
2689 1404 2734 1448 et
2766 1395 2940 1467 lingua
2964 1412 3138 1450 eorum
3172 1396 3424 1452 machaera
3447 1406 3596 1451 acuta
3624 1395 3805 1461 (Psal.

2214 1500 2320 1551 Lvt,
2350 1484 2427 1555 5).
2460 1485 2567 1540 Vos
2590 1501 2717 1557 ergo
2743 1488 2991 1542 desideria
3026 1488 3186 1559 patris
3232 1491 3380 1544 uestri
3420 1491 3570 1544 uultis
3596 1493 3766 1561 facere
3787 1506 3809 1545 :

2212 1577 2334 1633 ideo
2353 1580 2552 1634 szevitis
2581 1580 2635 1634 in
2664 1596 2901 1649 carnem,
2930 1583 3052 1654 quia
3078 1598 3182 1637 non
3211 1584 3435 1653 potestis
3462 1584 3515 1638 in
3544 1592 3806 1639 mentem.

2213 1668 2314 1725 Ille
2341 1671 2595 1725 homicida
2626 1682 2734 1726 erat
2760 1672 2823 1726 ab
2850 1673 2993 1727 initio
3030 1688 3049 1727 :
3074 1675 3255 1743 utique
3282 1675 3335 1729 in
3361 1676 3535 1746 primo
3562 1674 3803 1731 homine.

2214 1762 2293 1817 Ex
2313 1763 2406 1818 illo
2438 1764 2525 1818 ille
2556 1764 2839 1828 homicida,
2868 1780 2933 1820 ex
2959 1782 3063 1835 quo
3088 1766 3260 1836 potuit
3291 1767 3405 1821 fieri
3432 1765 3804 1822 homicidium:

2213 1871 2279 1911 ex
2328 1856 2416 1910 illo
2463 1858 2631 1925 potuit
2680 1857 2794 1912 fieri
2840 1857 3205 1924 homicidium,
3234 1874 3301 1913 ex
3348 1872 3451 1928 quo
3498 1857 3671 1913 factus
3722 1868 3808 1915 est

2214 1948 2397 2004 homo.
2424 1948 2539 2003 Non
2565 1950 2707 2004 enim
2742 1958 2921 2018 posset
2956 1950 3126 2005 occidi
3167 1950 3350 2016 homo,
3383 1951 3485 2005 nisi
3528 1952 3676 2021 prius
3703 1952 3806 2007 lie-

2212 2051 2297 2098 ret
2321 2042 2501 2097 homo.
2536 2041 2807 2096 Homicida
2832 2058 2959 2113 ergo
2978 2043 3065 2097 ille
3083 2043 3146 2097 ab
3171 2044 3333 2098 initio.
3364 2043 3432 2099 Et
3459 2044 3601 2100 unde
3630 2046 3807 2100 homi-

2212 2135 2370 2191 cida?
2395 2134 2464 2189 Et
2502 2137 2555 2190 in
2594 2137 2795 2191 ueritate
2828 2154 2929 2191 non
2969 2137 3121 2191 stetit.
3156 2137 3295 2208 Ergo
3320 2138 3373 2192 in
3418 2138 3643 2193 veritate
3681 2138 3804 2205 fuit,

2212 2228 2307 2283 sed
2335 2245 2439 2283 non
2470 2229 2659 2285 stando
2684 2230 2893 2285 cecidit.
2918 2231 2985 2285 Et
3006 2245 3171 2301 quare
3192 2232 3247 2284 in
3280 2230 3484 2285 ueritate
3507 2247 3608 2285 non
3634 2232 3809 2287 stetit?

2216 2319 2351 2386 Quia
2379 2322 2558 2375 veritas
2596 2338 2697 2376 non
2737 2332 2812 2376 est
2848 2322 2901 2376 in
2929 2338 3009 2376 eo.
3038 2321 3152 2377 Non
3193 2323 3461 2393 quomodo
3481 2323 3535 2377 in
3563 2320 3805 2390 Christo,

2213 2415 2293 2470 sic
2316 2425 2399 2470 est
2426 2417 2647 2483 veritas,
2677 2426 2734 2471 ut
2771 2416 3015 2472 Christus
3063 2416 3177 2486 ipse
3217 2416 3288 2471 sit
3323 2418 3540 2471 veritas.
3571 2416 3628 2472 Si
3671 2432 3807 2487 ergo

2214 2510 2317 2566 iste
2358 2511 2409 2565 in
2454 2514 2675 2567 veritate
2714 2512 2970 2578 stetisset,
2999 2512 3051 2565 in
3081 2510 3297 2566 Christo
3327 2512 3585 2577 stetisset,
3624 2509 3723 2566 sed
3752 2511 3809 2564 in

2212 2603 2419 2657 ueritate
2446 2620 2547 2658 non
2566 2604 2719 2669 stetit,
2742 2605 2860 2672 quia
2882 2604 3061 2659 veritas
3086 2620 3187 2657 non
3216 2612 3289 2659 est
3311 2604 3365 2657 in
3388 2620 3466 2658 eo.

2287 2695 2374 2751 12.
2417 2696 2543 2750 Cum
2586 2695 2808 2767 loquitur
2843 2697 3179 2761 mendacium,
3215 2712 3279 2751 ea:
3304 2696 3521 2767 propriis
3550 2696 3808 2766 loquitur;

2212 2789 2332 2860 quia
2352 2790 2570 2843 mendax
2601 2798 2693 2855 est,
2722 2798 2771 2842 et
2799 2798 2943 2859 pater
2969 2789 3100 2858 ejus.
3126 2786 3261 2855 Quid
3287 2795 3370 2842 est
3409 2787 3548 2841 hoc?
3566 2785 3811 2842 Audistis

2214 2883 2375 2935 verba
2423 2881 2715 2951 Evangelii,
2762 2880 2949 2935 intenti
2989 2880 3311 2949 accepistis:
3343 2893 3469 2934 ecce
3511 2887 3718 2949 repeto,
3748 2888 3813 2934 ut

2215 2975 2515 3046 agnoscatis
2550 2974 2677 3044 quid
2721 2974 2964 3044 exigatis.
2994 2973 3070 3028 De
3098 2972 3313 3028 diabolo
3348 2973 3604 3027 Dominus
3627 2988 3691 3027 ea
3721 2972 3811 3026 di-

2216 3067 2370 3121 cebat
2396 3081 2515 3136 qua:
2552 3066 2619 3121 de
2646 3065 2861 3120 diabolo
2901 3064 3006 3119 dici
3034 3080 3065 3118 a
3095 3064 3320 3119 Domino
3358 3064 3675 3119 debuerunt.
3707 3062 3815 3118 Ille

2217 3160 2469 3213 homicida
2495 3168 2603 3211 erat
2631 3158 2694 3212 ab
2723 3158 2888 3224 initio,
2920 3172 3104 3212 verum
3133 3165 3247 3222 est;
3278 3171 3401 3211 nam
3437 3156 3667 3225 primum
3710 3154 3819 3209 ho-

2218 3252 2415 3306 minem
2442 3250 2637 3305 occidit
2663 3267 2676 3302 :
2708 3259 2754 3304 et
2782 3250 2836 3303 in
2861 3250 3069 3303 ueritate
3098 3265 3200 3302 non
3226 3248 3396 3312 stetit;
3420 3247 3544 3318 quia
3571 3246 3641 3302 de
3664 3245 3815 3301 veri-

2219 3353 2324 3399 tate
2363 3344 2543 3413 lapsus
2582 3352 2682 3397 est.
2714 3340 2842 3397 Cum
2870 3342 3092 3409 loquitur
3114 3340 3452 3405 mendacium,
3484 3340 3666 3410 utique
3691 3338 3817 3407 ipse

2216 3436 2480 3501 diabolus,
2526 3436 2590 3489 de
2630 3435 2847 3507 propriis
2898 3435 3151 3505 loquitur;
3196 3432 3315 3504 quia
3356 3431 3577 3487 mendam
3622 3440 3717 3499 est,
3765 3440 3821 3485 et

2219 3538 2361 3601 pater
2388 3530 2518 3597 ejus.
2550 3528 2606 3582 In
2634 3528 2717 3582 his
2748 3527 2926 3581 verbis
2945 3526 3158 3597 quidam
3182 3536 3384 3595 patrem
3420 3524 3687 3580 diabolum
3715 3525 3821 3579 ha-

2218 3624 2347 3679 bere
2390 3629 2727 3694 putaverunt,
2777 3631 2831 3676 et
2879 3621 3206 3690 qumsierunt
3254 3620 3372 3690 quis
3422 3627 3566 3675 esset
3611 3618 3820 3675 diaboli

2218 3726 2387 3787 pater.
2420 3714 2516 3769 Hic
2545 3729 2672 3769 vero
2696 3712 3026 3768 detestabilis
3053 3727 3203 3767 error
3224 3711 3633 3767 Manichaeorum
3662 3711 3821 3767 inve-

2218 3808 2297 3862 nit
2328 3806 2504 3861 adhuc
2540 3822 2641 3876 qua
2671 3805 2943 3875 deciperet
2986 3804 3284 3873 imperitos.
3328 3802 3519 3858 Solent
3555 3802 3698 3858 enim
3728 3803 3821 3859 di-

2218 3915 2379 3954 cere:
2408 3899 2539 3953 Puta
2586 3897 2828 3952 diabolus
2876 3896 3097 3967 angelus
3142 3895 3259 3959 fuit,
3290 3903 3345 3951 et
3386 3897 3562 3966 lapsus
3599 3904 3720 3961 est;
3748 3896 3822 3951 ab

2218 3991 2310 4047 illo
2360 3993 2521 4061 coepit
2562 3999 2860 4060 peccatum,
2891 3992 3029 4045 sicut
3073 3988 3251 4044 dicitis
3282 4007 3296 4043 :
3328 3990 3489 4044 Pater
3526 3988 3644 4058 ejus
3688 3990 3823 4059 quis

2218 4084 2374 4140 erat?
2402 4084 2511 4139 Nos
2537 4092 2719 4138 contra
2746 4102 2759 4137 :
2783 4082 2914 4149 Quis
2936 4083 3077 4137 enim
3108 4091 3349 4136 nostrum
3371 4080 3656 4152 aliquando
3675 4081 3825 4138 dixit

2218 4177 2485 4232 diabolum
2539 4178 2737 4231 habere
2784 4175 3028 4247 patrem?
3076 4176 3141 4230 Et
3169 4176 3242 4229 illi
3272 4184 3504 4231 contra:
3554 4176 3825 4231 Dominus

2218 4270 2366 4335 dicit,
2422 4270 2765 4341 Evangelium
2813 4270 3065 4340 loquitur,
3112 4268 3180 4323 de
3219 4269 3433 4323 diabolo
3475 4269 3678 4335 dicens,
3715 4270 3822 4337 ait,

2218 4361 2321 4417 Ille
2359 4363 2613 4418 homicida
2642 4371 2747 4415 erat
2785 4362 2847 4415 ab
2886 4361 3051 4425 initio,
3088 4372 3134 4414 et
3172 4360 3226 4413 in
3268 4360 3471 4415 ueritate
3509 4376 3610 4414 non
3648 4360 3827 4425 stetit;

2218 4458 2338 4528 quia
2375 4458 2555 4511 veritas
2596 4472 2697 4509 non
2744 4465 2817 4509 est
2850 4456 2902 4508 in
2937 4471 2995 4508 eo
3019 4469 3037 4508 :
3060 4470 3175 4507 cum
3209 4454 3432 4525 loquitur
3469 4452 3825 4522 mendacium,

2219 4548 2282 4602 de
2308 4549 2527 4617 propriis
2549 4548 2805 4617 loquitur;
2830 4546 2947 4617 quia
2968 4546 3187 4599 mendas
3208 4556 3300 4610 est,
3331 4554 3379 4599 et
3404 4555 3545 4615 pater
3570 4545 3703 4615 ejus.

2292 4636 2378 4689 15.
2414 4634 2571 4696 Audi,
2605 4634 2875 4702 intellige;
2916 4648 3023 4687 non
3077 4642 3127 4687 te
3167 4632 3321 4702 longe
3363 4631 3540 4698 mitto,
3588 4631 3640 4686 in
3682 4629 3830 4702 ipsis

2220 4727 2397 4783 verbis
2447 4726 2701 4795 intellige.
2754 4725 3031 4779 Diabolum
3090 4725 3348 4779 Dominus
3420 4724 3554 4779 dixit
3605 4733 3829 4795 patrem

2220 4817 2506 4873 mendacii.
2539 4818 2676 4883 Quid
2705 4826 2788 4871 est
2816 4817 2949 4871 hoc?
2979 4816 3116 4871 Audi
3143 4816 3268 4887 quid
3298 4817 3385 4877 sit,
3419 4816 3615 4886 replica
3652 4818 3831 4874 modo

2222 4912 2335 4982 ipsa
2377 4910 2559 4974 verba,
2588 4920 2642 4965 et
2686 4910 2943 4981 intellige.
2987 4908 3103 4965 Non
3139 4910 3314 4965 omnis
3353 4910 3494 4963 enim
3539 4910 3628 4979 qui
3655 4926 3828 4967 men-

2223 5006 2369 5067 titur,
2392 5014 2544 5074 pater
2574 5002 2836 5057 mendacii
2870 5001 2951 5056 sui
2973 5011 3075 5056 est.
3102 5000 3159 5056 Si
3184 4999 3327 5055 enim
3356 5000 3423 5055 ab
3450 5000 3554 5055 alio
3584 5002 3828 5057 menda-

2221 5096 2362 5149 cium
2412 5093 2682 5162 accepisti,
2736 5102 2790 5147 et
2832 5091 3047 5156 dixisti;
3099 5100 3155 5146 tu
3200 5090 3414 5161 quidem
3464 5092 3722 5145 mentitus
3762 5109 3838 5150 cs

2222 5184 2543 5257 proferendo
2587 5184 2921 5239 mendacium
2960 5202 2973 5238 :
3019 5182 3112 5238 sed
3140 5192 3291 5252 pater
3338 5182 3604 5238 mendacii
3648 5183 3839 5253 ipsius

2224 5297 2331 5336 non
2357 5295 2436 5346 es,
2468 5280 2589 5350 quia
2612 5279 2679 5334 ab
2706 5279 2874 5333 altero
2898 5278 3147 5345 accepisti
3170 5277 3529 5333 mendacium.
3557 5277 3838 5336 Diabolus

2224 5384 2401 5428 autem
2432 5388 2461 5426 a
2491 5373 2668 5441 seipso
2705 5370 2931 5427 mendax
2978 5370 3104 5435 fuit;
3139 5370 3476 5425 mendacium
3516 5386 3671 5425 suum
3704 5371 3839 5441 ipse

2223 5466 2423 5536 genuit,
2452 5481 2480 5519 a
2512 5466 2723 5520 nemine
2752 5464 2971 5519 audivit.
3016 5463 3297 5531 Quomodo
3337 5463 3479 5518 Deus
3522 5463 3683 5519 Pater
3725 5481 3869 5535 ge-i

2225 5559 2342 5613 nuit
2390 5558 2579 5613 Filium
2625 5559 2939 5623 veritatem;
2986 5556 3063 5611 sic
3105 5556 3349 5611 diabolus
3403 5556 3584 5626 lapsus
3632 5560 3843 5626 genuit

2223 5651 2374 5721 quasi
2420 5650 2582 5704 filium
2632 5648 2987 5704 mendacium.
3035 5646 3130 5702 His
3177 5646 3393 5713 auditis,
3434 5646 3636 5718 replica
3678 5664 3845 5707 nunc

2226 5758 2280 5805 et
2317 5745 2494 5802 recole
2532 5743 2693 5798 verba
2738 5740 2946 5795 Domini
2980 5757 2993 5793 :
3032 5755 3182 5794 mens
3226 5739 3504 5803 catholica,
3552 5739 3679 5811 quid
3724 5755 3850 5796 au-

2226 5840 2391 5899 dieris
2415 5837 2651 5904 adverte,
2680 5833 2806 5911 quid
2834 5831 2979 5891 dicat
3006 5831 3241 5889 attende.
3263 5828 3367 5886 Ille
3391 5846 3411 5885 :
3434 5830 3591 5909 quis?
3619 5831 3846 5893 Diabo-
