4102 6464
287 334 423 409 nos

283 466 366 504 IIIS
416 465 432 479 ·
480 444 735 501 homicida
782 452 887 499 erat
942 440 1004 494 ab
1043 439 1203 495 initio.
1254 437 1620 508 Agnoscimus,
1672 432 1867 488 occidit

282 542 477 593 Adam.
509 536 579 590 Et
612 538 662 589 in
692 536 893 589 veritate
925 550 1025 587 non
1052 532 1204 586 stetit.
1245 529 1612 600 Agnoscimus,
1650 525 1772 595 quia
1800 522 1866 577 de

282 631 511 684 veritate
550 629 727 697 lapsus
756 634 858 681 est.
888 624 1018 689 Quia
1044 623 1222 677 veritas
1258 631 1449 674 nonest
1486 620 1539 672 in
1563 635 1638 672 eo.
1670 617 1865 671 Verum

277 730 398 783 est;
432 717 730 773 rccedendo
754 732 785 771 a
815 716 1035 770 veritate
1058 715 1073 745 ¹
1104 730 1206 767 non
1234 712 1394 765 habet
1418 711 1715 764 veritatem.
1740 704 1867 761 Cum

277 809 507 879 loquitur
528 808 867 869 mendacium,
899 806 961 857 dc
986 804 1204 874 propriis
1234 803 1469 871 loquitur.
1501 800 1615 854 Non
1654 797 1866 852 aliunde

274 901 473 968 accipit
520 898 660 953 unde
706 898 975 966 loquatur.
1008 895 1135 950 Cum
1180 894 1397 964 loquitur
1436 892 1771 953 mendacium,
1801 889 1867 942 de

277 992 503 1062 prapriis
546 990 805 1059 loquitur;
851 989 967 1057 quia
1008 987 1225 1040 mendax
1262 996 1353 1046 est,
1384 993 1428 1038 et
1457 993 1598 1053 pater
1639 984 1766 1054 ejus.
1800 982 1867 1036 Et

276 1082 507 1136 mendax
530 1092 633 1147 est,
661 1091 717 1135 et
754 1090 900 1148 pater
923 1078 1204 1133 mendacii.
1234 1076 1365 1131 Nam
1395 1086 1447 1130 tu
1476 1075 1613 1130 forte
1640 1074 1865 1129 mendax

275 1187 357 1237 es,
391 1170 513 1239 quia
545 1170 878 1224 mendacium
910 1168 1146 1238 loqueris
1174 1185 1186 1220 :
1214 1167 1307 1221 sed
1343 1182 1446 1220 non
1470 1182 1529 1221 es
1557 1175 1707 1235 pater
1727 1165 1862 1233 ejus.

276 1261 331 1314 Si
372 1261 516 1313 enim
564 1258 704 1329 quod
747 1259 881 1313 dicis
922 1274 952 1312 a
994 1257 1204 1312 diabolo
1246 1256 1519 1324 accepisti,
1558 1264 1612 1309 ct
1655 1254 1867 1308 diabolo

271 1350 591 1416 credidisti;
642 1349 870 1404 mendax
915 1364 994 1415 es,
1027 1358 1178 1418 pater
1206 1346 1467 1401 mendacii
1499 1361 1604 1400 non
1643 1360 1702 1400 es
1730 1363 1742 1399 :
1777 1345 1867 1401 ille

274 1458 413 1497 vero
435 1442 557 1510 quia
585 1456 689 1494 non
718 1440 932 1494 aliunde
960 1439 1167 1508 accepit
1195 1438 1549 1503 mendacium,
1578 1453 1682 1507 quo
1717 1452 1867 1491 men-

270 1533 433 1586 dacio
480 1544 728 1602 tanquam
773 1547 979 1586 veneno
1009 1545 1229 1599 serpens
1269 1529 1538 1584 hominem
1576 1528 1861 1593 occideret,

273 1632 429 1691 pater
457 1633 541 1677 est
585 1622 883 1685 mendacii;
928 1622 1065 1675 sicut
1113 1622 1252 1674 Deus
1282 1620 1440 1673 Pater
1475 1627 1559 1673 est
1603 1618 1861 1674 veritatis.

273 1714 534 1767 Recedite
560 1728 589 1766 a
615 1721 767 1781 patre
807 1711 1089 1776 mendacii,
1118 1710 1316 1764 currite
1351 1708 1415 1763 ad
1460 1709 1671 1764 Patrem
1721 1708 1865 1762 vcri-

271 1807 435 1868 tatis;
480 1803 863 1875 amplectimini
914 1803 1227 1869 veritatem,
1272 1810 1331 1855 ut
1380 1800 1650 1870 accipiatis
1697 1798 1862 1855 liber-

271 1907 462 1952 tatem.

347 1989 436 2043 lt.
464 1987 547 2042 Illi
569 2002 696 2058 ergo
716 1986 881 2042 δυάς(ιί
902 1985 1040 2055 apud
1064 1993 1263 2055 patrem
1286 1998 1437 2038 suum
1462 1982 1706 2038 viderunt
1726 1980 1865 2052 quod

271 2080 631 2150 loquebantur
662 2098 675 2133 :
708 2079 833 2149 quid
855 2119 870 2142 ,
922 2077 1024 2132 nisi
1066 2075 1434 2131 mendacium?
1470 2075 1726 2129 Dominus
1766 2089 1864 2128 au-

271 2183 385 2227 tem
415 2172 554 2242 apud
586 2173 793 2226 Patrem
820 2172 974 2225 suum
1002 2169 1132 2223 vidit
1165 2168 1303 2238 quod
1336 2169 1640 2237 loqueretur
1667 2184 1682 2221 :
1716 2167 1863 2237 quid,

274 2265 378 2318 nisi
427 2261 701 2331 seipsum?
729 2261 875 2331 quid,
921 2260 1023 2313 nisi
1066 2259 1296 2313 Verbum
1344 2257 1549 2312 Patris?
1588 2256 1735 2325 quid,
1764 2256 1866 2311 nisi

275 2355 557 2409 veritatem
600 2353 771 2406 Patris
809 2360 1086 2414 zetcrnam,
1116 2358 1173 2404 et
1211 2349 1352 2404 Patri
1388 2350 1743 2402 coarternam?
1768 2346 1869 2401 Ille

272 2460 406 2515 ergo
433 2443 689 2497 homicida
726 2452 833 2497 erat
870 2443 934 2495 ab
962 2442 1124 2507 initio,
1167 2450 1213 2493 et
1253 2440 1308 2492 in
1346 2439 1550 2492 ueritate
1574 2454 1674 2491 nou
1709 2438 1863 2505 stetit,

272 2538 396 2607 quia
422 2538 604 2590 veritas
624 2551 725 2588 non
749 2545 820 2588 est
837 2535 892 2587 in
920 2550 980 2588 eo
1005 2549 1023 2587 :
1045 2550 1159 2586 cum
1186 2533 1407 2602 loquitur
1431 2530 1767 2596 mendacium,
1805 2530 1869 2583 de

277 2628 499 2698 propriis
520 2627 769 2697 loquitur,-
794 2625 913 2697 quia
938 2624 1157 2677 mendax
1180 2632 1271 2676 est.
1304 2621 1373 2675 Et
1401 2637 1505 2675 non
1533 2621 1706 2675 solum
1727 2635 1868 2673 men-

274 2717 377 2772 dax
414 2726 519 2781 est,
546 2716 639 2771 sed
666 2725 713 2770 et
739 2726 880 2784 pater
908 2715 1017 2784 ejus
1041 2723 1122 2768 est
1151 2730 1164 2765 :
1199 2713 1249 2766 id
1277 2723 1380 2779 est,
1406 2712 1574 2781 ipsius
1604 2709 1866 2767 mendacii

275 2808 418 2877 quod
447 2808 701 2877 loquitur,
730 2815 882 2875 pater
901 2814 1000 2868 est,
1030 2804 1151 2872 quia
1187 2803 1299 2872 ipse
1319 2803 1501 2871 genuit
1531 2802 1865 2857 mendacium

275 2916 457 2956 suum.
512 2900 620 2970 Ego
672 2908 839 2952 autem
878 2898 998 2967 quia
1040 2896 1292 2949 veritatem
1338 2896 1472 2961 dico,
1519 2912 1620 2949 non
1665 2895 1868 2950 creditis

278 2992 422 3045 mihi.
476 2990 601 3056 Quis
630 3006 693 3044 ea:
730 2990 868 3043 nobis
905 2988 1071 3059 arguit
1119 3003 1197 3040 me
1236 2986 1299 3038 de
1334 2994 1568 3055 peccato;
1597 2984 1866 3055 quomodo

276 3097 378 3152 ego
418 3097 586 3152 arguo
626 3089 683 3135 et
726 3094 822 3134 vos
864 3087 919 3133 et
960 3088 1165 3150 patrem
1197 3077 1467 3132 vestrum?
1507 3078 1571 3132 Si
1614 3078 1867 3130 ueritatem

279 3176 393 3227 dico
420 3190 577 3244 quare
607 3189 693 3228 vos
714 3188 816 3227 non
835 3170 1038 3225 creditis
1068 3170 1192 3224 milii
1209 3186 1229 3234 ,'
1258 3169 1360 3224 nisi
1389 3169 1512 3239 quia
1550 3167 1644 3223 lilii
1669 3168 1865 3225 diaboli

278 3268 408 3322 estis
421 3266 446 3319 τ

349 3358 439 3411 15.
486 3355 587 3420 Qui
623 3362 695 3409 est
723 3370 786 3408 ea:
811 3353 939 3421 Deo,
959 3352 1106 3407 verba
1148 3350 1245 3405 Dei
1274 3351 1417 3405 audit
1445 3367 1465 3406 :
1494 3359 1755 3421 propterea
1780 3367 1867 3405 vos

283 3463 381 3501 non
421 3447 639 3510 auditis,
685 3446 805 3515 quia
837 3461 900 3499 ea:
932 3443 1043 3498 Deo
1072 3459 1171 3497 non
1203 3443 1339 3497 estis.
1370 3442 1565 3497 Iterum
1595 3442 1759 3496 nolite
1786 3448 1869 3495 at-

281 3538 501 3595 tendere
536 3547 801 3603 naturam,
831 3535 924 3591 sed
950 3536 1157 3589 vitium.
1188 3534 1277 3589 Sic
1301 3542 1425 3587 sunt
1450 3533 1534 3587 isti
1561 3548 1627 3587 ex
1655 3533 1785 3599 Deo,
1814 3540 1869 3587 et

281 3644 384 3683 non
428 3636 558 3683 sunt
597 3644 665 3682 ex
691 3628 799 3681 Deo
828 3644 841 3679 :
870 3634 1053 3680 natura
1084 3640 1150 3679 ex
1178 3624 1309 3691 Deo,
1340 3624 1468 3677 vitio
1498 3638 1601 3677 non
1629 3638 1694 3677 ex
1733 3623 1863 3677 Deo.

282 3719 518 3775 Obsecro
556 3734 673 3785 vos,
714 3717 1005 3783 attendite;
1051 3717 1106 3771 in
1153 3716 1440 3786 Evangelio
1472 3715 1678 3769 habetis
1727 3715 1867 3771 unde

279 3813 542 3868 sanemini
570 3821 757 3867 contra
785 3825 998 3866 errores
1023 3823 1322 3864 venenosos
1351 3818 1407 3863 et
1432 3807 1666 3862 nefarios
1696 3807 1868 3862 haere-

280 3906 530 3960 ticorum.
560 3903 822 3970 Quoniam
849 3910 904 3957 et
943 3902 1011 3957 de
1056 3901 1138 3955 his
1175 3900 1353 3955 verbis
1390 3901 1565 3955 solent
1591 3899 1866 3955 Maniclnei

278 3995 478 4060 dicere,
512 3995 652 4049 Ecce
686 3994 806 4064 quia
845 3993 962 4047 dua:
988 4003 1190 4046 natura:
1227 4000 1369 4054 sunt,
1393 4006 1497 4045 una
1527 3990 1685 4057 bona,
1713 4000 1767 4045 et
1790 3992 1867 4045 aI-

278 4097 387 4145 tera
410 4088 554 4142 mala
580 4104 594 4153 ;
620 4086 875 4140 Dominus
903 4084 1031 4139 dicit
1057 4102 1071 4136 :
1103 4082 1228 4153 quid
1255 4083 1386 4137 dicit
1415 4080 1710 4136 Dominus?
1732 4081 1868 4135 Pro-

276 4189 449 4249 pterea
478 4195 567 4232 vos
592 4194 693 4231 non
719 4176 927 4241 auditis,
957 4175 1074 4245 quia
1092 4191 1154 4229 ea:
1172 4173 1280 4227 Deo
1306 4190 1405 4227 non
1431 4173 1567 4227 estis.
1592 4172 1727 4226 Dicit
1749 4171 1866 4228 hinc

277 4271 563 4328 Dominus.
604 4268 740 4337 Quid
783 4283 932 4337 ergo,
979 4266 1171 4335 inquit,
1211 4273 1267 4319 tu
1294 4264 1362 4319 ad
1406 4265 1504 4319 ista
1542 4264 1864 4320 dicis?Audi

273 4379 393 4434 qua:
416 4362 621 4417 dicam.
650 4360 717 4414 Et
736 4375 802 4414 ex
827 4359 941 4415 Deo
960 4366 1116 4422 sunt,
1146 4363 1202 4410 et
1223 4371 1288 4410 ex
1319 4355 1429 4410 Deo
1459 4370 1563 4408 non
1590 4364 1740 4419 sunt;
1770 4370 1866 4409 na-

274 4465 388 4509 tura
430 4469 501 4508 ex
551 4453 662 4507 Deo
699 4460 843 4514 sunt,
877 4450 1006 4503 vitio
1053 4464 1160 4502 non
1199 4455 1323 4501 sunt
1370 4462 1438 4501 ex
1482 4446 1594 4500 Deo
1626 4463 1639 4498 :
1678 4454 1863 4501 natura

274 4547 418 4600 enim
450 4544 592 4599 bona
629 4558 748 4612 quae
782 4557 848 4596 ex
880 4541 990 4595 Deo
1017 4547 1119 4603 est,
1150 4536 1389 4608 peccavit
1417 4536 1708 4602 voluntate,
1748 4551 1866 4592 cre-

273 4636 454 4692 dendo
491 4634 635 4705 quod
681 4633 924 4688 diabolus
967 4630 1249 4700 persuasit,
1280 4637 1333 4684 et
1360 4629 1541 4683 vitiata
1583 4637 1703 4691 est;
1746 4628 1865 4683 ideo

274 4726 546 4783 medicum
569 4723 778 4797 quaerit,
806 4722 926 4792 quia
955 4736 1083 4775 sana
1113 4736 1219 4774 non
1248 4728 1349 4774 est.
1384 4720 1519 4774 Ecce
1548 4719 1689 4789 quod
1717 4718 1858 4775 dico.

272 4815 376 4872 Sed
410 4813 745 4884 impossibile
772 4813 861 4866 tibi
892 4811 1103 4865 videtur
1132 4821 1186 4864 ut
1208 4825 1273 4864 ex
1298 4810 1406 4864 Deo
1434 4810 1560 4871 sint,
1588 4818 1642 4863 ct
1660 4825 1726 4864 ex
1753 4810 1863 4864 Deo

274 4924 378 4961 non
413 4907 527 4961 sint
564 4922 578 4957 :
605 4904 727 4958 audi
752 4904 873 4972 quia
902 4919 1004 4956 non
1032 4910 1115 4956 est
1145 4900 1490 4970 impossibile.
1518 4900 1605 4955 Sic
1632 4911 1757 4954 sunt
1795 4917 1859 4955 ex

275 4998 407 5061 Deo,
458 5005 514 5049 et
554 5009 659 5047 non
690 5002 816 5047 sunt
850 5008 915 5046 ex
958 4992 1085 5055 Deo,
1133 4990 1401 5059 quomodo
1430 4999 1484 5044 et
1512 4990 1603 5044 lilii
1631 4990 1862 5045 Abrahae

274 5096 419 5152 sunt,
448 5094 507 5139 et
552 5099 658 5138 non
699 5093 822 5136 sunt
858 5081 949 5135 lilii
977 5080 1221 5135 Abrahzc.
1250 5080 1347 5135 Hic
1377 5080 1617 5145 habetis;
1650 5096 1755 5136 non
1784 5088 1867 5136 est

274 5176 416 5247 quod
457 5175 672 5231 dicatis.
706 5174 881 5243 Ipsum
921 5172 1200 5225 Dominum
1244 5171 1387 5237 audi,
1429 5171 1540 5240 ipse
1582 5172 1683 5225 illis
1711 5171 1862 5237 dixit,

279 5269 399 5322 Scio
426 5268 548 5337 quia
577 5267 671 5335 lilii
691 5264 906 5318 Abralue
927 5265 1062 5317 estis.
1090 5262 1355 5332 Numquid
1385 5262 1642 5319 Dominus
1668 5265 1863 5317 menti-

280 5360 460 5413 retur?
488 5358 662 5411 Absit.
708 5357 849 5426 Ergo
887 5371 1069 5409 verum
1112 5362 1192 5408 est
1231 5354 1369 5423 quod
1412 5353 1669 5408 Dominus
1697 5353 1866 5407 dixit?

280 5450 477 5505 Verum
505 5457 611 5504 est.
646 5448 840 5503 Verum
887 5458 971 5501 est
1020 5462 1147 5516 ergo
1188 5446 1328 5516 quod
1379 5446 1453 5500 illi
1496 5446 1724 5501 Abrahae
1774 5447 1865 5503 lilii

280 5551 451 5598 erant.
485 5541 684 5596 Verum
730 5549 830 5595 est.
872 5539 1009 5594 Audi
1044 5540 1214 5608 ipsum
1245 5548 1549 5608 negantem.
1581 5537 1681 5605 Qui
1710 5540 1862 5607 dixit,

343 5683 359 5714 ⁸
386 5688 462 5730 Er.
485 5677 639 5741 Lugd.
660 5684 713 5741 et
732 5683 875 5735 \'en.,
899 5674 1012 5741 quia
1033 5673 1303 5741 recedentia
1322 5690 1353 5726 α
1374 5675 1585 5727 ueritate.
1611 5679 1869 5729 Lovanien-

289 5756 366 5794 ses
388 5737 581 5798 vocem,
602 5738 733 5801 quia,
766 5742 901 5788 uncis
914 5737 1186 5787 includunt.
1253 5744 1309 5786 tt.

568 5824 792 5883 ειη-ι’.
840 5824 1117 5882 Anausr.
1153 5818 1255 5880 III.

1365 317 1769 377 TRACTATUS
1804 314 1984 370 XLIII.
2024 316 2249 375 CAPUT
2290 317 2421 372 VIII.

3414 312 3552 368 I706

1973 429 2098 484 Filii
2136 432 2351 486 Abralia:
2382 432 2517 499 estis,
2547 431 2660 501 ipse
2703 429 2822 484 illos
2861 428 3072 499 negavit
3103 428 3241 482 illius
3269 428 3496 484 Abrahae
3528 448 3541 483 :

1973 528 2035 583 Si
2062 529 2157 597 ﬁlii
2183 529 2397 584 Abrahae
2420 530 2558 597 estis,
2586 533 2721 601 facta
2747 528 2964 584 Abralue
2991 530 3158 599 facite.
3206 528 3354 583 Nunc
3382 540 3547 583 autem

1971 622 2193 687 qua'ritis
2240 639 2318 676 me
2362 622 2607 688 occidere,
2673 623 2923 677 hominem
2968 624 3056 692 qui
3110 622 3362 676 ueritatem
3413 621 3551 675 vobis

1970 711 2104 778 dico,
2138 732 2289 784 quam
2312 715 2483 769 audivi
2501 734 2533 768 a
2554 715 2661 770 Deo
2685 731 2703 768 :
2725 716 2819 769 hoc
2844 715 3100 768 Abraham
3136 730 3237 768 non
3275 713 3412 786 fecit.
3456 709 3555 766 Vos

1972 805 2136 874 facitis
2177 821 2328 873 opera
2376 806 2532 875 patris
2574 806 2741 873 vestri,
2787 804 2838 859 id
2884 813 2966 858 est
3010 803 3226 858 diaboli.
3272 802 3553 871 Quomodo

1972 909 2100 963 ergo
2123 904 2177 948 et
2204 895 2295 948 lilii
2323 895 2551 949 Abraba:
2579 904 2749 961 erant,
2773 904 2826 950 et
2854 894 2947 949 ﬁlii
2977 893 3205 949 Abrahze
3233 909 3340 949 non
3366 895 3549 949 erant?

1972 985 2266 1057 Utrumque
2310 987 2361 1040 in
2403 988 2506 1041 illis
2547 987 2778 1042 ostendit
2816 996 2917 1042 :ct
2962 987 3056 1042 lilii
3102 986 3334 1041 Abraha‘.
3380 994 3551 1049 erant.

1973 1088 2188 1148 propter
2233 1080 2490 1150 originem
2528 1080 2739 1145 carnis;
2765 1088 2819 1134 et
2845 1095 2949 1133 non
2992 1088 3147 1134 erant
3180 1079 3273 1134 lilii
3299 1077 3550 1141 Abrahm,

1971 1181 2190 1241 propter
2214 1172 2396 1225 vitium
2437 1171 2711 1226 diabolica:
2750 1170 3129 1240 persuasionis.
3161 1169 3249 1225 Sic
3285 1180 3339 1226 et
3364 1170 3554 1225 Domi-

1970 1279 2098 1318 num
2128 1273 2182 1319 et
2206 1265 2368 1319 Deum
2399 1272 2640 1319 nostrum
2670 1262 2925 1318 attendite
2952 1280 2965 1316 :
2988 1272 3042 1317 et
3066 1278 3130 1317 ex
3166 1262 3257 1317 illo
3279 1271 3467 1328 erant,
3499 1270 3556 1318 et

1970 1370 2037 1410 ex
2064 1355 2152 1408 illo
2179 1370 2282 1409 non
2323 1365 2497 1410 erant.
2525 1353 2804 1421 Quomodo
2840 1369 2907 1408 ex
2946 1353 3036 1408 illo
3062 1352 3399 1420 erant?Quia
3438 1352 3554 1423 ipse

1970 1445 2171 1499 creavit
2208 1445 2476 1500 hominem
2502 1444 2569 1499 de
2602 1460 2707 1514 quo
2734 1444 2840 1497 nati
2869 1450 3040 1497 erant.
3071 1442 3348 1510 Quomodo
3370 1457 3434 1497 ex
3461 1441 3554 1497 illo
3635 1443 3646 1503 ξ

1969 1536 2159 1589 erant?
2197 1535 2328 1602 Quia
2369 1536 2481 1605 ipse
2506 1542 2589 1589 est
2616 1533 2860 1605 conditor
2887 1541 3108 1596 naturai,
3155 1533 3268 1602 ipse
3295 1541 3376 1588 est
3404 1546 3556 1588 crea-

1972 1632 2055 1678 tor
2080 1626 2255 1680 carnis
2276 1634 2329 1679 et
2347 1626 2559 1679 animae.
2582 1623 2859 1691 Quomodo
2879 1638 3006 1693 ergo
3023 1638 3089 1677 ex
3112 1622 3200 1677 illo
3226 1636 3331 1677 non
3362 1622 3553 1679 erant?

1970 1714 2102 1782 Quia
2143 1715 2315 1769 vitiosi
2354 1731 2383 1769 a
2428 1715 2618 1784 seipsis
2652 1713 2772 1769 facti
2812 1722 2983 1768 erant.
3012 1712 3091 1767 Ex
3116 1712 3209 1767 illo
3235 1727 3340 1767 non
3377 1718 3554 1779 erant,

1971 1806 2093 1875 quia
2118 1804 2371 1859 imitando
2397 1804 2686 1873 diabolum,
2721 1804 2811 1858 lilii
2837 1803 3031 1859 diaboli
3057 1803 3178 1859 lacti
3202 1811 3375 1858 erant.

2042 1895 2130 1950 16.
2164 1895 2459 1965 Venitcrgo
2482 1894 2736 1950 Dominus
2758 1895 2895 1950 Deus
2922 1894 2990 1949 ad
3010 1893 3281 1949 hominem
3308 1901 3557 1964 peccato-

1970 2004 2106 2043 rem.
2142 1988 2255 2042 Duo
2284 1988 2494 2041 nomina
2520 1987 2748 2051 audisti,
2773 1994 2830 2042 et
2852 1986 3119 2041 hominem
3146 2026 3163 2053 ,
3208 1994 3264 2042 et
3306 1994 3558 2056 peccato-

1970 2094 2105 2136 rem.
2133 2079 2283 2148 Quod
2312 2079 2470 2134 homo
2496 2088 2613 2147 est,
2636 2096 2701 2134 ex
2726 2080 2837 2135 Deo
2856 2088 2940 2134 est
2966 2097 2978 2132 :
3003 2078 3144 2149 quod
3176 2088 3423 2149 peccator
3448 2087 3556 2146 est,

1975 2179 2175 2225 nonest
2190 2184 2255 2224 ex
2276 2170 2404 2223 Deo.
2420 2170 2463 2222 Α
2485 2178 2668 2223 natura
2682 2170 2865 2223 vitium
2878 2177 3191 2225 secernatur
3209 2188 3222 2222 :
3240 2178 3560 2240 agnoscatur

1971 2268 2193 2326 natura,
2239 2260 2379 2315 unde
2416 2259 2638 2315 Creator
2676 2259 2943 2327 laudetur;
2989 2271 3304 2331 agnoscatur
3337 2261 3560 2329 vitium,

1971 2362 2189 2421 propter
2210 2349 2351 2420 quod
2378 2349 2614 2405 medicus
2640 2351 2931 2405 invocetur.
2961 2349 3112 2416 Quod
3132 2366 3262 2421 ergo
3281 2352 3355 2407 ait
3381 2352 3560 2407 Domi-

1967 2456 2107 2507 nus,
2138 2441 2235 2505 Qui
2263 2450 2335 2496 est
2366 2457 2430 2495 ea:
2453 2439 2594 2506 Dea,
2633 2440 2783 2494 verba
2822 2438 2923 2494 Dei
2960 2441 3147 2495 audit:
3170 2451 3433 2513 propterea
3472 2459 3561 2499 eos

1968 2550 2073 2588 non
2096 2534 2306 2599 auditis,
2327 2534 2445 2602 quia
2472 2532 2656 2587 ηοω
2681 2549 2781 2587 non
2808 2535 2961 2597 estis;
2987 2549 3092 2587 non
3122 2543 3427 2589 naturarum
3446 2550 3563 2591 me-

1968 2626 2071 2680 rita
2114 2625 2400 2688 discrevit,
2440 2634 2531 2678 aut
2562 2632 2756 2694 printer
2782 2639 2932 2679 suam
2967 2625 3199 2679 animam
3229 2633 3284 2680 et
3308 2640 3561 2693 carnem,

1970 2719 2200 2788 aliquam
2232 2728 2473 2772 naturam
2506 2720 2558 2771 in
2609 2717 2913 2772 hominibus
2950 2733 3070 2787 quas
3114 2725 3332 2786 peccato
3372 2718 3555 2773 vitiata

1972 2823 2077 2863 non
2113 2817 2293 2874 esset,
2316 2808 2517 2862 invenit
2548 2824 2561 2861 :
2594 2806 2688 2862 sed
2713 2806 2961 2877 quoniam
2998 2807 3306 2875 praescierat
3330 2807 3418 2877 qui
3442 2807 3560 2863 iue-

1971 2910 2089 2956 rant
2113 2899 2401 2965 credituri,
2434 2900 2578 2969 ipsos
2616 2898 2751 2953 dixit
2789 2913 2854 2953 ex
2888 2898 3023 2963 Deo,
3057 2897 3308 2968 quoniam
3331 2913 3559 2968 regene-

1970 2994 2192 3049 rationis
2216 2993 2501 3062 adoptione
2521 3000 2925 3047 renascerentur
2949 3006 3018 3045 ex
3046 2991 3175 3046 Deo.
3207 2990 3287 3045 Ad
3318 2992 3417 3047 hos
3435 3006 3561 3062 per-

1968 3084 2137 3147 tinet,
2182 3083 2281 3150 Qui
2327 3092 2409 3157 est
2440 3095 2505 3137 ea:
2536 3081 2673 3146 Deo,
2712 3080 2859 3135 vulta
2897 3080 2994 3135 Dei
3032 3080 3196 3134 audit.
3234 3081 3388 3149 Quod
3429 3094 3559 3137 vero

1971 3175 2234 3246 sequitur,
2266 3172 2545 3244 PrOpterea
2573 3188 2657 3226 vos
2700 3188 2803 3226 non
2835 3170 3052 3235 auditis,
3082 3171 3200 3240 quia
3236 3187 3301 3226 ea:
3323 3170 3432 3226 Deo
3455 3188 3560 3226 non

1967 3271 2122 3334 estis;
2149 3269 2229 3323 eis
2252 3266 2451 3321 dictum
2493 3274 2604 3326 est,
2650 3264 2740 3331 qui
2786 3278 2890 3317 non
2931 3262 3102 3318 solum
3131 3269 3352 3331 peccato
3377 3263 3555 3318 vitiosi

1970 3368 2124 3416 erant
2156 3359 2317 3432 (nam
2360 3357 2463 3411 hoc
2507 3355 2703 3410 malum
2751 3367 3037 3409 commune
3090 3361 3210 3408 erat
3254 3352 3555 3422 omnibus),

1971 3453 2064 3507 sed
2094 3453 2254 3507 etiam
2292 3448 2596 3519 praacogniti
2627 3445 2768 3517 quod
2796 3460 2901 3499 non
2943 3444 3151 3498 fuerant
3177 3444 3466 3512 credituri,
3493 3459 3559 3500 ea

1973 3545 2076 3598 lidc
2103 3536 2205 3612 qua
2231 3542 2343 3596 sola
2377 3548 2593 3610 possent
2624 3553 2653 3592 a
2695 3546 3032 3607 peccaturum
3074 3536 3395 3606 obligatione
3421 3537 3559 3593 libe-

1973 3635 2101 3690 rari.
2128 3634 2463 3701 Quapropter
2494 3628 2801 3698 praisciebat
2828 3628 2946 3682 illos
2964 3627 3156 3695 quibus
3182 3626 3303 3681 talia
3322 3627 3555 3694 dicebat,

1971 3727 2025 3781 in
2052 3743 2118 3781 eo
2149 3737 2525 3795 permansuros
2551 3720 2689 3790 quod
2717 3736 2779 3774 ex
2803 3719 3017 3774 diabolo
3042 3728 3198 3773 erant
3215 3760 3231 3785 ,
3263 3718 3315 3773 id
3340 3728 3421 3774 est
3438 3760 3455 3786 ,
3500 3719 3557 3774 in

1972 3821 2083 3875 suis
2112 3816 2337 3887 peccatis
2366 3824 2521 3884 atque
2544 3813 2814 3883 impietate
2838 3811 3119 3865 morituros
3143 3849 3158 3874 ,
3189 3810 3243 3867 in
3268 3826 3371 3881 qua
3400 3810 3449 3864 ei
3475 3810 3555 3865 si-

1971 3910 2126 3963 miles
2150 3914 2331 3969 erant;
2370 3918 2469 3959 nec
2508 3912 2761 3957 venturos
2785 3901 2851 3954 ad
2886 3900 3337 3970 regenerationem
3367 3901 3422 3956 in
3448 3916 3554 3971 qua

1970 4010 2152 4057 essent
2177 3998 2269 4052 lilii
2298 3997 2424 4062 Dei,
2452 3996 2553 4049 hoc
2571 4005 2653 4049 est
2678 4008 2743 4048 ex
2774 3995 2882 4047 Deo
2908 3993 3046 4058 nati,
3076 4007 3107 4045 a
3135 4007 3241 4061 quo
3263 4006 3393 4047 eran
3450 3992 3553 4049 ho-

1969 4095 2143 4149 mines
2165 4090 2348 4147 creati.
2376 4086 2679 4144 Secundum
2702 4086 2838 4139 hanc
2866 4083 3381 4153 predestinationem
3409 4084 3559 4139 Iocu-

1972 4195 2060 4241 tus
2082 4193 2163 4239 est
2190 4182 2444 4237 Dominus
2467 4196 2481 4232 :
2506 4193 2613 4233 non
2650 4176 2790 4246 quod
2827 4175 3056 4245 aliquem
3099 4176 3372 4230 hominum
3402 4176 3556 4233 inve-

1971 4276 2111 4331 nerit
2129 4317 2143 4334 .
2166 4274 2254 4344 qui
2279 4272 2362 4327 vel
2385 4268 2673 4325 secundum
2696 4266 3149 4337 regenerationem
3170 4266 3279 4337 jam
3317 4276 3460 4323 esset
3486 4284 3555 4325 ex

1972 4368 2084 4423 Deo
2103 4407 2119 4433 ,
2150 4364 2237 4420 vel
2260 4361 2551 4419 secundum
2572 4367 2813 4414 naturam
2839 4356 2947 4426 jam
2976 4372 3082 4411 non
3106 4366 3249 4413 esset
3266 4372 3337 4417 ex
3363 4358 3479 4415 Deo

2449 4486 2856 4545 TBACTATUS
2892 4485 3074 4541 XLIII.

1970 4609 2045 4663 Ab
2071 4625 2130 4662 eo
2157 4604 2290 4677 quod
2317 4602 2559 4673 scriptum
2599 4608 2701 4665 est,
2734 4597 3142 4667 Responderunt
3186 4596 3344 4669 igitur
3379 4598 3554 4655 Judaei

2041 4709 2096 4754 et
2123 4699 2369 4771 dixerunt
2391 4694 2469 4757 ei;
2500 4707 2658 4760 usque
2693 4689 2760 4743 ad
2801 4691 2856 4743 id
2868 4731 2884 4752 ,
2913 4689 3169 4743 Tulerunt
3192 4704 3319 4759 ergo
3348 4689 3553 4759 lapides

2040 4789 2209 4846 Iudici
2240 4795 2296 4841 ut
2320 4786 2558 4854 iacerent
2595 4782 2647 4835 in
2688 4797 2807 4837 eum
2839 4798 2852 4834 :
2879 4780 3034 4836 Jesus
3059 4790 3233 4834 autem
3274 4780 3555 4836 abscondit

2041 4899 2131 4947 se,
2152 4889 2207 4935 et
2234 4878 2393 4934 exivit
2413 4876 2479 4931 de
2504 4874 2719 4943 templo.
2744 4870 2871 4943 Cap.
2903 4888 2993 4927 vm
3014 4913 3027 4936 ,
3050 4872 3083 4942 ᾗ
3107 4911 3121 4927 .
3146 4872 3336 4928 48-59.

2042 4998 2094 5052 1.
2122 4995 2178 5049 1η
2208 4995 2303 5049 ista
2344 4991 2570 5046 lectione
2606 4987 2772 5041 sancti
2804 4987 3104 5055 Evangelii,
3135 5003 3253 5056 qua!
3281 4985 3439 5041 hodie
3471 5002 3558 5041 re-

1970 5090 2129 5145 citata
2158 5094 2238 5139 est
2256 5125 2272 5150 ,
2298 5098 2327 5137 a
2356 5080 2586 5151 potentia
2613 5078 2867 5132 discimus
2893 5078 3214 5146 patientiam.
3242 5075 3378 5142 Quid
3406 5077 3548 5131 enim

1970 5191 2155 5235 sumus
2200 5174 2339 5231 servi
2390 5170 2457 5225 ad
2509 5169 2825 5234 Dominum,
2872 5176 3176 5236 peccatores
3206 5166 3274 5222 ad
3311 5168 3543 5237 justum,

1971 5283 2215 5330 creatura
2236 5268 2301 5323 ad
2321 5261 2665 5322 Creatorem?
2694 5262 2889 5315 Tamen
2917 5259 3183 5330 quomodo
3208 5259 3251 5314 si
3272 5259 3399 5330 quid
3426 5256 3551 5317 mali

1974 5379 2186 5428 sumus,
2216 5376 2247 5414 a
2276 5358 2432 5413 nobis
2458 5370 2675 5419 sumus;
2707 5353 2776 5407 ita
2805 5350 3057 5421 quidquid
3085 5351 3205 5405 boni
3233 5366 3419 5407 sumus
3440 5396 3456 5419 ,
3487 5356 3557 5409 ab

1973 5456 2093 5519 illo,
2125 5462 2179 5508 ct
2216 5466 2310 5521 per
2336 5448 2481 5503 illum
2526 5459 2729 5501 sumus.
2781 5443 2847 5496 Et
2891 5441 3022 5495 nihil
3049 5442 3126 5495 sic
3172 5444 3362 5512 quaerit
3392 5444 3555 5499 homo

1973 5544 2239 5617 quomodo
2264 5542 2588 5610 potentiam:
2621 5535 2779 5589 habet
2806 5532 3085 5587 Dominum
3128 5532 3397 5589 Christum
3442 5553 3557 5589 ma.

1970 5652 2131 5709 gnam
2160 5634 2444 5704 potentiam
2478 5647 2492 5681 :
2520 5629 2612 5683 sed
2642 5626 2788 5695 prius
2808 5624 2923 5694 ejus
2952 5623 3187 5680 imitetur
3208 5629 3515 5696 patientiam
3536 5668 3552 5692 ,

1975 5739 2034 5785 ut
2070 5726 2341 5799 perveniat
2385 5724 2450 5777 ad
2496 5718 2801 5789 potentiam.
2845 5715 2974 5782 Quis
3018 5726 3255 5774 nostrum
3296 5719 3556 5788 patienter

2456 5811 3153 5893 (L'inquante—quatre.)
