  <div class='ocr_page' id='page_1' title='image "/cluster/home/n/w/nwhite01/storage/ocr_20150623/35/hvd.32044015706302/203.png"; bbox 0 0 4102 6486; ppageno 0'>
   <div class='ocr_carea' id='block_1_1' title="bbox 506 324 671 410">
    <p class='ocr_par' dir='ltr' id='par_1_1' title="bbox 506 324 671 410">
     <span class='ocr_line' id='line_1_1' title="bbox 506 324 671 410; baseline 0 0"><span class='ocrx_word' id='word_1_1' title='bbox 506 324 671 410; x_wconf 59' lang='grc' dir='ltr'><strong>’πυτ</strong></span> 
     </span>
    </p>
   </div>
   <div class='ocr_carea' id='block_1_2' title="bbox 529 454 2107 528">
    <p class='ocr_par' dir='ltr' id='par_1_2' title="bbox 529 454 2107 528">
     <span class='ocr_line' id='line_1_2' title="bbox 529 454 2107 528; baseline -0.01 -4"><span class='ocrx_word' id='word_1_2' title='bbox 529 468 736 524; x_wconf 98' lang='lat' dir='ltr'><strong>audiret</strong></span> <span class='ocrx_word' id='word_1_3' title='bbox 777 466 824 521; x_wconf 89' lang='lat' dir='ltr'><strong>si</strong></span> <span class='ocrx_word' id='word_1_4' title='bbox 864 465 1019 521; x_wconf 81' lang='lat' dir='ltr'><strong>alicui</strong></span> <span class='ocrx_word' id='word_1_5' title='bbox 1064 464 1348 528; x_wconf 73' lang='lat' dir='ltr'><strong>diceretur,</strong></span> <span class='ocrx_word' id='word_1_6' title='bbox 1384 458 1699 515; x_wconf 75' lang='lat' dir='ltr'><strong>Dwmonium</strong></span> <span class='ocrx_word' id='word_1_7' title='bbox 1725 457 1916 511; x_wconf 79' lang='lat' dir='ltr'><strong>habes?</strong></span> <span class='ocrx_word' id='word_1_8' title='bbox 1953 454 2107 523; x_wconf 86' lang='lat' dir='ltr'><strong>Quod</strong></span> 
     </span>
    </p>
   </div>
   <div class='ocr_carea' id='block_1_3' title="bbox 528 547 2108 628">
    <p class='ocr_par' dir='ltr' id='par_1_3' title="bbox 528 547 2108 628">
     <span class='ocr_line' id='line_1_3' title="bbox 528 547 2108 628; baseline -0.008 -13"><span class='ocrx_word' id='word_1_9' title='bbox 528 561 729 616; x_wconf 88' lang='lat' dir='ltr'><strong>dictum</strong></span> <span class='ocrx_word' id='word_1_10' title='bbox 759 567 843 614; x_wconf 91' lang='lat' dir='ltr'><strong>est</strong></span> <span class='ocrx_word' id='word_1_11' title='bbox 873 558 921 614; x_wconf 90' lang='lat' dir='ltr'><strong>ei</strong></span> <span class='ocrx_word' id='word_1_12' title='bbox 960 558 1050 628; x_wconf 87' lang='lat' dir='ltr'><strong>qui</strong></span> <span class='ocrx_word' id='word_1_13' title='bbox 1094 571 1198 612; x_wconf 91' lang='lat' dir='ltr'><strong>non</strong></span> <span class='ocrx_word' id='word_1_14' title='bbox 1240 556 1411 608; x_wconf 88' lang='lat' dir='ltr'><strong>solum</strong></span> <span class='ocrx_word' id='word_1_15' title='bbox 1440 550 1685 607; x_wconf 84' lang='lat' dir='ltr'><strong>homines</strong></span> <span class='ocrx_word' id='word_1_16' title='bbox 1711 550 1985 617; x_wconf 88' lang='lat' dir='ltr'><strong>salvabat,</strong></span> <span class='ocrx_word' id='word_1_17' title='bbox 2014 547 2108 604; x_wconf 90' lang='lat' dir='ltr'><strong>sed</strong></span> 
     </span>
    </p>
   </div>
   <div class='ocr_carea' id='block_1_4' title="bbox 528 646 1387 716">
    <p class='ocr_par' dir='ltr' id='par_1_4' title="bbox 528 646 1387 716">
     <span class='ocr_line' id='line_1_4' title="bbox 528 646 1387 716; baseline -0.013 -7"><span class='ocrx_word' id='word_1_18' title='bbox 528 654 689 709; x_wconf 89' lang='lat' dir='ltr'><strong>etiam</strong></span> <span class='ocrx_word' id='word_1_19' title='bbox 717 651 1046 706; x_wconf 68' lang='lat' dir='ltr'><strong>daemonibus</strong></span> <span class='ocrx_word' id='word_1_20' title='bbox 1076 646 1387 716; x_wconf 74' lang='lat' dir='ltr'><strong>imperabat.</strong></span> 
     </span>
    </p>
   </div>
   <div class='ocr_carea' id='block_1_5' title="bbox 596 730 2111 797">
    <p class='ocr_par' dir='ltr' id='par_1_5' title="bbox 596 730 2111 797">
     <span class='ocr_line' id='line_1_5' title="bbox 596 730 2111 797; baseline -0.01 0"><span class='ocrx_word' id='word_1_21' title='bbox 596 742 652 797; x_wconf 77' lang='grc'><strong>2.</strong></span> <span class='ocrx_word' id='word_1_22' title='bbox 683 742 794 797; x_wconf 87' lang='lat' dir='ltr'><strong>Hoc</strong></span> <span class='ocrx_word' id='word_1_23' title='bbox 814 742 954 795; x_wconf 89' lang='lat' dir='ltr'><strong>enim</strong></span> <span class='ocrx_word' id='word_1_24' title='bbox 981 754 1101 793; x_wconf 91' lang='lat' dir='ltr'><strong>cum</strong></span> <span class='ocrx_word' id='word_1_25' title='bbox 1125 737 1385 792; x_wconf 81' lang='lat' dir='ltr'><strong>dixissent</strong></span> <span class='ocrx_word' id='word_1_26' title='bbox 1408 732 1606 797; x_wconf 63' lang='lat' dir='ltr'><strong>Judaei,</strong></span> <span class='ocrx_word' id='word_1_27' title='bbox 1640 730 1826 786; x_wconf 83' lang='lat' dir='ltr'><strong>Nonne</strong></span> <span class='ocrx_word' id='word_1_28' title='bbox 1852 731 1972 785; x_wconf 83' lang='lat' dir='ltr'><strong>bene</strong></span> <span class='ocrx_word' id='word_1_29' title='bbox 1993 730 2111 783; x_wconf 87' lang='lat' dir='ltr'><strong>dici-</strong></span> 
     </span>
    </p>
   </div>
   <div class='ocr_carea' id='block_1_6' title="bbox 527 822 2111 903">
    <p class='ocr_par' dir='ltr' id='par_1_6' title="bbox 527 822 2111 903">
     <span class='ocr_line' id='line_1_6' title="bbox 527 822 2111 903; baseline -0.009 -14"><span class='ocrx_word' id='word_1_30' title='bbox 527 851 640 889; x_wconf 89' lang='lat' dir='ltr'><strong>mus</strong></span> <span class='ocrx_word' id='word_1_31' title='bbox 667 852 758 888; x_wconf 91' lang='lat' dir='ltr'><strong>nos</strong></span> <span class='ocrx_word' id='word_1_32' title='bbox 782 833 899 903; x_wconf 83' lang='lat' dir='ltr'><strong>quia</strong></span> <span class='ocrx_word' id='word_1_33' title='bbox 921 832 1273 887; x_wconf 75' lang='lat' dir='ltr'><strong>Samaritanus</strong></span> <span class='ocrx_word' id='word_1_34' title='bbox 1304 843 1353 881; x_wconf 88' lang='lat' dir='ltr'><strong>es</strong></span> <span class='ocrx_word' id='word_1_35' title='bbox 1374 868 1388 890; x_wconf 93' lang='lat'><strong>,</strong></span> <span class='ocrx_word' id='word_1_36' title='bbox 1415 835 1461 879; x_wconf 88' lang='lat' dir='ltr'><strong>et</strong></span> <span class='ocrx_word' id='word_1_37' title='bbox 1486 824 1787 879; x_wconf 63' lang='lat' dir='ltr'><strong>daemonium</strong></span> <span class='ocrx_word' id='word_1_38' title='bbox 1812 822 1997 877; x_wconf 84' lang='lat' dir='ltr'><strong>habes?</strong></span> <span class='ocrx_word' id='word_1_39' title='bbox 2022 822 2111 875; x_wconf 78' lang='lat' dir='ltr'><strong>lio-</strong></span> 
     </span>
    </p>
   </div>
   <div class='ocr_carea' id='block_1_7' title="bbox 527 913 2108 987">
    <p class='ocr_par' dir='ltr' id='par_1_7' title="bbox 527 913 2108 987">
     <span class='ocr_line' id='line_1_7' title="bbox 527 913 2108 987; baseline -0.009 -8"><span class='ocrx_word' id='word_1_40' title='bbox 527 942 646 979; x_wconf 90' lang='lat' dir='ltr'><strong>rum</strong></span> <span class='ocrx_word' id='word_1_41' title='bbox 677 924 903 979; x_wconf 89' lang='lat' dir='ltr'><strong>duorum</strong></span> <span class='ocrx_word' id='word_1_42' title='bbox 933 920 1032 975; x_wconf 89' lang='lat' dir='ltr'><strong>sibi</strong></span> <span class='ocrx_word' id='word_1_43' title='bbox 1056 918 1384 987; x_wconf 90' lang='lat' dir='ltr'><strong>objectorum</strong></span> <span class='ocrx_word' id='word_1_44' title='bbox 1418 931 1580 970; x_wconf 91' lang='lat' dir='ltr'><strong>unum</strong></span> <span class='ocrx_word' id='word_1_45' title='bbox 1613 914 1851 984; x_wconf 82' lang='lat' dir='ltr'><strong>negavit,</strong></span> <span class='ocrx_word' id='word_1_46' title='bbox 1883 913 2108 967; x_wconf 86' lang='lat' dir='ltr'><strong>alterum</strong></span> 
     </span>
    </p>
   </div>
   <div class='ocr_carea' id='block_1_8' title="bbox 528 1003 2110 1104">
    <p class='ocr_par' dir='ltr' id='par_1_8' title="bbox 528 1003 2110 1104">
     <span class='ocr_line' id='line_1_8' title="bbox 528 1003 2110 1104; baseline -0.009 -33"><span class='ocrx_word' id='word_1_47' title='bbox 528 1030 635 1071; x_wconf 91' lang='lat' dir='ltr'><strong>non</strong></span> <span class='ocrx_word' id='word_1_48' title='bbox 661 1014 889 1083; x_wconf 80' lang='lat' dir='ltr'><strong>negavit.</strong></span> <span class='ocrx_word' id='word_1_49' title='bbox 922 1009 1211 1079; x_wconf 81' lang='lat' dir='ltr'><strong>Respondit</strong></span> <span class='ocrx_word' id='word_1_50' title='bbox 1236 1008 1377 1064; x_wconf 90' lang='lat' dir='ltr'><strong>enim</strong></span> <span class='ocrx_word' id='word_1_51' title='bbox 1403 1049 1417 1073; x_wconf 94' lang='lat'><strong>,</strong></span> <span class='ocrx_word' id='word_1_52' title='bbox 1444 1016 1499 1062; x_wconf 91' lang='lat' dir='ltr'><strong>et</strong></span> <span class='ocrx_word' id='word_1_53' title='bbox 1526 1007 1636 1061; x_wconf 88' lang='lat' dir='ltr'><strong>ait:</strong></span> <span class='ocrx_word' id='word_1_54' title='bbox 1662 1003 1777 1077; x_wconf 90' lang='lat' dir='ltr'><strong>Ego</strong></span> <span class='ocrx_word' id='word_1_55' title='bbox 1806 1003 2110 1104; x_wconf 76' lang='lat' dir='ltr'><strong>dtemonium</strong></span> 
     </span>
    </p>
   </div>
   <div class='ocr_carea' id='block_1_9' title="bbox 529 1100 2109 1166">
    <p class='ocr_par' dir='ltr' id='par_1_9' title="bbox 529 1100 2109 1166">
     <span class='ocr_line' id='line_1_9' title="bbox 529 1100 2109 1166; baseline -0.008 -6"><span class='ocrx_word' id='word_1_56' title='bbox 529 1124 632 1160; x_wconf 84' lang='lat' dir='ltr'><strong>non</strong></span> <span class='ocrx_word' id='word_1_57' title='bbox 657 1107 834 1160; x_wconf 81' lang='lat' dir='ltr'><strong>habeo.</strong></span> <span class='ocrx_word' id='word_1_58' title='bbox 865 1103 979 1158; x_wconf 85' lang='lat' dir='ltr'><strong>Non</strong></span> <span class='ocrx_word' id='word_1_59' title='bbox 1006 1101 1172 1166; x_wconf 76' lang='lat' dir='ltr'><strong>dixit,</strong></span> <span class='ocrx_word' id='word_1_60' title='bbox 1200 1100 1562 1155; x_wconf 86' lang='lat' dir='ltr'><strong>Samaritanus</strong></span> <span class='ocrx_word' id='word_1_61' title='bbox 1589 1112 1693 1152; x_wconf 91' lang='lat' dir='ltr'><strong>non</strong></span> <span class='ocrx_word' id='word_1_62' title='bbox 1723 1111 1840 1151; x_wconf 91' lang='lat' dir='ltr'><strong>sum</strong></span> <span class='ocrx_word' id='word_1_63' title='bbox 1874 1112 1899 1148; x_wconf 68' lang='grc' dir='ltr'><strong>ε,</strong></span> <span class='ocrx_word' id='word_1_64' title='bbox 1920 1101 1976 1149; x_wconf 92' lang='lat' dir='ltr'><strong>et</strong></span> <span class='ocrx_word' id='word_1_65' title='bbox 2005 1100 2109 1147; x_wconf 88' lang='lat' dir='ltr'><strong>uti-</strong></span> 
     </span>
    </p>
   </div>
   <div class='ocr_carea' id='block_1_10' title="bbox 530 1187 2111 1290">
    <p class='ocr_par' dir='ltr' id='par_1_10' title="bbox 530 1187 2111 1290">
     <span class='ocr_line' id='line_1_10' title="bbox 530 1187 2111 1290; baseline -0.011 -34"><span class='ocrx_word' id='word_1_66' title='bbox 530 1217 633 1271; x_wconf 89' lang='lat' dir='ltr'><strong>que</strong></span> <span class='ocrx_word' id='word_1_67' title='bbox 661 1200 766 1255; x_wconf 92' lang='lat' dir='ltr'><strong>duo</strong></span> <span class='ocrx_word' id='word_1_68' title='bbox 792 1197 1002 1253; x_wconf 78' lang='lat' dir='ltr'><strong>fuerant</strong></span> <span class='ocrx_word' id='word_1_69' title='bbox 1024 1195 1249 1264; x_wconf 88' lang='lat' dir='ltr'><strong>objecta.</strong></span> <span class='ocrx_word' id='word_1_70' title='bbox 1281 1193 1533 1260; x_wconf 80' lang='lat' dir='ltr'><strong>Quamvis</strong></span> <span class='ocrx_word' id='word_1_71' title='bbox 1562 1189 1898 1290; x_wconf 81' lang='lat' dir='ltr'><strong>maledictum</strong></span> <span class='ocrx_word' id='word_1_72' title='bbox 1942 1187 2111 1290; x_wconf 72' lang='lat' dir='ltr'><strong>male-</strong></span> 
     </span>
    </p>
   </div>
   <div class='ocr_carea' id='block_1_11' title="bbox 530 1282 2113 1355">
    <p class='ocr_par' dir='ltr' id='par_1_11' title="bbox 530 1282 2113 1355">
     <span class='ocr_line' id='line_1_11' title="bbox 530 1282 2113 1355; baseline -0.009 -9"><span class='ocrx_word' id='word_1_73' title='bbox 530 1292 672 1347; x_wconf 91' lang='lat' dir='ltr'><strong>dicto</strong></span> <span class='ocrx_word' id='word_1_74' title='bbox 697 1305 801 1344; x_wconf 91' lang='lat' dir='ltr'><strong>non</strong></span> <span class='ocrx_word' id='word_1_75' title='bbox 823 1287 1148 1351; x_wconf 90' lang='lat' dir='ltr'><strong>reddiderit,</strong></span> <span class='ocrx_word' id='word_1_76' title='bbox 1193 1285 1433 1355; x_wconf 83' lang='lat' dir='ltr'><strong>quamvis</strong></span> <span class='ocrx_word' id='word_1_77' title='bbox 1461 1282 1754 1336; x_wconf 82' lang='lat' dir='ltr'><strong>convicium</strong></span> <span class='ocrx_word' id='word_1_78' title='bbox 1796 1294 1900 1333; x_wconf 87' lang='lat' dir='ltr'><strong>non</strong></span> <span class='ocrx_word' id='word_1_79' title='bbox 1928 1282 2113 1332; x_wconf 88' lang='lat' dir='ltr'><strong>convi-</strong></span> 
     </span>
    </p>
   </div>
   <div class='ocr_carea' id='block_1_12' title="bbox 426 1373 2109 1447">
    <p class='ocr_par' dir='ltr' id='par_1_12' title="bbox 426 1373 2109 1447">
     <span class='ocr_line' id='line_1_12' title="bbox 426 1373 2109 1447; baseline -0.01 -10"><span class='ocrx_word' id='word_1_80' title='bbox 426 1373 476 1447; x_wconf 55' lang='grc' dir='ltr'><strong><em>ρί</em></strong></span> <span class='ocrx_word' id='word_1_81' title='bbox 530 1383 615 1436; x_wconf 81' lang='lat' dir='ltr'><strong>cio</strong></span> <span class='ocrx_word' id='word_1_82' title='bbox 643 1378 983 1443; x_wconf 77' lang='lat' dir='ltr'><strong>relutaverit;</strong></span> <span class='ocrx_word' id='word_1_83' title='bbox 1014 1377 1267 1447; x_wconf 88' lang='lat' dir='ltr'><strong>pertinuit</strong></span> <span class='ocrx_word' id='word_1_84' title='bbox 1292 1384 1467 1428; x_wconf 91' lang='lat' dir='ltr'><strong>tamen</strong></span> <span class='ocrx_word' id='word_1_85' title='bbox 1494 1373 1559 1426; x_wconf 90' lang='lat' dir='ltr'><strong>ad</strong></span> <span class='ocrx_word' id='word_1_86' title='bbox 1586 1387 1706 1425; x_wconf 93' lang='lat' dir='ltr'><strong>eum</strong></span> <span class='ocrx_word' id='word_1_87' title='bbox 1739 1386 1930 1439; x_wconf 85' lang='lat' dir='ltr'><strong>negare</strong></span> <span class='ocrx_word' id='word_1_88' title='bbox 1952 1384 2109 1423; x_wconf 90' lang='lat' dir='ltr'><strong>unam</strong></span> 
     </span>
    </p>
   </div>
   <div class='ocr_carea' id='block_1_13' title="bbox 528 1461 2111 1536">
    <p class='ocr_par' dir='ltr' id='par_1_13' title="bbox 528 1461 2111 1536">
     <span class='ocr_line' id='line_1_13' title="bbox 528 1461 2111 1536; baseline -0.007 -10"><span class='ocrx_word' id='word_1_89' title='bbox 528 1486 645 1526; x_wconf 88' lang='lat' dir='ltr'><strong>rem</strong></span> <span class='ocrx_word' id='word_1_90' title='bbox 666 1512 680 1536; x_wconf 94' lang='lat'><strong>,</strong></span> <span class='ocrx_word' id='word_1_91' title='bbox 723 1472 945 1525; x_wconf 89' lang='lat' dir='ltr'><strong>alteram</strong></span> <span class='ocrx_word' id='word_1_92' title='bbox 976 1484 1079 1523; x_wconf 92' lang='lat' dir='ltr'><strong>non</strong></span> <span class='ocrx_word' id='word_1_93' title='bbox 1109 1482 1321 1536; x_wconf 88' lang='lat' dir='ltr'><strong>negare.</strong></span> <span class='ocrx_word' id='word_1_94' title='bbox 1366 1465 1479 1521; x_wconf 89' lang='lat' dir='ltr'><strong>Non</strong></span> <span class='ocrx_word' id='word_1_95' title='bbox 1507 1463 1733 1526; x_wconf 85' lang='lat' dir='ltr'><strong>frustra,</strong></span> <span class='ocrx_word' id='word_1_96' title='bbox 1767 1462 1977 1516; x_wconf 81' lang='lat' dir='ltr'><strong>fratres.</strong></span> <span class='ocrx_word' id='word_1_97' title='bbox 2012 1461 2111 1515; x_wconf 84' lang='lat' dir='ltr'><strong>Sa-</strong></span> 
     </span>
    </p>
   </div>
   <div class='ocr_carea' id='block_1_14' title="bbox 528 1553 2131 1628">
    <p class='ocr_par' dir='ltr' id='par_1_14' title="bbox 528 1553 2131 1628">
     <span class='ocr_line' id='line_1_14' title="bbox 528 1553 2131 1628; baseline -0.007 -10"><span class='ocrx_word' id='word_1_98' title='bbox 528 1564 825 1618; x_wconf 88' lang='lat' dir='ltr'><strong>maritanus</strong></span> <span class='ocrx_word' id='word_1_99' title='bbox 862 1562 1001 1616; x_wconf 88' lang='lat' dir='ltr'><strong>enim</strong></span> <span class='ocrx_word' id='word_1_100' title='bbox 1032 1561 1407 1628; x_wconf 84' lang='lat' dir='ltr'><strong>interpretatur</strong></span> <span class='ocrx_word' id='word_1_101' title='bbox 1435 1557 1647 1611; x_wconf 87' lang='lat' dir='ltr'><strong>Custos.</strong></span> <span class='ocrx_word' id='word_1_102' title='bbox 1677 1555 1904 1608; x_wconf 86' lang='lat' dir='ltr'><strong>Noverat</strong></span> <span class='ocrx_word' id='word_1_103' title='bbox 1928 1569 1986 1608; x_wconf 92' lang='lat' dir='ltr'><strong>se</strong></span> <span class='ocrx_word' id='word_1_104' title='bbox 2026 1553 2131 1607; x_wconf 65' lang='lat' dir='ltr'><strong>ille&#39;</strong></span> 
     </span>
    </p>
   </div>
   <div class='ocr_carea' id='block_1_15' title="bbox 531 1642 2117 1713">
    <p class='ocr_par' dir='ltr' id='par_1_15' title="bbox 531 1642 2117 1713">
     <span class='ocr_line' id='line_1_15' title="bbox 531 1642 2117 1713; baseline -0.009 -5"><span class='ocrx_word' id='word_1_105' title='bbox 531 1662 772 1708; x_wconf 90' lang='lat' dir='ltr'><strong>nostrum</strong></span> <span class='ocrx_word' id='word_1_106' title='bbox 799 1668 919 1708; x_wconf 91' lang='lat' dir='ltr'><strong>esse</strong></span> <span class='ocrx_word' id='word_1_107' title='bbox 942 1650 1238 1707; x_wconf 89' lang='lat' dir='ltr'><strong>custodem.</strong></span> <span class='ocrx_word' id='word_1_108' title='bbox 1275 1647 1393 1702; x_wconf 87' lang='lat' dir='ltr'><strong>Non</strong></span> <span class='ocrx_word' id='word_1_109' title='bbox 1426 1648 1565 1701; x_wconf 89' lang='lat' dir='ltr'><strong>enim</strong></span> <span class='ocrx_word' id='word_1_110' title='bbox 1598 1646 1778 1698; x_wconf 83' lang='lat' dir='ltr'><strong>dormit</strong></span> <span class='ocrx_word' id='word_1_111' title='bbox 1805 1659 1963 1713; x_wconf 86' lang='lat' dir='ltr'><strong>neque</strong></span> <span class='ocrx_word' id='word_1_112' title='bbox 1997 1642 2117 1695; x_wconf 85' lang='lat' dir='ltr'><strong>dor-</strong></span> 
     </span>
    </p>
   </div>
   <div class='ocr_carea' id='block_1_16' title="bbox 531 1731 2114 1813">
    <p class='ocr_par' dir='ltr' id='par_1_16' title="bbox 531 1731 2114 1813">
     <span class='ocr_line' id='line_1_16' title="bbox 531 1731 2114 1813; baseline -0.009 -16"><span class='ocrx_word' id='word_1_113' title='bbox 531 1744 677 1797; x_wconf 87' lang='lat' dir='ltr'><strong>mitat</strong></span> <span class='ocrx_word' id='word_1_114' title='bbox 700 1743 785 1813; x_wconf 90' lang='lat' dir='ltr'><strong>qui</strong></span> <span class='ocrx_word' id='word_1_115' title='bbox 812 1741 1029 1796; x_wconf 80' lang='lat' dir='ltr'><strong>custodit</strong></span> <span class='ocrx_word' id='word_1_116' title='bbox 1054 1739 1220 1793; x_wconf 86' lang='lat' dir='ltr'><strong>Israel</strong></span> <span class='ocrx_word' id='word_1_117' title='bbox 1245 1736 1414 1809; x_wconf 87' lang='lat' dir='ltr'><strong>(Psal.</strong></span> <span class='ocrx_word' id='word_1_118' title='bbox 1444 1751 1581 1800; x_wconf 78' lang='lat' dir='ltr'><strong>cxx,</strong></span> <span class='ocrx_word' id='word_1_119' title='bbox 1610 1734 1665 1805; x_wconf 76' lang='grc'><strong>4)</strong></span> <span class='ocrx_word' id='word_1_120' title='bbox 1698 1752 1710 1786; x_wconf 89' lang='lat'>:</span> <span class='ocrx_word' id='word_1_121' title='bbox 1742 1742 1796 1787; x_wconf 91' lang='lat' dir='ltr'><strong>et</strong></span> <span class='ocrx_word' id='word_1_122' title='bbox 1815 1775 1829 1797; x_wconf 92' lang='lat'><strong>,</strong></span> <span class='ocrx_word' id='word_1_123' title='bbox 1859 1733 1977 1786; x_wconf 79' lang='lat' dir='ltr'><strong>Nisi</strong></span> <span class='ocrx_word' id='word_1_124' title='bbox 2001 1731 2114 1784; x_wconf 85' lang='lat' dir='ltr'><strong>Do-</strong></span> 
     </span>
    </p>
   </div>
   <div class='ocr_carea' id='block_1_17' title="bbox 533 1825 2113 1897">
    <p class='ocr_par' dir='ltr' id='par_1_17' title="bbox 533 1825 2113 1897">
     <span class='ocr_line' id='line_1_17' title="bbox 533 1825 2113 1897; baseline -0.009 -8"><span class='ocrx_word' id='word_1_125' title='bbox 533 1836 699 1889; x_wconf 81' lang='lat' dir='ltr'><strong>minus</strong></span> <span class='ocrx_word' id='word_1_126' title='bbox 728 1833 1014 1888; x_wconf 85' lang='lat' dir='ltr'><strong>custodierit</strong></span> <span class='ocrx_word' id='word_1_127' title='bbox 1039 1832 1284 1885; x_wconf 84' lang='lat' dir='ltr'><strong>civitatem</strong></span> <span class='ocrx_word' id='word_1_128' title='bbox 1306 1872 1318 1892; x_wconf 91' lang='lat'><strong>,</strong></span> <span class='ocrx_word' id='word_1_129' title='bbox 1344 1831 1397 1881; x_wconf 88' lang='lat' dir='ltr'><strong>in</strong></span> <span class='ocrx_word' id='word_1_130' title='bbox 1418 1844 1596 1880; x_wconf 87' lang='lat' dir='ltr'><strong>vanum</strong></span> <span class='ocrx_word' id='word_1_131' title='bbox 1623 1826 1898 1897; x_wconf 83' lang='lat' dir='ltr'><strong>vigilabunt</strong></span> <span class='ocrx_word' id='word_1_132' title='bbox 1914 1825 1999 1888; x_wconf 86' lang='lat' dir='ltr'><strong>qui</strong></span> <span class='ocrx_word' id='word_1_133' title='bbox 2019 1840 2113 1875; x_wconf 86' lang='lat' dir='ltr'><strong>cu-</strong></span> 
     </span>
    </p>
   </div>
   <div class='ocr_carea' id='block_1_18' title="bbox 533 1917 2113 1989">
    <p class='ocr_par' dir='ltr' id='par_1_18' title="bbox 533 1917 2113 1989">
     <span class='ocr_line' id='line_1_18' title="bbox 533 1917 2113 1989; baseline -0.008 -10"><span class='ocrx_word' id='word_1_134' title='bbox 533 1925 755 1979; x_wconf 87' lang='lat' dir='ltr'><strong>stodiunt</strong></span> <span class='ocrx_word' id='word_1_135' title='bbox 785 1922 953 1986; x_wconf 80' lang='lat' dir='ltr'><strong>(Psal.</strong></span> <span class='ocrx_word' id='word_1_136' title='bbox 977 1936 1171 1986; x_wconf 76' lang='lat' dir='ltr'><strong>cxxvt,</strong></span> <span class='ocrx_word' id='word_1_137' title='bbox 1198 1918 1271 1989; x_wconf 80' lang='grc'><strong>1).</strong></span> <span class='ocrx_word' id='word_1_138' title='bbox 1303 1919 1399 1973; x_wconf 88' lang='lat' dir='ltr'><strong>Est</strong></span> <span class='ocrx_word' id='word_1_139' title='bbox 1426 1933 1552 1987; x_wconf 86' lang='lat' dir='ltr'><strong>ergo</strong></span> <span class='ocrx_word' id='word_1_140' title='bbox 1582 1917 1669 1971; x_wconf 90' lang='lat' dir='ltr'><strong>ille</strong></span> <span class='ocrx_word' id='word_1_141' title='bbox 1694 1924 1873 1969; x_wconf 90' lang='lat' dir='ltr'><strong>custos</strong></span> <span class='ocrx_word' id='word_1_142' title='bbox 1912 1923 2113 1979; x_wconf 90' lang='lat' dir='ltr'><strong>noster,</strong></span> 
     </span>
    </p>
   </div>
   <div class='ocr_carea' id='block_1_19' title="bbox 534 2006 2119 2084">
    <p class='ocr_par' dir='ltr' id='par_1_19' title="bbox 534 2006 2119 2084">
     <span class='ocr_line' id='line_1_19' title="bbox 534 2006 2119 2084; baseline -0.006 -17"><span class='ocrx_word' id='word_1_143' title='bbox 534 2016 623 2084; x_wconf 90' lang='lat' dir='ltr'><strong>qui</strong></span> <span class='ocrx_word' id='word_1_144' title='bbox 650 2025 857 2069; x_wconf 82' lang='lat' dir='ltr'><strong>creator</strong></span> <span class='ocrx_word' id='word_1_145' title='bbox 881 2022 1082 2066; x_wconf 89' lang='lat' dir='ltr'><strong>noster.</strong></span> <span class='ocrx_word' id='word_1_146' title='bbox 1111 2012 1245 2065; x_wconf 80' lang='lat' dir='ltr'><strong>Num</strong></span> <span class='ocrx_word' id='word_1_147' title='bbox 1278 2010 1417 2062; x_wconf 90' lang='lat' dir='ltr'><strong>enim</strong></span> <span class='ocrx_word' id='word_1_148' title='bbox 1442 2007 1689 2076; x_wconf 89' lang='lat' dir='ltr'><strong>pertinuit</strong></span> <span class='ocrx_word' id='word_1_149' title='bbox 1710 2006 1773 2059; x_wconf 86' lang='lat' dir='ltr'><strong>ad</strong></span> <span class='ocrx_word' id='word_1_150' title='bbox 1800 2020 1920 2059; x_wconf 89' lang='lat' dir='ltr'><strong>eum</strong></span> <span class='ocrx_word' id='word_1_151' title='bbox 1950 2011 2010 2059; x_wconf 89' lang='lat' dir='ltr'><strong>ut</strong></span> <span class='ocrx_word' id='word_1_152' title='bbox 2033 2020 2119 2059; x_wconf 88' lang='lat' dir='ltr'><strong>re-</strong></span> 
     </span>
    </p>
   </div>
   <div class='ocr_carea' id='block_1_20' title="bbox 535 2095 2118 2172">
    <p class='ocr_par' dir='ltr' id='par_1_20' title="bbox 535 2095 2118 2172">
     <span class='ocr_line' id='line_1_20' title="bbox 535 2095 2118 2172; baseline -0.006 -14"><span class='ocrx_word' id='word_1_153' title='bbox 535 2105 879 2168; x_wconf 90' lang='lat' dir='ltr'><strong>dimeremur,</strong></span> <span class='ocrx_word' id='word_1_154' title='bbox 898 2111 952 2157; x_wconf 91' lang='lat' dir='ltr'><strong>ct</strong></span> <span class='ocrx_word' id='word_1_155' title='bbox 975 2117 1079 2156; x_wconf 91' lang='lat' dir='ltr'><strong>non</strong></span> <span class='ocrx_word' id='word_1_156' title='bbox 1100 2101 1393 2172; x_wconf 87' lang='lat' dir='ltr'><strong>pertineret</strong></span> <span class='ocrx_word' id='word_1_157' title='bbox 1412 2108 1472 2152; x_wconf 92' lang='lat' dir='ltr'><strong>ut</strong></span> <span class='ocrx_word' id='word_1_158' title='bbox 1490 2096 1861 2152; x_wconf 72' lang='lat' dir='ltr'><strong>servarentur?</strong></span> <span class='ocrx_word' id='word_1_159' title='bbox 1885 2095 2118 2164; x_wconf 81' lang='lat' dir='ltr'><strong>Denique</strong></span> 
     </span>
    </p>
   </div>
   <div class='ocr_carea' id='block_1_21' title="bbox 534 2185 2119 2262">
    <p class='ocr_par' dir='ltr' id='par_1_21' title="bbox 534 2185 2119 2262">
     <span class='ocr_line' id='line_1_21' title="bbox 534 2185 2119 2262; baseline -0.006 -15"><span class='ocrx_word' id='word_1_160' title='bbox 534 2203 594 2247; x_wconf 89' lang='lat' dir='ltr'><strong>ut</strong></span> <span class='ocrx_word' id='word_1_161' title='bbox 618 2194 822 2262; x_wconf 91' lang='lat' dir='ltr'><strong>plenius</strong></span> <span class='ocrx_word' id='word_1_162' title='bbox 846 2191 1100 2246; x_wconf 84' lang='lat' dir='ltr'><strong>noveritis</strong></span> <span class='ocrx_word' id='word_1_163' title='bbox 1122 2190 1432 2261; x_wconf 78' lang='lat' dir='ltr'><strong>mysterium</strong></span> <span class='ocrx_word' id='word_1_164' title='bbox 1459 2201 1622 2257; x_wconf 90' lang='lat' dir='ltr'><strong>quare</strong></span> <span class='ocrx_word' id='word_1_165' title='bbox 1648 2201 1708 2240; x_wconf 89' lang='lat' dir='ltr'><strong>se</strong></span> <span class='ocrx_word' id='word_1_166' title='bbox 1729 2185 2119 2240; x_wconf 88' lang='lat' dir='ltr'><strong>Samaritanum</strong></span> 
     </span>
    </p>
   </div>
   <div class='ocr_carea' id='block_1_22' title="bbox 535 2275 2119 2351">
    <p class='ocr_par' dir='ltr' id='par_1_22' title="bbox 535 2275 2119 2351">
     <span class='ocr_line' id='line_1_22' title="bbox 535 2275 2119 2351; baseline -0.006 -15"><span class='ocrx_word' id='word_1_167' title='bbox 535 2296 731 2351; x_wconf 81' lang='lat' dir='ltr'><strong>negare</strong></span> <span class='ocrx_word' id='word_1_168' title='bbox 759 2297 862 2335; x_wconf 91' lang='lat' dir='ltr'><strong>non</strong></span> <span class='ocrx_word' id='word_1_169' title='bbox 890 2280 1099 2345; x_wconf 88' lang='lat' dir='ltr'><strong>debuit,</strong></span> <span class='ocrx_word' id='word_1_170' title='bbox 1144 2277 1448 2348; x_wconf 89' lang='lat' dir='ltr'><strong>parabolam</strong></span> <span class='ocrx_word' id='word_1_171' title='bbox 1493 2276 1635 2330; x_wconf 90' lang='lat' dir='ltr'><strong>illam</strong></span> <span class='ocrx_word' id='word_1_172' title='bbox 1680 2275 2007 2329; x_wconf 89' lang='lat' dir='ltr'><strong>notissimam</strong></span> <span class='ocrx_word' id='word_1_173' title='bbox 2035 2283 2119 2327; x_wconf 81' lang='lat' dir='ltr'><strong>at-</strong></span> 
     </span>
    </p>
   </div>
   <div class='ocr_carea' id='block_1_23' title="bbox 536 2363 2117 2437">
    <p class='ocr_par' dir='ltr' id='par_1_23' title="bbox 536 2363 2117 2437">
     <span class='ocr_line' id='line_1_23' title="bbox 536 2363 2117 2437; baseline -0.004 -15"><span class='ocrx_word' id='word_1_174' title='bbox 536 2372 738 2425; x_wconf 88' lang='lat' dir='ltr'><strong>tendite</strong></span> <span class='ocrx_word' id='word_1_175' title='bbox 759 2412 772 2435; x_wconf 91' lang='lat'><strong>,</strong></span> <span class='ocrx_word' id='word_1_176' title='bbox 805 2370 892 2423; x_wconf 92' lang='lat' dir='ltr'><strong>ubi</strong></span> <span class='ocrx_word' id='word_1_177' title='bbox 922 2369 1081 2422; x_wconf 91' lang='lat' dir='ltr'><strong>homo</strong></span> <span class='ocrx_word' id='word_1_178' title='bbox 1112 2367 1325 2437; x_wconf 91' lang='lat' dir='ltr'><strong>quidam</strong></span> <span class='ocrx_word' id='word_1_179' title='bbox 1363 2364 1719 2420; x_wconf 88' lang='lat' dir='ltr'><strong>descendebat</strong></span> <span class='ocrx_word' id='word_1_180' title='bbox 1742 2364 1808 2417; x_wconf 91' lang='lat' dir='ltr'><strong>ab</strong></span> <span class='ocrx_word' id='word_1_181' title='bbox 1827 2363 2117 2418; x_wconf 87' lang='lat' dir='ltr'><strong>Jerusalem</strong></span> 
     </span>
    </p>
   </div>
   <div class='ocr_carea' id='block_1_24' title="bbox 537 2453 2121 2525">
    <p class='ocr_par' dir='ltr' id='par_1_24' title="bbox 537 2453 2121 2525">
     <span class='ocr_line' id='line_1_24' title="bbox 537 2453 2121 2525; baseline -0.006 -10"><span class='ocrx_word' id='word_1_182' title='bbox 537 2462 591 2515; x_wconf 90' lang='lat' dir='ltr'><strong>in</strong></span> <span class='ocrx_word' id='word_1_183' title='bbox 634 2459 878 2525; x_wconf 76' lang='lat' dir='ltr'><strong>Jerieho,</strong></span> <span class='ocrx_word' id='word_1_184' title='bbox 921 2467 975 2514; x_wconf 90' lang='lat' dir='ltr'><strong>et</strong></span> <span class='ocrx_word' id='word_1_185' title='bbox 1016 2458 1201 2513; x_wconf 89' lang='lat' dir='ltr'><strong>incidit</strong></span> <span class='ocrx_word' id='word_1_186' title='bbox 1240 2457 1293 2510; x_wconf 91' lang='lat' dir='ltr'><strong>in</strong></span> <span class='ocrx_word' id='word_1_187' title='bbox 1329 2456 1592 2519; x_wconf 88' lang='lat' dir='ltr'><strong>latrones,</strong></span> <span class='ocrx_word' id='word_1_188' title='bbox 1626 2454 1715 2523; x_wconf 92' lang='lat' dir='ltr'><strong>qui</strong></span> <span class='ocrx_word' id='word_1_189' title='bbox 1740 2468 1860 2508; x_wconf 93' lang='lat' dir='ltr'><strong>eum</strong></span> <span class='ocrx_word' id='word_1_190' title='bbox 1890 2453 2121 2521; x_wconf 75' lang='lat' dir='ltr'><strong>graviter</strong></span> 
     </span>
    </p>
   </div>
   <div class='ocr_carea' id='block_1_25' title="bbox 535 2542 2122 2613">
    <p class='ocr_par' dir='ltr' id='par_1_25' title="bbox 535 2542 2122 2613">
     <span class='ocr_line' id='line_1_25' title="bbox 535 2542 2122 2613; baseline -0.005 -9"><span class='ocrx_word' id='word_1_191' title='bbox 535 2551 908 2613; x_wconf 76' lang='lat' dir='ltr'><strong>vulnerantes,</strong></span> <span class='ocrx_word' id='word_1_192' title='bbox 938 2547 1250 2603; x_wconf 83' lang='lat' dir='ltr'><strong>semivivum</strong></span> <span class='ocrx_word' id='word_1_193' title='bbox 1289 2546 1341 2600; x_wconf 91' lang='lat' dir='ltr'><strong>in</strong></span> <span class='ocrx_word' id='word_1_194' title='bbox 1380 2545 1465 2599; x_wconf 87' lang='lat' dir='ltr'><strong>via</strong></span> <span class='ocrx_word' id='word_1_195' title='bbox 1506 2544 1850 2613; x_wconf 89' lang='lat' dir='ltr'><strong>reliquerunt.</strong></span> <span class='ocrx_word' id='word_1_196' title='bbox 1890 2542 2122 2597; x_wconf 88' lang='lat' dir='ltr'><strong>Transiit</strong></span> 
     </span>
    </p>
   </div>
   <div class='ocr_carea' id='block_1_26' title="bbox 536 2633 2121 2708">
    <p class='ocr_par' dir='ltr' id='par_1_26' title="bbox 536 2633 2121 2708">
     <span class='ocr_line' id='line_1_26' title="bbox 536 2633 2121 2708; baseline -0.005 -13"><span class='ocrx_word' id='word_1_197' title='bbox 536 2640 816 2704; x_wconf 85' lang='lat' dir='ltr'><strong>sacerdos,</strong></span> <span class='ocrx_word' id='word_1_198' title='bbox 862 2638 1095 2708; x_wconf 74' lang='lat' dir='ltr'><strong>neglexit</strong></span> <span class='ocrx_word' id='word_1_199' title='bbox 1135 2652 1255 2691; x_wconf 92' lang='lat' dir='ltr'><strong>eum</strong></span> <span class='ocrx_word' id='word_1_200' title='bbox 1300 2653 1313 2689; x_wconf 93' lang='lat'>:</span> <span class='ocrx_word' id='word_1_201' title='bbox 1364 2634 1574 2689; x_wconf 88' lang='lat' dir='ltr'><strong>transiit</strong></span> <span class='ocrx_word' id='word_1_202' title='bbox 1625 2633 1864 2699; x_wconf 85' lang='lat' dir='ltr'><strong>Levites,</strong></span> <span class='ocrx_word' id='word_1_203' title='bbox 1906 2642 1961 2686; x_wconf 88' lang='lat' dir='ltr'><strong>et</strong></span> <span class='ocrx_word' id='word_1_204' title='bbox 2007 2634 2121 2701; x_wconf 91' lang='lat' dir='ltr'><strong>ipse</strong></span> 
     </span>
    </p>
   </div>
   <div class='ocr_carea' id='block_1_27' title="bbox 537 2722 2120 2800">
    <p class='ocr_par' dir='ltr' id='par_1_27' title="bbox 537 2722 2120 2800">
     <span class='ocr_line' id='line_1_27' title="bbox 537 2722 2120 2800; baseline -0.006 -16"><span class='ocrx_word' id='word_1_205' title='bbox 537 2731 797 2800; x_wconf 82' lang='lat' dir='ltr'><strong>praeteriit</strong></span> <span class='ocrx_word' id='word_1_206' title='bbox 828 2746 842 2782; x_wconf 89' lang='lat'><strong>:</strong></span> <span class='ocrx_word' id='word_1_207' title='bbox 884 2727 1091 2782; x_wconf 88' lang='lat' dir='ltr'><strong>transiit</strong></span> <span class='ocrx_word' id='word_1_208' title='bbox 1116 2726 1328 2795; x_wconf 87' lang='lat' dir='ltr'><strong>quidam</strong></span> <span class='ocrx_word' id='word_1_209' title='bbox 1359 2724 1754 2789; x_wconf 88' lang='lat' dir='ltr'><strong>Samaritanus,</strong></span> <span class='ocrx_word' id='word_1_210' title='bbox 1784 2722 1898 2791; x_wconf 89' lang='lat' dir='ltr'><strong>ipse</strong></span> <span class='ocrx_word' id='word_1_211' title='bbox 1920 2729 2002 2776; x_wconf 88' lang='lat' dir='ltr'><strong>est</strong></span> <span class='ocrx_word' id='word_1_212' title='bbox 2025 2737 2120 2775; x_wconf 83' lang='lat' dir='ltr'><strong>cu-</strong></span> 
     </span>
    </p>
   </div>
   <div class='ocr_carea' id='block_1_28' title="bbox 538 2813 2121 2887">
    <p class='ocr_par' dir='ltr' id='par_1_28' title="bbox 538 2813 2121 2887">
     <span class='ocr_line' id='line_1_28' title="bbox 538 2813 2121 2887; baseline -0.004 -13"><span class='ocrx_word' id='word_1_213' title='bbox 538 2830 651 2875; x_wconf 89' lang='lat' dir='ltr'><strong>stos</strong></span> <span class='ocrx_word' id='word_1_214' title='bbox 678 2829 890 2884; x_wconf 90' lang='lat' dir='ltr'><strong>noster;</strong></span> <span class='ocrx_word' id='word_1_215' title='bbox 922 2820 1035 2887; x_wconf 90' lang='lat' dir='ltr'><strong>ipse</strong></span> <span class='ocrx_word' id='word_1_216' title='bbox 1074 2818 1300 2872; x_wconf 88' lang='lat' dir='ltr'><strong>accessit</strong></span> <span class='ocrx_word' id='word_1_217' title='bbox 1326 2816 1392 2870; x_wconf 87' lang='lat' dir='ltr'><strong>ad</strong></span> <span class='ocrx_word' id='word_1_218' title='bbox 1423 2816 1691 2881; x_wconf 85' lang='lat' dir='ltr'><strong>saucium,</strong></span> <span class='ocrx_word' id='word_1_219' title='bbox 1724 2815 1837 2883; x_wconf 86' lang='lat' dir='ltr'><strong>ipse</strong></span> <span class='ocrx_word' id='word_1_220' title='bbox 1866 2813 2121 2883; x_wconf 89' lang='lat' dir='ltr'><strong>impendit</strong></span> 
     </span>
    </p>
   </div>
   <div class='ocr_carea' id='block_1_29' title="bbox 538 2907 2120 2979">
    <p class='ocr_par' dir='ltr' id='par_1_29' title="bbox 538 2907 2120 2979">
     <span class='ocr_line' id='line_1_29' title="bbox 538 2907 2120 2979; baseline -0.003 -14"><span class='ocrx_word' id='word_1_221' title='bbox 538 2911 993 2976; x_wconf 89' lang='lat' dir='ltr'><strong>misericordiam,</strong></span> <span class='ocrx_word' id='word_1_222' title='bbox 1023 2910 1177 2979; x_wconf 88' lang='lat' dir='ltr'><strong>eique</strong></span> <span class='ocrx_word' id='word_1_223' title='bbox 1215 2924 1274 2963; x_wconf 87' lang='lat' dir='ltr'><strong>se</strong></span> <span class='ocrx_word' id='word_1_224' title='bbox 1319 2907 1564 2978; x_wconf 72' lang='lat' dir='ltr'><strong>przestitit</strong></span> <span class='ocrx_word' id='word_1_225' title='bbox 1601 2907 1933 2976; x_wconf 81' lang='lat' dir='ltr'><strong>proximum,</strong></span> <span class='ocrx_word' id='word_1_226' title='bbox 1965 2921 2120 2976; x_wconf 89' lang='lat' dir='ltr'><strong>quem</strong></span> 
     </span>
    </p>
   </div>
   <div class='ocr_carea' id='block_1_30' title="bbox 538 2995 2121 3070">
    <p class='ocr_par' dir='ltr' id='par_1_30' title="bbox 538 2995 2121 3070">
     <span class='ocr_line' id='line_1_30' title="bbox 538 2995 2121 3070; baseline -0.004 -13"><span class='ocrx_word' id='word_1_227' title='bbox 538 3016 645 3057; x_wconf 78' lang='lat' dir='ltr'><strong>non</strong></span> <span class='ocrx_word' id='word_1_228' title='bbox 667 3002 938 3070; x_wconf 88' lang='lat' dir='ltr'><strong>deputavit</strong></span> <span class='ocrx_word' id='word_1_229' title='bbox 960 3000 1193 3054; x_wconf 89' lang='lat' dir='ltr'><strong>alienum</strong></span> <span class='ocrx_word' id='word_1_230' title='bbox 1237 2998 1388 3069; x_wconf 85' lang='lat' dir='ltr'><strong>(Luc.</strong></span> <span class='ocrx_word' id='word_1_231' title='bbox 1417 3013 1451 3052; x_wconf 83' lang='lat' dir='ltr'><strong>x</strong></span> <span class='ocrx_word' id='word_1_232' title='bbox 1470 3039 1484 3063; x_wconf 96' lang='lat'><strong>,</strong></span> <span class='ocrx_word' id='word_1_233' title='bbox 1515 2995 1724 3068; x_wconf 81' lang='lat'><strong>50-57).</strong></span> <span class='ocrx_word' id='word_1_234' title='bbox 1756 2997 1837 3052; x_wconf 84' lang='lat' dir='ltr'><strong>Ad</strong></span> <span class='ocrx_word' id='word_1_235' title='bbox 1868 2996 1969 3050; x_wconf 87' lang='lat' dir='ltr'><strong>hoc</strong></span> <span class='ocrx_word' id='word_1_236' title='bbox 1994 3011 2121 3066; x_wconf 89' lang='lat' dir='ltr'><strong>ergo</strong></span> 
     </span>
    </p>
   </div>
   <div class='ocr_carea' id='block_1_31' title="bbox 516 3088 2121 3161">
    <p class='ocr_par' dir='ltr' id='par_1_31' title="bbox 516 3088 2121 3161">
     <span class='ocr_line' id='line_1_31' title="bbox 516 3088 2121 3161; baseline -0.002 -15"><span class='ocrx_word' id='word_1_237' title='bbox 516 3092 712 3146; x_wconf 73' lang='lat' dir='ltr'><strong>solum</strong></span> <span class='ocrx_word' id='word_1_238' title='bbox 741 3090 881 3161; x_wconf 90' lang='lat' dir='ltr'><strong>quod</strong></span> <span class='ocrx_word' id='word_1_239' title='bbox 906 3089 1227 3146; x_wconf 62' lang='lat' dir='ltr'><strong>daemonium</strong></span> <span class='ocrx_word' id='word_1_240' title='bbox 1260 3104 1364 3142; x_wconf 91' lang='lat' dir='ltr'><strong>non</strong></span> <span class='ocrx_word' id='word_1_241' title='bbox 1406 3088 1659 3154; x_wconf 86' lang='lat' dir='ltr'><strong>haberet,</strong></span> <span class='ocrx_word' id='word_1_242' title='bbox 1703 3102 1809 3142; x_wconf 90' lang='lat' dir='ltr'><strong>non</strong></span> <span class='ocrx_word' id='word_1_243' title='bbox 1844 3097 2021 3143; x_wconf 90' lang='lat' dir='ltr'><strong>autem</strong></span> <span class='ocrx_word' id='word_1_244' title='bbox 2061 3103 2121 3143; x_wconf 88' lang='lat' dir='ltr'><strong>se</strong></span> 
     </span>
    </p>
   </div>
   <div class='ocr_carea' id='block_1_32' title="bbox 537 3179 1563 3247">
    <p class='ocr_par' dir='ltr' id='par_1_32' title="bbox 537 3179 1563 3247">
     <span class='ocr_line' id='line_1_32' title="bbox 537 3179 1563 3247; baseline -0.005 -10"><span class='ocrx_word' id='word_1_245' title='bbox 537 3182 928 3238; x_wconf 86' lang='lat' dir='ltr'><strong>Samaritanum</strong></span> <span class='ocrx_word' id='word_1_246' title='bbox 956 3195 1062 3234; x_wconf 90' lang='lat' dir='ltr'><strong>non</strong></span> <span class='ocrx_word' id='word_1_247' title='bbox 1091 3195 1242 3245; x_wconf 88' lang='lat' dir='ltr'><strong>esse,</strong></span> <span class='ocrx_word' id='word_1_248' title='bbox 1270 3179 1563 3247; x_wconf 89' lang='lat' dir='ltr'><strong>respondit.</strong></span> 
     </span>
    </p>
   </div>
   <div class='ocr_carea' id='block_1_33' title="bbox 609 3268 2121 3339">
    <p class='ocr_par' dir='ltr' id='par_1_33' title="bbox 609 3268 2121 3339">
     <span class='ocr_line' id='line_1_33' title="bbox 609 3268 2121 3339; baseline -0.001 -14"><span class='ocrx_word' id='word_1_249' title='bbox 609 3272 664 3325; x_wconf 76' lang='grc'><strong>5.</strong></span> <span class='ocrx_word' id='word_1_250' title='bbox 697 3269 898 3325; x_wconf 88' lang='lat' dir='ltr'><strong>Deinde</strong></span> <span class='ocrx_word' id='word_1_251' title='bbox 923 3278 1043 3339; x_wconf 91' lang='lat' dir='ltr'><strong>post</strong></span> <span class='ocrx_word' id='word_1_252' title='bbox 1068 3270 1173 3323; x_wconf 84' lang='lat' dir='ltr'><strong>tale</strong></span> <span class='ocrx_word' id='word_1_253' title='bbox 1205 3269 1508 3324; x_wconf 89' lang='lat' dir='ltr'><strong>convicium</strong></span> <span class='ocrx_word' id='word_1_254' title='bbox 1528 3310 1543 3334; x_wconf 94' lang='lat'><strong>,</strong></span> <span class='ocrx_word' id='word_1_255' title='bbox 1568 3269 1668 3324; x_wconf 91' lang='lat' dir='ltr'><strong>hoc</strong></span> <span class='ocrx_word' id='word_1_256' title='bbox 1692 3268 1862 3323; x_wconf 89' lang='lat' dir='ltr'><strong>solum</strong></span> <span class='ocrx_word' id='word_1_257' title='bbox 1886 3268 2018 3324; x_wconf 75' lang='lat' dir='ltr'><strong>dixit</strong></span> <span class='ocrx_word' id='word_1_258' title='bbox 2052 3269 2121 3325; x_wconf 88' lang='lat' dir='ltr'><strong>de</strong></span> 
     </span>
    </p>
   </div>
   <div class='ocr_carea' id='block_1_34' title="bbox 539 3361 2123 3434">
    <p class='ocr_par' dir='ltr' id='par_1_34' title="bbox 539 3361 2123 3434">
     <span class='ocr_line' id='line_1_34' title="bbox 539 3361 2123 3434; baseline -0.001 -17"><span class='ocrx_word' id='word_1_259' title='bbox 539 3363 705 3434; x_wconf 80' lang='lat' dir='ltr'><strong>gloria</strong></span> <span class='ocrx_word' id='word_1_260' title='bbox 728 3378 821 3416; x_wconf 86' lang='lat' dir='ltr'><strong>sua</strong></span> <span class='ocrx_word' id='word_1_261' title='bbox 846 3380 860 3415; x_wconf 91' lang='lat'><strong>:</strong></span> <span class='ocrx_word' id='word_1_262' title='bbox 887 3362 992 3416; x_wconf 88' lang='lat' dir='ltr'><strong>Sed</strong></span> <span class='ocrx_word' id='word_1_263' title='bbox 1025 3362 1301 3429; x_wconf 76' lang='lat' dir='ltr'><strong>honori/ica</strong></span> <span class='ocrx_word' id='word_1_264' title='bbox 1321 3401 1337 3425; x_wconf 93' lang='lat'><strong>,</strong></span> <span class='ocrx_word' id='word_1_265' title='bbox 1370 3361 1568 3430; x_wconf 85' lang='lat' dir='ltr'><strong>inquit,</strong></span> <span class='ocrx_word' id='word_1_266' title='bbox 1602 3361 1806 3414; x_wconf 85' lang='lat' dir='ltr'><strong>Patrem</strong></span> <span class='ocrx_word' id='word_1_267' title='bbox 1836 3378 2033 3424; x_wconf 87' lang='lat' dir='ltr'><strong>meum,</strong></span> <span class='ocrx_word' id='word_1_268' title='bbox 2074 3371 2123 3415; x_wconf 87' lang='lat' dir='ltr'><strong>et</strong></span> 
     </span>
    </p>
   </div>
   <div class='ocr_carea' id='block_1_35' title="bbox 538 3453 2119 3522">
    <p class='ocr_par' dir='ltr' id='par_1_35' title="bbox 538 3453 2119 3522">
     <span class='ocr_line' id='line_1_35' title="bbox 538 3453 2119 3522; baseline -0.002 -12"><span class='ocrx_word' id='word_1_269' title='bbox 538 3472 626 3510; x_wconf 81' lang='lat' dir='ltr'><strong>uos</strong></span> <span class='ocrx_word' id='word_1_270' title='bbox 649 3454 986 3508; x_wconf 79' lang='lat' dir='ltr'><strong>inhonorastis</strong></span> <span class='ocrx_word' id='word_1_271' title='bbox 1007 3469 1102 3506; x_wconf 89' lang='lat' dir='ltr'><strong>me.</strong></span> <span class='ocrx_word' id='word_1_272' title='bbox 1136 3453 1247 3506; x_wconf 86' lang='lat' dir='ltr'><strong>Hoc</strong></span> <span class='ocrx_word' id='word_1_273' title='bbox 1266 3461 1348 3507; x_wconf 83' lang='lat' dir='ltr'><strong>est</strong></span> <span class='ocrx_word' id='word_1_274' title='bbox 1370 3494 1385 3517; x_wconf 98' lang='lat'><strong>,</strong></span> <span class='ocrx_word' id='word_1_275' title='bbox 1418 3453 1530 3522; x_wconf 85' lang='lat' dir='ltr'><strong>Ego</strong></span> <span class='ocrx_word' id='word_1_276' title='bbox 1549 3466 1636 3507; x_wconf 92' lang='lat' dir='ltr'><strong>me</strong></span> <span class='ocrx_word' id='word_1_277' title='bbox 1660 3468 1765 3506; x_wconf 91' lang='lat' dir='ltr'><strong>non</strong></span> <span class='ocrx_word' id='word_1_278' title='bbox 1798 3453 2119 3519; x_wconf 82' lang='lat' dir='ltr'><strong>honorifico,</strong></span> 
     </span>
    </p>
   </div>
   <div class='ocr_carea' id='block_1_36' title="bbox 540 3543 2119 3616">
    <p class='ocr_par' dir='ltr' id='par_1_36' title="bbox 540 3543 2119 3616">
     <span class='ocr_line' id='line_1_36' title="bbox 540 3543 2119 3616; baseline -0.004 -13"><span class='ocrx_word' id='word_1_279' title='bbox 540 3564 611 3603; x_wconf 85' lang='lat' dir='ltr'><strong>ne</strong></span> <span class='ocrx_word' id='word_1_280' title='bbox 633 3547 784 3602; x_wconf 86' lang='lat' dir='ltr'><strong>vobis</strong></span> <span class='ocrx_word' id='word_1_281' title='bbox 820 3560 1077 3616; x_wconf 82' lang='lat' dir='ltr'><strong>arrogans</strong></span> <span class='ocrx_word' id='word_1_282' title='bbox 1114 3544 1314 3608; x_wconf 86' lang='lat' dir='ltr'><strong>videar,</strong></span> <span class='ocrx_word' id='word_1_283' title='bbox 1356 3543 1525 3598; x_wconf 86' lang='lat' dir='ltr'><strong>habeo</strong></span> <span class='ocrx_word' id='word_1_284' title='bbox 1554 3559 1711 3613; x_wconf 89' lang='lat' dir='ltr'><strong>quem</strong></span> <span class='ocrx_word' id='word_1_285' title='bbox 1742 3543 2119 3611; x_wconf 81' lang='lat' dir='ltr'><strong>honorificem;</strong></span> 
     </span>
    </p>
   </div>
   <div class='ocr_carea' id='block_1_37' title="bbox 540 3634 2119 3705">
    <p class='ocr_par' dir='ltr' id='par_1_37' title="bbox 540 3634 2119 3705">
     <span class='ocr_line' id='line_1_37' title="bbox 540 3634 2119 3705; baseline -0.004 -10"><span class='ocrx_word' id='word_1_286' title='bbox 540 3638 637 3695; x_wconf 84' lang='lat' dir='ltr'><strong>sed</strong></span> <span class='ocrx_word' id='word_1_287' title='bbox 664 3638 708 3692; x_wconf 88' lang='lat' dir='ltr'><strong>si</strong></span> <span class='ocrx_word' id='word_1_288' title='bbox 735 3652 832 3693; x_wconf 89' lang='lat' dir='ltr'><strong>vos</strong></span> <span class='ocrx_word' id='word_1_289' title='bbox 859 3651 946 3692; x_wconf 88' lang='lat' dir='ltr'><strong>me</strong></span> <span class='ocrx_word' id='word_1_290' title='bbox 983 3636 1340 3705; x_wconf 85' lang='lat' dir='ltr'><strong>agnosceretis</strong></span> <span class='ocrx_word' id='word_1_291' title='bbox 1360 3675 1376 3700; x_wconf 93' lang='lat'><strong>,</strong></span> <span class='ocrx_word' id='word_1_292' title='bbox 1408 3635 1544 3689; x_wconf 86' lang='lat' dir='ltr'><strong>sicut</strong></span> <span class='ocrx_word' id='word_1_293' title='bbox 1567 3650 1666 3703; x_wconf 86' lang='lat' dir='ltr'><strong>ego</strong></span> <span class='ocrx_word' id='word_1_294' title='bbox 1697 3634 1986 3689; x_wconf 82' lang='lat' dir='ltr'><strong>honorifico</strong></span> <span class='ocrx_word' id='word_1_295' title='bbox 2016 3635 2119 3688; x_wconf 81' lang='lat' dir='ltr'><strong>Pa-</strong></span> 
     </span>
    </p>
   </div>
   <div class='ocr_carea' id='block_1_38' title="bbox 540 3724 2124 3797">
    <p class='ocr_par' dir='ltr' id='par_1_38' title="bbox 540 3724 2124 3797">
     <span class='ocr_line' id='line_1_38' title="bbox 540 3724 2124 3797; baseline -0.004 -12"><span class='ocrx_word' id='word_1_296' title='bbox 540 3740 679 3785; x_wconf 87' lang='lat' dir='ltr'><strong>trem</strong></span> <span class='ocrx_word' id='word_1_297' title='bbox 700 3771 715 3797; x_wconf 95' lang='lat'><strong>,</strong></span> <span class='ocrx_word' id='word_1_298' title='bbox 746 3729 824 3783; x_wconf 88' lang='lat' dir='ltr'><strong>sic</strong></span> <span class='ocrx_word' id='word_1_299' title='bbox 866 3735 921 3783; x_wconf 88' lang='lat' dir='ltr'><strong>et</strong></span> <span class='ocrx_word' id='word_1_300' title='bbox 962 3742 1057 3782; x_wconf 91' lang='lat' dir='ltr'><strong>vos</strong></span> <span class='ocrx_word' id='word_1_301' title='bbox 1085 3725 1508 3780; x_wconf 78' lang='lat' dir='ltr'><strong>lionorillcaretis</strong></span> <span class='ocrx_word' id='word_1_302' title='bbox 1535 3740 1620 3780; x_wconf 90' lang='lat' dir='ltr'><strong>me</strong></span> <span class='ocrx_word' id='word_1_303' title='bbox 1646 3741 1661 3778; x_wconf 87' lang='lat'><strong>:</strong></span> <span class='ocrx_word' id='word_1_304' title='bbox 1691 3740 1791 3796; x_wconf 89' lang='lat' dir='ltr'><strong>ego</strong></span> <span class='ocrx_word' id='word_1_305' title='bbox 1818 3724 1954 3779; x_wconf 81' lang='lat' dir='ltr'><strong>facio</strong></span> <span class='ocrx_word' id='word_1_306' title='bbox 1982 3724 2124 3795; x_wconf 90' lang='lat' dir='ltr'><strong>quod</strong></span> 
     </span>
    </p>
   </div>
   <div class='ocr_carea' id='block_1_39' title="bbox 539 3816 1628 3887">
    <p class='ocr_par' dir='ltr' id='par_1_39' title="bbox 539 3816 1628 3887">
     <span class='ocr_line' id='line_1_39' title="bbox 539 3816 1628 3887; baseline -0.006 -11"><span class='ocrx_word' id='word_1_307' title='bbox 539 3821 711 3876; x_wconf 81' lang='lat' dir='ltr'><strong>debeo</strong></span> <span class='ocrx_word' id='word_1_308' title='bbox 734 3862 750 3885; x_wconf 94' lang='lat'><strong>,</strong></span> <span class='ocrx_word' id='word_1_309' title='bbox 781 3836 877 3874; x_wconf 89' lang='lat' dir='ltr'><strong>vos</strong></span> <span class='ocrx_word' id='word_1_310' title='bbox 899 3835 1002 3872; x_wconf 89' lang='lat' dir='ltr'><strong>non</strong></span> <span class='ocrx_word' id='word_1_311' title='bbox 1042 3817 1213 3873; x_wconf 87' lang='lat' dir='ltr'><strong>facitis</strong></span> <span class='ocrx_word' id='word_1_312' title='bbox 1238 3817 1379 3887; x_wconf 89' lang='lat' dir='ltr'><strong>quod</strong></span> <span class='ocrx_word' id='word_1_313' title='bbox 1402 3816 1628 3871; x_wconf 87' lang='lat' dir='ltr'><strong>debetis.</strong></span> 
     </span>
    </p>
   </div>
   <div class='ocr_carea' id='block_1_40' title="bbox 611 3909 2124 3982">
    <p class='ocr_par' dir='ltr' id='par_1_40' title="bbox 611 3909 2124 3982">
     <span class='ocr_line' id='line_1_40' title="bbox 611 3909 2124 3982; baseline -0.003 -16"><span class='ocrx_word' id='word_1_314' title='bbox 611 3913 666 3966; x_wconf 76' lang='grc'><strong>4.</strong></span> <span class='ocrx_word' id='word_1_315' title='bbox 697 3911 809 3982; x_wconf 85' lang='lat' dir='ltr'><strong>Ego</strong></span> <span class='ocrx_word' id='word_1_316' title='bbox 837 3922 1036 3975; x_wconf 85' lang='lat' dir='ltr'><strong>autem,</strong></span> <span class='ocrx_word' id='word_1_317' title='bbox 1073 3910 1279 3979; x_wconf 88' lang='lat' dir='ltr'><strong>inquit,</strong></span> <span class='ocrx_word' id='word_1_318' title='bbox 1324 3925 1425 3963; x_wconf 87' lang='lat' dir='ltr'><strong>non</strong></span> <span class='ocrx_word' id='word_1_319' title='bbox 1464 3924 1634 3977; x_wconf 65' lang='lat' dir='ltr'><strong>quem</strong></span> <span class='ocrx_word' id='word_1_320' title='bbox 1675 3909 1889 3980; x_wconf 88' lang='lat' dir='ltr'><strong>gloriam</strong></span> <span class='ocrx_word' id='word_1_321' title='bbox 1924 3924 2124 3973; x_wconf 83' lang='lat' dir='ltr'><strong>meam;</strong></span> 
     </span>
    </p>
   </div>
   <div class='ocr_carea' id='block_1_41' title="bbox 541 3997 2125 4071">
    <p class='ocr_par' dir='ltr' id='par_1_41' title="bbox 541 3997 2125 4071">
     <span class='ocr_line' id='line_1_41' title="bbox 541 3997 2125 4071; baseline -0.002 -16"><span class='ocrx_word' id='word_1_322' title='bbox 541 4010 617 4055; x_wconf 86' lang='lat' dir='ltr'><strong>est</strong></span> <span class='ocrx_word' id='word_1_323' title='bbox 640 4002 725 4071; x_wconf 80' lang='lat' dir='ltr'><strong>qui</strong></span> <span class='ocrx_word' id='word_1_324' title='bbox 746 4010 937 4069; x_wconf 62' lang='lat' dir='ltr'><strong>quierat</strong></span> <span class='ocrx_word' id='word_1_325' title='bbox 960 4009 1007 4053; x_wconf 90' lang='lat' dir='ltr'><strong>et</strong></span> <span class='ocrx_word' id='word_1_326' title='bbox 1040 3998 1249 4069; x_wconf 71' lang='lat' dir='ltr'><strong>iudicet.</strong></span> <span class='ocrx_word' id='word_1_327' title='bbox 1277 3998 1447 4065; x_wconf 86' lang='lat' dir='ltr'><strong>Quem</strong></span> <span class='ocrx_word' id='word_1_328' title='bbox 1477 3999 1589 4052; x_wconf 88' lang='lat' dir='ltr'><strong>vult</strong></span> <span class='ocrx_word' id='word_1_329' title='bbox 1615 3998 1867 4068; x_wconf 91' lang='lat' dir='ltr'><strong>intelligi,</strong></span> <span class='ocrx_word' id='word_1_330' title='bbox 1896 3997 1996 4053; x_wconf 86' lang='lat' dir='ltr'><strong>nisi</strong></span> <span class='ocrx_word' id='word_1_331' title='bbox 2022 3999 2125 4053; x_wconf 80' lang='lat' dir='ltr'><strong>Pa-</strong></span> 
     </span>
    </p>
   </div>
   <div class='ocr_carea' id='block_1_42' title="bbox 545 4088 2127 4160">
    <p class='ocr_par' dir='ltr' id='par_1_42' title="bbox 545 4088 2127 4160">
     <span class='ocr_line' id='line_1_42' title="bbox 545 4088 2127 4160; baseline -0.001 -14"><span class='ocrx_word' id='word_1_332' title='bbox 545 4090 720 4146; x_wconf 87' lang='lat' dir='ltr'><strong>trem?</strong></span> <span class='ocrx_word' id='word_1_333' title='bbox 746 4090 1022 4156; x_wconf 84' lang='lat' dir='ltr'><strong>Quomodo</strong></span> <span class='ocrx_word' id='word_1_334' title='bbox 1040 4104 1169 4159; x_wconf 83' lang='lat' dir='ltr'><strong>ergo</strong></span> <span class='ocrx_word' id='word_1_335' title='bbox 1200 4088 1308 4143; x_wconf 89' lang='lat' dir='ltr'><strong>alio</strong></span> <span class='ocrx_word' id='word_1_336' title='bbox 1333 4089 1452 4144; x_wconf 89' lang='lat' dir='ltr'><strong>loco</strong></span> <span class='ocrx_word' id='word_1_337' title='bbox 1476 4089 1631 4154; x_wconf 86' lang='lat' dir='ltr'><strong>dicit,</strong></span> <span class='ocrx_word' id='word_1_338' title='bbox 1675 4088 1832 4144; x_wconf 86' lang='lat' dir='ltr'><strong>Pater</strong></span> <span class='ocrx_word' id='word_1_339' title='bbox 1857 4106 1958 4144; x_wconf 87' lang='lat' dir='ltr'><strong>non</strong></span> <span class='ocrx_word' id='word_1_340' title='bbox 1976 4090 2127 4160; x_wconf 82' lang='lat' dir='ltr'><strong>judi-</strong></span> 
     </span>
    </p>
   </div>
   <div class='ocr_carea' id='block_1_43' title="bbox 542 4178 2123 4252">
    <p class='ocr_par' dir='ltr' id='par_1_43' title="bbox 542 4178 2123 4252">
     <span class='ocr_line' id='line_1_43' title="bbox 542 4178 2123 4252; baseline 0 -16"><span class='ocrx_word' id='word_1_341' title='bbox 542 4190 624 4236; x_wconf 84' lang='lat' dir='ltr'><strong>eat</strong></span> <span class='ocrx_word' id='word_1_342' title='bbox 648 4197 978 4252; x_wconf 85' lang='lat' dir='ltr'><strong>quemquam,</strong></span> <span class='ocrx_word' id='word_1_343' title='bbox 1009 4179 1097 4232; x_wconf 86' lang='lat' dir='ltr'><strong>sed</strong></span> <span class='ocrx_word' id='word_1_344' title='bbox 1130 4194 1279 4232; x_wconf 75' lang='lat' dir='ltr'><strong>omne</strong></span> <span class='ocrx_word' id='word_1_345' title='bbox 1303 4179 1549 4242; x_wconf 79' lang='lat' dir='ltr'><strong>iudicium</strong></span> <span class='ocrx_word' id='word_1_346' title='bbox 1584 4178 1723 4234; x_wconf 84' lang='lat' dir='ltr'><strong>dedit</strong></span> <span class='ocrx_word' id='word_1_347' title='bbox 1764 4178 1904 4234; x_wconf 89' lang='lat' dir='ltr'><strong>Filio</strong></span> <span class='ocrx_word' id='word_1_348' title='bbox 1944 4179 2123 4249; x_wconf 85' lang='lat' dir='ltr'><strong>(Joan.</strong></span> 
     </span>
    </p>
   </div>
   <div class='ocr_carea' id='block_1_44' title="bbox 544 4268 2127 4344">
    <p class='ocr_par' dir='ltr' id='par_1_44' title="bbox 544 4268 2127 4344">
     <span class='ocr_line' id='line_1_44' title="bbox 544 4268 2127 4344; baseline 0.001 -18"><span class='ocrx_word' id='word_1_349' title='bbox 544 4289 598 4339; x_wconf 75' lang='grc' dir='ltr'><strong>ν,</strong></span> <span class='ocrx_word' id='word_1_350' title='bbox 627 4272 753 4343; x_wconf 69' lang='grc' dir='ltr'><strong>2Ξ);</strong></span> <span class='ocrx_word' id='word_1_351' title='bbox 783 4282 837 4326; x_wconf 92' lang='lat' dir='ltr'><strong>et</strong></span> <span class='ocrx_word' id='word_1_352' title='bbox 866 4272 952 4326; x_wconf 89' lang='lat' dir='ltr'><strong>hic</strong></span> <span class='ocrx_word' id='word_1_353' title='bbox 978 4270 1138 4336; x_wconf 86' lang='lat' dir='ltr'><strong>dicit,</strong></span> <span class='ocrx_word' id='word_1_354' title='bbox 1186 4268 1309 4324; x_wconf 80' lang='lat' dir='ltr'><strong>Non</strong></span> <span class='ocrx_word' id='word_1_355' title='bbox 1350 4286 1521 4342; x_wconf 71' lang='lat' dir='ltr'><strong>quare</strong></span> <span class='ocrx_word' id='word_1_356' title='bbox 1557 4273 1773 4344; x_wconf 79' lang='lat' dir='ltr'><strong>gloriam</strong></span> <span class='ocrx_word' id='word_1_357' title='bbox 1813 4289 2012 4338; x_wconf 84' lang='lat' dir='ltr'><strong>meam;</strong></span> <span class='ocrx_word' id='word_1_358' title='bbox 2054 4284 2127 4328; x_wconf 86' lang='lat' dir='ltr'><strong>est</strong></span> 
     </span>
    </p>
   </div>
   <div class='ocr_carea' id='block_1_45' title="bbox 543 4361 2126 4434">
    <p class='ocr_par' dir='ltr' id='par_1_45' title="bbox 543 4361 2126 4434">
     <span class='ocr_line' id='line_1_45' title="bbox 543 4361 2126 4434; baseline 0.003 -17"><span class='ocrx_word' id='word_1_359' title='bbox 543 4364 630 4433; x_wconf 89' lang='lat' dir='ltr'><strong>qui</strong></span> <span class='ocrx_word' id='word_1_360' title='bbox 658 4371 848 4434; x_wconf 73' lang='lat' dir='ltr'><strong>quterat</strong></span> <span class='ocrx_word' id='word_1_361' title='bbox 867 4372 912 4417; x_wconf 88' lang='lat' dir='ltr'><strong>et</strong></span> <span class='ocrx_word' id='word_1_362' title='bbox 925 4361 1161 4433; x_wconf 80' lang='lat' dir='ltr'><strong>judicet?</strong></span> <span class='ocrx_word' id='word_1_363' title='bbox 1188 4361 1243 4416; x_wconf 90' lang='lat' dir='ltr'><strong>Si</strong></span> <span class='ocrx_word' id='word_1_364' title='bbox 1273 4377 1402 4431; x_wconf 84' lang='lat' dir='ltr'><strong>ergo</strong></span> <span class='ocrx_word' id='word_1_365' title='bbox 1428 4362 1628 4431; x_wconf 78' lang='lat' dir='ltr'><strong>iudicat</strong></span> <span class='ocrx_word' id='word_1_366' title='bbox 1649 4364 1829 4428; x_wconf 79' lang='lat' dir='ltr'><strong>Pater,</strong></span> <span class='ocrx_word' id='word_1_367' title='bbox 1860 4366 2126 4434; x_wconf 91' lang='lat' dir='ltr'><strong>quomodo</strong></span> 
     </span>
    </p>
   </div>
   <div class='ocr_carea' id='block_1_46' title="bbox 544 4454 2130 4525">
    <p class='ocr_par' dir='ltr' id='par_1_46' title="bbox 544 4454 2130 4525">
     <span class='ocr_line' id='line_1_46' title="bbox 544 4454 2130 4525; baseline 0.003 -15"><span class='ocrx_word' id='word_1_368' title='bbox 544 4471 651 4511; x_wconf 91' lang='lat' dir='ltr'><strong>nou</strong></span> <span class='ocrx_word' id='word_1_369' title='bbox 695 4455 896 4525; x_wconf 88' lang='lat' dir='ltr'><strong>judicat</strong></span> <span class='ocrx_word' id='word_1_370' title='bbox 935 4469 1287 4525; x_wconf 87' lang='lat' dir='ltr'><strong>quemquam,</strong></span> <span class='ocrx_word' id='word_1_371' title='bbox 1329 4454 1426 4510; x_wconf 88' lang='lat' dir='ltr'><strong>sed</strong></span> <span class='ocrx_word' id='word_1_372' title='bbox 1469 4470 1630 4512; x_wconf 83' lang='lat' dir='ltr'><strong>omne</strong></span> <span class='ocrx_word' id='word_1_373' title='bbox 1673 4456 1929 4525; x_wconf 87' lang='lat' dir='ltr'><strong>judicium</strong></span> <span class='ocrx_word' id='word_1_374' title='bbox 1980 4457 2130 4514; x_wconf 90' lang='lat' dir='ltr'><strong>dedit</strong></span> 
     </span>
    </p>
   </div>
   <div class='ocr_carea' id='block_1_47' title="bbox 538 4546 714 4617">
    <p class='ocr_par' dir='ltr' id='par_1_47' title="bbox 538 4546 714 4617">
     <span class='ocr_line' id='line_1_47' title="bbox 538 4546 714 4617; baseline 0 -16"><span class='ocrx_word' id='word_1_375' title='bbox 538 4546 714 4617; x_wconf 84' lang='lat' dir='ltr'><strong>Filio?</strong></span> 
     </span>
    </p>
   </div>
   <div class='ocr_carea' id='block_1_48' title="bbox 616 4628 2129 4707">
    <p class='ocr_par' dir='ltr' id='par_1_48' title="bbox 616 4628 2129 4707">
     <span class='ocr_line' id='line_1_48' title="bbox 616 4628 2129 4707; baseline 0.005 -15"><span class='ocrx_word' id='word_1_376' title='bbox 616 4637 671 4693; x_wconf 84' lang='grc'><strong>5.</strong></span> <span class='ocrx_word' id='word_1_377' title='bbox 703 4628 851 4692; x_wconf 76' lang='lat' dir='ltr'><strong>lianc</strong></span> <span class='ocrx_word' id='word_1_378' title='bbox 870 4636 1215 4707; x_wconf 65' lang='lat' dir='ltr'><strong>quaestionem</strong></span> <span class='ocrx_word' id='word_1_379' title='bbox 1236 4646 1295 4691; x_wconf 91' lang='lat' dir='ltr'><strong>ut</strong></span> <span class='ocrx_word' id='word_1_380' title='bbox 1317 4637 1613 4704; x_wconf 80' lang='lat' dir='ltr'><strong>solvamus,</strong></span> <span class='ocrx_word' id='word_1_381' title='bbox 1642 4639 1933 4707; x_wconf 84' lang='lat' dir='ltr'><strong>attendite;</strong></span> <span class='ocrx_word' id='word_1_382' title='bbox 1966 4642 2129 4700; x_wconf 84' lang='lat' dir='ltr'><strong>simili</strong></span> 
     </span>
    </p>
   </div>
   <div class='ocr_carea' id='block_1_49' title="bbox 547 4726 2130 4797">
    <p class='ocr_par' dir='ltr' id='par_1_49' title="bbox 547 4726 2130 4797">
     <span class='ocr_line' id='line_1_49' title="bbox 547 4726 2130 4797; baseline 0.003 -15"><span class='ocrx_word' id='word_1_383' title='bbox 547 4726 815 4782; x_wconf 88' lang='lat' dir='ltr'><strong>locutione</strong></span> <span class='ocrx_word' id='word_1_384' title='bbox 841 4727 974 4781; x_wconf 89' lang='lat' dir='ltr'><strong>solvi</strong></span> <span class='ocrx_word' id='word_1_385' title='bbox 1025 4736 1217 4795; x_wconf 89' lang='lat' dir='ltr'><strong>potest.</strong></span> <span class='ocrx_word' id='word_1_386' title='bbox 1247 4726 1513 4797; x_wconf 88' lang='lat' dir='ltr'><strong>Scriptum</strong></span> <span class='ocrx_word' id='word_1_387' title='bbox 1543 4728 1740 4793; x_wconf 85' lang='lat' dir='ltr'><strong>habes,</strong></span> <span class='ocrx_word' id='word_1_388' title='bbox 1788 4730 1925 4785; x_wconf 89' lang='lat' dir='ltr'><strong>Deus</strong></span> <span class='ocrx_word' id='word_1_389' title='bbox 1967 4738 2130 4787; x_wconf 83' lang='lat' dir='ltr'><strong>nemi-</strong></span> 
     </span>
    </p>
   </div>
   <div class='ocr_carea' id='block_1_50' title="bbox 524 4817 2125 4893">
    <p class='ocr_par' dir='ltr' id='par_1_50' title="bbox 524 4817 2125 4893">
     <span class='ocr_line' id='line_1_50' title="bbox 524 4817 2125 4893; baseline 0.004 -18"><span class='ocrx_word' id='word_1_390' title='bbox 524 4822 660 4875; x_wconf 34' lang='lat' dir='ltr'><strong>-‘n‘em</strong></span> <span class='ocrx_word' id='word_1_391' title='bbox 686 4829 842 4875; x_wconf 88' lang='lat' dir='ltr'><strong>tentat</strong></span> <span class='ocrx_word' id='word_1_392' title='bbox 869 4817 1068 4891; x_wconf 83' lang='lat' dir='ltr'><strong>(Jacobi</strong></span> <span class='ocrx_word' id='word_1_393' title='bbox 1088 4836 1141 4885; x_wconf 62' lang='grc' dir='ltr'><strong>ιη,</strong></span> <span class='ocrx_word' id='word_1_394' title='bbox 1181 4819 1306 4890; x_wconf 73' lang='grc'><strong>15);</strong></span> <span class='ocrx_word' id='word_1_395' title='bbox 1336 4829 1389 4874; x_wconf 89' lang='lat' dir='ltr'><strong>et</strong></span> <span class='ocrx_word' id='word_1_396' title='bbox 1416 4820 1606 4875; x_wconf 89' lang='lat' dir='ltr'><strong>iterum</strong></span> <span class='ocrx_word' id='word_1_397' title='bbox 1636 4821 1892 4890; x_wconf 86' lang='lat' dir='ltr'><strong>scriptum</strong></span> <span class='ocrx_word' id='word_1_398' title='bbox 1928 4824 2125 4893; x_wconf 85' lang='lat' dir='ltr'><strong>habes,</strong></span> 
     </span>
    </p>
   </div>
   <div class='ocr_carea' id='block_1_51' title="bbox 546 4908 2130 4983">
    <p class='ocr_par' dir='ltr' id='par_1_51' title="bbox 546 4908 2130 4983">
     <span class='ocr_line' id='line_1_51' title="bbox 546 4908 2130 4983; baseline 0.001 -16"><span class='ocrx_word' id='word_1_399' title='bbox 546 4911 730 4967; x_wconf 91' lang='lat' dir='ltr'><strong>Tentat</strong></span> <span class='ocrx_word' id='word_1_400' title='bbox 748 4926 833 4964; x_wconf 76' lang='lat' dir='ltr'><strong>vos</strong></span> <span class='ocrx_word' id='word_1_401' title='bbox 856 4908 1106 4963; x_wconf 82' lang='lat' dir='ltr'><strong>Dominus</strong></span> <span class='ocrx_word' id='word_1_402' title='bbox 1125 4908 1262 4963; x_wconf 85' lang='lat' dir='ltr'><strong>Dens</strong></span> <span class='ocrx_word' id='word_1_403' title='bbox 1286 4919 1460 4973; x_wconf 79' lang='lat' dir='ltr'><strong>vester,</strong></span> <span class='ocrx_word' id='word_1_404' title='bbox 1489 4917 1546 4962; x_wconf 89' lang='lat' dir='ltr'><strong>ut</strong></span> <span class='ocrx_word' id='word_1_405' title='bbox 1568 4910 1696 4963; x_wconf 90' lang='lat' dir='ltr'><strong>sciat</strong></span> <span class='ocrx_word' id='word_1_406' title='bbox 1718 4912 1762 4964; x_wconf 91' lang='lat' dir='ltr'><strong>si</strong></span> <span class='ocrx_word' id='word_1_407' title='bbox 1789 4913 1998 4983; x_wconf 88' lang='lat' dir='ltr'><strong>diligitis</strong></span> <span class='ocrx_word' id='word_1_408' title='bbox 2016 4930 2130 4969; x_wconf 90' lang='lat' dir='ltr'><strong>eum</strong></span> 
     </span>
    </p>
   </div>
   <div class='ocr_carea' id='block_1_52' title="bbox 547 4999 2130 5073">
    <p class='ocr_par' dir='ltr' id='par_1_52' title="bbox 547 4999 2130 5073">
     <span class='ocr_line' id='line_1_52' title="bbox 547 4999 2130 5073; baseline 0.002 -16"><span class='ocrx_word' id='word_1_409' title='bbox 547 5002 729 5073; x_wconf 84' lang='lat' dir='ltr'><strong>(Deut.</strong></span> <span class='ocrx_word' id='word_1_410' title='bbox 759 5018 879 5067; x_wconf 74' lang='lat' dir='ltr'><strong>xm,</strong></span> <span class='ocrx_word' id='word_1_411' title='bbox 902 5000 978 5072; x_wconf 78' lang='grc'><strong>5).</strong></span> <span class='ocrx_word' id='word_1_412' title='bbox 1002 4999 1206 5070; x_wconf 81' lang='lat' dir='ltr'><strong>Nempe</strong></span> <span class='ocrx_word' id='word_1_413' title='bbox 1225 5000 1449 5069; x_wconf 61' lang='lat' dir='ltr'><strong>quaestio</strong></span> <span class='ocrx_word' id='word_1_414' title='bbox 1468 5009 1581 5064; x_wconf 89' lang='lat' dir='ltr'><strong>est,</strong></span> <span class='ocrx_word' id='word_1_415' title='bbox 1608 5000 1820 5056; x_wconf 91' lang='lat' dir='ltr'><strong>videtis.</strong></span> <span class='ocrx_word' id='word_1_416' title='bbox 1851 5003 2130 5071; x_wconf 89' lang='lat' dir='ltr'><strong>Quomodo</strong></span> 
     </span>
    </p>
   </div>
   <div class='ocr_carea' id='block_1_53' title="bbox 547 5090 2131 5158">
    <p class='ocr_par' dir='ltr' id='par_1_53' title="bbox 547 5090 2131 5158">
     <span class='ocr_line' id='line_1_53' title="bbox 547 5090 2131 5158; baseline 0.002 -10"><span class='ocrx_word' id='word_1_417' title='bbox 547 5094 691 5149; x_wconf 87' lang='lat' dir='ltr'><strong>enim</strong></span> <span class='ocrx_word' id='word_1_418' title='bbox 722 5092 857 5146; x_wconf 83' lang='lat' dir='ltr'><strong>Deus</strong></span> <span class='ocrx_word' id='word_1_419' title='bbox 885 5092 1130 5145; x_wconf 82' lang='lat' dir='ltr'><strong>neminem</strong></span> <span class='ocrx_word' id='word_1_420' title='bbox 1152 5098 1326 5154; x_wconf 89' lang='lat' dir='ltr'><strong>tentat,</strong></span> <span class='ocrx_word' id='word_1_421' title='bbox 1355 5100 1406 5143; x_wconf 91' lang='lat' dir='ltr'><strong>et</strong></span> <span class='ocrx_word' id='word_1_422' title='bbox 1433 5090 1701 5158; x_wconf 91' lang='lat' dir='ltr'><strong>quomodo</strong></span> <span class='ocrx_word' id='word_1_423' title='bbox 1723 5100 1880 5146; x_wconf 75' lang='lat' dir='ltr'><strong>tentet</strong></span> <span class='ocrx_word' id='word_1_424' title='bbox 1906 5109 1992 5150; x_wconf 79' lang='lat' dir='ltr'><strong>vos</strong></span> <span class='ocrx_word' id='word_1_425' title='bbox 2026 5095 2131 5151; x_wconf 88' lang='lat' dir='ltr'><strong>Do-</strong></span> 
     </span>
    </p>
   </div>
   <div class='ocr_carea' id='block_1_54' title="bbox 547 5178 2129 5249">
    <p class='ocr_par' dir='ltr' id='par_1_54' title="bbox 547 5178 2129 5249">
     <span class='ocr_line' id='line_1_54' title="bbox 547 5178 2129 5249; baseline -0.006 -11"><span class='ocrx_word' id='word_1_426' title='bbox 547 5184 716 5238; x_wconf 82' lang='lat' dir='ltr'><strong>minus</strong></span> <span class='ocrx_word' id='word_1_427' title='bbox 743 5180 882 5236; x_wconf 81' lang='lat' dir='ltr'><strong>Deus</strong></span> <span class='ocrx_word' id='word_1_428' title='bbox 909 5189 1085 5245; x_wconf 78' lang='lat' dir='ltr'><strong>vester,</strong></span> <span class='ocrx_word' id='word_1_429' title='bbox 1113 5188 1169 5232; x_wconf 89' lang='lat' dir='ltr'><strong>ut</strong></span> <span class='ocrx_word' id='word_1_430' title='bbox 1199 5180 1323 5233; x_wconf 85' lang='lat' dir='ltr'><strong>sciat</strong></span> <span class='ocrx_word' id='word_1_431' title='bbox 1349 5179 1394 5232; x_wconf 88' lang='lat' dir='ltr'><strong>si</strong></span> <span class='ocrx_word' id='word_1_432' title='bbox 1418 5178 1626 5249; x_wconf 82' lang='lat' dir='ltr'><strong>diligitis</strong></span> <span class='ocrx_word' id='word_1_433' title='bbox 1658 5182 1810 5235; x_wconf 84' lang='lat' dir='ltr'><strong>eum?</strong></span> <span class='ocrx_word' id='word_1_434' title='bbox 1833 5182 1965 5238; x_wconf 83' lang='lat' dir='ltr'><strong>Item</strong></span> <span class='ocrx_word' id='word_1_435' title='bbox 1993 5187 2129 5242; x_wconf 67' lang='grc' dir='ltr'><strong>θοι-ἱ-</strong></span> 
     </span>
    </p>
   </div>
   <div class='ocr_carea' id='block_1_55' title="bbox 551 5270 2134 5345">
    <p class='ocr_par' dir='ltr' id='par_1_55' title="bbox 551 5270 2134 5345">
     <span class='ocr_line' id='line_1_55' title="bbox 551 5270 2134 5345; baseline 0 -15"><span class='ocrx_word' id='word_1_436' title='bbox 551 5285 699 5345; x_wconf 87' lang='lat' dir='ltr'><strong>ptum</strong></span> <span class='ocrx_word' id='word_1_437' title='bbox 726 5282 811 5329; x_wconf 85' lang='lat' dir='ltr'><strong>est</strong></span> <span class='ocrx_word' id='word_1_438' title='bbox 827 5314 843 5339; x_wconf 96' lang='lat'><strong>,</strong></span> <span class='ocrx_word' id='word_1_439' title='bbox 873 5270 1046 5326; x_wconf 87' lang='lat' dir='ltr'><strong>Timor</strong></span> <span class='ocrx_word' id='word_1_440' title='bbox 1065 5287 1167 5324; x_wconf 89' lang='lat' dir='ltr'><strong>non</strong></span> <span class='ocrx_word' id='word_1_441' title='bbox 1191 5279 1261 5325; x_wconf 87' lang='lat' dir='ltr'><strong>est</strong></span> <span class='ocrx_word' id='word_1_442' title='bbox 1278 5270 1332 5324; x_wconf 86' lang='lat' dir='ltr'><strong>in</strong></span> <span class='ocrx_word' id='word_1_443' title='bbox 1356 5270 1600 5324; x_wconf 83' lang='lat' dir='ltr'><strong>charitate</strong></span> <span class='ocrx_word' id='word_1_444' title='bbox 1618 5311 1633 5338; x_wconf 93' lang='lat'><strong>,</strong></span> <span class='ocrx_word' id='word_1_445' title='bbox 1654 5272 1741 5326; x_wconf 86' lang='lat' dir='ltr'><strong>sed</strong></span> <span class='ocrx_word' id='word_1_446' title='bbox 1760 5278 1983 5345; x_wconf 81' lang='lat' dir='ltr'><strong>perfecta</strong></span> <span class='ocrx_word' id='word_1_447' title='bbox 2010 5279 2134 5333; x_wconf 83' lang='lat' dir='ltr'><strong>cha-</strong></span> 
     </span>
    </p>
   </div>
   <div class='ocr_carea' id='block_1_56' title="bbox 550 5358 2130 5435">
    <p class='ocr_par' dir='ltr' id='par_1_56' title="bbox 550 5358 2130 5435">
     <span class='ocr_line' id='line_1_56' title="bbox 550 5358 2130 5435; baseline 0.002 -15"><span class='ocrx_word' id='word_1_448' title='bbox 550 5365 676 5420; x_wconf 87' lang='lat' dir='ltr'><strong>ritas</strong></span> <span class='ocrx_word' id='word_1_449' title='bbox 700 5367 839 5435; x_wconf 78' lang='lat' dir='ltr'><strong>foras</strong></span> <span class='ocrx_word' id='word_1_450' title='bbox 862 5362 1008 5417; x_wconf 89' lang='lat' dir='ltr'><strong>mittit</strong></span> <span class='ocrx_word' id='word_1_451' title='bbox 1033 5362 1261 5415; x_wconf 88' lang='lat' dir='ltr'><strong>timorem</strong></span> <span class='ocrx_word' id='word_1_452' title='bbox 1284 5358 1326 5431; x_wconf 90' lang='grc' dir='ltr'><strong>(Ι</strong></span> <span class='ocrx_word' id='word_1_453' title='bbox 1354 5358 1512 5414; x_wconf 82' lang='lat' dir='ltr'><strong>Joan.</strong></span> <span class='ocrx_word' id='word_1_454' title='bbox 1546 5376 1620 5429; x_wconf 82' lang='lat' dir='ltr'><strong>tv,</strong></span> <span class='ocrx_word' id='word_1_455' title='bbox 1652 5362 1775 5433; x_wconf 78' lang='lat' dir='ltr'><strong>l8);</strong></span> <span class='ocrx_word' id='word_1_456' title='bbox 1801 5373 1857 5418; x_wconf 92' lang='lat' dir='ltr'><strong>et</strong></span> <span class='ocrx_word' id='word_1_457' title='bbox 1881 5366 1985 5420; x_wconf 89' lang='lat' dir='ltr'><strong>alio</strong></span> <span class='ocrx_word' id='word_1_458' title='bbox 2012 5368 2130 5424; x_wconf 90' lang='lat' dir='ltr'><strong>loco</strong></span> 
     </span>
    </p>
   </div>
   <div class='ocr_carea' id='block_1_57' title="bbox 553 5452 2130 5525">
    <p class='ocr_par' dir='ltr' id='par_1_57' title="bbox 553 5452 2130 5525">
     <span class='ocr_line' id='line_1_57' title="bbox 553 5452 2130 5525; baseline -0.007 -11"><span class='ocrx_word' id='word_1_459' title='bbox 553 5457 807 5525; x_wconf 82' lang='lat' dir='ltr'><strong>scriptum</strong></span> <span class='ocrx_word' id='word_1_460' title='bbox 836 5463 919 5515; x_wconf 83' lang='lat' dir='ltr'><strong>est</strong></span> <span class='ocrx_word' id='word_1_461' title='bbox 935 5496 950 5521; x_wconf 96' lang='lat'><strong>,</strong></span> <span class='ocrx_word' id='word_1_462' title='bbox 976 5452 1152 5509; x_wconf 83' lang='lat' dir='ltr'><strong>Timor</strong></span> <span class='ocrx_word' id='word_1_463' title='bbox 1178 5452 1383 5507; x_wconf 85' lang='lat' dir='ltr'><strong>Domini</strong></span> <span class='ocrx_word' id='word_1_464' title='bbox 1405 5462 1573 5507; x_wconf 83' lang='lat' dir='ltr'><strong>castus</strong></span> <span class='ocrx_word' id='word_1_465' title='bbox 1592 5492 1606 5517; x_wconf 92' lang='lat'><strong>,</strong></span> <span class='ocrx_word' id='word_1_466' title='bbox 1635 5469 1931 5523; x_wconf 73' lang='lat' dir='ltr'><strong>permanens</strong></span> <span class='ocrx_word' id='word_1_467' title='bbox 1950 5458 2006 5512; x_wconf 73' lang='lat' dir='ltr'><strong>in</strong></span> <span class='ocrx_word' id='word_1_468' title='bbox 2029 5476 2130 5516; x_wconf 60' lang='grc' dir='ltr'><strong>σω.</strong></span> 
     </span>
    </p>
   </div>
   <div class='ocr_carea' id='block_1_58' title="bbox 554 5544 2126 5618">
    <p class='ocr_par' dir='ltr' id='par_1_58' title="bbox 554 5544 2126 5618">
     <span class='ocr_line' id='line_1_58' title="bbox 554 5544 2126 5618; baseline 0.004 -15"><span class='ocrx_word' id='word_1_469' title='bbox 554 5548 725 5603; x_wconf 85' lang='lat' dir='ltr'><strong>culum</strong></span> <span class='ocrx_word' id='word_1_470' title='bbox 749 5545 923 5603; x_wconf 66' lang='lat' dir='ltr'><strong>seculi</strong></span> <span class='ocrx_word' id='word_1_471' title='bbox 948 5544 1118 5617; x_wconf 86' lang='lat' dir='ltr'><strong>(Psal.</strong></span> <span class='ocrx_word' id='word_1_472' title='bbox 1157 5560 1317 5610; x_wconf 78' lang='lat' dir='ltr'><strong>xvru,</strong></span> <span class='ocrx_word' id='word_1_473' title='bbox 1364 5544 1477 5614; x_wconf 84' lang='grc' dir='ltr'><strong>ιο).</strong></span> <span class='ocrx_word' id='word_1_474' title='bbox 1528 5545 1596 5600; x_wconf 86' lang='lat' dir='ltr'><strong>Et</strong></span> <span class='ocrx_word' id='word_1_475' title='bbox 1627 5548 1739 5615; x_wconf 90' lang='lat' dir='ltr'><strong>ipsa</strong></span> <span class='ocrx_word' id='word_1_476' title='bbox 1777 5550 2000 5618; x_wconf 62' lang='lat' dir='ltr'><strong>quaestio</strong></span> <span class='ocrx_word' id='word_1_477' title='bbox 2023 5564 2126 5610; x_wconf 90' lang='lat' dir='ltr'><strong>est.</strong></span> 
     </span>
    </p>
   </div>
   <div class='ocr_carea' id='block_1_59' title="bbox 555 5637 2126 5715">
    <p class='ocr_par' dir='ltr' id='par_1_59' title="bbox 555 5637 2126 5715">
     <span class='ocr_line' id='line_1_59' title="bbox 555 5637 2126 5715; baseline 0.004 -20"><span class='ocrx_word' id='word_1_478' title='bbox 555 5639 835 5709; x_wconf 85' lang='lat' dir='ltr'><strong>Quomodo</strong></span> <span class='ocrx_word' id='word_1_479' title='bbox 858 5640 1020 5707; x_wconf 87' lang='lat' dir='ltr'><strong>enim,</strong></span> <span class='ocrx_word' id='word_1_480' title='bbox 1048 5637 1272 5710; x_wconf 67' lang='lat' dir='ltr'><strong>perlecta</strong></span> <span class='ocrx_word' id='word_1_481' title='bbox 1297 5639 1518 5693; x_wconf 80' lang='lat' dir='ltr'><strong>charitas</strong></span> <span class='ocrx_word' id='word_1_482' title='bbox 1547 5639 1685 5708; x_wconf 79' lang='lat' dir='ltr'><strong>foras</strong></span> <span class='ocrx_word' id='word_1_483' title='bbox 1709 5642 1858 5696; x_wconf 87' lang='lat' dir='ltr'><strong>mittit</strong></span> <span class='ocrx_word' id='word_1_484' title='bbox 1880 5643 2126 5715; x_wconf 86' lang='lat' dir='ltr'><strong>timorem,</strong></span> 
     </span>
    </p>
   </div>
   <div class='ocr_carea' id='block_1_60' title="bbox 557 5729 2159 5802">
    <p class='ocr_par' dir='ltr' id='par_1_60' title="bbox 557 5729 2159 5802">
     <span class='ocr_line' id='line_1_60' title="bbox 557 5729 2159 5802; baseline 0.002 -13"><span class='ocrx_word' id='word_1_485' title='bbox 557 5733 605 5789; x_wconf 83' lang='lat' dir='ltr'><strong>si</strong></span> <span class='ocrx_word' id='word_1_486' title='bbox 628 5731 777 5789; x_wconf 84' lang='lat' dir='ltr'><strong>timor</strong></span> <span class='ocrx_word' id='word_1_487' title='bbox 801 5729 1007 5786; x_wconf 79' lang='lat' dir='ltr'><strong>Domini</strong></span> <span class='ocrx_word' id='word_1_488' title='bbox 1042 5740 1209 5787; x_wconf 86' lang='lat' dir='ltr'><strong>castus</strong></span> <span class='ocrx_word' id='word_1_489' title='bbox 1250 5737 1523 5802; x_wconf 86' lang='lat' dir='ltr'><strong>permanet</strong></span> <span class='ocrx_word' id='word_1_490' title='bbox 1563 5730 1617 5784; x_wconf 85' lang='lat' dir='ltr'><strong>in</strong></span> <span class='ocrx_word' id='word_1_491' title='bbox 1653 5732 1895 5787; x_wconf 63' lang='lat' dir='ltr'><strong>siccatum</strong></span> <span class='ocrx_word' id='word_1_492' title='bbox 1924 5730 2159 5793; x_wconf 62' lang='lat' dir='ltr'><strong>seculi?</strong></span> 
     </span>
    </p>
   </div>
   <div class='ocr_carea' id='block_1_61' title="bbox 1443 341 2828 412">
    <p class='ocr_par' dir='ltr' id='par_1_61' title="bbox 1443 341 2828 412">
     <span class='ocr_line' id='line_1_61' title="bbox 1443 341 2828 412; baseline 0 -9"><span class='ocrx_word' id='word_1_493' title='bbox 1443 348 1506 403; x_wconf 83' lang='lat' dir='ltr'><strong>IN</strong></span> <span class='ocrx_word' id='word_1_494' title='bbox 1545 342 1820 403; x_wconf 77' lang='lat' dir='ltr'><strong>JOANNIS</strong></span> <span class='ocrx_word' id='word_1_495' title='bbox 1858 341 2322 412; x_wconf 78' lang='lat' dir='ltr'><strong>EVANGELIUM,</strong></span> <span class='ocrx_word' id='word_1_496' title='bbox 2362 345 2420 399; x_wconf 77' lang='lat' dir='ltr'><strong>S.</strong></span> <span class='ocrx_word' id='word_1_497' title='bbox 2460 344 2828 404; x_wconf 78' lang='lat' dir='ltr'><strong>AUGUSTINI</strong></span> 
     </span>
    </p>
   </div>
   <div class='ocr_carea' id='block_1_62' title="bbox 3650 355 3796 413">
    <p class='ocr_par' dir='ltr' id='par_1_62' title="bbox 3650 355 3796 413">
     <span class='ocr_line' id='line_1_62' title="bbox 3650 355 3796 413; baseline 0.021 -3"><span class='ocrx_word' id='word_1_498' title='bbox 3650 355 3796 413; x_wconf 72' lang='lat' dir='ltr'><strong>i708</strong></span> 
     </span>
    </p>
   </div>
   <div class='ocr_carea' id='block_1_63' title="bbox 2285 458 3794 533">
    <p class='ocr_par' dir='ltr' id='par_1_63' title="bbox 2285 458 3794 533">
     <span class='ocr_line' id='line_1_63' title="bbox 2285 458 3794 533; baseline 0.007 -20"><span class='ocrx_word' id='word_1_499' title='bbox 2285 458 2338 513; x_wconf 89' lang='lat'><strong>6.</strong></span> <span class='ocrx_word' id='word_1_500' title='bbox 2369 459 2712 530; x_wconf 83' lang='lat' dir='ltr'><strong>intelligimus</strong></span> <span class='ocrx_word' id='word_1_501' title='bbox 2746 475 2874 532; x_wconf 85' lang='lat' dir='ltr'><strong>ergo</strong></span> <span class='ocrx_word' id='word_1_502' title='bbox 2914 462 3046 519; x_wconf 88' lang='lat' dir='ltr'><strong>duas</strong></span> <span class='ocrx_word' id='word_1_503' title='bbox 3093 477 3212 521; x_wconf 89' lang='lat' dir='ltr'><strong>esse</strong></span> <span class='ocrx_word' id='word_1_504' title='bbox 3252 466 3599 533; x_wconf 86' lang='lat' dir='ltr'><strong>tentationes;</strong></span> <span class='ocrx_word' id='word_1_505' title='bbox 3630 484 3794 525; x_wconf 90' lang='lat' dir='ltr'><strong>unam</strong></span> 
     </span>
    </p>
   </div>
   <div class='ocr_carea' id='block_1_64' title="bbox 2213 550 3794 627">
    <p class='ocr_par' dir='ltr' id='par_1_64' title="bbox 2213 550 3794 627">
     <span class='ocr_line' id='line_1_64' title="bbox 2213 550 3794 627; baseline 0.008 -24"><span class='ocrx_word' id='word_1_506' title='bbox 2213 565 2331 619; x_wconf 68' lang='lat' dir='ltr'><strong>quae</strong></span> <span class='ocrx_word' id='word_1_507' title='bbox 2372 550 2600 621; x_wconf 90' lang='lat' dir='ltr'><strong>decipit,</strong></span> <span class='ocrx_word' id='word_1_508' title='bbox 2646 553 2865 608; x_wconf 89' lang='lat' dir='ltr'><strong>alteram</strong></span> <span class='ocrx_word' id='word_1_509' title='bbox 2914 569 3031 624; x_wconf 74' lang='lat' dir='ltr'><strong>qua:</strong></span> <span class='ocrx_word' id='word_1_510' title='bbox 3073 557 3309 627; x_wconf 90' lang='lat' dir='ltr'><strong>probat:</strong></span> <span class='ocrx_word' id='word_1_511' title='bbox 3350 559 3641 614; x_wconf 89' lang='lat' dir='ltr'><strong>secundum</strong></span> <span class='ocrx_word' id='word_1_512' title='bbox 3672 577 3794 616; x_wconf 86' lang='lat' dir='ltr'><strong>eam</strong></span> 
     </span>
    </p>
   </div>
   <div class='ocr_carea' id='block_1_65' title="bbox 2214 640 3798 713">
    <p class='ocr_par' dir='ltr' id='par_1_65' title="bbox 2214 640 3798 713">
     <span class='ocr_line' id='line_1_65' title="bbox 2214 640 3798 713; baseline 0.009 -20"><span class='ocrx_word' id='word_1_513' title='bbox 2214 656 2332 710; x_wconf 77' lang='lat' dir='ltr'><strong>qua:</strong></span> <span class='ocrx_word' id='word_1_514' title='bbox 2372 640 2599 710; x_wconf 89' lang='lat' dir='ltr'><strong>decipit,</strong></span> <span class='ocrx_word' id='word_1_515' title='bbox 2640 642 2777 697; x_wconf 86' lang='lat' dir='ltr'><strong>Deus</strong></span> <span class='ocrx_word' id='word_1_516' title='bbox 2816 646 3059 700; x_wconf 88' lang='lat' dir='ltr'><strong>neminem</strong></span> <span class='ocrx_word' id='word_1_517' title='bbox 3102 656 3292 713; x_wconf 85' lang='lat' dir='ltr'><strong>tentat;</strong></span> <span class='ocrx_word' id='word_1_518' title='bbox 3332 650 3621 705; x_wconf 87' lang='lat' dir='ltr'><strong>secundum</strong></span> <span class='ocrx_word' id='word_1_519' title='bbox 3676 668 3798 707; x_wconf 87' lang='lat' dir='ltr'><strong>cam</strong></span> 
     </span>
    </p>
   </div>
   <div class='ocr_carea' id='block_1_66' title="bbox 2212 732 3801 807">
    <p class='ocr_par' dir='ltr' id='par_1_66' title="bbox 2212 732 3801 807">
     <span class='ocr_line' id='line_1_66' title="bbox 2212 732 3801 807; baseline 0.009 -24"><span class='ocrx_word' id='word_1_520' title='bbox 2212 746 2330 800; x_wconf 70' lang='lat' dir='ltr'><strong>qua:</strong></span> <span class='ocrx_word' id='word_1_521' title='bbox 2359 732 2579 800; x_wconf 93' lang='lat' dir='ltr'><strong>probat,</strong></span> <span class='ocrx_word' id='word_1_522' title='bbox 2621 742 2775 787; x_wconf 88' lang='lat' dir='ltr'><strong>tentat</strong></span> <span class='ocrx_word' id='word_1_523' title='bbox 2798 752 2883 789; x_wconf 84' lang='lat' dir='ltr'><strong>vos</strong></span> <span class='ocrx_word' id='word_1_524' title='bbox 2924 736 3173 791; x_wconf 82' lang='lat' dir='ltr'><strong>Dominus</strong></span> <span class='ocrx_word' id='word_1_525' title='bbox 3202 739 3336 794; x_wconf 86' lang='lat' dir='ltr'><strong>Deus</strong></span> <span class='ocrx_word' id='word_1_526' title='bbox 3373 751 3550 807; x_wconf 85' lang='lat' dir='ltr'><strong>vester,</strong></span> <span class='ocrx_word' id='word_1_527' title='bbox 3592 752 3647 796; x_wconf 89' lang='lat' dir='ltr'><strong>ut</strong></span> <span class='ocrx_word' id='word_1_528' title='bbox 3672 745 3801 798; x_wconf 84' lang='lat' dir='ltr'><strong>sciat</strong></span> 
     </span>
    </p>
   </div>
   <div class='ocr_carea' id='block_1_67' title="bbox 2212 820 3801 904">
    <p class='ocr_par' dir='ltr' id='par_1_67' title="bbox 2212 820 3801 904">
     <span class='ocr_line' id='line_1_67' title="bbox 2212 820 3801 904; baseline 0.009 -30"><span class='ocrx_word' id='word_1_529' title='bbox 2212 821 2258 874; x_wconf 89' lang='lat' dir='ltr'><strong>si</strong></span> <span class='ocrx_word' id='word_1_530' title='bbox 2281 820 2488 892; x_wconf 85' lang='lat' dir='ltr'><strong>diligitis</strong></span> <span class='ocrx_word' id='word_1_531' title='bbox 2508 839 2638 877; x_wconf 84' lang='lat' dir='ltr'><strong>eum.</strong></span> <span class='ocrx_word' id='word_1_532' title='bbox 2670 824 2772 879; x_wconf 89' lang='lat' dir='ltr'><strong>Sed</strong></span> <span class='ocrx_word' id='word_1_533' title='bbox 2813 826 3001 881; x_wconf 88' lang='lat' dir='ltr'><strong>iterum</strong></span> <span class='ocrx_word' id='word_1_534' title='bbox 3042 836 3095 882; x_wconf 90' lang='lat' dir='ltr'><strong>et</strong></span> <span class='ocrx_word' id='word_1_535' title='bbox 3136 829 3222 884; x_wconf 84' lang='lat' dir='ltr'><strong>hic</strong></span> <span class='ocrx_word' id='word_1_536' title='bbox 3262 831 3360 884; x_wconf 90' lang='lat' dir='ltr'><strong>alia</strong></span> <span class='ocrx_word' id='word_1_537' title='bbox 3389 832 3625 888; x_wconf 88' lang='lat' dir='ltr'><strong>nascitur</strong></span> <span class='ocrx_word' id='word_1_538' title='bbox 3651 850 3801 904; x_wconf 62' lang='lat' dir='ltr'><strong>qum-</strong></span> 
     </span>
    </p>
   </div>
   <div class='ocr_carea' id='block_1_68' title="bbox 2215 910 3800 992">
    <p class='ocr_par' dir='ltr' id='par_1_68' title="bbox 2215 910 3800 992">
     <span class='ocr_line' id='line_1_68' title="bbox 2215 910 3800 992; baseline 0.009 -29"><span class='ocrx_word' id='word_1_539' title='bbox 2215 910 2352 977; x_wconf 90' lang='lat' dir='ltr'><strong>stio,</strong></span> <span class='ocrx_word' id='word_1_540' title='bbox 2382 913 2649 981; x_wconf 89' lang='lat' dir='ltr'><strong>quomodo</strong></span> <span class='ocrx_word' id='word_1_541' title='bbox 2677 924 2830 968; x_wconf 89' lang='lat' dir='ltr'><strong>tentat</strong></span> <span class='ocrx_word' id='word_1_542' title='bbox 2855 928 2911 969; x_wconf 90' lang='lat' dir='ltr'><strong>ut</strong></span> <span class='ocrx_word' id='word_1_543' title='bbox 2948 917 3107 983; x_wconf 88' lang='lat' dir='ltr'><strong>sciat,</strong></span> <span class='ocrx_word' id='word_1_544' title='bbox 3143 934 3300 989; x_wconf 84' lang='lat' dir='ltr'><strong>quem</strong></span> <span class='ocrx_word' id='word_1_545' title='bbox 3339 922 3506 977; x_wconf 86' lang='lat' dir='ltr'><strong>latere</strong></span> <span class='ocrx_word' id='word_1_546' title='bbox 3544 923 3671 977; x_wconf 84' lang='lat' dir='ltr'><strong>nihil</strong></span> <span class='ocrx_word' id='word_1_547' title='bbox 3701 942 3800 992; x_wconf 87' lang='lat' dir='ltr'><strong>po—</strong></span> 
     </span>
    </p>
   </div>
   <div class='ocr_carea' id='block_1_69' title="bbox 2216 1007 3801 1078">
    <p class='ocr_par' dir='ltr' id='par_1_69' title="bbox 2216 1007 3801 1078">
     <span class='ocr_line' id='line_1_69' title="bbox 2216 1007 3801 1078; baseline 0.009 -25"><span class='ocrx_word' id='word_1_548' title='bbox 2216 1009 2318 1054; x_wconf 88' lang='lat' dir='ltr'><strong>test</strong></span> <span class='ocrx_word' id='word_1_549' title='bbox 2343 1011 2625 1072; x_wconf 86' lang='lat' dir='ltr'><strong>antequam</strong></span> <span class='ocrx_word' id='word_1_550' title='bbox 2655 1014 2840 1060; x_wconf 90' lang='lat' dir='ltr'><strong>tentet.</strong></span> <span class='ocrx_word' id='word_1_551' title='bbox 2881 1007 2995 1062; x_wconf 89' lang='lat' dir='ltr'><strong>Non</strong></span> <span class='ocrx_word' id='word_1_552' title='bbox 3025 1023 3152 1078; x_wconf 87' lang='lat' dir='ltr'><strong>ergo</strong></span> <span class='ocrx_word' id='word_1_553' title='bbox 3186 1010 3323 1064; x_wconf 91' lang='lat' dir='ltr'><strong>Deus</strong></span> <span class='ocrx_word' id='word_1_554' title='bbox 3349 1013 3519 1066; x_wconf 89' lang='lat' dir='ltr'><strong>nescit</strong></span> <span class='ocrx_word' id='word_1_555' title='bbox 3547 1030 3559 1066; x_wconf 87' lang='lat'>:</span> <span class='ocrx_word' id='word_1_556' title='bbox 3592 1015 3685 1068; x_wconf 87' lang='lat' dir='ltr'><strong>sed</strong></span> <span class='ocrx_word' id='word_1_557' title='bbox 3714 1015 3801 1068; x_wconf 91' lang='lat' dir='ltr'><strong>di-</strong></span> 
     </span>
    </p>
   </div>
   <div class='ocr_carea' id='block_1_70' title="bbox 2214 1098 3805 1168">
    <p class='ocr_par' dir='ltr' id='par_1_70' title="bbox 2214 1098 3805 1168">
     <span class='ocr_line' id='line_1_70' title="bbox 2214 1098 3805 1168; baseline 0.009 -23"><span class='ocrx_word' id='word_1_558' title='bbox 2214 1101 2355 1145; x_wconf 91' lang='lat' dir='ltr'><strong>ctum</strong></span> <span class='ocrx_word' id='word_1_559' title='bbox 2373 1101 2454 1147; x_wconf 90' lang='lat' dir='ltr'><strong>est</strong></span> <span class='ocrx_word' id='word_1_560' title='bbox 2472 1136 2486 1158; x_wconf 92' lang='lat'><strong>,</strong></span> <span class='ocrx_word' id='word_1_561' title='bbox 2516 1105 2572 1148; x_wconf 93' lang='lat' dir='ltr'><strong>ut</strong></span> <span class='ocrx_word' id='word_1_562' title='bbox 2599 1098 2757 1161; x_wconf 85' lang='lat' dir='ltr'><strong>sciat,</strong></span> <span class='ocrx_word' id='word_1_563' title='bbox 2790 1098 2930 1168; x_wconf 90' lang='lat' dir='ltr'><strong>quod</strong></span> <span class='ocrx_word' id='word_1_564' title='bbox 2956 1108 3063 1163; x_wconf 88' lang='lat' dir='ltr'><strong>est,</strong></span> <span class='ocrx_word' id='word_1_565' title='bbox 3112 1110 3166 1154; x_wconf 93' lang='lat' dir='ltr'><strong>ut</strong></span> <span class='ocrx_word' id='word_1_566' title='bbox 3204 1103 3340 1157; x_wconf 90' lang='lat' dir='ltr'><strong>scire</strong></span> <span class='ocrx_word' id='word_1_567' title='bbox 3369 1119 3464 1158; x_wconf 89' lang='lat' dir='ltr'><strong>vos</strong></span> <span class='ocrx_word' id='word_1_568' title='bbox 3493 1103 3667 1159; x_wconf 88' lang='lat' dir='ltr'><strong>faciat.</strong></span> <span class='ocrx_word' id='word_1_569' title='bbox 3696 1104 3805 1159; x_wconf 90' lang='lat' dir='ltr'><strong>Lo-</strong></span> 
     </span>
    </p>
   </div>
   <div class='ocr_carea' id='block_1_71' title="bbox 2215 1182 3800 1260">
    <p class='ocr_par' dir='ltr' id='par_1_71' title="bbox 2215 1182 3800 1260">
     <span class='ocr_line' id='line_1_71' title="bbox 2215 1182 3800 1260; baseline 0.011 -27"><span class='ocrx_word' id='word_1_570' title='bbox 2215 1182 2455 1238; x_wconf 90' lang='lat' dir='ltr'><strong>cutiones</strong></span> <span class='ocrx_word' id='word_1_571' title='bbox 2485 1186 2615 1240; x_wconf 89' lang='lat' dir='ltr'><strong>tales</strong></span> <span class='ocrx_word' id='word_1_572' title='bbox 2643 1196 2697 1242; x_wconf 90' lang='lat' dir='ltr'><strong>et</strong></span> <span class='ocrx_word' id='word_1_573' title='bbox 2738 1188 2790 1241; x_wconf 92' lang='lat' dir='ltr'><strong>in</strong></span> <span class='ocrx_word' id='word_1_574' title='bbox 2833 1191 3166 1245; x_wconf 89' lang='lat' dir='ltr'><strong>sermonibus</strong></span> <span class='ocrx_word' id='word_1_575' title='bbox 3215 1194 3411 1248; x_wconf 90' lang='lat' dir='ltr'><strong>nostris</strong></span> <span class='ocrx_word' id='word_1_576' title='bbox 3446 1204 3603 1260; x_wconf 91' lang='lat' dir='ltr'><strong>sunt,</strong></span> <span class='ocrx_word' id='word_1_577' title='bbox 3646 1205 3701 1251; x_wconf 92' lang='lat' dir='ltr'><strong>et</strong></span> <span class='ocrx_word' id='word_1_578' title='bbox 3742 1198 3800 1250; x_wconf 91' lang='lat' dir='ltr'><strong>in</strong></span> 
     </span>
    </p>
   </div>
   <div class='ocr_carea' id='block_1_72' title="bbox 2215 1273 3805 1349">
    <p class='ocr_par' dir='ltr' id='par_1_72' title="bbox 2215 1273 3805 1349">
     <span class='ocr_line' id='line_1_72' title="bbox 2215 1273 3805 1349; baseline 0.011 -26"><span class='ocrx_word' id='word_1_579' title='bbox 2215 1273 2519 1328; x_wconf 89' lang='lat' dir='ltr'><strong>auctoribus</strong></span> <span class='ocrx_word' id='word_1_580' title='bbox 2546 1275 2861 1345; x_wconf 70' lang='lat' dir='ltr'><strong>eloquentia:</strong></span> <span class='ocrx_word' id='word_1_581' title='bbox 2898 1283 3253 1349; x_wconf 88' lang='lat' dir='ltr'><strong>reperiuntur.</strong></span> <span class='ocrx_word' id='word_1_582' title='bbox 3300 1282 3374 1337; x_wconf 90' lang='lat' dir='ltr'><strong>De</strong></span> <span class='ocrx_word' id='word_1_583' title='bbox 3414 1299 3661 1340; x_wconf 89' lang='lat' dir='ltr'><strong>sermone</strong></span> <span class='ocrx_word' id='word_1_584' title='bbox 3702 1302 3805 1341; x_wconf 89' lang='lat' dir='ltr'><strong>uo-</strong></span> 
     </span>
    </p>
   </div>
   <div class='ocr_carea' id='block_1_73' title="bbox 2216 1363 3803 1447">
    <p class='ocr_par' dir='ltr' id='par_1_73' title="bbox 2216 1363 3803 1447">
     <span class='ocr_line' id='line_1_73' title="bbox 2216 1363 3803 1447; baseline 0.011 -33"><span class='ocrx_word' id='word_1_585' title='bbox 2216 1369 2330 1414; x_wconf 90' lang='lat' dir='ltr'><strong>stro</strong></span> <span class='ocrx_word' id='word_1_586' title='bbox 2355 1363 2547 1432; x_wconf 90' lang='lat' dir='ltr'><strong>aliquid</strong></span> <span class='ocrx_word' id='word_1_587' title='bbox 2578 1364 2771 1420; x_wconf 86' lang='lat' dir='ltr'><strong>dicam.</strong></span> <span class='ocrx_word' id='word_1_588' title='bbox 2803 1368 2962 1422; x_wconf 86' lang='lat' dir='ltr'><strong>Fossa</strong></span> <span class='ocrx_word' id='word_1_589' title='bbox 2988 1386 3126 1426; x_wconf 68' lang='lat' dir='ltr'><strong>cazca</strong></span> <span class='ocrx_word' id='word_1_590' title='bbox 3157 1372 3365 1439; x_wconf 91' lang='lat' dir='ltr'><strong>dicitur,</strong></span> <span class='ocrx_word' id='word_1_591' title='bbox 3390 1391 3496 1428; x_wconf 90' lang='lat' dir='ltr'><strong>non</strong></span> <span class='ocrx_word' id='word_1_592' title='bbox 3536 1378 3655 1445; x_wconf 88' lang='lat' dir='ltr'><strong>quia</strong></span> <span class='ocrx_word' id='word_1_593' title='bbox 3685 1378 3803 1447; x_wconf 86' lang='lat' dir='ltr'><strong>ipsa</strong></span> 
     </span>
    </p>
   </div>
   <div class='ocr_carea' id='block_1_74' title="bbox 2216 1452 3802 1530">
    <p class='ocr_par' dir='ltr' id='par_1_74' title="bbox 2216 1452 3802 1530">
     <span class='ocr_line' id='line_1_74' title="bbox 2216 1452 3802 1530; baseline 0.013 -26"><span class='ocrx_word' id='word_1_594' title='bbox 2216 1452 2399 1507; x_wconf 89' lang='lat' dir='ltr'><strong>oculos</strong></span> <span class='ocrx_word' id='word_1_595' title='bbox 2431 1456 2683 1522; x_wconf 87' lang='lat' dir='ltr'><strong>perdidit,</strong></span> <span class='ocrx_word' id='word_1_596' title='bbox 2728 1459 2821 1513; x_wconf 88' lang='lat' dir='ltr'><strong>sed</strong></span> <span class='ocrx_word' id='word_1_597' title='bbox 2864 1462 2985 1530; x_wconf 88' lang='lat' dir='ltr'><strong>quia</strong></span> <span class='ocrx_word' id='word_1_598' title='bbox 3015 1462 3225 1518; x_wconf 89' lang='lat' dir='ltr'><strong>latendo</strong></span> <span class='ocrx_word' id='word_1_599' title='bbox 3254 1480 3357 1519; x_wconf 92' lang='lat' dir='ltr'><strong>non</strong></span> <span class='ocrx_word' id='word_1_600' title='bbox 3386 1466 3625 1523; x_wconf 81' lang='lat' dir='ltr'><strong>videntes</strong></span> <span class='ocrx_word' id='word_1_601' title='bbox 3652 1468 3802 1523; x_wconf 88' lang='lat' dir='ltr'><strong>facit.</strong></span> 
     </span>
    </p>
   </div>
   <div class='ocr_carea' id='block_1_75' title="bbox 2217 1541 3806 1629">
    <p class='ocr_par' dir='ltr' id='par_1_75' title="bbox 2217 1541 3806 1629">
     <span class='ocr_line' id='line_1_75' title="bbox 2217 1541 3806 1629; baseline 0.013 -35"><span class='ocrx_word' id='word_1_602' title='bbox 2217 1541 2427 1611; x_wconf 84' lang='lat' dir='ltr'><strong>Aliquid</strong></span> <span class='ocrx_word' id='word_1_603' title='bbox 2471 1554 2525 1600; x_wconf 91' lang='lat' dir='ltr'><strong>et</strong></span> <span class='ocrx_word' id='word_1_604' title='bbox 2559 1545 2628 1601; x_wconf 90' lang='lat' dir='ltr'><strong>de</strong></span> <span class='ocrx_word' id='word_1_605' title='bbox 2670 1548 2771 1603; x_wconf 91' lang='lat' dir='ltr'><strong>illis</strong></span> <span class='ocrx_word' id='word_1_606' title='bbox 2800 1552 3103 1606; x_wconf 88' lang='lat' dir='ltr'><strong>auctoribus</strong></span> <span class='ocrx_word' id='word_1_607' title='bbox 3131 1554 3325 1609; x_wconf 85' lang='lat' dir='ltr'><strong>dicam.</strong></span> <span class='ocrx_word' id='word_1_608' title='bbox 3358 1556 3559 1612; x_wconf 78' lang='lat' dir='ltr'><strong>Tristes</strong></span> <span class='ocrx_word' id='word_1_609' title='bbox 3589 1559 3806 1629; x_wconf 81' lang='lat' dir='ltr'><strong>lupinus</strong></span> 
     </span>
    </p>
   </div>
   <div class='ocr_carea' id='block_1_76' title="bbox 2217 1632 3805 1718">
    <p class='ocr_par' dir='ltr' id='par_1_76' title="bbox 2217 1632 3805 1718">
     <span class='ocr_line' id='line_1_76' title="bbox 2217 1632 3805 1718; baseline 0.013 -33"><span class='ocrx_word' id='word_1_610' title='bbox 2217 1632 2292 1686; x_wconf 90' lang='lat' dir='ltr'><strong>ait</strong></span> <span class='ocrx_word' id='word_1_611' title='bbox 2317 1633 2528 1703; x_wconf 89' lang='lat' dir='ltr'><strong>quidam</strong></span> <span class='ocrx_word' id='word_1_612' title='bbox 2561 1636 2729 1709; x_wconf 86' lang='lat' dir='ltr'><strong>(Virg.</strong></span> <span class='ocrx_word' id='word_1_613' title='bbox 2760 1639 2942 1713; x_wconf 82' lang='lat' dir='ltr'><strong>Georg.</strong></span> <span class='ocrx_word' id='word_1_614' title='bbox 2974 1644 3061 1699; x_wconf 86' lang='lat' dir='ltr'><strong>lib.</strong></span> <span class='ocrx_word' id='word_1_615' title='bbox 3094 1646 3159 1712; x_wconf 82' lang='grc'><strong>1,</strong></span> <span class='ocrx_word' id='word_1_616' title='bbox 3187 1662 3233 1699; x_wconf 90' lang='grc' dir='ltr'><strong>υ.</strong></span> <span class='ocrx_word' id='word_1_617' title='bbox 3269 1646 3354 1718; x_wconf 85' lang='grc'><strong>75)</strong></span> <span class='ocrx_word' id='word_1_618' title='bbox 3380 1690 3393 1713; x_wconf 87' lang='grc'><em>,</em></span> <span class='ocrx_word' id='word_1_619' title='bbox 3419 1647 3522 1703; x_wconf 88' lang='lat' dir='ltr'><strong>hoc</strong></span> <span class='ocrx_word' id='word_1_620' title='bbox 3546 1661 3626 1704; x_wconf 90' lang='lat' dir='ltr'><strong>est</strong></span> <span class='ocrx_word' id='word_1_621' title='bbox 3650 1666 3805 1706; x_wconf 88' lang='lat' dir='ltr'><strong>ama-</strong></span> 
     </span>
    </p>
   </div>
   <div class='ocr_carea' id='block_1_77' title="bbox 2218 1728 3806 1809">
    <p class='ocr_par' dir='ltr' id='par_1_77' title="bbox 2218 1728 3806 1809">
     <span class='ocr_line' id='line_1_77' title="bbox 2218 1728 3806 1809; baseline 0.013 -33"><span class='ocrx_word' id='word_1_622' title='bbox 2218 1736 2308 1777; x_wconf 87' lang='lat' dir='ltr'><strong>ros</strong></span> <span class='ocrx_word' id='word_1_623' title='bbox 2336 1743 2349 1777; x_wconf 86' lang='lat'><strong>:</strong></span> <span class='ocrx_word' id='word_1_624' title='bbox 2382 1741 2487 1780; x_wconf 93' lang='lat' dir='ltr'><strong>non</strong></span> <span class='ocrx_word' id='word_1_625' title='bbox 2512 1728 2634 1796; x_wconf 91' lang='lat' dir='ltr'><strong>quia</strong></span> <span class='ocrx_word' id='word_1_626' title='bbox 2660 1729 2759 1799; x_wconf 84' lang='lat' dir='ltr'><strong>ipsi</strong></span> <span class='ocrx_word' id='word_1_627' title='bbox 2782 1742 2904 1786; x_wconf 90' lang='lat' dir='ltr'><strong>sunt</strong></span> <span class='ocrx_word' id='word_1_628' title='bbox 2934 1735 3141 1802; x_wconf 89' lang='lat' dir='ltr'><strong>tristes,</strong></span> <span class='ocrx_word' id='word_1_629' title='bbox 3182 1737 3275 1791; x_wconf 90' lang='lat' dir='ltr'><strong>sed</strong></span> <span class='ocrx_word' id='word_1_630' title='bbox 3302 1740 3421 1808; x_wconf 87' lang='lat' dir='ltr'><strong>quia</strong></span> <span class='ocrx_word' id='word_1_631' title='bbox 3449 1742 3639 1809; x_wconf 84' lang='lat' dir='ltr'><strong>gustati</strong></span> <span class='ocrx_word' id='word_1_632' title='bbox 3667 1756 3806 1796; x_wconf 84' lang='lat' dir='ltr'><strong>con-</strong></span> 
     </span>
    </p>
   </div>
   <div class='ocr_carea' id='block_1_78' title="bbox 2219 1813 3808 1899">
    <p class='ocr_par' dir='ltr' id='par_1_78' title="bbox 2219 1813 3808 1899">
     <span class='ocr_line' id='line_1_78' title="bbox 2219 1813 3808 1899; baseline 0.013 -32"><span class='ocrx_word' id='word_1_633' title='bbox 2219 1813 2459 1881; x_wconf 85' lang='lat' dir='ltr'><strong>tristant,</strong></span> <span class='ocrx_word' id='word_1_634' title='bbox 2484 1816 2585 1873; x_wconf 88' lang='lat' dir='ltr'><strong>hoc</strong></span> <span class='ocrx_word' id='word_1_635' title='bbox 2608 1830 2717 1887; x_wconf 92' lang='lat' dir='ltr'><strong>est,</strong></span> <span class='ocrx_word' id='word_1_636' title='bbox 2753 1823 2928 1878; x_wconf 91' lang='lat' dir='ltr'><strong>tristes</strong></span> <span class='ocrx_word' id='word_1_637' title='bbox 2948 1823 3168 1880; x_wconf 79' lang='lat' dir='ltr'><strong>faciunt.</strong></span> <span class='ocrx_word' id='word_1_638' title='bbox 3190 1827 3324 1883; x_wconf 89' lang='lat' dir='ltr'><strong>Sunt</strong></span> <span class='ocrx_word' id='word_1_639' title='bbox 3348 1845 3475 1899; x_wconf 86' lang='lat' dir='ltr'><strong>ergo</strong></span> <span class='ocrx_word' id='word_1_640' title='bbox 3500 1840 3553 1885; x_wconf 91' lang='lat' dir='ltr'><strong>et</strong></span> <span class='ocrx_word' id='word_1_641' title='bbox 3578 1832 3630 1885; x_wconf 91' lang='lat' dir='ltr'><strong>in</strong></span> <span class='ocrx_word' id='word_1_642' title='bbox 3659 1832 3808 1887; x_wconf 87' lang='lat' dir='ltr'><strong>Scri-</strong></span> 
     </span>
    </p>
   </div>
   <div class='ocr_carea' id='block_1_79' title="bbox 2220 1906 3809 1990">
    <p class='ocr_par' dir='ltr' id='par_1_79' title="bbox 2220 1906 3809 1990">
     <span class='ocr_line' id='line_1_79' title="bbox 2220 1906 3809 1990; baseline 0.014 -34"><span class='ocrx_word' id='word_1_643' title='bbox 2220 1906 2388 1973; x_wconf 90' lang='lat' dir='ltr'><strong>pturis</strong></span> <span class='ocrx_word' id='word_1_644' title='bbox 2402 1907 2692 1965; x_wconf 88' lang='lat' dir='ltr'><strong>locutiones</strong></span> <span class='ocrx_word' id='word_1_645' title='bbox 2713 1911 2990 1981; x_wconf 91' lang='lat' dir='ltr'><strong>ejusmodi.</strong></span> <span class='ocrx_word' id='word_1_646' title='bbox 3008 1916 3107 1983; x_wconf 87' lang='lat' dir='ltr'><strong>Qui</strong></span> <span class='ocrx_word' id='word_1_647' title='bbox 3133 1918 3184 1972; x_wconf 91' lang='lat' dir='ltr'><strong>in</strong></span> <span class='ocrx_word' id='word_1_648' title='bbox 3214 1921 3406 1974; x_wconf 82' lang='lat' dir='ltr'><strong>talibus</strong></span> <span class='ocrx_word' id='word_1_649' title='bbox 3421 1924 3809 1990; x_wconf 69' lang='lat' dir='ltr'><strong>qumstionibus</strong></span> 
     </span>
    </p>
   </div>
   <div class='ocr_carea' id='block_1_80' title="bbox 2219 2000 3807 2084">
    <p class='ocr_par' dir='ltr' id='par_1_80' title="bbox 2219 2000 3807 2084">
     <span class='ocr_line' id='line_1_80' title="bbox 2219 2000 3807 2084; baseline 0.014 -37"><span class='ocrx_word' id='word_1_650' title='bbox 2219 2000 2600 2065; x_wconf 82' lang='lat' dir='ltr'><strong>cognoscendis</strong></span> <span class='ocrx_word' id='word_1_651' title='bbox 2628 2000 2888 2068; x_wconf 88' lang='lat' dir='ltr'><strong>laborant,</strong></span> <span class='ocrx_word' id='word_1_652' title='bbox 2912 2006 2962 2059; x_wconf 92' lang='lat' dir='ltr'><strong>in</strong></span> <span class='ocrx_word' id='word_1_653' title='bbox 2985 2008 3250 2063; x_wconf 87' lang='lat' dir='ltr'><strong>solvendis</strong></span> <span class='ocrx_word' id='word_1_654' title='bbox 3281 2012 3469 2065; x_wconf 81' lang='lat' dir='ltr'><strong>talibus</strong></span> <span class='ocrx_word' id='word_1_655' title='bbox 3490 2015 3807 2084; x_wconf 70' lang='lat' dir='ltr'><strong>qumstioni—</strong></span> 
     </span>
    </p>
   </div>
   <div class='ocr_carea' id='block_1_81' title="bbox 2220 2084 3808 2166">
    <p class='ocr_par' dir='ltr' id='par_1_81' title="bbox 2220 2084 3808 2166">
     <span class='ocr_line' id='line_1_81' title="bbox 2220 2084 3808 2166; baseline 0.014 -28"><span class='ocrx_word' id='word_1_656' title='bbox 2220 2084 2319 2139; x_wconf 90' lang='lat' dir='ltr'><strong>bus</strong></span> <span class='ocrx_word' id='word_1_657' title='bbox 2356 2103 2459 2141; x_wconf 89' lang='lat' dir='ltr'><strong>non</strong></span> <span class='ocrx_word' id='word_1_658' title='bbox 2499 2090 2755 2147; x_wconf 86' lang='lat' dir='ltr'><strong>laborant.</strong></span> <span class='ocrx_word' id='word_1_659' title='bbox 2789 2095 2927 2166; x_wconf 83' lang='lat' dir='ltr'><strong>Ergo</strong></span> <span class='ocrx_word' id='word_1_660' title='bbox 2957 2107 3112 2151; x_wconf 87' lang='lat' dir='ltr'><strong>tentat</strong></span> <span class='ocrx_word' id='word_1_661' title='bbox 3139 2117 3223 2153; x_wconf 84' lang='lat' dir='ltr'><strong>vos</strong></span> <span class='ocrx_word' id='word_1_662' title='bbox 3252 2101 3502 2157; x_wconf 87' lang='lat' dir='ltr'><strong>Dominus</strong></span> <span class='ocrx_word' id='word_1_663' title='bbox 3548 2104 3687 2158; x_wconf 84' lang='lat' dir='ltr'><strong>Deus</strong></span> <span class='ocrx_word' id='word_1_664' title='bbox 3715 2123 3808 2160; x_wconf 77' lang='lat' dir='ltr'><strong>ve-</strong></span> 
     </span>
    </p>
   </div>
   <div class='ocr_carea' id='block_1_82' title="bbox 2220 2183 3806 2267">
    <p class='ocr_par' dir='ltr' id='par_1_82' title="bbox 2220 2183 3806 2267">
     <span class='ocr_line' id='line_1_82' title="bbox 2220 2183 3806 2267; baseline 0.016 -38"><span class='ocrx_word' id='word_1_665' title='bbox 2220 2188 2340 2240; x_wconf 91' lang='lat' dir='ltr'><strong>ster,</strong></span> <span class='ocrx_word' id='word_1_666' title='bbox 2373 2191 2426 2233; x_wconf 87' lang='lat' dir='ltr'><strong>ut</strong></span> <span class='ocrx_word' id='word_1_667' title='bbox 2459 2183 2581 2235; x_wconf 80' lang='lat' dir='ltr'><strong>sciat</strong></span> <span class='ocrx_word' id='word_1_668' title='bbox 2604 2200 2623 2237; x_wconf 90' lang='lat'><strong><em>:</em></strong></span> <span class='ocrx_word' id='word_1_669' title='bbox 2647 2186 2770 2254; x_wconf 91' lang='lat' dir='ltr'><strong>quid</strong></span> <span class='ocrx_word' id='word_1_670' title='bbox 2792 2199 2872 2242; x_wconf 88' lang='lat' dir='ltr'><strong>est</strong></span> <span class='ocrx_word' id='word_1_671' title='bbox 2907 2232 2923 2255; x_wconf 96' lang='lat'><strong>,</strong></span> <span class='ocrx_word' id='word_1_672' title='bbox 2955 2200 3008 2242; x_wconf 90' lang='lat' dir='ltr'><strong>ut</strong></span> <span class='ocrx_word' id='word_1_673' title='bbox 3035 2192 3201 2247; x_wconf 82' lang='lat' dir='ltr'><strong>sciat?</strong></span> <span class='ocrx_word' id='word_1_674' title='bbox 3227 2192 3297 2249; x_wconf 91' lang='lat' dir='ltr'><strong>Ut</strong></span> <span class='ocrx_word' id='word_1_675' title='bbox 3326 2196 3463 2251; x_wconf 91' lang='lat' dir='ltr'><strong>scire</strong></span> <span class='ocrx_word' id='word_1_676' title='bbox 3490 2213 3584 2252; x_wconf 91' lang='lat' dir='ltr'><strong>vos</strong></span> <span class='ocrx_word' id='word_1_677' title='bbox 3611 2198 3770 2253; x_wconf 82' lang='lat' dir='ltr'><strong>faciat</strong></span> <span class='ocrx_word' id='word_1_678' title='bbox 3788 2241 3806 2267; x_wconf 92' lang='lat'><strong>,</strong></span> 
     </span>
    </p>
   </div>
   <div class='ocr_carea' id='block_1_83' title="bbox 2220 2268 3811 2357">
    <p class='ocr_par' dir='ltr' id='par_1_83' title="bbox 2220 2268 3811 2357">
     <span class='ocr_line' id='line_1_83' title="bbox 2220 2268 3811 2357; baseline 0.015 -36"><span class='ocrx_word' id='word_1_679' title='bbox 2220 2268 2265 2321; x_wconf 83' lang='lat' dir='ltr'><strong>si</strong></span> <span class='ocrx_word' id='word_1_680' title='bbox 2284 2270 2493 2340; x_wconf 83' lang='lat' dir='ltr'><strong>diligitis</strong></span> <span class='ocrx_word' id='word_1_681' title='bbox 2513 2290 2646 2327; x_wconf 90' lang='lat' dir='ltr'><strong>eum.</strong></span> <span class='ocrx_word' id='word_1_682' title='bbox 2674 2276 2775 2331; x_wconf 86' lang='lat' dir='ltr'><strong>Job</strong></span> <span class='ocrx_word' id='word_1_683' title='bbox 2801 2278 2996 2334; x_wconf 86' lang='lat' dir='ltr'><strong>latebat</strong></span> <span class='ocrx_word' id='word_1_684' title='bbox 3018 2297 3075 2337; x_wconf 88' lang='lat' dir='ltr'><strong>se</strong></span> <span class='ocrx_word' id='word_1_685' title='bbox 3093 2324 3108 2347; x_wconf 92' lang='lat'><strong>,</strong></span> <span class='ocrx_word' id='word_1_686' title='bbox 3140 2284 3234 2338; x_wconf 87' lang='lat' dir='ltr'><strong>sed</strong></span> <span class='ocrx_word' id='word_1_687' title='bbox 3261 2286 3423 2340; x_wconf 91' lang='lat' dir='ltr'><strong>Deum</strong></span> <span class='ocrx_word' id='word_1_688' title='bbox 3452 2304 3556 2342; x_wconf 90' lang='lat' dir='ltr'><strong>non</strong></span> <span class='ocrx_word' id='word_1_689' title='bbox 3579 2290 3811 2357; x_wconf 78' lang='lat' dir='ltr'><strong>latebat,</strong></span> 
     </span>
    </p>
   </div>
   <div class='ocr_carea' id='block_1_84' title="bbox 2222 2358 3674 2449">
    <p class='ocr_par' dir='ltr' id='par_1_84' title="bbox 2222 2358 3674 2449">
     <span class='ocr_line' id='line_1_84' title="bbox 2222 2358 3674 2449; baseline 0.017 -38"><span class='ocrx_word' id='word_1_690' title='bbox 2222 2358 2435 2414; x_wconf 89' lang='lat' dir='ltr'><strong>admisit</strong></span> <span class='ocrx_word' id='word_1_691' title='bbox 2463 2372 2778 2422; x_wconf 88' lang='lat' dir='ltr'><strong>tentatorem</strong></span> <span class='ocrx_word' id='word_1_692' title='bbox 2804 2410 2817 2434; x_wconf 95' lang='lat'><strong>,</strong></span> <span class='ocrx_word' id='word_1_693' title='bbox 2846 2380 2900 2424; x_wconf 88' lang='lat' dir='ltr'><strong>et</strong></span> <span class='ocrx_word' id='word_1_694' title='bbox 2928 2372 3046 2427; x_wconf 88' lang='lat' dir='ltr'><strong>fecit</strong></span> <span class='ocrx_word' id='word_1_695' title='bbox 3071 2390 3191 2428; x_wconf 86' lang='lat' dir='ltr'><strong>cum</strong></span> <span class='ocrx_word' id='word_1_696' title='bbox 3219 2380 3298 2430; x_wconf 91' lang='lat' dir='ltr'><strong>sui</strong></span> <span class='ocrx_word' id='word_1_697' title='bbox 3325 2380 3674 2449; x_wconf 86' lang='lat' dir='ltr'><strong>cognitorem.</strong></span> 
     </span>
    </p>
   </div>
   <div class='ocr_carea' id='block_1_85' title="bbox 2295 2450 3812 2540">
    <p class='ocr_par' dir='ltr' id='par_1_85' title="bbox 2295 2450 3812 2540">
     <span class='ocr_line' id='line_1_85' title="bbox 2295 2450 3812 2540; baseline 0.018 -38"><span class='ocrx_word' id='word_1_698' title='bbox 2295 2450 2346 2503; x_wconf 90' lang='lat'><strong>7.</strong></span> <span class='ocrx_word' id='word_1_699' title='bbox 2370 2451 2505 2519; x_wconf 88' lang='lat' dir='ltr'><strong>Quid</strong></span> <span class='ocrx_word' id='word_1_700' title='bbox 2527 2454 2594 2509; x_wconf 92' lang='lat' dir='ltr'><strong>de</strong></span> <span class='ocrx_word' id='word_1_701' title='bbox 2619 2456 2827 2514; x_wconf 87' lang='lat' dir='ltr'><strong>duobus</strong></span> <span class='ocrx_word' id='word_1_702' title='bbox 2852 2462 3160 2520; x_wconf 86' lang='lat' dir='ltr'><strong>timoribus?</strong></span> <span class='ocrx_word' id='word_1_703' title='bbox 3188 2468 3284 2521; x_wconf 85' lang='lat' dir='ltr'><strong>Est</strong></span> <span class='ocrx_word' id='word_1_704' title='bbox 3315 2470 3473 2524; x_wconf 90' lang='lat' dir='ltr'><strong>timor</strong></span> <span class='ocrx_word' id='word_1_705' title='bbox 3500 2472 3725 2540; x_wconf 87' lang='lat' dir='ltr'><strong>servilis,</strong></span> <span class='ocrx_word' id='word_1_706' title='bbox 3751 2484 3812 2530; x_wconf 89' lang='lat' dir='ltr'><strong>et</strong></span> 
     </span>
    </p>
   </div>
   <div class='ocr_carea' id='block_1_86' title="bbox 2221 2543 3813 2631">
    <p class='ocr_par' dir='ltr' id='par_1_86' title="bbox 2221 2543 3813 2631">
     <span class='ocr_line' id='line_1_86' title="bbox 2221 2543 3813 2631; baseline 0.017 -39"><span class='ocrx_word' id='word_1_707' title='bbox 2221 2549 2305 2593; x_wconf 88' lang='lat' dir='ltr'><strong>est</strong></span> <span class='ocrx_word' id='word_1_708' title='bbox 2326 2543 2484 2596; x_wconf 89' lang='lat' dir='ltr'><strong>timor</strong></span> <span class='ocrx_word' id='word_1_709' title='bbox 2504 2555 2720 2613; x_wconf 88' lang='lat' dir='ltr'><strong>castus;</strong></span> <span class='ocrx_word' id='word_1_710' title='bbox 2761 2559 2842 2605; x_wconf 90' lang='lat' dir='ltr'><strong>est</strong></span> <span class='ocrx_word' id='word_1_711' title='bbox 2887 2552 3047 2607; x_wconf 86' lang='lat' dir='ltr'><strong>timor</strong></span> <span class='ocrx_word' id='word_1_712' title='bbox 3091 2571 3158 2609; x_wconf 90' lang='lat' dir='ltr'><strong>ne</strong></span> <span class='ocrx_word' id='word_1_713' title='bbox 3204 2560 3421 2626; x_wconf 88' lang='lat' dir='ltr'><strong>patiaris</strong></span> <span class='ocrx_word' id='word_1_714' title='bbox 3448 2577 3693 2631; x_wconf 67' lang='lat' dir='ltr'><strong>pinnam,</strong></span> <span class='ocrx_word' id='word_1_715' title='bbox 3722 2574 3813 2619; x_wconf 90' lang='lat' dir='ltr'><strong>est</strong></span> 
     </span>
    </p>
   </div>
   <div class='ocr_carea' id='block_1_87' title="bbox 2222 2630 3812 2723">
    <p class='ocr_par' dir='ltr' id='par_1_87' title="bbox 2222 2630 3812 2723">
     <span class='ocr_line' id='line_1_87' title="bbox 2222 2630 3812 2723; baseline 0.018 -42"><span class='ocrx_word' id='word_1_716' title='bbox 2222 2630 2357 2684; x_wconf 89' lang='lat' dir='ltr'><strong>alius</strong></span> <span class='ocrx_word' id='word_1_717' title='bbox 2384 2633 2541 2688; x_wconf 90' lang='lat' dir='ltr'><strong>timor</strong></span> <span class='ocrx_word' id='word_1_718' title='bbox 2568 2652 2635 2692; x_wconf 90' lang='lat' dir='ltr'><strong>ne</strong></span> <span class='ocrx_word' id='word_1_719' title='bbox 2661 2641 2873 2695; x_wconf 84' lang='lat' dir='ltr'><strong>amittas</strong></span> <span class='ocrx_word' id='word_1_720' title='bbox 2894 2643 3172 2711; x_wconf 90' lang='lat' dir='ltr'><strong>justitiam.</strong></span> <span class='ocrx_word' id='word_1_721' title='bbox 3201 2648 3382 2703; x_wconf 86' lang='lat' dir='ltr'><strong>Timor</strong></span> <span class='ocrx_word' id='word_1_722' title='bbox 3420 2630 3512 2707; x_wconf 84' lang='lat' dir='ltr'><strong>ille</strong></span> <span class='ocrx_word' id='word_1_723' title='bbox 3545 2669 3611 2708; x_wconf 89' lang='lat' dir='ltr'><strong>ne</strong></span> <span class='ocrx_word' id='word_1_724' title='bbox 3637 2656 3812 2723; x_wconf 86' lang='lat' dir='ltr'><strong>patia-</strong></span> 
     </span>
    </p>
   </div>
   <div class='ocr_carea' id='block_1_88' title="bbox 2208 2721 3815 2816">
    <p class='ocr_par' dir='ltr' id='par_1_88' title="bbox 2208 2721 3815 2816">
     <span class='ocr_line' id='line_1_88' title="bbox 2208 2721 3815 2816; baseline 0.019 -44"><span class='ocrx_word' id='word_1_725' title='bbox 2208 2721 2297 2773; x_wconf 56' lang='lat' dir='ltr'><strong>‘ris</strong></span> <span class='ocrx_word' id='word_1_726' title='bbox 2328 2737 2535 2791; x_wconf 60' lang='lat' dir='ltr'><strong>poenam</strong></span> <span class='ocrx_word' id='word_1_727' title='bbox 2553 2767 2569 2793; x_wconf 90' lang='lat'><strong>,</strong></span> <span class='ocrx_word' id='word_1_728' title='bbox 2592 2730 2802 2786; x_wconf 88' lang='lat' dir='ltr'><strong>servilis</strong></span> <span class='ocrx_word' id='word_1_729' title='bbox 2824 2744 2923 2787; x_wconf 90' lang='lat' dir='ltr'><strong>cst.</strong></span> <span class='ocrx_word' id='word_1_730' title='bbox 2953 2735 3087 2801; x_wconf 87' lang='lat' dir='ltr'><strong>Quid</strong></span> <span class='ocrx_word' id='word_1_731' title='bbox 3115 2753 3361 2809; x_wconf 82' lang='lat' dir='ltr'><strong>maguum</strong></span> <span class='ocrx_word' id='word_1_732' title='bbox 3380 2751 3461 2797; x_wconf 91' lang='lat' dir='ltr'><strong>est</strong></span> <span class='ocrx_word' id='word_1_733' title='bbox 3484 2721 3669 2801; x_wconf 84' lang='lat' dir='ltr'><strong>timere</strong></span> <span class='ocrx_word' id='word_1_734' title='bbox 3694 2763 3815 2816; x_wconf 86' lang='lat' dir='ltr'><strong>poe-</strong></span> 
     </span>
    </p>
   </div>
   <div class='ocr_carea' id='block_1_89' title="bbox 2224 2812 3813 2894">
    <p class='ocr_par' dir='ltr' id='par_1_89' title="bbox 2224 2812 3813 2894">
     <span class='ocr_line' id='line_1_89' title="bbox 2224 2812 3813 2894; baseline 0.019 -31"><span class='ocrx_word' id='word_1_735' title='bbox 2224 2812 2387 2865; x_wconf 86' lang='lat' dir='ltr'><strong>nam?</strong></span> <span class='ocrx_word' id='word_1_736' title='bbox 2413 2815 2525 2870; x_wconf 84' lang='lat' dir='ltr'><strong>Hoc</strong></span> <span class='ocrx_word' id='word_1_737' title='bbox 2552 2828 2604 2871; x_wconf 91' lang='lat' dir='ltr'><strong>et</strong></span> <span class='ocrx_word' id='word_1_738' title='bbox 2635 2823 2989 2891; x_wconf 88' lang='lat' dir='ltr'><strong>nequissimus</strong></span> <span class='ocrx_word' id='word_1_739' title='bbox 3026 2842 3211 2883; x_wconf 88' lang='lat' dir='ltr'><strong>servus</strong></span> <span class='ocrx_word' id='word_1_740' title='bbox 3230 2871 3245 2894; x_wconf 93' lang='lat'><strong>,</strong></span> <span class='ocrx_word' id='word_1_741' title='bbox 3290 2831 3392 2888; x_wconf 87' lang='lat' dir='ltr'><strong>hoc</strong></span> <span class='ocrx_word' id='word_1_742' title='bbox 3419 2844 3472 2888; x_wconf 90' lang='lat' dir='ltr'><strong>ct</strong></span> <span class='ocrx_word' id='word_1_743' title='bbox 3498 2836 3813 2892; x_wconf 84' lang='lat' dir='ltr'><strong>crudelissi-</strong></span> 
     </span>
    </p>
   </div>
   <div class='ocr_carea' id='block_1_90' title="bbox 2223 2907 3813 2994">
    <p class='ocr_par' dir='ltr' id='par_1_90' title="bbox 2223 2907 3813 2994">
     <span class='ocr_line' id='line_1_90' title="bbox 2223 2907 3813 2994; baseline 0.018 -37"><span class='ocrx_word' id='word_1_744' title='bbox 2223 2919 2341 2959; x_wconf 92' lang='lat' dir='ltr'><strong>mus</strong></span> <span class='ocrx_word' id='word_1_745' title='bbox 2368 2907 2520 2962; x_wconf 90' lang='lat' dir='ltr'><strong>latro.</strong></span> <span class='ocrx_word' id='word_1_746' title='bbox 2553 2910 2666 2965; x_wconf 89' lang='lat' dir='ltr'><strong>Non</strong></span> <span class='ocrx_word' id='word_1_747' title='bbox 2696 2925 2779 2968; x_wconf 83' lang='lat' dir='ltr'><strong>est</strong></span> <span class='ocrx_word' id='word_1_748' title='bbox 2804 2932 3051 2988; x_wconf 84' lang='lat' dir='ltr'><strong>magnum</strong></span> <span class='ocrx_word' id='word_1_749' title='bbox 3086 2922 3270 2978; x_wconf 90' lang='lat' dir='ltr'><strong>timere</strong></span> <span class='ocrx_word' id='word_1_750' title='bbox 3299 2940 3511 2994; x_wconf 70' lang='lat' dir='ltr'><strong>poenam</strong></span> <span class='ocrx_word' id='word_1_751' title='bbox 3533 2969 3546 2992; x_wconf 90' lang='lat'><strong>,</strong></span> <span class='ocrx_word' id='word_1_752' title='bbox 3570 2928 3665 2983; x_wconf 88' lang='lat' dir='ltr'><strong>sed</strong></span> <span class='ocrx_word' id='word_1_753' title='bbox 3695 2947 3784 2985; x_wconf 89' lang='lat' dir='ltr'><strong>ma</strong></span> <span class='ocrx_word' id='word_1_754' title='bbox 3810 2960 3813 2963; x_wconf 90' lang='lat'><strong><em>-</em></strong></span> 
     </span>
    </p>
   </div>
   <div class='ocr_carea' id='block_1_91' title="bbox 2221 3006 3808 3090">
    <p class='ocr_par' dir='ltr' id='par_1_91' title="bbox 2221 3006 3808 3090">
     <span class='ocr_line' id='line_1_91' title="bbox 2221 3006 3808 3090; baseline 0.018 -42"><span class='ocrx_word' id='word_1_755' title='bbox 2221 3009 2382 3064; x_wconf 88' lang='lat' dir='ltr'><strong>gnum</strong></span> <span class='ocrx_word' id='word_1_756' title='bbox 2425 3009 2507 3054; x_wconf 92' lang='lat' dir='ltr'><strong>est</strong></span> <span class='ocrx_word' id='word_1_757' title='bbox 2534 3016 2713 3058; x_wconf 89' lang='lat' dir='ltr'><strong>amare</strong></span> <span class='ocrx_word' id='word_1_758' title='bbox 2734 3006 3012 3072; x_wconf 90' lang='lat' dir='ltr'><strong>justitiam.</strong></span> <span class='ocrx_word' id='word_1_759' title='bbox 3045 3012 3143 3079; x_wconf 90' lang='lat' dir='ltr'><strong>Qui</strong></span> <span class='ocrx_word' id='word_1_760' title='bbox 3175 3030 3301 3085; x_wconf 86' lang='lat' dir='ltr'><strong>ergo</strong></span> <span class='ocrx_word' id='word_1_761' title='bbox 3329 3026 3470 3071; x_wconf 90' lang='lat' dir='ltr'><strong>amat</strong></span> <span class='ocrx_word' id='word_1_762' title='bbox 3507 3020 3767 3088; x_wconf 88' lang='lat' dir='ltr'><strong>justitiam</strong></span> <span class='ocrx_word' id='word_1_763' title='bbox 3791 3065 3808 3090; x_wconf 97' lang='lat'><strong>,</strong></span> 
     </span>
    </p>
   </div>
   <div class='ocr_carea' id='block_1_92' title="bbox 2210 3087 3810 3181">
    <p class='ocr_par' dir='ltr' id='par_1_92' title="bbox 2210 3087 3810 3181">
     <span class='ocr_line' id='line_1_92' title="bbox 2210 3087 3810 3181; baseline 0.018 -41"><span class='ocrx_word' id='word_1_764' title='bbox 2210 3087 2352 3142; x_wconf 89' lang='lat' dir='ltr'><strong>nihil</strong></span> <span class='ocrx_word' id='word_1_765' title='bbox 2382 3090 2566 3146; x_wconf 85' lang='lat' dir='ltr'><strong>timet?</strong></span> <span class='ocrx_word' id='word_1_766' title='bbox 2595 3093 2767 3150; x_wconf 89' lang='lat' dir='ltr'><strong>Timet</strong></span> <span class='ocrx_word' id='word_1_767' title='bbox 2796 3098 2949 3163; x_wconf 88' lang='lat' dir='ltr'><strong>plane</strong></span> <span class='ocrx_word' id='word_1_768' title='bbox 2977 3117 2989 3152; x_wconf 91' lang='lat'><strong>:</strong></span> <span class='ocrx_word' id='word_1_769' title='bbox 3020 3118 3124 3156; x_wconf 91' lang='lat' dir='ltr'><strong>non</strong></span> <span class='ocrx_word' id='word_1_770' title='bbox 3154 3120 3220 3159; x_wconf 91' lang='lat' dir='ltr'><strong>ne</strong></span> <span class='ocrx_word' id='word_1_771' title='bbox 3251 3106 3444 3161; x_wconf 88' lang='lat' dir='ltr'><strong>incidat</strong></span> <span class='ocrx_word' id='word_1_772' title='bbox 3468 3087 3520 3163; x_wconf 86' lang='lat' dir='ltr'><strong>in</strong></span> <span class='ocrx_word' id='word_1_773' title='bbox 3558 3087 3810 3181; x_wconf 72' lang='lat' dir='ltr'><strong>pmnam,</strong></span> 
     </span>
    </p>
   </div>
   <div class='ocr_carea' id='block_1_93' title="bbox 2223 3180 3815 3269">
    <p class='ocr_par' dir='ltr' id='par_1_93' title="bbox 2223 3180 3815 3269">
     <span class='ocr_line' id='line_1_93' title="bbox 2223 3180 3815 3269; baseline 0.018 -37"><span class='ocrx_word' id='word_1_774' title='bbox 2223 3180 2316 3233; x_wconf 90' lang='lat' dir='ltr'><strong>sed</strong></span> <span class='ocrx_word' id='word_1_775' title='bbox 2343 3196 2409 3235; x_wconf 89' lang='lat' dir='ltr'><strong>ne</strong></span> <span class='ocrx_word' id='word_1_776' title='bbox 2430 3184 2636 3239; x_wconf 89' lang='lat' dir='ltr'><strong>amittat</strong></span> <span class='ocrx_word' id='word_1_777' title='bbox 2654 3187 2934 3256; x_wconf 84' lang='lat' dir='ltr'><strong>justitiam.</strong></span> <span class='ocrx_word' id='word_1_778' title='bbox 2964 3193 3176 3251; x_wconf 84' lang='lat' dir='ltr'><strong>Fratres</strong></span> <span class='ocrx_word' id='word_1_779' title='bbox 3198 3200 3328 3265; x_wconf 89' lang='lat' dir='ltr'><strong>mei,</strong></span> <span class='ocrx_word' id='word_1_780' title='bbox 3360 3180 3580 3269; x_wconf 80' lang='lat' dir='ltr'><strong>credite,</strong></span> <span class='ocrx_word' id='word_1_781' title='bbox 3604 3214 3657 3260; x_wconf 91' lang='lat' dir='ltr'><strong>et</strong></span> <span class='ocrx_word' id='word_1_782' title='bbox 3680 3180 3815 3261; x_wconf 85' lang='lat' dir='ltr'><strong>con-</strong></span> 
     </span>
    </p>
   </div>
   <div class='ocr_carea' id='block_1_94' title="bbox 2221 3269 3812 3364">
    <p class='ocr_par' dir='ltr' id='par_1_94' title="bbox 2221 3269 3812 3364">
     <span class='ocr_line' id='line_1_94' title="bbox 2221 3269 3812 3364; baseline 0.018 -42"><span class='ocrx_word' id='word_1_783' title='bbox 2221 3269 2368 3339; x_wconf 88' lang='lat' dir='ltr'><strong>jicile</strong></span> <span class='ocrx_word' id='word_1_784' title='bbox 2392 3288 2455 3326; x_wconf 83' lang='lat' dir='ltr'><strong>ex</strong></span> <span class='ocrx_word' id='word_1_785' title='bbox 2480 3290 2545 3328; x_wconf 88' lang='lat' dir='ltr'><strong>eo</strong></span> <span class='ocrx_word' id='word_1_786' title='bbox 2572 3278 2711 3346; x_wconf 89' lang='lat' dir='ltr'><strong>quod</strong></span> <span class='ocrx_word' id='word_1_787' title='bbox 2736 3282 2947 3335; x_wconf 91' lang='lat' dir='ltr'><strong>amatis.</strong></span> <span class='ocrx_word' id='word_1_788' title='bbox 2975 3287 3131 3339; x_wconf 83' lang='lat' dir='ltr'><strong>Amat</strong></span> <span class='ocrx_word' id='word_1_789' title='bbox 3155 3289 3347 3359; x_wconf 90' lang='lat' dir='ltr'><strong>aliquis</strong></span> <span class='ocrx_word' id='word_1_790' title='bbox 3377 3303 3608 3347; x_wconf 87' lang='lat' dir='ltr'><strong>vestrum</strong></span> <span class='ocrx_word' id='word_1_791' title='bbox 3642 3311 3812 3364; x_wconf 87' lang='lat' dir='ltr'><strong>pecu-</strong></span> 
     </span>
    </p>
   </div>
   <div class='ocr_carea' id='block_1_95' title="bbox 2224 3359 3815 3445">
    <p class='ocr_par' dir='ltr' id='par_1_95' title="bbox 2224 3359 3815 3445">
     <span class='ocr_line' id='line_1_95' title="bbox 2224 3359 3815 3445; baseline 0.02 -34"><span class='ocrx_word' id='word_1_792' title='bbox 2224 3359 2386 3414; x_wconf 88' lang='lat' dir='ltr'><strong>niam.</strong></span> <span class='ocrx_word' id='word_1_793' title='bbox 2414 3360 2606 3431; x_wconf 87' lang='lat' dir='ltr'><strong>Putas,</strong></span> <span class='ocrx_word' id='word_1_794' title='bbox 2636 3367 2847 3423; x_wconf 89' lang='lat' dir='ltr'><strong>invenio</strong></span> <span class='ocrx_word' id='word_1_795' title='bbox 2870 3372 3101 3443; x_wconf 88' lang='lat' dir='ltr'><strong>aliquem</strong></span> <span class='ocrx_word' id='word_1_796' title='bbox 3123 3379 3209 3445; x_wconf 93' lang='lat' dir='ltr'><strong>qui</strong></span> <span class='ocrx_word' id='word_1_797' title='bbox 3234 3395 3340 3434; x_wconf 91' lang='lat' dir='ltr'><strong>non</strong></span> <span class='ocrx_word' id='word_1_798' title='bbox 3367 3384 3547 3437; x_wconf 86' lang='lat' dir='ltr'><strong>amet?</strong></span> <span class='ocrx_word' id='word_1_799' title='bbox 3707 3386 3815 3444; x_wconf 83' lang='lat' dir='ltr'><strong>hoc</strong></span> 
     </span>
    </p>
   </div>
   <div class='ocr_carea' id='block_1_96' title="bbox 2223 3454 3815 3541">
    <p class='ocr_par' dir='ltr' id='par_1_96' title="bbox 2223 3454 3815 3541">
     <span class='ocr_line' id='line_1_96' title="bbox 2223 3454 3815 3541; baseline 0.021 -38"><span class='ocrx_word' id='word_1_800' title='bbox 2223 3458 2401 3506; x_wconf 88' lang='lat' dir='ltr'><strong>tamen</strong></span> <span class='ocrx_word' id='word_1_801' title='bbox 2451 3454 2566 3523; x_wconf 89' lang='lat' dir='ltr'><strong>ipso</strong></span> <span class='ocrx_word' id='word_1_802' title='bbox 2604 3460 2745 3527; x_wconf 90' lang='lat' dir='ltr'><strong>quod</strong></span> <span class='ocrx_word' id='word_1_803' title='bbox 2790 3472 2966 3527; x_wconf 86' lang='lat' dir='ltr'><strong>amat,</strong></span> <span class='ocrx_word' id='word_1_804' title='bbox 3014 3466 3270 3539; x_wconf 86' lang='lat' dir='ltr'><strong>intelligat</strong></span> <span class='ocrx_word' id='word_1_805' title='bbox 3298 3474 3438 3541; x_wconf 91' lang='lat' dir='ltr'><strong>quod</strong></span> <span class='ocrx_word' id='word_1_806' title='bbox 3467 3476 3606 3531; x_wconf 93' lang='lat' dir='ltr'><strong>dico.</strong></span> <span class='ocrx_word' id='word_1_807' title='bbox 3634 3479 3815 3537; x_wconf 89' lang='lat' dir='ltr'><strong>Timet</strong></span> 
     </span>
    </p>
   </div>
   <div class='ocr_carea' id='block_1_97' title="bbox 2223 3542 3812 3636">
    <p class='ocr_par' dir='ltr' id='par_1_97' title="bbox 2223 3542 3812 3636">
     <span class='ocr_line' id='line_1_97' title="bbox 2223 3542 3812 3636; baseline 0.021 -41"><span class='ocrx_word' id='word_1_808' title='bbox 2223 3542 2475 3600; x_wconf 90' lang='lat' dir='ltr'><strong>damnum</strong></span> <span class='ocrx_word' id='word_1_809' title='bbox 2505 3565 2518 3601; x_wconf 91' lang='lat'><strong>:</strong></span> <span class='ocrx_word' id='word_1_810' title='bbox 2545 3564 2708 3619; x_wconf 89' lang='lat' dir='ltr'><strong>quare</strong></span> <span class='ocrx_word' id='word_1_811' title='bbox 2733 3554 2888 3610; x_wconf 88' lang='lat' dir='ltr'><strong>timet</strong></span> <span class='ocrx_word' id='word_1_812' title='bbox 2911 3557 3202 3616; x_wconf 85' lang='lat' dir='ltr'><strong>damnum?</strong></span> <span class='ocrx_word' id='word_1_813' title='bbox 3230 3564 3360 3630; x_wconf 90' lang='lat' dir='ltr'><strong>Quia</strong></span> <span class='ocrx_word' id='word_1_814' title='bbox 3390 3572 3663 3636; x_wconf 88' lang='lat' dir='ltr'><strong>pecuniam</strong></span> <span class='ocrx_word' id='word_1_815' title='bbox 3684 3573 3812 3628; x_wconf 89' lang='lat' dir='ltr'><strong>dili-</strong></span> 
     </span>
    </p>
   </div>
   <div class='ocr_carea' id='block_1_98' title="bbox 2224 3634 3813 3731">
    <p class='ocr_par' dir='ltr' id='par_1_98' title="bbox 2224 3634 3813 3731">
     <span class='ocr_line' id='line_1_98' title="bbox 2224 3634 3813 3731; baseline 0.021 -46"><span class='ocrx_word' id='word_1_816' title='bbox 2224 3634 2317 3703; x_wconf 88' lang='lat' dir='ltr'><strong>git.</strong></span> <span class='ocrx_word' id='word_1_817' title='bbox 2345 3635 2609 3702; x_wconf 90' lang='lat' dir='ltr'><strong>Quantum</strong></span> <span class='ocrx_word' id='word_1_818' title='bbox 2646 3656 2787 3698; x_wconf 86' lang='lat' dir='ltr'><strong>amat</strong></span> <span class='ocrx_word' id='word_1_819' title='bbox 2836 3651 3149 3718; x_wconf 90' lang='lat' dir='ltr'><strong>pecuniam,</strong></span> <span class='ocrx_word' id='word_1_820' title='bbox 3183 3634 3562 3714; x_wconf 39' lang='lat' dir='ltr'><strong>tantum—timet</strong></span> <span class='ocrx_word' id='word_1_821' title='bbox 3587 3677 3654 3716; x_wconf 90' lang='lat' dir='ltr'><strong>ne</strong></span> <span class='ocrx_word' id='word_1_822' title='bbox 3682 3677 3813 3731; x_wconf 86' lang='lat' dir='ltr'><strong>per-</strong></span> 
     </span>
    </p>
   </div>
   <div class='ocr_carea' id='block_1_99' title="bbox 2225 3723 3809 3821">
    <p class='ocr_par' dir='ltr' id='par_1_99' title="bbox 2225 3723 3809 3821">
     <span class='ocr_line' id='line_1_99' title="bbox 2225 3723 3809 3821; baseline 0.02 -44"><span class='ocrx_word' id='word_1_823' title='bbox 2225 3723 2317 3779; x_wconf 89' lang='lat' dir='ltr'><strong>dat</strong></span> <span class='ocrx_word' id='word_1_824' title='bbox 2346 3731 2640 3795; x_wconf 89' lang='lat' dir='ltr'><strong>pecuniam.</strong></span> <span class='ocrx_word' id='word_1_825' title='bbox 2674 3734 2813 3804; x_wconf 90' lang='lat' dir='ltr'><strong>Ergo</strong></span> <span class='ocrx_word' id='word_1_826' title='bbox 2840 3738 3105 3795; x_wconf 88' lang='lat' dir='ltr'><strong>invenitur</strong></span> <span class='ocrx_word' id='word_1_827' title='bbox 3125 3746 3316 3815; x_wconf 76' lang='lat' dir='ltr'><strong>aliquis</strong></span> <span class='ocrx_word' id='word_1_828' title='bbox 3338 3760 3543 3805; x_wconf 89' lang='lat' dir='ltr'><strong>amator</strong></span> <span class='ocrx_word' id='word_1_829' title='bbox 3561 3723 3809 3821; x_wconf 64' lang='lat' dir='ltr'><strong>justiﬁes,</strong></span> 
     </span>
    </p>
   </div>
   <div class='ocr_carea' id='block_1_100' title="bbox 2225 3815 3814 3909">
    <p class='ocr_par' dir='ltr' id='par_1_100' title="bbox 2225 3815 3814 3909">
     <span class='ocr_line' id='line_1_100' title="bbox 2225 3815 3814 3909; baseline 0.019 -41"><span class='ocrx_word' id='word_1_830' title='bbox 2225 3815 2313 3883; x_wconf 91' lang='lat' dir='ltr'><strong>qui</strong></span> <span class='ocrx_word' id='word_1_831' title='bbox 2336 3817 2453 3885; x_wconf 89' lang='lat' dir='ltr'><strong>plus</strong></span> <span class='ocrx_word' id='word_1_832' title='bbox 2477 3820 2527 3874; x_wconf 91' lang='lat' dir='ltr'><strong>in</strong></span> <span class='ocrx_word' id='word_1_833' title='bbox 2553 3823 2714 3878; x_wconf 91' lang='lat' dir='ltr'><strong>corde</strong></span> <span class='ocrx_word' id='word_1_834' title='bbox 2730 3825 2979 3885; x_wconf 87' lang='lat' dir='ltr'><strong>damnum</strong></span> <span class='ocrx_word' id='word_1_835' title='bbox 3004 3834 3465 3908; x_wconf 86' lang='lat' dir='ltr'><strong>pertimescat,qui</strong></span> <span class='ocrx_word' id='word_1_836' title='bbox 3489 3815 3607 3909; x_wconf 74' lang='lat' dir='ltr'><strong>plus</strong></span> <span class='ocrx_word' id='word_1_837' title='bbox 3625 3815 3814 3898; x_wconf 75' lang='lat' dir='ltr'><strong>timeat</strong></span> 
     </span>
    </p>
   </div>
   <div class='ocr_carea' id='block_1_101' title="bbox 2225 3909 3818 3998">
    <p class='ocr_par' dir='ltr' id='par_1_101' title="bbox 2225 3909 3818 3998">
     <span class='ocr_line' id='line_1_101' title="bbox 2225 3909 3818 3998; baseline 0.021 -40"><span class='ocrx_word' id='word_1_838' title='bbox 2225 3909 2513 3976; x_wconf 77' lang='lat' dir='ltr'><strong>exapoliari</strong></span> <span class='ocrx_word' id='word_1_839' title='bbox 2530 3911 2752 3983; x_wconf 89' lang='lat' dir='ltr'><strong>justitia,</strong></span> <span class='ocrx_word' id='word_1_840' title='bbox 2777 3933 2933 3986; x_wconf 89' lang='lat' dir='ltr'><strong>quam</strong></span> <span class='ocrx_word' id='word_1_841' title='bbox 2963 3930 3018 3975; x_wconf 92' lang='lat' dir='ltr'><strong>tu</strong></span> <span class='ocrx_word' id='word_1_842' title='bbox 3046 3926 3288 3991; x_wconf 88' lang='lat' dir='ltr'><strong>pecunia.</strong></span> <span class='ocrx_word' id='word_1_843' title='bbox 3318 3928 3433 3998; x_wconf 91' lang='lat' dir='ltr'><strong>lpse</strong></span> <span class='ocrx_word' id='word_1_844' title='bbox 3454 3940 3539 3987; x_wconf 88' lang='lat' dir='ltr'><strong>est</strong></span> <span class='ocrx_word' id='word_1_845' title='bbox 3554 3933 3711 3988; x_wconf 92' lang='lat' dir='ltr'><strong>timor</strong></span> <span class='ocrx_word' id='word_1_846' title='bbox 3730 3951 3818 3990; x_wconf 88' lang='lat' dir='ltr'><strong>ca-</strong></span> 
     </span>
    </p>
   </div>
   <div class='ocr_carea' id='block_1_102' title="bbox 2225 3999 3815 4080">
    <p class='ocr_par' dir='ltr' id='par_1_102' title="bbox 2225 3999 3815 4080">
     <span class='ocr_line' id='line_1_102' title="bbox 2225 3999 3815 4080; baseline 0.019 -30"><span class='ocrx_word' id='word_1_847' title='bbox 2225 4005 2361 4064; x_wconf 89' lang='lat' dir='ltr'><strong>stus,</strong></span> <span class='ocrx_word' id='word_1_848' title='bbox 2381 3999 2493 4069; x_wconf 89' lang='lat' dir='ltr'><strong>ipse</strong></span> <span class='ocrx_word' id='word_1_849' title='bbox 2519 4018 2793 4071; x_wconf 87' lang='lat' dir='ltr'><strong>permanet</strong></span> <span class='ocrx_word' id='word_1_850' title='bbox 2818 4009 2873 4064; x_wconf 91' lang='lat' dir='ltr'><strong>in</strong></span> <span class='ocrx_word' id='word_1_851' title='bbox 2892 4014 3143 4069; x_wconf 66' lang='lat' dir='ltr'><strong>saeculum</strong></span> <span class='ocrx_word' id='word_1_852' title='bbox 3172 4019 3351 4073; x_wconf 53' lang='lat' dir='ltr'><strong>saeculi</strong></span> <span class='ocrx_word' id='word_1_853' title='bbox 3382 4037 3397 4075; x_wconf 90' lang='lat'><strong>:</strong></span> <span class='ocrx_word' id='word_1_854' title='bbox 3423 4037 3529 4077; x_wconf 92' lang='lat' dir='ltr'><strong>non</strong></span> <span class='ocrx_word' id='word_1_855' title='bbox 3555 4038 3677 4077; x_wconf 87' lang='lat' dir='ltr'><strong>eum</strong></span> <span class='ocrx_word' id='word_1_856' title='bbox 3705 4025 3815 4080; x_wconf 89' lang='lat' dir='ltr'><strong>tol-</strong></span> 
     </span>
    </p>
   </div>
   <div class='ocr_carea' id='block_1_103' title="bbox 2227 4088 3812 4184">
    <p class='ocr_par' dir='ltr' id='par_1_103' title="bbox 2227 4088 3812 4184">
     <span class='ocr_line' id='line_1_103' title="bbox 2227 4088 3812 4184; baseline 0.018 -42"><span class='ocrx_word' id='word_1_857' title='bbox 2227 4088 2288 4143; x_wconf 88' lang='lat' dir='ltr'><strong>lit</strong></span> <span class='ocrx_word' id='word_1_858' title='bbox 2310 4091 2541 4148; x_wconf 89' lang='lat' dir='ltr'><strong>cbaritas</strong></span> <span class='ocrx_word' id='word_1_859' title='bbox 2558 4134 2575 4160; x_wconf 93' lang='lat'><strong>,</strong></span> <span class='ocrx_word' id='word_1_860' title='bbox 2599 4111 2698 4152; x_wconf 83' lang='lat' dir='ltr'><strong>nec</strong></span> <span class='ocrx_word' id='word_1_861' title='bbox 2725 4098 2869 4154; x_wconf 89' lang='lat' dir='ltr'><strong>foras</strong></span> <span class='ocrx_word' id='word_1_862' title='bbox 2896 4104 3085 4169; x_wconf 89' lang='lat' dir='ltr'><strong>mittit,</strong></span> <span class='ocrx_word' id='word_1_863' title='bbox 3116 4108 3209 4162; x_wconf 89' lang='lat' dir='ltr'><strong>sed</strong></span> <span class='ocrx_word' id='word_1_864' title='bbox 3235 4112 3401 4179; x_wconf 89' lang='lat' dir='ltr'><strong>magis</strong></span> <span class='ocrx_word' id='word_1_865' title='bbox 3420 4115 3812 4184; x_wconf 88' lang='lat' dir='ltr'><strong>complectitur,</strong></span> 
     </span>
    </p>
   </div>
   <div class='ocr_carea' id='block_1_104' title="bbox 2228 4183 3815 4265">
    <p class='ocr_par' dir='ltr' id='par_1_104' title="bbox 2228 4183 3815 4265">
     <span class='ocr_line' id='line_1_104' title="bbox 2228 4183 3815 4265; baseline 0.018 -33"><span class='ocrx_word' id='word_1_866' title='bbox 2228 4188 2282 4233; x_wconf 91' lang='lat' dir='ltr'><strong>et</strong></span> <span class='ocrx_word' id='word_1_867' title='bbox 2305 4183 2555 4238; x_wconf 89' lang='lat' dir='ltr'><strong>comitem</strong></span> <span class='ocrx_word' id='word_1_868' title='bbox 2582 4196 2727 4243; x_wconf 89' lang='lat' dir='ltr'><strong>tenet</strong></span> <span class='ocrx_word' id='word_1_869' title='bbox 2753 4191 2909 4247; x_wconf 85' lang='lat' dir='ltr'><strong>simul</strong></span> <span class='ocrx_word' id='word_1_870' title='bbox 2933 4202 2987 4249; x_wconf 90' lang='lat' dir='ltr'><strong>et</strong></span> <span class='ocrx_word' id='word_1_871' title='bbox 3015 4197 3268 4265; x_wconf 88' lang='lat' dir='ltr'><strong>possidet.</strong></span> <span class='ocrx_word' id='word_1_872' title='bbox 3304 4183 3557 4258; x_wconf 85' lang='lat' dir='ltr'><strong>Venimus</strong></span> <span class='ocrx_word' id='word_1_873' title='bbox 3576 4206 3718 4259; x_wconf 91' lang='lat' dir='ltr'><strong>enim</strong></span> <span class='ocrx_word' id='word_1_874' title='bbox 3744 4207 3815 4261; x_wconf 90' lang='lat' dir='ltr'><strong>ad</strong></span> 
     </span>
    </p>
   </div>
   <div class='ocr_carea' id='block_1_105' title="bbox 2228 4271 3818 4353">
    <p class='ocr_par' dir='ltr' id='par_1_105' title="bbox 2228 4271 3818 4353">
     <span class='ocr_line' id='line_1_105' title="bbox 2228 4271 3818 4353; baseline 0.018 -28"><span class='ocrx_word' id='word_1_875' title='bbox 2228 4271 2547 4342; x_wconf 79' lang='lat' dir='ltr'><strong>Dominum,</strong></span> <span class='ocrx_word' id='word_1_876' title='bbox 2576 4289 2632 4333; x_wconf 91' lang='lat' dir='ltr'><strong>ut</strong></span> <span class='ocrx_word' id='word_1_877' title='bbox 2659 4281 2932 4339; x_wconf 86' lang='lat' dir='ltr'><strong>videamus</strong></span> <span class='ocrx_word' id='word_1_878' title='bbox 2979 4285 3113 4343; x_wconf 86' lang='lat' dir='ltr'><strong>facie</strong></span> <span class='ocrx_word' id='word_1_879' title='bbox 3153 4289 3222 4344; x_wconf 93' lang='lat' dir='ltr'><strong>ad</strong></span> <span class='ocrx_word' id='word_1_880' title='bbox 3265 4290 3495 4349; x_wconf 88' lang='lat' dir='ltr'><strong>faciem:</strong></span> <span class='ocrx_word' id='word_1_881' title='bbox 3536 4296 3607 4351; x_wconf 91' lang='lat' dir='ltr'><strong>ibi</strong></span> <span class='ocrx_word' id='word_1_882' title='bbox 3654 4298 3818 4353; x_wconf 92' lang='lat' dir='ltr'><strong>timor</strong></span> 
     </span>
    </p>
   </div>
   <div class='ocr_carea' id='block_1_106' title="bbox 2228 4373 3815 4452">
    <p class='ocr_par' dir='ltr' id='par_1_106' title="bbox 2228 4373 3815 4452">
     <span class='ocr_line' id='line_1_106' title="bbox 2228 4373 3815 4452; baseline 0.018 -37"><span class='ocrx_word' id='word_1_883' title='bbox 2228 4374 2405 4419; x_wconf 90' lang='lat' dir='ltr'><strong>castus</strong></span> <span class='ocrx_word' id='word_1_884' title='bbox 2429 4381 2527 4421; x_wconf 87' lang='lat' dir='ltr'><strong>nos</strong></span> <span class='ocrx_word' id='word_1_885' title='bbox 2550 4377 2759 4436; x_wconf 84' lang='lat' dir='ltr'><strong>servat;</strong></span> <span class='ocrx_word' id='word_1_886' title='bbox 2788 4373 2947 4429; x_wconf 91' lang='lat' dir='ltr'><strong>timor</strong></span> <span class='ocrx_word' id='word_1_887' title='bbox 2965 4378 3104 4431; x_wconf 91' lang='lat' dir='ltr'><strong>enim</strong></span> <span class='ocrx_word' id='word_1_888' title='bbox 3137 4379 3224 4436; x_wconf 90' lang='lat' dir='ltr'><strong>ille</strong></span> <span class='ocrx_word' id='word_1_889' title='bbox 3247 4398 3352 4436; x_wconf 90' lang='lat' dir='ltr'><strong>non</strong></span> <span class='ocrx_word' id='word_1_890' title='bbox 3383 4387 3673 4452; x_wconf 86' lang='lat' dir='ltr'><strong>perturbat,</strong></span> <span class='ocrx_word' id='word_1_891' title='bbox 3716 4388 3815 4443; x_wconf 91' lang='lat' dir='ltr'><strong>sed</strong></span> 
     </span>
    </p>
   </div>
   <div class='ocr_carea' id='block_1_107' title="bbox 2227 4454 3813 4548">
    <p class='ocr_par' dir='ltr' id='par_1_107' title="bbox 2227 4454 3813 4548">
     <span class='ocr_line' id='line_1_107' title="bbox 2227 4454 3813 4548; baseline 0.018 -42"><span class='ocrx_word' id='word_1_892' title='bbox 2227 4454 2526 4511; x_wconf 81' lang='lat' dir='ltr'><strong>confirmat.</strong></span> <span class='ocrx_word' id='word_1_893' title='bbox 2571 4459 2743 4516; x_wconf 89' lang='lat' dir='ltr'><strong>Timet</strong></span> <span class='ocrx_word' id='word_1_894' title='bbox 2771 4464 2963 4519; x_wconf 91' lang='lat' dir='ltr'><strong>mulier</strong></span> <span class='ocrx_word' id='word_1_895' title='bbox 2989 4469 3229 4524; x_wconf 90' lang='lat' dir='ltr'><strong>adultera</strong></span> <span class='ocrx_word' id='word_1_896' title='bbox 3269 4488 3335 4528; x_wconf 92' lang='lat' dir='ltr'><strong>ne</strong></span> <span class='ocrx_word' id='word_1_897' title='bbox 3359 4476 3441 4529; x_wconf 90' lang='lat' dir='ltr'><strong>vir</strong></span> <span class='ocrx_word' id='word_1_898' title='bbox 3463 4476 3578 4546; x_wconf 89' lang='lat' dir='ltr'><strong>ejus</strong></span> <span class='ocrx_word' id='word_1_899' title='bbox 3602 4478 3813 4548; x_wconf 87' lang='lat' dir='ltr'><strong>veniat,</strong></span> 
     </span>
    </p>
   </div>
   <div class='ocr_carea' id='block_1_108' title="bbox 2232 4542 3256 4624">
    <p class='ocr_par' dir='ltr' id='par_1_108' title="bbox 2232 4542 3256 4624">
     <span class='ocr_line' id='line_1_108' title="bbox 2232 4542 3256 4624; baseline 0.02 -28"><span class='ocrx_word' id='word_1_900' title='bbox 2232 4542 2385 4600; x_wconf 89' lang='lat' dir='ltr'><strong>timet</strong></span> <span class='ocrx_word' id='word_1_901' title='bbox 2403 4557 2458 4601; x_wconf 93' lang='lat' dir='ltr'><strong>et</strong></span> <span class='ocrx_word' id='word_1_902' title='bbox 2480 4558 2623 4604; x_wconf 87' lang='lat' dir='ltr'><strong>casta</strong></span> <span class='ocrx_word' id='word_1_903' title='bbox 2648 4566 2716 4606; x_wconf 92' lang='lat' dir='ltr'><strong>ne</strong></span> <span class='ocrx_word' id='word_1_904' title='bbox 2742 4554 2823 4607; x_wconf 92' lang='lat' dir='ltr'><strong>vir</strong></span> <span class='ocrx_word' id='word_1_905' title='bbox 2843 4555 2957 4624; x_wconf 91' lang='lat' dir='ltr'><strong>ejus</strong></span> <span class='ocrx_word' id='word_1_906' title='bbox 2980 4557 3256 4616; x_wconf 89' lang='lat' dir='ltr'><strong>abscedat.</strong></span> 
     </span>
    </p>
   </div>
   <div class='ocr_carea' id='block_1_109' title="bbox 2302 4634 3816 4723">
    <p class='ocr_par' dir='ltr' id='par_1_109' title="bbox 2302 4634 3816 4723">
     <span class='ocr_line' id='line_1_109' title="bbox 2302 4634 3816 4723; baseline 0.018 -35"><span class='ocrx_word' id='word_1_907' title='bbox 2302 4634 2356 4689; x_wconf 89' lang='lat'><strong>8.</strong></span> <span class='ocrx_word' id='word_1_908' title='bbox 2402 4637 2543 4709; x_wconf 84' lang='lat' dir='ltr'><strong>Ergo</strong></span> <span class='ocrx_word' id='word_1_909' title='bbox 2567 4640 2702 4697; x_wconf 89' lang='lat' dir='ltr'><strong>sicut</strong></span> <span class='ocrx_word' id='word_1_910' title='bbox 2728 4646 3018 4700; x_wconf 88' lang='lat' dir='ltr'><strong>secundum</strong></span> <span class='ocrx_word' id='word_1_911' title='bbox 3061 4649 3219 4704; x_wconf 87' lang='lat' dir='ltr'><strong>aliam</strong></span> <span class='ocrx_word' id='word_1_912' title='bbox 3260 4654 3642 4723; x_wconf 90' lang='lat' dir='ltr'><strong>tentationem,</strong></span> <span class='ocrx_word' id='word_1_913' title='bbox 3671 4658 3816 4715; x_wconf 87' lang='lat' dir='ltr'><strong>Deus</strong></span> 
     </span>
    </p>
   </div>
   <div class='ocr_carea' id='block_1_110' title="bbox 2231 4726 3821 4811">
    <p class='ocr_par' dir='ltr' id='par_1_110' title="bbox 2231 4726 3821 4811">
     <span class='ocr_line' id='line_1_110' title="bbox 2231 4726 3821 4811; baseline 0.018 -35"><span class='ocrx_word' id='word_1_914' title='bbox 2231 4726 2479 4780; x_wconf 78' lang='lat' dir='ltr'><strong>neminem</strong></span> <span class='ocrx_word' id='word_1_915' title='bbox 2510 4738 2699 4796; x_wconf 88' lang='lat' dir='ltr'><strong>tentat;</strong></span> <span class='ocrx_word' id='word_1_916' title='bbox 2720 4736 3010 4791; x_wconf 91' lang='lat' dir='ltr'><strong>secundum</strong></span> <span class='ocrx_word' id='word_1_917' title='bbox 3037 4740 3194 4795; x_wconf 89' lang='lat' dir='ltr'><strong>aliam</strong></span> <span class='ocrx_word' id='word_1_918' title='bbox 3220 4759 3349 4798; x_wconf 89' lang='lat' dir='ltr'><strong>vero</strong></span> <span class='ocrx_word' id='word_1_919' title='bbox 3366 4786 3381 4811; x_wconf 95' lang='lat'><strong>,</strong></span> <span class='ocrx_word' id='word_1_920' title='bbox 3413 4757 3567 4801; x_wconf 85' lang='lat' dir='ltr'><strong>tentat</strong></span> <span class='ocrx_word' id='word_1_921' title='bbox 3596 4765 3683 4803; x_wconf 84' lang='lat' dir='ltr'><strong>uos</strong></span> <span class='ocrx_word' id='word_1_922' title='bbox 3708 4749 3821 4804; x_wconf 86' lang='lat' dir='ltr'><strong>Do-</strong></span> 
     </span>
    </p>
   </div>
   <div class='ocr_carea' id='block_1_111' title="bbox 2233 4818 3823 4909">
    <p class='ocr_par' dir='ltr' id='par_1_111' title="bbox 2233 4818 3823 4909">
     <span class='ocr_line' id='line_1_111' title="bbox 2233 4818 3823 4909; baseline 0.019 -41"><span class='ocrx_word' id='word_1_923' title='bbox 2233 4818 2401 4873; x_wconf 87' lang='lat' dir='ltr'><strong>minus</strong></span> <span class='ocrx_word' id='word_1_924' title='bbox 2424 4818 2563 4874; x_wconf 88' lang='lat' dir='ltr'><strong>Deus</strong></span> <span class='ocrx_word' id='word_1_925' title='bbox 2582 4832 2739 4878; x_wconf 87' lang='lat' dir='ltr'><strong>vester</strong></span> <span class='ocrx_word' id='word_1_926' title='bbox 2766 4841 2785 4878; x_wconf 91' lang='lat'><strong><em>:</em></strong></span> <span class='ocrx_word' id='word_1_927' title='bbox 2814 4835 2869 4881; x_wconf 89' lang='lat' dir='ltr'><strong>et</strong></span> <span class='ocrx_word' id='word_1_928' title='bbox 2903 4832 3194 4887; x_wconf 87' lang='lat' dir='ltr'><strong>secundum</strong></span> <span class='ocrx_word' id='word_1_929' title='bbox 3231 4836 3391 4891; x_wconf 89' lang='lat' dir='ltr'><strong>alium</strong></span> <span class='ocrx_word' id='word_1_930' title='bbox 3423 4840 3665 4895; x_wconf 88' lang='lat' dir='ltr'><strong>timorem</strong></span> <span class='ocrx_word' id='word_1_931' title='bbox 3685 4882 3703 4909; x_wconf 90' lang='lat'><strong>,</strong></span> <span class='ocrx_word' id='word_1_932' title='bbox 3748 4845 3823 4897; x_wconf 88' lang='lat' dir='ltr'><strong>ti-</strong></span> 
     </span>
    </p>
   </div>
   <div class='ocr_carea' id='block_1_112' title="bbox 2231 4915 3831 5003">
    <p class='ocr_par' dir='ltr' id='par_1_112' title="bbox 2231 4915 3831 5003">
     <span class='ocr_line' id='line_1_112' title="bbox 2231 4915 3831 5003; baseline 0.016 -41"><span class='ocrx_word' id='word_1_933' title='bbox 2231 4925 2343 4963; x_wconf 88' lang='lat' dir='ltr'><strong>mor</strong></span> <span class='ocrx_word' id='word_1_934' title='bbox 2368 4927 2469 4965; x_wconf 86' lang='lat' dir='ltr'><strong>non</strong></span> <span class='ocrx_word' id='word_1_935' title='bbox 2510 4923 2583 4966; x_wconf 90' lang='lat' dir='ltr'><strong>est</strong></span> <span class='ocrx_word' id='word_1_936' title='bbox 2625 4915 2679 4969; x_wconf 90' lang='lat' dir='ltr'><strong>in</strong></span> <span class='ocrx_word' id='word_1_937' title='bbox 2705 4916 2979 4987; x_wconf 81' lang='lat' dir='ltr'><strong>charitate,</strong></span> <span class='ocrx_word' id='word_1_938' title='bbox 3023 4924 3112 4975; x_wconf 87' lang='lat' dir='ltr'><strong>sed</strong></span> <span class='ocrx_word' id='word_1_939' title='bbox 3154 4930 3375 4996; x_wconf 76' lang='lat' dir='ltr'><strong>perfecta</strong></span> <span class='ocrx_word' id='word_1_940' title='bbox 3412 4929 3631 4985; x_wconf 83' lang='lat' dir='ltr'><strong>charitas</strong></span> <span class='ocrx_word' id='word_1_941' title='bbox 3677 4936 3831 5003; x_wconf 83' lang='lat' dir='ltr'><strong>foras</strong></span> 
     </span>
    </p>
   </div>
   <div class='ocr_carea' id='block_1_113' title="bbox 2232 5002 3827 5088">
    <p class='ocr_par' dir='ltr' id='par_1_113' title="bbox 2232 5002 3827 5088">
     <span class='ocr_line' id='line_1_113' title="bbox 2232 5002 3827 5088; baseline 0.016 -36"><span class='ocrx_word' id='word_1_942' title='bbox 2232 5002 2381 5055; x_wconf 88' lang='lat' dir='ltr'><strong>mittit</strong></span> <span class='ocrx_word' id='word_1_943' title='bbox 2409 5002 2673 5071; x_wconf 86' lang='lat' dir='ltr'><strong>timorem;</strong></span> <span class='ocrx_word' id='word_1_944' title='bbox 2697 5009 2991 5064; x_wconf 90' lang='lat' dir='ltr'><strong>secundum</strong></span> <span class='ocrx_word' id='word_1_945' title='bbox 3015 5028 3143 5067; x_wconf 91' lang='lat' dir='ltr'><strong>vero</strong></span> <span class='ocrx_word' id='word_1_946' title='bbox 3163 5017 3322 5071; x_wconf 88' lang='lat' dir='ltr'><strong>alium</strong></span> <span class='ocrx_word' id='word_1_947' title='bbox 3355 5019 3633 5088; x_wconf 87' lang='lat' dir='ltr'><strong>timorem,</strong></span> <span class='ocrx_word' id='word_1_948' title='bbox 3667 5002 3827 5078; x_wconf 85' lang='lat' dir='ltr'><strong>timor</strong></span> 
     </span>
    </p>
   </div>
   <div class='ocr_carea' id='block_1_114' title="bbox 2233 5090 3827 5171">
    <p class='ocr_par' dir='ltr' id='par_1_114' title="bbox 2233 5090 3827 5171">
     <span class='ocr_line' id='line_1_114' title="bbox 2233 5090 3827 5171; baseline 0.016 -26"><span class='ocrx_word' id='word_1_949' title='bbox 2233 5090 2438 5148; x_wconf 87' lang='lat' dir='ltr'><strong>Domini</strong></span> <span class='ocrx_word' id='word_1_950' title='bbox 2455 5108 2626 5151; x_wconf 86' lang='lat' dir='ltr'><strong>castus</strong></span> <span class='ocrx_word' id='word_1_951' title='bbox 2646 5110 2921 5168; x_wconf 88' lang='lat' dir='ltr'><strong>permanet</strong></span> <span class='ocrx_word' id='word_1_952' title='bbox 2947 5104 3001 5158; x_wconf 87' lang='lat' dir='ltr'><strong>in</strong></span> <span class='ocrx_word' id='word_1_953' title='bbox 3026 5108 3271 5162; x_wconf 78' lang='lat' dir='ltr'><strong>steculum</strong></span> <span class='ocrx_word' id='word_1_954' title='bbox 3290 5112 3466 5164; x_wconf 62' lang='lat' dir='ltr'><strong>seaculi</strong></span> <span class='ocrx_word' id='word_1_955' title='bbox 3485 5128 3505 5166; x_wconf 91' lang='lat'><strong><em>:</em></strong></span> <span class='ocrx_word' id='word_1_956' title='bbox 3532 5115 3610 5169; x_wconf 90' lang='lat' dir='ltr'><strong>sic</strong></span> <span class='ocrx_word' id='word_1_957' title='bbox 3634 5125 3689 5169; x_wconf 91' lang='lat' dir='ltr'><strong>et</strong></span> <span class='ocrx_word' id='word_1_958' title='bbox 3714 5114 3827 5171; x_wconf 86' lang='lat' dir='ltr'><strong>hoc</strong></span> 
     </span>
    </p>
   </div>
   <div class='ocr_carea' id='block_1_115' title="bbox 2235 5185 3827 5274">
    <p class='ocr_par' dir='ltr' id='par_1_115' title="bbox 2235 5185 3827 5274">
     <span class='ocr_line' id='line_1_115' title="bbox 2235 5185 3827 5274; baseline 0.012 -36"><span class='ocrx_word' id='word_1_959' title='bbox 2235 5185 2355 5242; x_wconf 89' lang='lat' dir='ltr'><strong>loco</strong></span> <span class='ocrx_word' id='word_1_960' title='bbox 2376 5228 2391 5254; x_wconf 95' lang='lat'><strong>,</strong></span> <span class='ocrx_word' id='word_1_961' title='bbox 2423 5189 2714 5243; x_wconf 88' lang='lat' dir='ltr'><strong>secundum</strong></span> <span class='ocrx_word' id='word_1_962' title='bbox 2736 5190 2960 5248; x_wconf 91' lang='lat' dir='ltr'><strong>alterum</strong></span> <span class='ocrx_word' id='word_1_963' title='bbox 2984 5196 3277 5265; x_wconf 87' lang='lat' dir='ltr'><strong>judicium,</strong></span> <span class='ocrx_word' id='word_1_964' title='bbox 3310 5198 3464 5254; x_wconf 88' lang='lat' dir='ltr'><strong>Pater</strong></span> <span class='ocrx_word' id='word_1_965' title='bbox 3486 5218 3588 5256; x_wconf 89' lang='lat' dir='ltr'><strong>non</strong></span> <span class='ocrx_word' id='word_1_966' title='bbox 3613 5204 3827 5274; x_wconf 82' lang='lat' dir='ltr'><strong>judicat</strong></span> 
     </span>
    </p>
   </div>
   <div class='ocr_carea' id='block_1_116' title="bbox 2233 5284 3821 5359">
    <p class='ocr_par' dir='ltr' id='par_1_116' title="bbox 2233 5284 3821 5359">
     <span class='ocr_line' id='line_1_116' title="bbox 2233 5284 3821 5359; baseline 0.014 -29"><span class='ocrx_word' id='word_1_967' title='bbox 2233 5295 2531 5349; x_wconf 81' lang='lat' dir='ltr'><strong>quemquam</strong></span> <span class='ocrx_word' id='word_1_968' title='bbox 2551 5322 2565 5345; x_wconf 94' lang='lat'><strong>,</strong></span> <span class='ocrx_word' id='word_1_969' title='bbox 2596 5284 2686 5337; x_wconf 85' lang='lat' dir='ltr'><strong>sed</strong></span> <span class='ocrx_word' id='word_1_970' title='bbox 2721 5300 2866 5340; x_wconf 87' lang='lat' dir='ltr'><strong>omne</strong></span> <span class='ocrx_word' id='word_1_971' title='bbox 2883 5289 3139 5356; x_wconf 87' lang='lat' dir='ltr'><strong>judicium</strong></span> <span class='ocrx_word' id='word_1_972' title='bbox 3163 5291 3300 5346; x_wconf 87' lang='lat' dir='ltr'><strong>dedit</strong></span> <span class='ocrx_word' id='word_1_973' title='bbox 3325 5291 3496 5359; x_wconf 85' lang='lat' dir='ltr'><strong>Filio;</strong></span> <span class='ocrx_word' id='word_1_974' title='bbox 3521 5296 3821 5353; x_wconf 88' lang='lat' dir='ltr'><strong>secundum</strong></span> 
     </span>
    </p>
   </div>
   <div class='ocr_carea' id='block_1_117' title="bbox 2233 5372 3817 5462">
    <p class='ocr_par' dir='ltr' id='par_1_117' title="bbox 2233 5372 3817 5462">
     <span class='ocr_line' id='line_1_117' title="bbox 2233 5372 3817 5462; baseline 0.014 -39"><span class='ocrx_word' id='word_1_975' title='bbox 2233 5384 2363 5425; x_wconf 89' lang='lat' dir='ltr'><strong>vero</strong></span> <span class='ocrx_word' id='word_1_976' title='bbox 2381 5372 2607 5429; x_wconf 91' lang='lat' dir='ltr'><strong>alterum</strong></span> <span class='ocrx_word' id='word_1_977' title='bbox 2630 5374 2915 5444; x_wconf 84' lang='lat' dir='ltr'><strong>judicium,</strong></span> <span class='ocrx_word' id='word_1_978' title='bbox 2947 5378 3090 5451; x_wconf 85' lang='lat' dir='ltr'><strong>Ego,</strong></span> <span class='ocrx_word' id='word_1_979' title='bbox 3123 5382 3333 5452; x_wconf 90' lang='lat' dir='ltr'><strong>inquit,</strong></span> <span class='ocrx_word' id='word_1_980' title='bbox 3366 5402 3468 5441; x_wconf 87' lang='lat' dir='ltr'><strong>non</strong></span> <span class='ocrx_word' id='word_1_981' title='bbox 3503 5403 3673 5457; x_wconf 66' lang='lat' dir='ltr'><strong>quaero</strong></span> <span class='ocrx_word' id='word_1_982' title='bbox 3697 5398 3817 5462; x_wconf 85' lang='lat' dir='ltr'><strong>gto-</strong></span> 
     </span>
    </p>
   </div>
   <div class='ocr_carea' id='block_1_118' title="bbox 2232 5461 3317 5540">
    <p class='ocr_par' dir='ltr' id='par_1_118' title="bbox 2232 5461 3317 5540">
     <span class='ocr_line' id='line_1_118' title="bbox 2232 5461 3317 5540; baseline 0.014 -27"><span class='ocrx_word' id='word_1_983' title='bbox 2232 5461 2361 5514; x_wconf 87' lang='lat' dir='ltr'><strong>riam</strong></span> <span class='ocrx_word' id='word_1_984' title='bbox 2386 5479 2585 5529; x_wconf 84' lang='lat' dir='ltr'><strong>meam;</strong></span> <span class='ocrx_word' id='word_1_985' title='bbox 2613 5475 2687 5520; x_wconf 86' lang='lat' dir='ltr'><strong>est</strong></span> <span class='ocrx_word' id='word_1_986' title='bbox 2712 5468 2798 5535; x_wconf 87' lang='lat' dir='ltr'><strong>qui</strong></span> <span class='ocrx_word' id='word_1_987' title='bbox 2822 5480 3014 5537; x_wconf 72' lang='grc' dir='ltr'><strong>ᾳιιωναι</strong></span> <span class='ocrx_word' id='word_1_988' title='bbox 3036 5480 3083 5525; x_wconf 89' lang='lat' dir='ltr'><strong>et</strong></span> <span class='ocrx_word' id='word_1_989' title='bbox 3104 5473 3317 5540; x_wconf 81' lang='lat' dir='ltr'><strong>judicet.</strong></span> 
     </span>
    </p>
   </div>
   <div class='ocr_carea' id='block_1_119' title="bbox 2305 5553 3821 5631">
    <p class='ocr_par' dir='ltr' id='par_1_119' title="bbox 2305 5553 3821 5631">
     <span class='ocr_line' id='line_1_119' title="bbox 2305 5553 3821 5631; baseline 0.012 -24"><span class='ocrx_word' id='word_1_990' title='bbox 2305 5553 2358 5607; x_wconf 85' lang='lat'><strong>9.</strong></span> <span class='ocrx_word' id='word_1_991' title='bbox 2398 5554 2468 5610; x_wconf 87' lang='lat' dir='ltr'><strong>Et</strong></span> <span class='ocrx_word' id='word_1_992' title='bbox 2506 5554 2574 5609; x_wconf 89' lang='lat' dir='ltr'><strong>de</strong></span> <span class='ocrx_word' id='word_1_993' title='bbox 2612 5557 2727 5626; x_wconf 89' lang='lat' dir='ltr'><strong>ipso</strong></span> <span class='ocrx_word' id='word_1_994' title='bbox 2757 5559 2918 5614; x_wconf 90' lang='lat' dir='ltr'><strong>verbo</strong></span> <span class='ocrx_word' id='word_1_995' title='bbox 2958 5563 3181 5631; x_wconf 66' lang='lat' dir='ltr'><strong>quaastio</strong></span> <span class='ocrx_word' id='word_1_996' title='bbox 3206 5563 3306 5620; x_wconf 88' lang='lat' dir='ltr'><strong>ista</strong></span> <span class='ocrx_word' id='word_1_997' title='bbox 3334 5565 3591 5622; x_wconf 86' lang='lat' dir='ltr'><strong>solvatur.</strong></span> <span class='ocrx_word' id='word_1_998' title='bbox 3636 5569 3821 5625; x_wconf 85' lang='lat' dir='ltr'><strong>Habes</strong></span> 
     </span>
    </p>
   </div>
   <div class='ocr_carea' id='block_1_120' title="bbox 2236 5643 3823 5728">
    <p class='ocr_par' dir='ltr' id='par_1_120' title="bbox 2236 5643 3823 5728">
     <span class='ocr_line' id='line_1_120' title="bbox 2236 5643 3823 5728; baseline 0.011 -30"><span class='ocrx_word' id='word_1_999' title='bbox 2236 5643 2288 5698; x_wconf 91' lang='lat' dir='ltr'><strong>in</strong></span> <span class='ocrx_word' id='word_1_1000' title='bbox 2316 5644 2604 5716; x_wconf 84' lang='lat' dir='ltr'><strong>Evangelio</strong></span> <span class='ocrx_word' id='word_1_1001' title='bbox 2646 5662 3118 5708; x_wconf 88' lang='lat' dir='ltr'><strong>commemoratum</strong></span> <span class='ocrx_word' id='word_1_1002' title='bbox 3155 5655 3363 5723; x_wconf 70' lang='lat' dir='ltr'><strong>pmnale</strong></span> <span class='ocrx_word' id='word_1_1003' title='bbox 3380 5656 3680 5727; x_wconf 85' lang='lat' dir='ltr'><strong>judicium:</strong></span> <span class='ocrx_word' id='word_1_1004' title='bbox 3717 5661 3823 5728; x_wconf 84' lang='lat' dir='ltr'><strong>Qui</strong></span> 
     </span>
    </p>
   </div>
   <div class='ocr_carea' id='block_1_121' title="bbox 2239 5737 3822 5823">
    <p class='ocr_par' dir='ltr' id='par_1_121' title="bbox 2239 5737 3822 5823">
     <span class='ocr_line' id='line_1_121' title="bbox 2239 5737 3822 5823; baseline 0.011 -34"><span class='ocrx_word' id='word_1_1005' title='bbox 2239 5752 2339 5790; x_wconf 81' lang='lat' dir='ltr'><strong>non</strong></span> <span class='ocrx_word' id='word_1_1006' title='bbox 2365 5737 2557 5805; x_wconf 83' lang='lat' dir='ltr'><strong>credit,</strong></span> <span class='ocrx_word' id='word_1_1007' title='bbox 2595 5740 2707 5809; x_wconf 85' lang='lat' dir='ltr'><strong>jam</strong></span> <span class='ocrx_word' id='word_1_1008' title='bbox 2732 5741 2993 5810; x_wconf 86' lang='lat' dir='ltr'><strong>judicatus</strong></span> <span class='ocrx_word' id='word_1_1009' title='bbox 3033 5753 3107 5802; x_wconf 76' lang='lat' dir='ltr'><strong>est</strong></span> <span class='ocrx_word' id='word_1_1010' title='bbox 3153 5743 3332 5818; x_wconf 81' lang='lat' dir='ltr'><strong>(Joan.</strong></span> <span class='ocrx_word' id='word_1_1011' title='bbox 3362 5763 3450 5817; x_wconf 88' lang='grc' dir='ltr'><strong>ιιι,</strong></span> <span class='ocrx_word' id='word_1_1012' title='bbox 3482 5750 3606 5823; x_wconf 75' lang='grc'><strong>18);</strong></span> <span class='ocrx_word' id='word_1_1013' title='bbox 3633 5760 3689 5807; x_wconf 88' lang='lat' dir='ltr'><strong>et</strong></span> <span class='ocrx_word' id='word_1_1014' title='bbox 3712 5752 3822 5807; x_wconf 83' lang='lat' dir='ltr'><strong>alto</strong></span> 
     </span>
    </p>
   </div>
  </div>
