4102 6460
287 332 420 389 I799

258 444 427 511 loco,
459 441 633 497 Veniet
658 443 785 497 hora
802 443 1004 515 quando
1024 443 1062 497 ii
1086 443 1171 513 qui
1196 452 1312 498 sunt
1343 445 1393 498 in
1420 445 1749 498 monumentis
1767 459 1862 495 au-

273 534 413 586 dient
459 548 628 586 vocem
664 534 807 603 ejus,
853 544 899 587 et
943 534 1208 605 procedant
1248 534 1334 603 qui
1377 535 1495 586 bene
1529 537 1778 600 fecerunt,
1807 536 1859 587 in

271 623 681 675 resurrectionem
708 624 858 687 vitaz;
901 624 986 692 qui
1024 622 1157 677 male
1192 632 1425 693 egerunt,
1455 624 1506 677 in
1536 625 1859 677 resurrectio-

270 727 386 763 nem
398 713 584 782 judicii
603 712 780 783 (Joan.
803 729 856 779 v,
878 713 967 777 28,
982 713 1098 780 29).
1118 714 1298 767 Videte
1314 714 1756 781 quemadmodum
1774 714 1861 782 ju-

266 803 470 858 dicium
511 820 606 873 pro
631 805 972 860 damnatione
999 814 1053 859 et
1084 821 1237 876 pinna
1279 806 1469 875 posuit.
1517 806 1582 859 Et
1612 813 1785 858 tamen
1812 804 1857 859 si

246 898 757 966 .semperjndicium
808 914 902 966 pro
944 897 1283 952 damnatione
1321 898 1671 965 acciperetur,
1698 910 1856 948 num-

162 1008 168 1016 ι
263 986 395 1053 quid
424 987 729 1041 audiremus
760 989 811 1041 in
838 987 1082 1054 Psalmo,
1108 986 1294 1040 Judica
1325 1003 1404 1039 nte
1423 1027 1437 1049 ,
1468 986 1641 1039 Deus?
1670 985 1741 1039 lbi
1767 984 1850 1053 ju-

260 1076 465 1130 dicium
496 1078 789 1131 secundum
814 1078 1182 1144 afﬂictioncm,
1225 1078 1312 1131 hic
1354 1077 1611 1146 judicium
1660 1091 1855 1130 secun-

260 1165 392 1219 dum
420 1166 798 1221 discretionem
827 1168 1060 1238 positum
1100 1175 1203 1222 est.
1250 1166 1526 1234 Quomodo
1548 1150 1855 1221 secundum

259 1254 679 1311 discretionem?
738 1257 1015 1323 Quomodo
1054 1256 1269 1326 exponit
1313 1258 1426 1326 ipse
1466 1257 1555 1327 qui
1600 1257 1708 1322 ait,
1751 1255 1854 1310 Ju-

257 1348 378 1399 dica
421 1365 525 1414 me,
568 1347 727 1403 Deus.
777 1349 918 1419 Lege
961 1349 1103 1404 enim
1155 1357 1209 1403 et
1254 1348 1376 1403 vide
1421 1348 1547 1418 quid
1595 1348 1850 1417 sequitur.

257 1438 398 1504 Quid
424 1450 509 1494 est
526 1482 541 1506 ,
571 1440 765 1494 Judica
793 1458 900 1507 me,
926 1440 1061 1494 Deus
1078 1442 1103 1493 ἱ)
1130 1451 1176 1494 et
1204 1440 1427 1495 discerne
1446 1457 1650 1494 causam
1669 1456 1851 1506 meam,

255 1531 452 1599 inquit,
481 1532 545 1585 de
566 1541 710 1601 gente
735 1548 835 1585 non
858 1543 1031 1585 sancta
1058 1531 1230 1601 (Psul.
1262 1548 1370 1586 xui
1392 1573 1407 1596 ,
1442 1530 1519 1601 1).
1548 1531 1697 1598 Quod
1724 1545 1851 1600 ergo

252 1620 460 1675 dictum
510 1631 626 1687 est,
676 1621 868 1675 Judica
910 1638 1018 1686 me,
1073 1620 1249 1688 Deus,
1291 1635 1337 1675 et
1383 1622 1605 1675 discerne
1645 1637 1853 1674 causam

253 1727 423 1763 meum
466 1710 529 1765 de
566 1722 713 1781 gente
748 1728 849 1765 non
893 1720 1101 1777 sancta;
1145 1711 1435 1765 secundum
1462 1711 1565 1764 hoc
1591 1711 1665 1764 ait
1692 1710 1851 1765 modo

254 1800 519 1853 Dominus
548 1801 815 1865 Christus,
850 1800 957 1870 Ego
984 1818 1083 1854 non
1108 1817 1278 1871 qurero
1306 1801 1522 1872 gloriam
1546 1818 1742 1865 nteant;
1777 1810 1851 1854 est

248 1894 337 1961 qui
361 1902 559 1961 quaerat
585 1904 631 1946 et
645 1893 861 1962 judicet.
907 1895 1183 1961 Quomodo
1208 1904 1277 1947 est
1313 1894 1400 1963 qui
1423 1904 1612 1963 qnterat
1637 1904 1681 1947 et
1697 1894 1848 1965 judi-

250 1995 329 2036 cet
349 1985 378 2037 ?
408 1985 503 2036 list
528 1984 686 2037 Pater
708 1986 797 2052 qui
828 1983 1048 2055 gloriam
1078 2000 1249 2038 meam
1278 2000 1307 2036 a
1334 1992 1507 2038 vestra
1537 1984 1702 2053 gloria
1742 1985 1850 2039 dis-

251 2082 441 2127 cernat
469 2083 523 2127 et
551 2084 783 2142 separet.
837 2074 941 2128 Vos
984 2074 1125 2129 enim
1154 2075 1445 2128 secundum
1475 2075 1576 2130 hoc
1595 2076 1847 2131 szeculum

247 2165 557 2233 gloriamini
589 2183 601 2218 :
633 2181 732 2235 ego
759 2181 863 2219 non
890 2165 1182 2220 secundum
1214 2166 1316 2220 hoc
1345 2167 1595 2220 saeculum
1623 2168 1843 2237 glorior,

248 2259 338 2325 qui
370 2257 518 2311 Patri
543 2258 692 2324 dico,
724 2257 900 2322 Pater,
929 2259 1160 2329 gtoriﬁca
1191 2275 1268 2311 me
1303 2275 1361 2310 ea
1391 2259 1552 2327 gloria
1580 2276 1729 2329 quant
1751 2260 1846 2312 ha-

246 2348 333 2400 bui
362 2349 505 2417 apud
533 2359 609 2413 te,
650 2360 919 2418 antequam
963 2348 1177 2401 mundus
1221 2359 1347 2403 esset
1391 2348 1569 2420 (Joan.
1596 2365 1733 2415 xvu,
1763 2350 1844 2421 5).

245 2437 388 2503 Quid
425 2448 543 2501 est,
590 2454 649 2491 ea
687 2437 891 2509 gloria?
919 2438 1000 2492 Ab
1025 2437 1252 2491 humana
1297 2439 1569 2493 inﬂatione
1595 2440 1842 2494 discreta.

243 2529 558 2583 Secundum
589 2529 691 2585 hoc
710 2529 910 2597 judicat
940 2530 1113 2585 Pater.
1140 2531 1276 2598 Quid
1315 2539 1430 2598 est,
1456 2531 1691 2600 judicat?
1730 2532 1848 2587 Dis-

242 2622 441 2674 cernit.
472 2620 609 2687 Quid
648 2621 940 2677 discernit?
969 2621 1203 2676 Gloriam
1235 2622 1355 2676 Filii
1384 2623 1465 2677 sui
1492 2638 1520 2676 a
1547 2623 1715 2692 gloria
1744 2624 1843 2677 ho-

244 2712 489 2772 minum;
520 2713 645 2782 quia
685 2713 805 2766 ideo
827 2713 1029 2766 dictum
1056 2724 1170 2777 est,
1215 2712 1376 2767 Unarit
1403 2723 1477 2779 te,
1504 2712 1675 2780 Deus,
1705 2713 1843 2767 Deus

242 2813 366 2857 tuus
394 2805 507 2858 oleo
527 2804 872 2858 exsultationis
893 2821 998 2873 prw
1021 2806 1347 2874 participibus
1378 2806 1474 2859 tuis
1497 2805 1665 2874 (Psal.
1694 2822 1837 2872 κων,

241 2892 324 2962 8).
360 2892 478 2947 Non
504 2894 646 2947 enim
674 2895 794 2963 quia
821 2893 980 2948 homo
1001 2895 1168 2948 factus
1190 2903 1293 2958 est,
1319 2895 1429 2964 jam
1456 2895 1842 2963 comparandus

240 2994 329 3038 est
357 2984 533 3038 nobis.
578 2983 686 3039 Nos
712 2984 953 3040 homines
991 3000 1113 3040 cum
1155 2994 1402 3054 peccato,
1436 2986 1523 3041 ille
1559 2987 1673 3040 sine
1712 3001 1839 3055 pec-

238 3082 367 3128 cato
403 3092 417 3127 :
459 3088 559 3127 nos
590 3073 831 3130 homines
863 3074 1131 3130 trahentes
1158 3075 1224 3130 de
1251 3075 1420 3130 Adam
1452 3084 1504 3130 et
1532 3085 1757 3130 mortem
1786 3087 1841 3131 et

239 3167 538 3231 delictum;
584 3167 672 3221 ille
709 3167 777 3222 de
815 3166 1031 3238 Virgine
1059 3183 1271 3222 carnem
1300 3168 1607 3231 mortalem,
1639 3168 1837 3222 nullam

239 3257 604 3327 iniquitatem.
651 3258 886 3327 Denique
926 3272 1023 3311 nos
1066 3272 1165 3311 nec
1203 3258 1322 3326 quia
1344 3258 1585 3311 volumus
1614 3257 1720 3310 nati
1746 3272 1838 3310 su-

239 3364 399 3413 mus,
454 3364 555 3403 nec
581 3347 832 3417 quamdiu
877 3348 1121 3401 volumus
1161 3347 1410 3411 vivimus,
1442 3361 1542 3401 nec
1568 3346 1837 3415 quomodo

240 3442 495 3495 volumus
525 3441 782 3494 morimur
812 3457 826 3493 :
858 3440 948 3494 ille
992 3447 1276 3508 antequam
1325 3446 1631 3491 nasceretur
1676 3437 1837 3505 elegit

239 3531 307 3584 de
334 3546 440 3600 qua
472 3539 799 3594 nasceretur,
828 3538 980 3583 natus
1011 3528 1134 3583 fecit
1162 3538 1220 3582 ut
1249 3543 1278 3580 a
1308 3527 1472 3597 Magis
1501 3528 1831 3594 adoreretur,

237 3623 411 3674 crevit
437 3620 641 3684 infans,
668 3628 721 3673 et
745 3619 1011 3673 miraculis
1032 3633 1090 3672 se
1116 3619 1280 3672 Deum
1308 3617 1649 3684 ostendebat,
1671 3627 1726 3672 et
1749 3618 1834 3671 iu-

240 3712 501 3765 ﬁrmitate
530 3710 795 3765 hominem
823 3709 1155 3780 praeferebat.
1186 3710 1461 3764 Postremo
1489 3710 1648 3779 elegit
1669 3718 1834 3778 etge-

241 3816 345 3854 nus
374 3801 569 3854 mortis
588 3841 604 3865 ,
637 3800 737 3854 hoc
761 3810 874 3865 est,
909 3809 965 3853 ut
993 3801 1046 3853 in
1069 3814 1228 3854 cruce
1263 3799 1549 3868 penderet,
1580 3808 1633 3854 et
1655 3800 1821 3868 ipsam

238 3904 465 3944 crucem
509 3891 562 3942 in
605 3889 866 3944 frontibus
909 3889 1141 3943 lidelium
1172 3889 1357 3959 ﬁgeret
1380 3906 1392 3941 :
1417 3897 1473 3942 ut
1508 3888 1650 3943 dicat
1684 3888 1828 3943 ebri-

238 3981 452 4035 stianus
466 4022 481 4045 ,
505 3980 637 4034 Mihi
662 3991 828 4034 autem
853 3982 980 4034 absit
1000 3981 1209 4051 gloriari
1228 4020 1245 4047 ,
1267 3980 1365 4034 nisi
1384 3981 1435 4033 in
1455 3997 1600 4034 cruce
1625 3980 1831 4034 Domini

239 4071 401 4124 nostri
422 4068 555 4124 Iesu
577 4071 761 4125 Christi
777 4070 970 4141 (Gutat.
997 4088 1067 4136 vt,
1101 4071 1212 4143 14).
1235 4070 1291 4124 ln
1318 4072 1427 4140 ipsa
1443 4086 1601 4126 cruce
1616 4071 1828 4141 quando

238 4162 411 4215 voluit
436 4204 453 4226 ,
476 4177 671 4230 corpus
696 4162 931 4227 dimisit,
963 4171 1017 4216 et
1043 4162 1299 4216 abscessit
1322 4178 1336 4215 :
1361 4162 1412 4216 in
1442 4162 1557 4232 ipso
1582 4165 1827 4234 sepulcro

238 4254 497 4322 quamdiu
546 4254 748 4318 voluit,
774 4253 974 4324 jacuit;
1003 4254 1214 4323 quando
1256 4254 1452 4321 voluit,
1483 4264 1731 4326 unquam
1760 4256 1827 4313 de

238 4344 379 4399 lecto
419 4346 675 4400 surrexit.
710 4347 883 4415 Ergo,
915 4347 1139 4409 fratres,
1172 4347 1461 4402 secundum
1506 4349 1673 4417 ipsam
1722 4352 1827 4403 for-

238 4450 380 4495 mam
415 4437 592 4500 servi,
627 4436 770 4506 (nam
800 4437 923 4491 illud
964 4437 1082 4506 quis
1106 4437 1264 4507 digne
1293 4438 1543 4507 loquitur,
1574 4438 1641 4493 In
1679 4442 1822 4510 prin-

236 4528 370 4597 cipio
411 4538 525 4581 erat
578 4527 832 4593 Verbum,
864 4536 912 4584 et
967 4529 1179 4583 Verbum
1221 4538 1325 4584 erat
1366 4530 1504 4598 apud
1548 4530 1747 4593 Deum,
1778 4541 1825 4586 et

240 4620 380 4674 Deus
405 4631 518 4673 erat
556 4620 809 4676 Verbum?
839 4622 856 4691 )
886 4623 1174 4675 secundum
1203 4623 1367 4692 ipsam
1387 4664 1402 4689 ,
1434 4623 1643 4693 inquam
1665 4666 1680 4689 ,
1714 4624 1822 4678 for-

238 4727 381 4765 mam
413 4713 557 4765 servi
586 4713 807 4767 multum
849 4713 1067 4768 interest
1100 4714 1238 4767 inter
1264 4714 1483 4783 gloriam
1511 4716 1739 4783 Christi,
1771 4726 1826 4771 et

235 4805 464 4873 gloriam
510 4804 785 4858 hominum
833 4814 1165 4859 cmterorum.
1198 4806 1274 4859 De
1320 4807 1430 4875 ipsa
1474 4807 1638 4876 gloria
1676 4789 1823 4863 dich

238 4894 329 4947 bat
350 4933 367 4959 ,
400 4894 616 4962 quando
642 4895 781 4963 quod
818 4894 1136 4950 da'monium
1168 4896 1383 4950 haberet
1401 4898 1677 4963 audiebat,
1710 4898 1822 4969 Ego

238 5000 337 5036 non
366 4998 543 5052 (μαενο
563 4984 778 5053 gloriam
805 5001 965 5037 meam
980 5002 1001 5051 ;
1030 4994 1099 5038 est
1125 4986 1209 5054 qui
1236 4998 1429 5052 qucerat
1448 4997 1493 5041 et
1509 4989 1727 5057 judicet.

310 5074 399 5128 10.
443 5074 524 5127 Tu
564 5083 739 5128 autem
785 5074 851 5129 de
885 5084 966 5141 te,
999 5076 1256 5143 Domine,
1284 5077 1410 5146 quid
1435 5077 1599 5131 dicis?
1628 5080 1782 5132 Amen
1803 5120 1819 5145 ,

237 5182 385 5219 amen
426 5166 545 5219 dico
587 5166 758 5231 vobis;
783 5167 827 5220 si
868 5168 979 5237 quis
1007 5185 1285 5222 sermonem
1313 5186 1479 5223 meum
1515 5173 1815 5237 servaverit,

236 5268 449 5311 mortem
476 5272 577 5310 non
600 5256 779 5309 videbit
817 5258 868 5310 in
908 5267 1172 5311 azternum.
1202 5259 1312 5312 Vos
1332 5300 1346 5323 ,
1382 5260 1581 5329 inquit,
1612 5260 1819 5324 dicitis,

239 5347 564 5400 Dtemonium
609 5349 917 5418 habes;ego
962 5363 1057 5402 vos
1100 5348 1168 5402 ad
1211 5349 1370 5402 vitam
1414 5365 1581 5404 voco:
1614 5363 1821 5406 servate

238 5455 547 5494 sermonem
593 5455 770 5493 meum
789 5480 805 5504 ,
838 5448 891 5493 et
918 5456 1023 5493 non
1050 5440 1370 5495 moriemini.
1398 5442 1477 5494 llli
1506 5441 1815 5507 audiebant,

235 5530 459 5595 .Hortem
483 5548 589 5584 non
628 5531 807 5584 videbit
837 5533 887 5585 in
915 5543 1154 5586 internum
1176 5574 1191 5596 ,
1222 5534 1307 5602 qui
1341 5550 1617 5587 sermonem
1657 5552 1819 5588 meum

240 5622 540 5685 sanaverit;
564 5629 618 5675 et
648 5622 1028 5689 irascebantur,
1058 5624 1177 5693 quia
1203 5624 1311 5692 jam
1340 5624 1531 5678 mortui
1555 5634 1706 5678 erant
1732 5626 1817 5679 illa

241 5723 411 5768 morte
436 5728 559 5783 qua:
589 5714 797 5773 vitanda
834 5726 968 5770 erat.
1000 5714 1250 5768 Dixerunt
1286 5732 1401 5786 ergo
1429 5715 1598 5769 Judtei
1626 5715 1817 5770 :Nunc

1348 332 1751 389 TRACTATUS
1788 330 1967 386 XLIII.
2010 332 2230 390 CAPUT
2274 337 2404 392 Vill.

3396 349 3533 406 171⁸)

1964 449 2279 514 cognovimus
2318 452 2435 520 quia
2475 452 2777 508 tla'monium
2810 455 2979 511 habes.
3020 457 3272 534 Abraham
3311 475 3537 519 mortuus

1964 546 2033 590 est
2056 550 2103 592 et
2146 539 2447 612 Prop/ictae,
2478 554 2523 598 et
2563 555 2616 598 tu
2652 548 2775 600 dicis
2794 589 2809 615 ,
2840 548 2900 603 Si
2925 550 3035 620 quis
3060 568 3337 608 sermonem
3374 574 3537 613 meum

1963 634 2261 696 servaverit,
2288 645 2497 689 mortem
2537 653 2638 690 non
2681 640 2895 708 gustabit
2940 641 2992 693 in
3040 652 3300 697 wternum.
3346 646 3534 702 Videte

1963 721 2279 779 locutionem
2300 724 2687 795 Scripturarum
2718 749 2731 784 :
2757 730 2972 786 Mortem
3000 751 3098 787 non
3128 736 3327 802 videbit,
3347 738 3399 792 id
3429 752 3533 801 est,

1961 813 2197 881 gustabit.
2229 815 2445 870 Mortem
2465 819 2673 886 videbit,
2704 832 2913 875 mortem
2936 826 3171 895 gustabit.
3200 827 3328 895 Quis
3353 830 3537 886 videt?

1946 902 2081 970 Aquis
2122 905 2333 969 gustat?
2377 906 2521 972 Quos
2572 911 2755 966 oculos
2799 912 2959 967 habet
3002 913 3196 982 homo,
3244 928 3302 973 ut
3359 918 3536 975 videat

1960 992 2169 1059 quando
2197 995 2458 1049 moritur?
2486 997 2705 1064 Quando
2730 1004 2987 1058 veniendo
3015 1021 3157 1061 mors
3180 1008 3322 1079 ipsos
3349 1011 3534 1066 oculos

1959 1082 2156 1138 claudit
2180 1102 2247 1142 ne
2282 1090 2479 1158 aliquid
2520 1092 2762 1159 videant;
2787 1099 3053 1164 quomodo
3093 1100 3306 1169 dicitur,
3336 1120 3437 1158 non
3460 1107 3537 1157 vi-

1960 1172 2089 1225 debit
2115 1180 2363 1232 mortem?
2392 1179 2519 1235 Item
2545 1198 2651 1252 quo
2679 1185 2852 1252 palato
2870 1227 2885 1251 ,
2911 1189 3100 1257 quibus
3126 1190 3362 1249 faucibus
3388 1210 3534 1249 mors

1957 1274 2217 1333 gustatur,
2246 1279 2303 1324 ut
2329 1272 2454 1341 quid
2494 1275 2664 1343 sapiat
2704 1275 3073 1344 dignoscatur?
3100 1282 3322 1348 Quando
3363 1294 3531 1341 totum

1956 1368 2171 1411 sensum
2196 1360 2331 1415 tollit
2355 1401 2370 1426 ,
2400 1363 2525 1432 quid
2554 1367 2606 1418 in
2652 1367 2825 1434 palato
2862 1371 3191 1425 remanebit?
3222 1371 3326 1427 Sed
3352 1376 3534 1430 videbit

1948 1445 2154 1503 dictum
2182 1460 2262 1505 est
2288 1462 2341 1505 et
2361 1454 2613 1522 gustabit,
2645 1472 2743 1526 pro
2765 1473 2830 1511 eo
2855 1460 2993 1527 quod
3019 1469 3133 1529 est,
3158 1464 3480 1533 experietur.
3512 1478 3536 1527 5
3604 1473 3629 1503 ~'

2028 1539 2116 1592 11.
2158 1540 2281 1596 Ηωο
2304 1543 2555 1600 Dominus
2579 1587 2594 1612 ,
2623 1563 2807 1616 parum
2836 1558 2916 1603 est
2941 1550 2983 1603 si
3010 1551 3181 1606 dicam
3198 1593 3213 1617 ,
3237 1556 3530 1619 morituris,

1956 1628 2268 1699 loquebatur
2295 1636 2581 1691 moriturus
2612 1655 2624 1690 :
2653 1639 2775 1707 quia
2820 1650 2868 1693 et
2909 1640 3114 1695 Domini
3156 1644 3319 1698 exitus
3356 1647 3531 1699 mortis

1959 1717 2128 1792 (Psal.
2159 1739 2300 1778 LXVI]
2319 1765 2334 1789 ,
2365 1725 2480 1796 2|),
2507 1727 2642 1782 sicut
2685 1729 2915 1798 loquitur
2959 1731 3221 1788 Psalmus.
3249 1732 3380 1788 Cum
3406 1750 3533 1805 ergo

1952 1822 2008 1867 et
2025 1815 2294 1870 morituris
2320 1817 2639 1887 loqueretur,
2665 1829 2718 1875 et
2741 1822 3028 1877 moriturus
3052 1823 3376 1894 loqueretur,
3404 1827 3531 1896 quid

1952 1904 2051 1959 sibi
2086 1907 2198 1960 vult
2233 1908 2373 1974 quod
2426 1909 2532 1975 ait,
2564 1909 2664 1975 Qui
2699 1927 2977 1965 sermonem
3020 1929 3187 1966 meum
3224 1915 3527 1980 servaverit,

1952 2007 2163 2053 mortem
2184 2016 2283 2052 non
2307 2000 2487 2054 videbit
2517 2002 2570 2054 in
2605 2011 2879 2067 internum;
2907 2004 3009 2057 nisi
3039 2004 3161 2072 quia
3181 2004 3390 2060 videbat
3419 2005 3527 2060 Do-

1951 2089 2127 2144 minus
2167 2090 2325 2145 aliam
2365 2102 2590 2147 mortem
2611 2135 2627 2159 ,
2654 2094 2721 2148 de
2748 2110 2851 2165 qua
2895 2110 2992 2150 nos
3019 2097 3242 2152 liberare
3266 2108 3526 2163 venerat,

1951 2189 2176 2236 mortem
2196 2183 2485 2237 secundam
2500 2224 2516 2248 ,
2543 2192 2766 2239 mortem
2791 2194 3065 2251 :eternam,
3088 2196 3312 2244 mortem
3329 2188 3531 2258 gehen-

1948 2284 2135 2323 narum
2157 2312 2172 2337 ,
2202 2282 2428 2326 mortem
2473 2274 2827 2329 damnationis
2853 2291 2973 2329 cum
2998 2276 3210 2330 diabolo
3234 2286 3290 2331 et
3327 2280 3529 2347 angelis

1948 2360 2101 2429 eius?
2130 2361 2245 2429 Ipsa
2267 2371 2349 2415 est
2368 2378 2490 2416 vera
2521 2378 2664 2418 mors
2686 2379 2701 2416 :
2730 2380 2851 2418 nam
2878 2364 2976 2419 ista
3003 2366 3247 2435 migratio
3265 2377 3367 2422 est.
3389 2368 3529 2434 Quid

1947 2458 2031 2504 est
2068 2451 2168 2505 ista
2213 2454 2400 2506 mors?
2430 2453 2651 2507 Relictio
2693 2454 2966 2523 corporis,
2995 2454 3255 2524 depositio
3302 2458 3530 2512 sarcinas

1946 2540 2163 2609 gravis:
2191 2541 2285 2595 sed
2311 2542 2355 2595 si
2400 2542 2502 2595 alia
2545 2543 2752 2597 sarcina
2794 2559 2900 2598 non
2948 2554 3204 2613 portetur,
3235 2562 3337 2616 qua
3367 2546 3530 2603 homo

1942 2630 1999 2697 in
2027 2632 2304 2700 geliennas
2334 2632 2708 2701 praecipitetur.
2743 2634 2818 2687 De
2839 2634 2951 2701 ipsa
2977 2650 3103 2706 ergo
3140 2645 3311 2691 morte
3343 2636 3525 2691 Domi-

1942 2736 2045 2789 nus
2074 2720 2232 2784 dixit,
2264 2721 2317 2773 Μ
2325 2733 2484 2776 artem
2507 2739 2607 2776 non
2635 2724 2813 2778 videbit
2834 2724 2888 2777 in
2913 2734 3151 2778 tzternum
3170 2766 3185 2792 ,
3215 2727 3302 2795 qui
3326 2742 3521 2781 scruto-

1940 2825 2055 2875 nem
2082 2826 2244 2863 meum
2270 2813 2559 2865 servaverit.

2019 2901 2106 2956 12.
2146 2903 2275 2965 Non,
2305 2918 2717 2972 expavescamus
2760 2905 2913 2960 istam
2953 2915 3214 2975 mortem,
3244 2909 3335 2963 sed
3377 2909 3522 2965 illam

1944 2995 2242 3047 timeamus.
2290 2993 2443 3061 Quod
2486 3003 2567 3049 est
2613 3004 2788 3050 autem
2830 2998 3244 3066 gravius,multi
3272 3015 3523 3069 perverse

1942 3084 2178 3139 timendo
2208 3085 2362 3137 istam
2384 3124 2399 3149 ,
2430 3084 2727 3139 inciderunt
2766 3086 2821 3139 in
2862 3086 3025 3141 illam.
3059 3086 3266 3142 Dictum
3306 3096 3387 3143 est
3423 3091 3524 3144 ali-

1938 3176 2133 3251 quibus
2157 3216 2171 3239 ,
2198 3175 2429 3230 Adorate
2459 3176 2628 3239 idola;
2659 3176 2799 3247 quod
2842 3177 2886 3230 si
2918 3192 3022 3231 non
3058 3177 3324 3245 feceritis,
3355 3180 3523 3236 inter-

1941 3266 2192 3320 ticiemini
2224 3283 2239 3319 :
2267 3275 2357 3321 aut
2408 3267 2852 3335 quemadmodum
2902 3268 2991 3322 ille
3037 3267 3523 3328 Nabuchodonosor

1939 3357 2104 3423 dixit,
2136 3358 2198 3412 Si
2227 3374 2328 3411 non
2359 3359 2601 3428 feceritis,
2633 3358 2895 3412 mittemini
2922 3359 2974 3411 in
2999 3359 3248 3413 caminum
3272 3360 3403 3430 ignis
3430 3378 3523 3415 ar-

1938 3451 2121 3513 dentis.
2150 3450 2297 3503 Multi
2323 3450 2610 3503 timueruut
2629 3459 2685 3504 et
2704 3450 3091 3516 adoraverunt;
3120 3451 3363 3507 nolentes
3383 3454 3520 3508 mori

1938 3542 2132 3595 mortui
2155 3549 2315 3595 sunt:
2343 3540 2580 3595 tin'iendo
2603 3551 2826 3594 mortem
2854 3557 2971 3609 qua:
3000 3558 3106 3594 non
3136 3543 3396 3609 evaditur,
3428 3543 3517 3599 in-

1936 3633 2181 3687 ciderunt
2208 3634 2260 3687 in
2287 3641 2512 3686 mortem
2535 3648 2693 3701 quam
2721 3632 2947 3688 evadere
2968 3632 3189 3686 feliciter
3208 3644 3444 3701 possent,
3471 3635 3519 3690 si

1936 3724 2091 3789 istam
2122 3741 2241 3793 qua:
2270 3740 2372 3777 non
2402 3724 2660 3789 evaditur,
2686 3724 2965 3777 infeliciter
2984 3740 3087 3777 non
3116 3725 3381 3779 timerent.
3412 3727 3520 3781 Na-

1929 3827 2023 3872 tus
2041 3832 2105 3872 es
2134 3820 2292 3871 homo
2312 3856 2326 3877 ,
2350 3816 2636 3868 moriturus
2674 3829 2752 3869 es.
2784 3814 2896 3879 Qua
2923 3814 3052 3881 ibis,
3084 3824 3139 3867 ut
3180 3831 3284 3869 non
3314 3804 3515 3870 moria-

1935 3911 2046 3963 ris?
2075 3908 2201 3979 quid
2249 3908 2407 3961 facies
2439 3916 2495 3961 ut
2538 3923 2643 3959 non
2688 3906 2970 3962 moriaris?
3000 3906 3069 3961 Ut
3099 3908 3354 3962 Dominus
3392 3919 3515 3963 tuus

1933 4000 2249 4056 necessitate
2292 4000 2602 4051 moriturum
2642 3997 3027 4062 consolaretur,
3057 3998 3328 4053 voluntate
3374 3999 3512 4053 mori

1932 4094 2177 4164 dignatus
2206 4100 2309 4146 est.
2338 4089 2561 4155 Quando
2590 4089 2737 4145 vides
2760 4088 3028 4142 Christum
3052 4099 3340 4153 mortuum,
3363 4088 3515 4144 dedi-
3554 4078 3562 4116 ί

1929 4185 2111 4256 gnaris
2133 4182 2303 4237 mori?
2326 4181 2467 4250 Ergo
2492 4181 2776 4234 moriturus
2797 4195 2855 4233 es
2870 4196 2891 4249 ⁵ε
2917 4195 3019 4249 qua
3041 4181 3233 4235 evadas
3254 4179 3376 4245 hoc,
3402 4196 3510 4235 non

1930 4276 2115 4331 habes.
2148 4273 2315 4328 Hodie
2341 4273 2439 4338 sit,
2466 4287 2584 4326 cras
2621 4272 2721 4335 sit;
2754 4270 2984 4326 futurum
3019 4281 3132 4333 est,
3162 4271 3398 4325 debitum
3428 4281 3513 4327 est

1929 4365 2278 4423 reddendum.
2309 4362 2445 4431 Quid
2488 4377 2619 4431 ergo
2654 4362 2762 4429 agit
2808 4360 2967 4415 homo
3007 4363 3196 4415 timens
3218 4402 3232 4425 ,
3266 4361 3507 4431 fugiens,
3544 4405 3554 4419 .

1930 4456 2204 4511 occultans
2230 4470 2287 4509 se
2308 4470 2389 4508 ne
2420 4454 2715 4506 inveniatur
2738 4451 2804 4503 ab
2835 4452 3083 4505 inimico?
3109 4451 3371 4520 Numquid
3397 4456 3509 4521 agit

1928 4557 1986 4602 ut
2013 4562 2116 4601 non
2147 4544 2441 4600 moriatur?
2468 4542 2573 4597 Sed
2616 4551 2673 4595 ut
2701 4542 2857 4612 paulo
2887 4542 3056 4595 serius
3088 4542 3359 4595 moriatur.
3388 4541 3506 4598 Non

1929 4640 2120 4708 accipit
2162 4636 2326 4691 debiti
2368 4636 2735 4699 securitatem,
2766 4634 2856 4686 sed
2901 4632 3132 4701 postulat
3172 4624 3503 4689 dilationem.

1928 4727 2323 4795 Quantumlibet
2362 4726 2450 4778 diu
2496 4724 2787 4787 differatur,
2836 4724 3010 4778 veniet
3058 4723 3197 4793 quod
3242 4723 3503 4779 differtur.

1929 4820 2077 4876 Illam
2107 4828 2331 4873 mortem
2372 4819 2652 4869 timeamus
2697 4831 2852 4885 quam
2899 4816 3185 4870 timuerunt
3224 4824 3331 4870 tres
3367 4817 3502 4883 viri,

1927 4912 2137 4982 quando
2176 4910 2420 4963 dixerunt
2446 4907 2590 4976 regi.
2621 4906 2806 4960 Potens
2844 4916 2915 4960 est
2956 4906 3091 4960 Deus
3129 4908 3274 4959 etiam
3316 4907 3377 4959 de
3406 4908 3506 4960 ista

1926 5006 2132 5075 ﬂamma
2154 5003 2362 5056 liberare
2382 5016 2508 5064 nos;
2528 4999 2615 5052 sed
2637 5007 2681 5051 et
2700 5000 2741 5051 si
2760 5015 2858 5051 non
2880 4998 3038 5069 (Dan.
3065 5014 3141 5062 ιιι,
3168 5000 3253 5060 15,
3274 4998 3361 5059 17,
3386 4996 3501 5068 18).

1927 5097 2002 5153 lbi
2040 5096 2136 5150 fuit
2182 5096 2339 5149 timor
2378 5093 2517 5146 illius
2552 5093 2738 5145 mortis
2765 5092 2806 5157 ¹,
2836 5106 2992 5160 quam
3045 5090 3202 5143 modo
3248 5090 3503 5145 Dominus

1926 5188 2296 5247 comminatur,
2348 5181 2559 5253 quando
2608 5181 2886 5242 dixerunt,
2929 5180 3031 5234 Sed
3084 5188 3135 5233 et
3182 5180 3225 5233 si
3275 5180 3503 5234 noluerit

1926 5288 2108 5346 aperte
2136 5275 2387 5337 liberare,
2412 5281 2587 5342 potest
2614 5273 2666 5326 in
2696 5273 2903 5326 occulto
2949 5285 3224 5326 coronare.
3267 5270 3419 5326 Unde
3448 5282 3502 5327 et

1926 5371 2040 5439 ipse
2068 5368 2318 5422 Dominus
2348 5365 2581 5419 facturus
2609 5371 2868 5434 martyres
2888 5402 2901 5426 ,
2933 5370 2985 5415 et
3013 5370 3170 5430 caput
3207 5368 3499 5431 martyrum

1926 5463 2130 5516 futurus
2159 5461 2267 5514 ait:
2298 5458 2467 5512 Nolite
2494 5458 2665 5510 timere
2704 5472 2786 5509 eos
2813 5454 2899 5524 qui
2924 5453 3157 5507 occidunt
3203 5468 3386 5522 corpus
3405 5494 3421 5517 ,
3450 5463 3499 5507 et

1926 5561 2097 5621 postea
2136 5567 2235 5604 non
2273 5550 2453 5603 habent
2478 5546 2598 5617 quid
2624 5548 2832 5618 faciant.
2873 5542 3147 5612 Quomodo
3177 5548 3275 5597 non
3318 5544 3502 5597 habent

1988 5666 2002 5694 ί
2028 5668 2166 5710 Juxta
2204 5667 2277 5710 Er.
2302 5659 2447 5721 Lugd.
2476 5665 2529 5708 et
2548 5666 2669 5721 Ven.
2690 5655 2983 5719 legendum,
3008 5653 3212 5706 liberare
3242 5667 3346 5715 nos,
3379 5661 3424 5704 ct
3457 5654 3503 5707 si

1922 5725 1989 5777 ibi
2010 5738 2100 5775 non
2122 5722 2209 5785 [itit
2231 5719 2512 5773 timor—illiut
2533 5720 2712 5771 martis.
2776 5725 2833 5767 Μ.
