4030 6518
574 362 708 419 1711

571 478 695 549 quid
736 474 969 548 fodant?
990 473 1129 542 Quid
1158 473 1207 529 si
1229 484 1351 527 cum
1390 468 1712 537 occiderint,
1743 481 1939 535 corpus
1968 464 2155 520 bestiis

571 570 913 626 lacerandum
942 577 997 624 et
1019 565 1375 637 diripiendum
1411 562 1626 617 alitibus
1662 559 1982 632 projiciaut?
2010 558 2159 612 vide-

569 674 659 719 tur
682 662 857 718 adhuc
894 660 1095 716 saevitia
1126 658 1323 713 habere
1349 654 1489 726 quod
1528 654 1709 710 faciat.
1740 652 1846 708 Sed
1884 651 1966 706 cui
1993 649 2155 704 facit?

566 753 672 822 Qui
701 752 967 823 migravit.
1001 751 1142 805 inest
1182 762 1375 817 corpus
1397 787 1413 812 ,
1440 745 1535 801 sed
1573 745 1747 800 nullus
1789 752 1872 798 est
1916 756 2106 797 sensus
2138 757 2151 793 :

567 843 825 898 habitatio
846 842 987 912 jacet
1008 882 1022 905 ,
1055 840 1319 894 habitator
1344 836 1620 891 abscessit.
1663 834 1803 904 Ergo
1842 844 2022 902 postea
2054 847 2155 885 non

570 933 754 989 habent
789 933 911 1005 quid
935 932 1125 1001 faciam
1151 945 1170 984 :
1191 944 1296 983 non
1324 927 1572 983 sentienti
1598 926 1741 981 enim
1769 924 1898 979 nihii
1936 922 2151 977 faciunt.

569 1026 677 1083 Sed
701 1043 814 1081 eum
840 1025 1005 1079 timete
1037 1022 1124 1094 qui
1161 1021 1306 1075 habet
1338 1028 1632 1089 potestatem
1673 1025 1719 1069 et
1755 1029 1940 1083 corpus
1964 1021 2011 1067 et
2037 1011 2152 1065 ani-

566 1135 705 1172 mam
752 1116 977 1172 occidere
1024 1115 1078 1167 in
1128 1112 1354 1185 gehenna
1402 1109 1534 1180 ignis
1588 1105 1813 1179 (Matth.
1868 1120 1939 1170 ι,
1968 1102 2077 1168 28,
2103 1110 2151 1156 et

565 1208 693 1263 Luc.
724 1224 833 1272 xu,
863 1207 925 1269 4,
950 1204 1026 1275 5).
1057 1206 1195 1260 Ecce
1231 1203 1301 1258 de
1339 1218 1439 1271 qua
1466 1207 1639 1255 morte
1664 1197 1996 1267 loquebatur,
2030 1209 2151 1249 cum

563 1301 794 1365 diceret,
824 1298 923 1364 Qui
963 1311 1241 1352 sermonem
1277 1308 1441 1347 meum
1477 1291 1774 1353 servaverit,
1802 1297 2011 1341 mortem
2051 1302 2152 1338 non

562 1391 747 1445 videbit
787 1391 841 1444 in
886 1398 1149 1444 teternum.
1177 1385 1470 1442 Servemus
1506 1397 1670 1452 ergo,
1698 1379 1918 1445 fratres,
1948 1392 2152 1432 sermo-

562 1496 687 1536 nem
727 1479 892 1549 ipsius
920 1478 973 1532 in
1003 1476 1141 1541 fide;
1174 1473 1477 1545 perventuri
1516 1471 1583 1525 ad
1613 1471 1844 1540 speciem
1864 1509 1881 1536 ,
1910 1482 2032 1523 eum
2056 1481 2150 1521 ae-

561 1572 862 1643 ceperimus
880 1569 1243 1641 plenissimam
1271 1566 1594 1620 libertatem.

633 1664 723 1718 t3.
762 1661 854 1717 Isti
879 1671 1055 1715 autem
1086 1658 1419 1728 indignantes
1440 1656 1632 1710 mortui
1652 1695 1666 1717 ,
1695 1662 1751 1709 et
1776 1652 1932 1708 morti
1954 1649 2151 1721 sempi-

561 1765 729 1810 ternae
749 1750 1108 1823 prazdestinati
1122 1790 1139 1815 ,
1166 1745 1981 1818 respondebam-conviciose,et
2005 1741 2152 1796 dice-

560 1847 692 1901 bant
710 1862 724 1899 :
747 1844 798 1899 Μ
806 1845 901 1899 odo
914 1842 1237 1913 cognovimus
1253 1841 1371 1909 quia
1386 1838 1688 1893 daemonium
1703 1836 1871 1890 habes.
1893 1833 2149 1888 Abraham

561 1946 790 1989 mortuus
803 1944 875 1989 est
891 1943 937 1988 et
959 1932 1248 2002 PrOphetaz.
1268 1929 1375 1984 Sed
1397 1928 1495 1982 ista
1519 1936 1691 1982 morte
1716 1941 1873 1996 quam
1895 1923 2149 1979 Dominus

561 2026 679 2080 vult
725 2023 980 2094 intelligi,
1004 2036 1104 2077 nec
1144 2021 1413 2077 Abraham
1451 2026 1694 2073 mortuus
1732 2025 1847 2080 est,
1880 2030 1983 2069 nec
2018 2014 2149 2068 Pro—

559 2114 757 2185 pheta.
776 2113 857 2168 llli
870 2114 1014 2168 enim
1027 2111 1219 2166 mortui
1233 2118 1379 2175 sunt,
1394 2117 1449 2163 et
1480 2108 1664 2162 vivunt
1681 2124 1694 2159 :
1714 2106 1800 2160 isti
1816 2105 2081 2168 vivebant,
2094 2112 2150 2159 et

558 2206 756 2260 mortui
776 2218 864 2259 era
872 2211 947 2257 nt.
967 2202 1099 2256 Nam
1109 2199 1447 2270 respondens
1463 2197 1693 2268 quodam
1711 2198 1829 2252 loco
1842 2194 2147 2251 Sadducmis

559 2293 898 2350 moventibus
921 2292 1269 2362 quaestionem
1294 2292 1365 2344 de
1376 2287 1789 2352 resurrectione,
1810 2286 1912 2342 hoc
1937 2286 2011 2340 ait
2032 2285 2147 2354 ipse

560 2386 815 2441 Dominus
836 2403 849 2439 :
868 2383 947 2438 De
965 2383 1327 2438 resurrectione
1350 2390 1518 2433 autem
1544 2389 1858 2433 mortuorunt
1886 2395 1989 2432 non
2022 2378 2147 2447 legi—

557 2476 671 2541 stis,
686 2473 954 2546 quomodo
968 2474 1043 2528 ait
1055 2469 1399 2528 Dominusde
1416 2471 1549 2526 rubo
1564 2468 1630 2523 ad
1649 2469 1885 2539 Moysen,
1906 2467 2016 2538 Ego
2033 2484 2145 2521 sum

555 2565 697 2620 Deus
721 2564 1007 2628 Abraham,
1044 2574 1088 2616 et
1113 2561 1247 2629 Deus
1274 2560 1508 2623 ‘lsaac,et
1528 2558 1673 2613 Deus
1692 2557 1854 2612 Iacob
1871 2558 1897 2611 ?
1924 2558 2047 2612 Non
2074 2566 2147 2612 est

555 2653 696 2708 Deus
730 2662 1077 2718 mortuorum,
1104 2652 1193 2705 sed
1230 2648 1683 2721 vivoruur(Matth.
1716 2664 1825 2702 nu
1848 2690 1863 2714 ,
1897 2649 1959 2703 51
1980 2658 2025 2702 et
2043 2649 2142 2715 δεῖ

556 2742 729 2797 Exod.
754 2758 833 2806 ut,
851 2742 927 2813 6).
956 2741 1012 2797 Si
1032 2756 1159 2812 ergo
1188 2741 1262 2794 illi
1284 2741 1486 2806 vivunt,
1514 2739 1816 2793 laboremus
1836 2740 1915 2793 sic
1942 2738 2141 2805 vivere,

556 2842 618 2887 ut
652 2847 773 2887 cum
813 2832 919 2886 illis
943 2831 1120 2885 vivere
1150 2830 1412 2900 possimus
1438 2830 1454 2860 ί
1481 2844 1602 2883 cum
1639 2830 1831 2883 mortui
1867 2829 2140 2884 fuerimus.

558 2925 721 2992 Quem
762 2928 976 2996 teipsum
1022 2925 1182 2993 facis,
1214 2923 1485 2993 inquiunt,
1514 2931 1572 2976 ut
1592 2922 1768 2987 dicas,
1800 2922 2017 2976 Mortem
2041 2939 2144 2976 non

553 3018 737 3072 uidebit
781 3018 836 3070 in
884 3024 1152 3079 aeternum,
1179 3015 1263 3084 qui
1310 3026 1586 3068 sermonem
1628 3030 1793 3066 meum
1836 3014 2144 3078 servaverit;

553 3123 677 3164 cum
696 3107 833 3163 scias
847 3105 1177 3161 etAbraham
1195 3112 1458 3159 mortuum
1477 3102 1862 3173 ctprOphetas?

629 3201 720 3256 M.
774 3198 1058 3270 Respondit
1100 3196 1294 3251 Jesus:
1328 3196 1390 3250 Si
1444 3212 1533 3265 ego
1582 3195 1811 3265 glori/Sco
1860 3194 2140 3264 meipsum,

553 3294 719 3366 gloria
742 3309 854 3346 mea
884 3291 1013 3345 nihil
1055 3298 1127 3344 est
1153 3305 1172 3342 :
1200 3297 1275 3343 est
1309 3287 1461 3341 Pater
1485 3304 1622 3340 meus
1647 3288 1734 3355 qui
1760 3286 2010 3356 glori/icat
2040 3303 2138 3340 me.

554 3380 670 3439 Hoc
697 3382 775 3437 ait
804 3393 1021 3453 propter
1066 3379 1193 3434 iilud
1234 3379 1375 3448 quod
1412 3377 1693 3439 dixerunt,
1730 3376 1889 3441 Quem
1928 3378 2143 3447 teipsum

555 3474 684 3545 facis
701 3473 727 3527 ?
752 3472 938 3527 Refert
970 3472 1112 3527 enim
1139 3470 1359 3540 gloriam
1394 3484 1544 3523 suam
1570 3468 1635 3522 ad
1664 3468 1877 3524 Pattem
1897 3510 1912 3534 ,
1942 3469 2010 3523 de
2033 3485 2141 3539 quo

555 3576 639 3623 est
666 3567 807 3638 quod
838 3566 979 3621 Deus
1005 3573 1105 3619 est.
1148 3561 1446 3632 Aliquando
1474 3562 1655 3616 Ariani
1679 3571 1735 3616 et
1758 3562 1825 3616 de
1850 3562 1953 3616 isto
1975 3563 2140 3617 verbo

552 3656 943 3712 calumniantur
957 3654 1085 3710 ﬁdei
1105 3663 1331 3716 nostrae,
1362 3661 1417 3708 et
1439 3652 1622 3707 dicunt
1652 3667 1666 3706 :
1701 3653 1841 3708 Ecce
1868 3652 2037 3722 major
2058 3660 2142 3707 est

550 3748 729 3813 Pater,
760 3747 883 3817 quia
925 3748 1109 3817 utique
1147 3743 1408 3815 gloritieat
1440 3742 1654 3797 Filium.
1698 3742 1959 3798 Haeretice
1982 3784 1998 3809 ,
2031 3758 2138 3798 non

552 3837 726 3909 legisti
770 3846 826 3891 et
868 3836 1044 3907 ipsum
1077 3835 1267 3890 Filium
1295 3835 1559 3889 dicentem
1586 3833 1726 3904 quod
1757 3833 2016 3903 glorificet
2040 3834 2143 3890 Pa-

552 3939 691 3983 trem
718 3945 871 3983 suum
900 3927 1077 3999 (Joan.
1102 3943 1229 3993 xvu,
1255 3926 1347 3997 4)?
1368 3925 1428 3981 Si
1446 3935 1510 3981 'et
1534 3926 1623 3981 ille
1644 3925 1835 3980 Filium
1854 3924 2134 3996 glorificat,

552 4029 608 4074 et
632 4019 799 4073 Filius
817 4020 1026 4073 Patrem
1043 4018 1334 4087 glorificat:
1357 4033 1495 4086 pone
1513 4017 1883 4087 pervicaciam,
1906 4032 2136 4087 agnosce

554 4111 943 4180 aequalitatem,
970 4109 1176 4179 corrige
1205 4110 1628 4177 perversitatem.

625 4202 713 4255 15.
756 4200 849 4254 Est
888 4214 1016 4267 ergo
1038 4240 1054 4267 ,
1094 4198 1293 4268 inquit,
1319 4196 1476 4252 Pater
1496 4214 1635 4252 meus
1657 4198 1743 4268 qui
1765 4197 2015 4270 gioriﬁeat
2036 4216 2134 4268 me,

552 4308 699 4364 quem
725 4307 811 4346 vos
837 4292 1003 4344 dicitis
1024 4332 1038 4357 ,
1073 4290 1207 4369 Quia
1236 4288 1374 4344 Deus
1398 4298 1565 4344 noster
1587 4300 1661 4344 est
1679 4331 1692 4355 ,
1719 4300 1767 4344 et
1803 4308 1904 4345 non
1942 4308 2135 4363 cogno-

551 4384 692 4436 eistis
717 4398 851 4435 eum.
879 4380 1088 4447 Videte,
1120 4381 1309 4435 fratres
1338 4380 1464 4445 mei,
1492 4380 1934 4449 quemadmodum
1957 4395 2138 4439 osten-

552 4475 645 4528 dat
671 4475 842 4544 ipsum
870 4473 1036 4527 Deum
1065 4472 1274 4527 Patrem
1297 4486 1417 4526 esse
1436 4470 1654 4535 Christi,
1679 4472 1770 4541 qui
1793 4475 2135 4530 annuntiatus

548 4576 633 4621 est
678 4574 733 4621 et
775 4563 992 4620 Judaeis.
1025 4556 1314 4632 Propterea
1361 4561 1513 4627 dico,
1542 4562 1663 4632 quia
1692 4577 1878 4618 rursus
1920 4564 2134 4634 quidam

551 4656 791 4714 hzeretici
836 4656 1017 4711 dicunt
1043 4655 1210 4710 Deum
1254 4654 1620 4709 annuntiatum
1664 4654 1717 4709 in
1746 4654 1925 4710 Veteri
1953 4656 2136 4711 Testa-

551 4763 763 4816 mento,
797 4764 905 4804 non
944 4763 1064 4803 esse
1111 4748 1321 4802 Patrem
1349 4746 1576 4812 Christi;
1612 4746 1707 4802 sed
1752 4748 1932 4803 nescio
1975 4764 2133 4820 quem

549 4846 848 4918 principem
892 4842 1155 4899 malorum
1185 4839 1518 4911 angelorum.
1564 4840 1837 4896 Manichzei
1876 4850 2001 4896 sunt
2041 4842 2130 4912 qui

551 4940 651 4993 ista
689 4937 905 5001 dicunt,
938 4934 1259 4989 Marcionita:
1297 4942 1421 4987 sunt
1446 4934 1533 5003 qui
1562 4934 1661 4988 ista
1690 4934 1888 4989 dicunt.
1917 4934 2052 4989 Sunt
2079 4944 2134 4989 et

548 5029 639 5085 alii
688 5029 916 5085 fortasse
956 5026 1225 5091 haeretici,
1257 5041 1391 5096 quos
1432 5040 1853 5081 commemorare
1896 5027 1980 5082 vel
2023 5042 2131 5081 non

548 5139 685 5193 opus
714 5131 825 5188 est,
857 5121 989 5176 vela
1014 5135 1099 5175 me
1116 5134 1302 5173 omnes
1321 5119 1479 5174 recoli
1504 5120 1553 5173 in
1581 5121 1859 5188 prresentia
1882 5135 1987 5174 non
2009 5135 2133 5189 pos-

548 5225 674 5271 sunt
704 5233 717 5269 :
751 5231 857 5271 non
886 5211 1168 5268 defuerunt
1195 5221 1369 5265 tamen
1393 5210 1484 5280 qui
1516 5209 1615 5264 hoc
1650 5210 1909 5264 dicerent.
1952 5209 2132 5279 Itaque

549 5308 841 5374 attendite,
866 5315 928 5362 ut
969 5304 1206 5360 habeatis
1246 5302 1374 5374 quid
1418 5301 1605 5356 dicatis
1645 5310 1699 5356 et
1735 5310 1918 5356 contra
1964 5301 2129 5369 ipsos.

549 5399 687 5453 Eum
713 5399 840 5453 dicit
865 5397 1072 5451 Patrem
1104 5411 1258 5449 suum
1285 5393 1542 5447 Dominus
1566 5390 1808 5446 Christus
1828 5432 1842 5456 ,
1871 5406 2029 5460 quem
2056 5392 2132 5446 illi

551 5487 800 5541 dicebant
828 5486 994 5541 Deum
1019 5499 1204 5553 suum,
1237 5492 1291 5539 et
1327 5498 1432 5537 non
1477 5489 1838 5552 cognoverunt
1869 5497 1882 5533 :
1915 5483 1958 5535 si
1988 5481 2130 5536 enim

552 5578 727 5647 ipsum
777 5576 1177 5647 cognovissent,
1221 5576 1337 5646 ejus
1385 5573 1573 5629 Filium
1621 5573 1967 5644 recepissent.
2018 5571 2132 5644 Ego

550 5692 757 5805 uo;
776 5690 882 5740 Bad.
906 5696 981 5742 Fr.
1009 5700 1058 5743 et
1092 5692 1257 5755 plures
1278 5698 1403 5751 Mss,
1423 5695 1592 5740 etcum
1613 5687 1707 5740 illis
1726 5685 1879 5739 vivere
1903 5686 2132 5749 :omisso,

757 5767 798 5803 s.

1518 350 1582 405 IN
1618 346 1897 406 JOANNIS
1937 342 2401 415 EVANGELIUM,
2441 347 2499 405 S.
2530 345 2892 406 AUGUSTINI

3708 347 3850 404 17η

2268 474 2465 531 autem,
2496 465 2693 537 inquit,
2719 466 2836 520 novi
2862 481 2996 519 eum.
3038 461 3340 520 Secundum
3364 477 3578 519 carnem
3604 463 3847 533 judican-

2265 556 2404 611 tibus
2429 558 2600 625 potuit
2622 566 2678 612 et
2709 556 2835 611 hinc
2857 571 3112 626 arrogans
3136 555 3339 623 videri,
3368 557 3491 626 quia
3531 555 3700 623 dixit,
3727 554 3839 627 Ego

2260 649 2379 702 nari
2402 665 2535 703 eum.
2566 648 2674 705 Sed
2712 648 2889 705 videte
2914 648 3041 719 quid
3081 657 3374 717 sequatur:
3401 648 3463 703 Si
3501 648 3677 701 dixero
3718 649 3839 715 quia

2260 755 2361 793 non
2386 741 2502 793 novi
2527 757 2675 806 eum,
2708 756 2793 795 ero
2839 740 3017 794 similis
3059 739 3193 793 vobis
3239 755 3476 792 menon.
3518 739 3659 809 Ergo
3685 755 3845 794 arro-

2258 831 2437 900 gantia
2480 846 2585 885 non
2619 832 2689 886 ita
2729 840 2997 896 caveatur,
3029 840 3087 885 ut
3115 831 3309 885 veritas
3349 830 3699 900 relinquatur.
3733 831 3843 886 Sed

2258 922 2362 976 scio
2379 939 2527 988 eum,
2557 932 2605 975 et
2645 938 2923 976 sermonem
2952 922 3060 990 ejus
3107 937 3264 975 servo.
3309 920 3621 975 Sermonem
3668 919 3845 975 Patris

2258 1021 2511 1083 tanquam
2540 1013 2705 1068 Filius
2739 1014 3086 1082 loquebatur;
3111 1022 3167 1066 et
3193 1013 3304 1082 ipse
3327 1020 3443 1066 erat
3478 1010 3713 1066 Verbum
3736 1010 3841 1065 Pa-

2257 1106 2355 1159 tris
2374 1145 2389 1170 ,
2420 1105 2562 1174 quod
2583 1105 2887 1161 hominibus
2910 1105 3245 1173 loquebatur.

2328 1194 2415 1250 i6.
2446 1194 2700 1248 Abraham
2727 1204 2870 1265 pater
2905 1204 3062 1248 uester
3090 1192 3355 1247 exsultavit
3388 1202 3443 1245 ut
3476 1191 3663 1245 rideret
3701 1192 3838 1246 diem

2256 1299 2454 1348 meum;
2482 1295 2529 1338 et
2565 1284 2716 1350 vidit,
2758 1294 2806 1339 et
2841 1284 3041 1355 gavisus
3068 1293 3161 1337 est.
3203 1283 3444 1353 Magnum
3480 1283 3841 1338 testimonium

2257 1374 2499 1446 perhibet
2525 1375 2780 1441 Abrahae,
2818 1390 3000 1431 semen
3028 1374 3287 1440 Abrahae,
3325 1385 3533 1428 creator
3561 1374 3791 1429 Abrahae
3822 1393 3836 1427 :

2256 1468 2511 1521 Abraham
2554 1468 2850 1533 exsultavit,
2894 1467 3096 1537 inquit,
3142 1476 3197 1519 ut
3243 1466 3431 1520 videret
3476 1466 3608 1520 diem
3648 1481 3835 1520 nteant.

2254 1560 2375 1615 Non
2400 1561 2595 1628 timuit,
2625 1560 2719 1616 sed
2745 1561 3007 1615 exsultavit
3036 1570 3091 1613 ut
3118 1560 3322 1613 videret.
3355 1557 3643 1613 Eratenim
3672 1558 3725 1611 in
3746 1558 3838 1612 illo

2253 1650 2487 1706 charitas
2504 1666 2623 1722 qure
2643 1650 2786 1705 foras
2806 1651 2964 1705 mittit
2984 1651 3226 1704 timorem
3245 1649 3289 1718 (Ι
3303 1648 3460 1702 Joan.
3484 1664 3555 1713 tv,
3582 1648 3694 1716 18).
3719 1647 3836 1703 Non

2253 1741 2347 1803 ait,
2378 1741 2691 1805 Exsultavit,
2730 1742 2850 1812 quia
2888 1739 3053 1805 vidit;
3086 1740 3203 1806 sed,
3235 1740 3497 1794 multavit
3538 1749 3593 1792 at
3623 1738 3835 1792 videret.

2243 1832 2491 1889 Credens
2519 1834 2700 1903 utique
2720 1833 3007 1889 exsultavit
3029 1833 3313 1903 sperando,
3336 1844 3393 1886 ut
3417 1832 3616 1888 videret
3636 1833 3839 1887 intelli-

2252 1926 2445 1994 gendo.
2476 1923 2544 1980 Et
2568 1927 2713 1991 vidit,
2740 1927 2812 1980 Et
2848 1926 2975 1995 quid
3001 1926 3169 1994 potuit
3207 1925 3324 1995 plus
3352 1924 3563 1989 dicere,
3593 1924 3681 1978 vel
3704 1923 3833 1994 quid

2252 2016 2434 2072 debuit
2452 2018 2575 2088 plus
2602 2018 2780 2072 dicere
2810 2018 3066 2072 Dominus
3098 2018 3253 2072 Jesus
3280 2015 3557 2072 Christus?
3586 2015 3655 2069 Et
3687 2018 3831 2081 vidit,

2243 2109 2460 2179 inquit,
2502 2119 2550 2163 et
2590 2110 2790 2179 gavisus
2833 2119 2925 2163 est.
2970 2109 3100 2175 Quis
3142 2109 3375 2178 explicat
3420 2108 3523 2163 hoc
3558 2107 3832 2177 gaudium,

2244 2197 2442 2254 fratres
2469 2200 2620 2254 mei?
2642 2200 2696 2254 Si
2721 2200 2886 2270 gavisi
2912 2207 3037 2253 sunt
3056 2198 3130 2252 illi
3154 2199 3343 2268 quibus
3366 2198 3623 2253 Dominus
3648 2198 3836 2252 oculos

2250 2288 2427 2343 carnis
2463 2289 2704 2357 aperuit,
2749 2289 2904 2359 quale
2945 2287 3193 2358 gaudium
3241 2287 3339 2342 fuit
3382 2286 3612 2342 videntis
3655 2287 3837 2342 cordis

2238 2378 2418 2436 'oculis
2436 2380 2466 2410 "
2493 2378 3027 2443 lucem'ineffabilem,
3056 2378 3286 2433 Verbum
3316 2391 3555 2442 manens,
3582 2377 3839 2446 splendo-

2241 2486 2363 2527 rem
2415 2472 2516 2541 piis
2553 2472 2819 2526 mentibus
2857 2472 3236 2541 refulgentem,
3287 2470 3597 2539 sapientiam
3642 2468 3836 2523 indeii-

2250 2562 2498 2627 cientetn,
2531 2562 2670 2632 apud
2701 2562 2911 2616 Patrem
2936 2572 3237 2616 manentem
3259 2560 3443 2626 Deum,
3472 2568 3527 2614 et
3549 2559 3837 2629 aliquando

2250 2654 2302 2707 in
2326 2663 2805 2715 carne'venturum,
2828 2667 2928 2707 nec
2947 2653 3015 2707 de
3038 2653 3209 2707 Patris
3230 2652 3431 2722 gremio
3454 2666 3794 2706 recessurum
3810 2651 3837 2704 2

2238 2742 2439 2797 Totum
2462 2743 2563 2798 hoc
2590 2742 2721 2797 vidit
2745 2742 3030 2797 Abraham.
3061 2742 3192 2795 Nam
3213 2740 3465 2810 q'uod'ait,
3492 2740 3623 2793 diem
3641 2757 3833 2806 meum,

2240 2834 2511 2890 incertum
2533 2845 2709 2904 potest
2722 2851 2846 2891 esse
2863 2835 3003 2890 unde
3020 2834 3240 2900 dixerit;
3260 2844 3435 2889 utrum
3452 2834 3592 2889 diem
3618 2833 3834 2888 Domini

2250 2930 2597 2998 temporalem
2628 2945 2734 2999 quo
2759 2939 2873 2984 erat
2902 2936 3153 2983 venturus
3180 2928 3231 2982 in
3245 2943 3431 2994 carne,
3458 2942 3525 2981 an
3551 2926 3695 2982 diem
3728 2926 3836 2980 Do-

2248 3022 2376 3075 mini
2406 3022 2495 3091 qui
2536 3023 2704 3075 nescit
2731 3030 2903 3075 ortum
2922 3061 2938 3085 ,
2966 3022 3134 3075 nescit
3167 3035 3434 3075 occasum.
3461 3018 3563 3073 Sed
3594 3033 3695 3088 ego
3726 3033 3831 3071 non

2247 3113 2429 3167 dubito
2450 3122 2652 3182 patrem
2670 3112 2934 3167 Abraham
2955 3122 3123 3167 totum
3143 3112 3325 3167 scisse.
3346 3111 3413 3165 Et
3430 3111 3516 3165 ubi
3539 3110 3836 3165 inveniam?

2246 3203 2329 3258 ’An
2359 3205 2601 3259 sufficere
2640 3203 2795 3257 nobis
2832 3203 2991 3258 debet
3026 3202 3384 3257 testimonium
3418 3201 3622 3255 Domini
3660 3200 3833 3254 nostri

2245 3295 2371 3350 Jesu
2394 3293 2627 3348 Christi?
2648 3295 2910 3349 Putemus
2936 3309 3032 3348 nos
3069 3294 3306 3347 invenire
3344 3308 3446 3346 non
3480 3306 3634 3360 posse
3656 3330 3671 3355 ,
3705 3290 3835 3362 quia

2240 3386 2381 3441 forte
2407 3385 2619 3439 difficile
2639 3395 2741 3450 est,
2765 3385 3032 3454 quomodo
3052 3385 3384 3439 manifestum
3409 3384 3478 3437 sit
3496 3382 3638 3453 quod
3658 3384 3836 3437 Abra-

2239 3474 2367 3530 'ham
2384 3477 2650 3530 exsultavit
2671 3484 2723 3528 ut
2745 3476 2928 3530 videret
2947 3476 3077 3529 diem
3092 3475 3313 3541 Christi,
3333 3485 3379 3530 et
3394 3473 3540 3540 uidit,
3558 3482 3606 3527 et
3624 3474 3834 3544 gauisus

2243 3577 2338 3621 est.
2364 3567 2494 3621 Etsi
2525 3582 2621 3621 nos
2650 3582 2753 3621 non
2780 3568 3098 3634 invenimus,
3124 3568 3375 3637 numquid
3398 3568 3607 3621 mentiri
3628 3566 3834 3621 veritas

2245 3656 2464 3726 posset?
2512 3655 2805 3711 Credamus
2848 3658 3089 3722 veritati,
3140 3666 3195 3710 et
3232 3655 3301 3710 de
3345 3655 3573 3710 Abrahae
3619 3655 3833 3708 meritis

2242 3746 2464 3800 minime
2494 3744 2815 3799 dubitemus.
2847 3744 3047 3800 Tamen
3090 3745 3267 3800 audite
3302 3761 3463 3799 unum
3504 3745 3701 3808 locum,
3734 3746 3831 3813 qui

2244 3838 2372 3892 mihi
2412 3838 2624 3892 interim
2668 3837 2919 3891 occurrit.
2948 3837 3111 3891 Pater
3139 3836 3406 3891 Abraham
3434 3834 3646 3907 quando
3679 3835 3835 3889 misit

2243 3944 2455 3984 servum
2480 3945 2633 3983 suum
2653 3970 2669 3995 ,
2701 3937 2760 3983 ut
2776 3937 2988 3999 peteret
3014 3943 3231 3983 uxorem
3254 3926 3363 3980 filio
3392 3941 3490 3981 suo
3512 3926 3658 3980 Isaac
3677 3965 3694 3989 ,
3725 3926 3836 3980 hoc

2242 4035 2362 4074 eum
2405 4030 2739 4074 sacramento
2781 4018 3086 4085 obstrinxit,
3126 4026 3185 4072 ut
3229 4016 3454 4072 ﬁdeliter
3490 4014 3630 4086 quod
3662 4015 3833 4084 jube-

2240 4111 2397 4167 batur
2440 4110 2680 4180 impleret
2702 4152 2717 4177 ,
2757 4121 2811 4165 et
2852 4110 3014 4166 sciret
3060 4110 3218 4165 etiam
3271 4109 3385 4179 ipse
3428 4108 3553 4179 quid
3602 4109 3831 4163 faceret.

2240 4200 2428 4272 Magna
2474 4203 2616 4257 enim
2661 4216 2749 4257 res
2788 4202 3063 4271 agebatur,
3109 4200 3320 4271 quando
3359 4199 3586 4255 Abrahae
3629 4200 3831 4254 semini

2240 4290 2542 4361 conjugium
2559 4290 2914 4361 quzerebatur.
2936 4289 3042 4345 Sed
3069 4299 3126 4345 ut
3148 4289 3252 4345 hoc
3267 4298 3613 4360 cognosceret
3631 4303 3833 4345 servus

2240 4384 2381 4455 qttod
2414 4395 2634 4440 noverat
2657 4385 2953 4453 Abraham,
2984 4387 3107 4456 quia
3146 4394 3364 4455 nepotes
3401 4400 3504 4439 non
3533 4383 3832 4439 carnaliter

2241 4475 2596 4542 desiderabat,
2625 4491 2728 4531 nec
2751 4476 2820 4531 de
2844 4492 3041 4547 genere
3067 4491 3169 4530 suo
3188 4475 3382 4546 aliquid
3406 4474 3623 4529 carnale
3644 4474 3835 4544 sapie-

2240 4568 2367 4634 bat;
2396 4569 2471 4621 ait
2498 4583 2653 4623 servo
2691 4583 2790 4622 suo
2814 4582 2971 4638 quem
3011 4567 3250 4622 mittebat
3277 4584 3291 4619 :
3325 4565 3467 4620 Pone
3490 4582 3700 4619 manum
3727 4566 3831 4619 sub

2240 4660 2429 4729 femore
2460 4676 2588 4724 meo,
2620 4669 2666 4714 et
2683 4661 2805 4732 jura
2841 4677 2928 4730 per
2956 4659 3119 4713 Deum
3154 4659 3267 4713 caeli
3297 4656 3449 4731 (Gen.
3482 4672 3635 4723 xxtv,
3664 4656 3829 4728 2-4).

2240 4750 2376 4818 Quid
2402 4752 2512 4805 vult
2547 4752 2686 4805 Deus
2712 4751 2834 4807 cali
2863 4751 2928 4804 ad
2964 4751 3137 4806 femur
3166 4750 3434 4805 Abrahxe?
3468 4748 3585 4803 Jam
3624 4748 3835 4803 intelli-

2238 4842 2360 4912 gitis
2387 4850 2777 4896 sacramentum
2812 4859 2825 4895 :
2853 4857 2951 4912 per
2974 4841 3165 4906 femur,
3198 4854 3382 4911 genus.
3412 4840 3554 4909 Ergo
3578 4854 3700 4907 qua:
3725 4837 3837 4894 fuit

2241 4933 2326 4987 illa
2347 4932 2561 5002 juratio,
2586 4932 2686 4987 nisi
2716 4934 2835 5002 quia
2862 4933 3257 5004 significabatur
3276 4932 3342 4987 de
3367 4947 3563 5001 genere
3590 4931 3835 4988 Abrahae

2239 5033 2517 5078 venturum
2555 5024 2607 5078 in
2647 5039 2810 5078 carne
2842 5024 3005 5080 Deum
3039 5024 3200 5080 coali?
3233 5023 3388 5078 Stulti
3422 5021 3839 5093 reprehendunt

2239 5116 2541 5182 Abraham,
2570 5117 2692 5187 quia
2731 5117 2894 5182 dixit,
2926 5115 3070 5169 Mitte
3098 5133 3305 5170 manum
3343 5114 3434 5169 sub
3464 5119 3653 5185 femore
3688 5132 3833 5171 meo.

2237 5208 2337 5276 Qui
2355 5208 2971 5279 reprehenduntcarnem
2984 5207 3196 5274 Christi,
3215 5208 3608 5279 reprehendunt
3622 5208 3837 5265 factum

2238 5298 2487 5354 Abrahm.
2513 5299 2619 5355 Nos
2653 5309 2862 5366 autem,
2895 5296 3121 5365 fratres,
3148 5298 3194 5353 si
3226 5298 3565 5369 agnoscimus
3601 5313 3838 5354 carnem

2240 5391 2436 5446 Christi
2460 5392 2847 5457 venerandam,
2876 5391 3003 5446 illud
3031 5390 3206 5446 femur
3231 5406 3338 5445 non
3376 5400 3789 5446 contemnamus
3818 5436 3838 5457 ,

2240 5483 2334 5538 sed
2360 5485 2411 5539 in
2437 5486 2707 5556 prephetia
2735 5486 2932 5541 dictum
2962 5486 3302 5555 accipiamus.
3327 5483 3536 5537 Etenim
3558 5483 3846 5553 propheta

2238 5584 2354 5631 erat
2380 5576 2666 5632 Abraham.
2694 5577 2858 5647 Cujus
2901 5577 3202 5647 propheta?
3236 5576 3467 5631 Seminis
3496 5574 3579 5630 sui
3607 5582 3677 5630 et
3715 5575 3845 5630 Do-

2305 5689 2322 5719 ³
2346 5687 2419 5737 sic
2457 5695 2561 5752 htss.
2588 5695 2639 5752 At
2682 5687 2817 5747 editi,
2841 5689 3106 5740 videntibus
3144 5686 3314 5752 cordis
3342 5682 3514 5738 oculis.
3527 5694 3854 5752 Quamquam

2241 5759 2355 5816 vox,
2381 5748 2549 5813 oculis,
2573 5751 2715 5803 abest
2734 5763 2762 5802 a
2784 5751 2895 5801 Bad.
2922 5760 2972 5802 et
2988 5758 3094 5802 Mss.
3121 5749 3375 5801 homullis.
