4102 6464
267 403 409 460 1⁵715

260 512 394 570 ιηιηί
434 509 537 566 sui.
580 507 779 565 Semen
819 515 973 559 suum
1020 496 1341 570 signiﬁcavit
1382 494 1638 559 dicendo,
1687 492 1834 546 Mitte

260 619 465 658 manum
502 601 594 655 sub
632 598 821 669 femore
844 610 952 648 meo
980 608 1000 647 :
1028 590 1307 645 Dominum
1343 602 1497 642 suum
1525 583 1839 656 signiﬁcavit

260 692 526 757 addendo,
553 700 599 745 et
619 690 743 761 jura
768 703 857 757 per
884 684 1047 737 Deum
1076 680 1205 735 caeli.

321 784 413 843 17.
446 780 567 835 lrati
597 777 766 833 Judaei
805 773 1196 843 responderunt
1226 786 1241 822 :
1276 767 1652 837 Quinquaginta
1679 780 1838 818 annos

257 873 489 927 nondum
511 868 680 933 halm,
705 876 753 921 et
771 863 1027 919 Abraham
1046 859 1246 915 uidisti!
1265 859 1330 912 Et
1349 856 1603 911 Dominus
1622 871 1637 907 :
1655 853 1835 920 Amen,

256 977 409 1016 amen
445 961 558 1013 dico
594 958 767 1022 vobis;
792 964 1059 1024 antequam
1084 950 1339 1005 Abraham
1374 947 1512 1016 ﬁeret
1531 986 1546 1012 ,
1573 960 1664 1016 ego
1702 959 1834 998 sum.

256 1050 519 1121 Appende
550 1048 745 1111 verba.
789 1052 845 1099 et
879 1056 1141 1113 cognosce
1185 1037 1517 1109 mysterium.
1561 1034 1837 1104 Antequam

256 1144 519 1199 Abraham
543 1142 701 1210 ﬁeret:
726 1136 983 1205 Intelligo,
1006 1134 1147 1201 ﬁeret
1164 1130 1232 1185 ad
1252 1130 1535 1183 humanam
1557 1125 1833 1191 facturam,
1883 1124 1892 1138 '

255 1251 369 1288 sum
398 1247 528 1287 vero
564 1229 630 1285 ad
671 1228 903 1283 divinam
930 1223 1199 1295 pertinere
1241 1216 1613 1275 substantiam.
1638 1214 1831 1278 Fierer,

255 1324 381 1394 quia
430 1329 674 1376 creatura
715 1324 800 1373 est
841 1312 1126 1372 Abraham.
1171 1309 1285 1364 Non
1330 1307 1494 1372 dixit,
1541 1307 1847 1373 Antequam-

255 1393 533 1466 Abraham
577 1417 737 1471 esset,
781 1420 880 1475 ego
917 1417 1096 1467 eram;
1140 1397 1551 1467 sed,Antequam
1585 1393 1849 1447 Abraham

254 1504 423 1568 ﬁeret,
449 1501 541 1571 qui
570 1500 669 1575 nisi
699 1512 794 1567 per
822 1509 908 1549 me
931 1508 1038 1547 non
1064 1490 1235 1553 ﬁeret,
1262 1504 1361 1559 ego
1373 1502 1500 1542 sum.
1526 1484 1721 1553 Neque
1736 1482 1839 1536 hoc

255 1594 393 1648 dixit
412 1634 428 1658 ,
463 1571 763 1659 Antequam
786 1585 1050 1641 Abraham
1075 1582 1245 1646 ﬁeret,
1276 1593 1375 1648 ego
1399 1578 1564 1630 factus
1592 1588 1708 1628 sum
1727 1612 1743 1636 ,
1771 1571 1839 1625 in

258 1685 513 1753 principio
541 1684 682 1736 enim
711 1681 825 1752 fecit
842 1678 979 1732 Deus
1006 1675 1457 1730 stelunt-etterram
1485 1667 1636 1736 (Geni
1666 1682 1705 1720 ι.
1738 1665 1793 1735 1)
1820 1683 1849 1719 ετ

258 1792 383 1830 nam
408 1777 460 1827 in
489 1774 735 1844 principio
774 1778 879 1824 erat
916 1767 1129 1822 Verbum
1167 1762 1343 1835 (Joan.
1374 1778 1412 1828 ι,
1447 1757 1521 1833 1).
1557 1757 1838 1827 Antequam

258 1869 402 1934 ﬁeret
418 1864 696 1928 Abraham,
724 1877 813 1932 ego
832 1875 964 1914 sum.
988 1856 1271 1926 Agnoscite
1288 1853 1615 1912 Creatorem,
1637 1847 1851 1901 discer-

259 1959 369 2012 nite
392 1964 713 2011 creaturam.
737 1951 835 2018 Qui
862 1947 1401 2018 loquebatur,.semen
1424 1940 1648 1995 Abrahae
1669 1936 1840 1990 factus

258 2057 410 2113 erat;
439 2057 496 2102 et
524 2055 581 2100 ut
601 2043 866 2098 Abraham
895 2040 1064 2102 ﬁeret,
1091 2046 1214 2090 ante
1240 2032 1507 2088 Abraham
1532 2031 1642 2097 ipse
1667 2035 1815 2083 erat..

325 2140 433 2194 18-
464 2138 601 2191 Hinc
638 2136 746 2204 jam
784 2132 927 2186 velut
967 2126 1194 2184 Abrahae
1228 2123 1560 2194 apertissimo
1599 2117 1838 2173 convicio

256 2230 514 2285 commoti
542 2236 665 2281 sunt
688 2225 883 2279 acrius.
909 2219 1313 2289 Blasphemasse
1341 2214 1535 2283 quippe
1564 2211 1665 2264 illis
1693 2208 1839 2262 visus

256 2333 338 2377 est
366 2316 903 2378 DominusChristus,
932 2310 1179 2381 quoniam
1206 2305 1356 2367 dixit,
1376 2303 1654 2373 Antequam
1679 2297 1853 2352 Abram

258 2415 378 2464 hanc
406 2411 581 2478 fieret,
608 2423 696 2478 ego
721 2420 854 2459 sum.
886 2400 1137 2455 Tulerunt
1163 2412 1279 2467 ergo
1307 2392 1499 2463 lapides
1539 2399 1591 2442 ut
1614 2390 1851 2460 jacerenL

257 2506 481 2556 ineunt.
514 2500 683 2553 Tanta
709 2495 905 2550 duritia
930 2496 1336 2561 quo-curreret,
1381 2485 1481 2539 nisi
1513 2482 1578 2537 ad
1606 2479 1857 2552 similes?‘

254 2594 412 2648 Iesus
439 2602 630 2653 autem,
664 2599 911 2658 tanquam
932 2585 1118 2646 homo,
1143 2591 1388 2649 tanquam
1412 2579 1465 2631 in
1491 2577 1655 2630 forma
1677 2572 1854 2639 servi,

257 2697 515 2755 tanquam
543 2681 777 2743 humilis,
810 2688 1057 2746 tanquam
1094 2685 1367 2744 passurus,
1395 2677 1641 2737 tanquam
1681 2664 1814 2719 mori

258 2792 433 2841 turus,
474 2787 724 2844 tanquam
749 2786 861 2825 nos
884 2783 984 2823 suo
1013 2764 1267 2834 sanguine
1296 2761 1663 2828 redempturus
1693 2776 1707 2811 :
1736 2771 1858 2809 non-

258 2880 513 2937 tanquam
543 2866 629 2919 ille
654 2863 743 2933 qui
782 2868 865 2915 est
884 2901 901 2925 ,
929 2873 1032 2912 non
1060 2866 1306 2924 tanquam
1335 2852 1387 2905 in
1429 2847 1684 2919 principio
1713 2845 1841 2900 Ver-

258 2961 405 3019 bum.
449 2971 507 3012 et
534 2955 763 3009 Verbum
802 2950 957 3021 apud»
980 2951 1164 3003 Deum.
1204 2945 1335 2998 Nam
1369 2958 1489 2997 cum
1526 2941 1601 2995 illi
1641 2938 1840 3008 lapides

258 3051 499 3103 tulerunt
517 3055 576 3100 ut
602 3041 946 3098 mitterent’in
965 3034 1512 3106 eumpquidanagnum
1529 3040 1647 3106 erat
1676 3036 1731 3080 ut
1750 3042 1841 3081 eos

257 3143 515 3195 continuo
558 3137 839 3193 dehiscens
879 3144 1019 3187 terra
1055 3128 1315 3191 sorberet,
1362 3132 1416 3179 et
1458 3137 1553 3192 pro
1586 3119 1843 3189 lapidibus

259 3235 459 3287 inferos
488 3227 821 3284 invenirent?
843 3224 954 3279 Non
976 3232 1089 3278 erat
1113 3234 1356 3289 magnum
1381 3216 1526 3270 Deo:
1557 3212 1650 3267 sed
1675 3212 1857 3280 magis-

257 3331 374 3377 erat
415 3316 838 3375 commendanda
886 3312 1167 3384 patientia,
1213 3322 1371 3378 quam
1408 3302 1701 3360 exserenda
1741 3315 1857 3370 po--

258 3414 447 3469 tentia.
480 3409 752 3464 Abscondit
780 3424 832 3460 se
855 3418 981 3474 ergo
1008 3403 1075 3456 ab
1103 3403 1200 3464 eis,
1232 3414 1299 3453 ne
1328 3395 1669 3466 lapidaretur.
1697 3392 1843 3446 Tan-

258 3519 419 3574 quam
452 3502 616 3556 homo
654 3516 682 3551 a
711 3497 972 3567 lapidibus
1002 3493 1131 3562 fugit
1158 3509 1171 3544 :
1198 3490 1292 3546 sed
1320 3505 1401 3544 vae
1429 3488 1534 3542 illis
1559 3502 1589 3541 a
1618 3500 1860 3556 quorum-

258 3594 488 3666 lapideis
509 3590 758 3648 cordibus
788 3589 928 3642 Deus
958 3585 1124 3655 fugit!

744 3693 1147 3754 TRACTATUS
1182 3689 1369 3747 XLIV.

260 3820 335 3873 Ab
362 3834 422 3873 eo
447 3815 584 3886 quod
612 3814 855 3881 scriptum
881 3817 974 3874 est,
1000 3807 1067 3862 Et
1091 3804 1401 3876 prmteriens
1420 3798 1549 3853 vidit
1572 3796 1840 3851 hominem

326 3922 536 3963 (meum
560 3920 590 3958 a
618 3903 923 3963 nativitate;
954 3913 1107 3967 usque
1124 3895 1191 3949 ad
1218 3896 1307 3960 id,
1324 3892 1473 3946 Nunc
1497 3903 1623 3944 vero
1646 3887 1840 3951 dicitis,

327 3999 472 4067 Quia
496 3996 737 4051 videmus
766 4012 777 4046 :
801 3999 1073 4063 peccatum
1094 3995 1329 4041 vestrum
1353 3990 1549 4038 manet.
1578 3979 1703 4048 Cap.
1732 3994 1804 4032 ιχ.

330 4112 387 4164 1.
419 4110 499 4163 De
522 4106 740 4161 homine
760 4117 917 4173 quem
939 4099 1199 4155 Dominus
1221 4098 1375 4152 Jesus
1395 4092 1727 4156 illuminavit,
1752 4090 1842 4159 qui

263 4216 438 4256 caecus
464 4207 621 4253 natus
648 4196 768 4258 fuit.
800 4192 1001 4262 prolixa
1026 4190 1187 4245 lectio
1215 4186 1433 4242 recitata
1458 4192 1542 4239 est
1570 4200 1583 4236 :
1611 4196 1768 4253 quam
1798 4181 1854 4235 si.

266 4293 570 4346 universam
611 4291 937 4355 pertractare
979 4293 1252 4343 conentur,
1294 4290 1390 4345 pro
1433 4274 1515 4328 sui
1552 4272 1841 4342 dignitate,

264 4383 405 4436 sicut
422 4379 689 4438 valemus,
709 4373 915 4443 singula
934 4369 1352 4430 considerantes,
1371 4379 1476 4418 non
1496 4361 1690 4416 sufﬁcit
1708 4361 1841 4414 dies.

266 4470 499 4526 Proinde
525 4476 648 4537 peto
663 4464 993 4521 etadmoueo
1012 4460 1334 4515 Charitatem
1356 4464 1605 4518 vestram,
1628 4462 1682 4507 ttt
1708 4452 1759 4505 in
1782 4452 1846 4505 iis

265 4577 382 4632 quae
407 4569 594 4628 aperta
622 4564 765 4617 sunt.
793 4566 1095 4610 sermonem
1126 4557 1367 4602 nostrum
1397 4561 1500 4599 non
1529 4542 1842 4612 requiratis:

267 4668 387 4706 nam
411 4650 575 4704 nimis
600 4647 818 4716 longum
845 4644 947 4699 erit
970 4642 1021 4696 in
1049 4639 1267 4710 singulis
1289 4636 1577 4691 immorari.
1609 4634 1851 4688 Breviter

267 4757 395 4811 ergo
422 4740 555 4795 caeci
582 4738 738 4807 hujus
767 4733 1042 4790 illuminati
1065 4729 1396 4786 commendo
1411 4726 1744 4798 mysterium.
1769 4724 1846 4777 Ea

267 4834 465 4902 quippe
492 4844 615 4898 qua:
646 4826 771 4882 fecit
800 4825 1054 4879 Dominus
1082 4829 1263 4875 noster
1290 4820 1445 4874 Jesus
1472 4817 1716 4872 Christus
1745 4824 1849 4868 stu-

270 4923 440 4992 pende
469 4930 630 4989 atque
657 4915 918 4980 miranda,
947 4922 1003 4967 et
1030 4927 1189 4981 opera
1217 4919 1268 4964 et
1290 4910 1449 4962 verba
1477 4916 1634 4961 sunt:
1662 4919 1857 4974 opera,

270 5010 557 5081 quiafacta
583 5015 740 5069 sunt;
767 5005 928 5059 verba
943 5045 975 5069 ,.
990 5004 1111 5073 quia
1142 5002 1289 5071 signa
1315 5006 1457 5052 sunt.
1488 4998 1543 5052 Si
1568 5012 1695 5065 ergo
1724 4995 1848 5063 quid

270 5104 533 5173 signiticet
555 5099 656 5153 hoc
674 5096 815 5167 quod
836 5095 1029 5150 factum
1051 5102 1132 5147 est
1150 5091 1461 5159 cogitemus,
1480 5102 1646 5154 genus
1668 5088 1852 5139 huma-

273 5211 395 5249 num
438 5202 523 5247 est
556 5192 655 5245 iste
691 5204 865 5243 camus
910 5205 923 5241 :
961 5186 1076 5240 haec
1111 5184 1253 5238 enim
1292 5183 1502 5236 accitas
1536 5179 1755 5246 contigit
1796 5177 1851 5231 in

274 5286 445 5353 primo
470 5281 690 5336 homine
717 5294 810 5348 per
837 5286 1145 5347 peccatum,
1161 5273 1229 5328 de
1253 5286 1357 5341 quo
1382 5284 1568 5324 omnes
1593 5269 1851 5337 originem

274 5377 547 5435 duximus,
576 5386 683 5425 non
713 5371 888 5422 solum
914 5367 1124 5430 mortis,
1150 5362 1244 5417 sed
1273 5362 1430 5415 etiam
1458 5358 1765 5427 iniquitatis.
1794 5356 1851 5411 Si

274 5469 414 5519 cutim
435 5464 650 5519 caecitas
667 5469 750 5514 est
774 5458 1154 5520 inﬁdelitas,_et
1175 5449 1672 5513 illuminatioﬁdcs;
1694 5464 1849 5517 quem

278 5557 485 5610 ﬁdelem
507 5551 721 5622 quando
739 5550 882 5604 venit
900 5549 1141 5603 Christus
1160 5544 1399 5599 invenit?
1418 5540 1850 5609 Quandoquidem

280 5645 566 5717 Apostolus
599 5650 755 5696 natus
780 5641 831 5693 in
852 5647 1008 5708 gente
1038 5636 1423 5706 Prophetarum
1448 5632 1612 5687 dicit:
1640 5628 1852 5683 Fuimus

278 5750 326 5791 et
350 5755 437 5793 nos
460 5731 739 5804 aliquando
757 5738 940 5783 natura
964 5727 1057 5796 ﬁlii
1086 5727 1197 5792 irae,
1224 5725 1352 5779 sicut
1372 5732 1417 5777 et
1443 5722 1606 5776 ueteri
1631 5718 1847 5792 (Ep/tes.

274 5848 328 5897 ιι,
363 5836 437 5890 3t.
464 5831 522 5887 Si
563 5826 657 5897 ﬁlii
695 5824 804 5891 ira’,
841 5820 933 5875 ﬁlii
964 5816 1226 5886 vindictae,
1264 5815 1355 5872 ﬁlii
1397 5828 1586 5887 pum-ae,
1630 5812 1717 5866 ﬁlii
1755 5827 1847 5882 ge.

1386 379 1791 441 TR‘ACTATUS
1829 377 2010 435 XLIV.
2050 379 2274 439 CAPUT
2313 380 2403 436 IX.

3379 375 3515 430 HM

1947 490 2154 546 hennte.
2193 491 2469 560 Quomodo
2509 496 2710 555 natura,
2761 488 2862 544 nisi
2903 504 3023 558 quia
3064 495 3313 557 [mentite
3346 486 3517 556 primo

1926 582 2194 655 .homine,
2221 584 2406 639 vitium
2447 600 2542 654 pro
2582 583 3057 639 natura'inolevit?
3097 583 3152 638 Si
3190 583 3375 637 vitium
3417 598 3518 653 pro

1926 680 2130 739 ,natura
2151 673 2385 737 inolevit,
2410 674 2696 729 secundum
2713 682 2943 729 mentem
2968 675 3143 728 omnis
3163 673 3322 727 homo
3339 688 3517 729 caecus

1925 762 2097 819 'natus
2121 774 2224 818 est.
2255 765 2311 821 Si
2340 767 2481 821 enim
2509 766 2671 833 videt,
2704 782 2807 820 non
2839 779 2973 835 Opus
3003 765 3161 820 habet
3187 765 3436 829 ductore;
3472 765 3517 818 si

1943 868 2077 923 opus
2105 855 2264 910 habet
2289 855 2507 912 ductore
2526 868 2579 912 et
2606 856 2961 912 illuminatore
2978 896 2993 924 ,
3023 870 3198 911 caecus
3224 862 3310 911 est
3333 870 3460 926 ergo
3488 869 3517 906 a

1943 946 2232 1000 nativitate.

1932 1034 1943 1075 ῗ
2011 1037 2067 1091 2.
2087 1037 2246 1093 Venit
2272 1038 2564 1094 Dominus:
2592 1039 2716 1109 quid
2743 1039 2904 1094 fecit?
2931 1038 3175 1110 Magnum
3204 1039 3513 1108 mysterium

1942 1128 2351 1183 commendavit.
2382 1128 2602 1200 Exspuit
2626 1130 2680 1183 in
2706 1139 2911 1195 terram,
2940 1128 3008 1184 de
3028 1128 3192 1182 saliva
3221 1144 3316 1183 sua
3346 1129 3516 1183 lutum

1942 1215 2067 1272 fecit
2093 1237 2105 1271 :
2137 1220 2269 1289 quia
2285 1220 2517 1275 Verbum
2544 1234 2678 1275 caro
2698 1220 2891 1275 factum
2918 1228 3002 1275 est
3030 1219 3205 1293 (J‘oan.
3237 1236 3275 1286 ι,
3306 1219 3414 1289 Η).
3451 1218 3519 1272 Et

1944 1309 2150 1365 inunxlt
2173 1311 2354 1366 oculos
2372 1312 2519 1367 cteci.
2540 1312 2789 1367 lnunctus
2804 1319 2938 1377 erat,
2960 1320 3015 1366 et
3033 1312 3266 1365 nondum
3281 1311 3514 1367 videbat.

1942 1400 2082 1455 Misit
2110 1402 2256 1457 illum
2284 1402 2349 1457 ad
2378 1404 2632 1473 piscinam
2665 1419 2784 1474 quae
2813 1412 3031 1457 vocatur
3056 1402 3219 1458 Siloe.
3256 1402 3518 1456 Pertinuit

1941 1499 2116 1545 autem
2165 1492 2231 1546 ad
2276 1493 2667 1563 Evangelistam
2706 1493 3079 1549 commendare
3121 1493 3273 1547 nobis
3318 1507 3515 1548 nomen

1935 1578 2099 1671 hujus
2126 1582 2375 1652 piscinae;
2402 1594 2455 1638 et
2485 1584 2575 1650 ait,
2609 1585 2757 1650 Quod
2786 1585 3141 1655 interpretatur
3162 1583 3365 1637 Missus.
3397 1582 3517 1638 Jam

1942 1672 2060 1739 quis
2080 1674 2148 1726 sit
2168 1674 2361 1729 missus
2376 1676 2659 1745 agnoscitis
2678 1693 2691 1729 :
2716 1674 2819 1730 nisi
2833 1675 2973 1729 enim
2992 1675 3081 1728 ille
3096 1674 3284 1729 fuisset
3299 1674 3514 1741 missus,

1942 1777 2098 1816 nemo
2117 1771 2354 1819 nostrum
2376 1774 2519 1821 esset
2542 1766 2608 1821 ah
2627 1766 2901 1837 iniquitate
2922 1765 3194 1820 dimissus.
3219 1764 3370 1819 Lavit
3390 1780 3518 1834 ergo

1928 1852 2131 1907 oculos
2165 1855 2216 1908 in
2246 1870 2308 1909 ea
2341 1856 2538 1925 piscina
2559 1872 2678 1927 quae
2698 1856 3077 1927 interpretatur
3098 1855 3289 1911 Missus
3308 1897 3323 1923 ,
3348 1856 3523 1925 bapti-

1942 1950 2089 1998 zatus
2114 1954 2197 1999 est
2238 1946 2289 2000 in
2326 1944 2556 2001 Christo.
2591 1947 2648 2002 Si
2690 1962 2818 2017 ergo
2851 1946 3060 2017 quando
3094 1961 3216 2002 eum
3252 1946 3303 2001 in
3341 1945 3521 2016 scipso

1942 2035 2331 2101 quodammodo
2374 2038 2687 2107 baptizavit,
2737 2046 2863 2093 tunc
2913 2037 3261 2105 illuminavit;
3305 2037 3520 2107 quando

1943 2124 2175 2191 inunxit,
2203 2125 2426 2181 fortasse
2450 2127 2886 2181 catechumenum
2918 2127 3060 2182 fecit.
3092 2126 3275 2181 Potest
3302 2126 3526 2197 quidem

1943 2214 2097 2269 aliter
2119 2225 2276 2285 atque
2295 2218 2447 2272 aliter
2472 2218 2602 2271 tanti
2624 2217 2942 2271 sacramenti
2967 2216 3159 2286 exponi
3186 2215 3521 2287 profunditas

1942 2312 1997 2358 et
2037 2307 2392 2374 pertractari‘
2423 2324 2437 2359 :
2470 2306 2563 2360 sed
2599 2306 2701 2361 hoc
2739 2305 2969 2361 sufﬁciat
2995 2304 3250 2361 Charitati
3291 2316 3517 2371 vestrae;

1943 2397 2162 2451 audistis
2180 2397 2379 2466 grande
2402 2397 2732 2467 mysterium.
2759 2396 3031 2467 interroga
3058 2395 3527 2461 hominem,.Chri-

1944 2486 2148 2542 stianus
2171 2486 2264 2542 es?
2292 2487 2603 2556 ReSpondet
2633 2487 2743 2553 tibi,
2772 2486 2888 2542 Non
2914 2502 3062 2554 sum,
3090 2487 3132 2542 si
3164 2487 3402 2558 Paganus
3437 2497 3533 2543 est~

1944 2585 2034 2631 aut
2058 2576 2294 2632 Judceus.
2327 2577 2382 2633 Si
2408 2588 2583 2632 autem
2609 2578 2817 2642 dixerit,
2849 2577 3007 2644 Sum;
3037 2578 3215 2633 adhuc
3231 2578 3426 2648 quaeris
3451 2579 3541 2634 ab-

1944 2682 2010 2723 eo
2029 2709 2044 2734 ,
2071 2668 2494 2723 Catechumenus
2513 2711 2528 2737 ,
2557 2668 2863 2724 an‘ﬁdelis?
2885 2668 2945 2723 Si
2969 2669 3328 2739 responderit,
3358 2669 3519 2725 Cate-

1945 2760 2274 2826 chumenus;
2318 2760 2562 2814 innnctus
2603 2768 2707 2825 est,
2756 2760 2997 2814 nondum
3028 2761 3187 2815 lotus.
3232 2759 3339 2815 Sed
3381 2762 3543 2816 unde

1947 2850 2224 2904 innnctus?
2244 2850 2455 2916 Quaere,
2482 2860 2535 2903 et
2556 2849 2867 2918 respondet;
2887 2863 3066 2919 quaere
3086 2850 3155 2904 ah
3174 2850 3265 2905 illo
3287 2850 3337 2903 in
3362 2865 3519 2919 quem

1945 2940 2127 2994 credat
2153 2959 2165 2995 :
2194 2955 2259 2995 eo
2286 2940 2399 3010 ipso
2418 2957 2523 3010 quo
2542 2939 2956 2995 catechumenos
2981 2949 3082 3005 est,
3111 2940 3260 3005 dicit,
3284 2939 3340 2994 In
3365 2940 3522 2995 Chri-

1945 3040 2107 3084 stum.
2137 3031 2272 3085 Ecce
2300 3031 2459 3085 modo
2484 3031 2671 3100 loquor
2688 3038 2743 3084 et
2764 3031 3004 3085 ﬁdelibus
3027 3041 3082 3085 et
3102 3031 3517 3085 catechumenis.

1946 3121 2083 3189 Quid
2103 3122 2213 3176 dixi
2233 3121 2300 3176 de
2326 3131 2481 3190 sputo
2506 3130 2559 3176 et
2580 3122 2726 3175 luto?
2754 3120 2889 3187 Quia
2912 3119 3140 3175 Verbum
3171 3135 3295 3175 caro
3322 3120 3519 3175 factum
3620 3180 3623 3185 ν

1948 3221 2049 3267 est.
2081 3211 2192 3268 Hoc
2220 3220 2275 3267 et
2300 3211 2667 3267 catcchumeni
2688 3210 2906 3265 audiunt
2933 3229 2946 3264 :
2975 3211 3066 3266 sed
3097 3226 3201 3266 non
3226 3211 3304 3266 eis
3330 3210 3525 3266 sufﬁcit

1946 3304 2171 3377 adquod
2192 3304 2388 3359 inuncti
2415 3311 2566 3368 sunt;
2599 3301 2932 3357 festinentad
2959 3302 3247 3369 lavacrum,
3272 3302 3319 3358 si
3344 3302 3521 3357 lumen

1947 3395 2235 3464 inquirunt.

2018 3489 2070 3542 5.
2098 3486 2214 3541 Jam
2242 3499 2389 3554 ergo-
2403 3490 2624 3554 propter
2641 3481 2898 3553 quasdam
2926 3481 2979 3536 in
3016 3481 3115 3536 hac
3151 3481 3263 3552 ipsa
3294 3481 3525 3537 lectione

1947 3579 2287 3650 quaestiones,
2316 3575 2708 3630 verbaDomini
2736 3583 2787 3629 et
2808 3574 2973 3643 ipsius
2994 3574 3254 3628 universa:
3281 3573 3523 3629 lectionis

1946 3684 2319 3741 percurramus
2346 3669 2519 3737 potius
2546 3682 2702 3736 quam
2735 3674 3037 3719 tractemus.
3061 3664 3253 3718 Exiens
3277 3666 3400 3719 vidit
3424 3666 3522 3720 lto-

1948 3761 2132 3814 miuem
2158 3775 2344 3812 aecum
2376 3773 2394 3811 :
2423 3772 2528 3810 non
2558 3766 2840 3824 utcumque
2863 3769 3093 3818 caecum,
3125 3753 3218 3807 sed
3237 3795 3250 3817 ,
3282 3770 3314 3805 a
3337 3755 3522 3808 nativi-

1949 3859 2067 3905 tate.
2104 3848 2172 3901 Et
2217 3850 2642 3917 interrogaverunt
2685 3861 2798 3898 eum
2844 3845 3075 3914 discipuli
3125 3846 3233 3915 ejus
3278 3859 3296 3897 :
3338 3844 3518 3899 Rabiri.

1948 3941 2108 3996 Scitis
2148 3939 2307 3993 Rabbi
2344 3939 2462 4007 quia
2504 3936 2759 4006 magister
2800 3942 2901 3990 est.
2942 3935 3245 4005 Magistrum
3286 3936 3523 4006 appella—-

1949 4032 2093 4095 bant,
2124 4031 2244 4100 quia
2270 4029 2473 4084 discere
2506 4026 2878 4081 desiderabant
2910 4041 2923 4078 :
2956 4025 3525 4095 qumstionem‘quippe

1950 4122 2176 4176 Domino
2192 4126 2575 4189 proposuerunt
2594 4125 2841 4185 tanquam
2856 4115 3126 4184 magistro,
3145 4117 3269 4181 Quis
3285 4119 3539 4187 peccauit,.

1949 4214 2050 4275 hic,
2076 4228 2144 4263 an
2181 4220 2409 4279 parentes
2443 4208 2573 4276 ejus,
2612 4215 2666 4259 ut
2704 4221 2866 4259 catcus
2902 4207 3223 4259 nasceretur?
3248 4206 3537 4276 Respondita

1947 4300 2097 4355 Iesus
2135 4315 2155 4353 :
2198 4298 2373 4368 Neque
2415 4298 2495 4349 hic
2544 4295 2783 4366 peccavit,
2825 4310 2982 4363 neque
3019 4304 3247 4364 parentes
3289 4296 3429 4365 ejus,
3467 4306 3537 4351 ιιι·

1948 4403 2121 4444 ctrcus
2140 4396 2464 4443 nasceretur.
2489 4384 2622 4452 Quid
2644 4392 2726 4438 est
2745 4383 2886 4453 quod
2907 4383 3040 4437 dixit
3053 4384 3079 4436 ?-
3095 4383 3344 4438 Sinullus
3365 4384 3541 4440 homo

1950 4481 2065 4533 sine
2092 4486 2329 4547 peccato,
2360 4474 2614 4544 numquid
2645 4472 3227 4542 parenteshujusczeci
3256 4474 3377 4528 sine.
3398 4491 3528 4544 pec-

1950 4577 2069 4624 cato
2106 4568 2291 4623 erant?
2313 4565 2575 4634 Numquid
2611 4564 2724 4632 ipse
2758 4562 2840 4616 vel
2881 4563 2995 4616 sine
3029 4563 3277 4633 originali.
3310 4574 3526 4634 peccato

1951 4668 2107 4714 natus
2151 4666 2295 4720 erat,
2336 4656 2418 4710 vel
2470 4654 2698 4708 vivendo
2743 4652 2877 4706 nihil
2922 4652 3245 4708 addiderat?
3273 4654 3353 4708 An
3400 4656 3523 4725 quia
3574 4713 3581 4729 ε

1952 4750 2135 4805 oculos
2162 4748 2373 4801 clausos
2402 4743 2649 4806 habebat,
2679 4741 3120 4811 concupiscentiae
3149 4742 3364 4798 minime
3394 4744 3526 4812 vigi-

1955 4841 2131 4895 labant
2155 4839 2211 4892 ’ἲ
2234 4834 2605 4904 Quantamala
2627 4833 2964 4887 committunt
2982 4833 3110 4888 caeci
3131 4834 3219 4887 [Α
3251 4848 3356 4901 quo
3384 4833 3525 4886 malo
3568 4818 3571 4821 ’

1952 4932 2183 4985 abstinet
2201 4943 2353 4983 mens
2373 4926 2537 4989 mala,
2562 4925 2723 4979 etiam
2744 4924 2941 4979 clausis
2960 4923 3160 4978 oculis?
3180 4923 3294 4979 Non
3318 4932 3525 4993 poterat

1953 5020 2154 5083 videre,
2192 5017 2287 5073 sed
2330 5023 2567 5071 noverat
2589 5013 2843 5084 cogitare,
2884 5022 2939 5068 et
2976 5014 3114 5069 forte
3148 5014 3525 5081 concupiscere

1954 5108 2149 5180 aliquid
2176 5107 2316 5178 quod
2338 5122 2513 5162 aecus
2544 5120 2647 5160 non
2676 5112 2855 5174 posset
2884 5104 3131 5172 implere,
3161 5104 3254 5159 sed
3280 5104 3334 5157 in
3362 5104 3525 5158 corde

1951 5202 2173 5273 judicari
2204 5216 2233 5254 a
2273 5194 2462 5255 cordis
2501 5206 2908 5266 perscrutatore.
2939 5196 2993 5251 Si
3031 5210 3156 5265 ergo
3184 5205 3238 5251 et
3278 5204 3527 5266 parentes

1956 5294 2071 5363 ejus
2110 5292 2405 5345 habuerunt
2443 5299 2737 5359 peccatum,
2773 5296 2827 5341 et
2862 5288 2961 5343 iste
2996 5288 3177 5342 habuit
3214 5298 3526 5359 peccatum;

1956 5398 2121 5453 quare
2160 5382 2410 5435 Dominus
2448 5380 2599 5443 dixit,
2632 5377 2807 5448 Neque
2844 5378 2925 5430 Itic
2964 5378 3203 5447 peccavit,
3242 5393 3400 5448 neque
3431 5396 3528 5448 pa-

1956 5483 2117 5527 rentes
2142 5489 2249 5543 ejus
2276 5488 2294 5524 :
2322 5471 2419 5524 nisi
2463 5471 2529 5523 ad
2574 5484 2683 5522 rem
2728 5469 2793 5522 de
2820 5484 2921 5537 qua
2953 5469 3305 5538 interrogatus
3340 5477 3442 5534 est,
3472 5477 3535 5525 ut

1958 5579 2118 5617 cwcus
2148 5561 2476 5615 nasceretur?
2506 5557 2776 5613 llahebant
2805 5559 2943 5612 enim
2976 5570 3249 5628 peccatum
3282 5570 3534 5631 parentes

2024 5698 2037 5729 ι
2066 5703 2113 5758 lu
2136 5694 2381 5758 plerisque
2407 5701 2531 5751 Mss,
2555 5691 2695 5758 aliter
2727 5696 2865 5758 atque
2890 5690 3030 5758 aliter
3062 5692 3184 5747 ratio
3218 5694 3337 5747 tanti
3364 5708 3533 5747 δαιτα-

1960 5757 2104 5809 menti
2130 5752 2316 5819 exponi
2325 5762 2369 5806 et
2391 5752 2677 5817 pertractari
2700 5752 3014 5819 profunditas.

2031 5822 2051 5851 ³
2074 5821 2143 5869 sic
2163 5814 2331 5868 omnes
2352 5814 2500 5880 prope
2518 5822 2621 5864 Mss.
2647 5814 2708 5865 At
2726 5814 2856 5876 editi,
2882 5814 3115 5879 vigilabat.
