4030 6502
540 369 679 424 1715

537 485 672 551 ejus.
694 478 786 535 sed
808 492 912 534 nou
935 477 1054 548 ipso
1074 483 1290 546 peccato
1314 472 1508 528 factum
1540 479 1623 526 est
1651 479 1708 524 ut
1726 483 1899 524 caicus
1923 483 2110 522 nasce-

536 580 706 626 retur.
749 569 808 626 Si
831 583 968 639 ergo
1006 583 1110 622 non
1148 572 1364 636 peccato
1401 562 1596 618 factum
1633 571 1717 616 est
1746 567 2020 630 parentum
2055 567 2113 614 ut

536 677 710 720 caecus
735 667 1058 724 nasceretur,
1087 671 1249 727 quare
1268 669 1439 710 caecus
1468 662 1622 708 natus
1641 653 1764 707 est?
1789 649 1926 705 Audi
1949 648 2113 718 magi-

538 761 707 806 strum
734 751 1010 804 docentem
1045 766 1060 802 :
1086 747 1271 818 quierit
1296 743 1623 810 credentem,
1652 751 1709 796 ut
1731 741 1887 798 faciat
1914 739 2113 794 intelli-

535 843 768 903 gentem.
796 831 914 902 lpse
935 845 1146 886 causam
1165 829 1295 883 dicit
1319 842 1482 897 quare
1503 827 1590 881 ille
1617 840 1794 880 czecus
1823 825 1891 878 sit
1913 831 2070 877 natus
2094 837 2108 874 :

513 922 716 993 .Neque
743 923 824 977 Itic
853 921 1090 992 peccavit,
1123 918 1310 988 inquit,
1339 935 1495 986 neque
1516 926 1743 987 parentes
1768 916 1876 985 ejus
1905 929 1926 968 :
1945 913 2032 966 sed
2058 921 2112 966 ut

512 1017 918 1086 omanifestentur
942 1029 1094 1084 opera
1123 1011 1217 1066 Dei
1243 1012 1295 1065 in
1321 1010 1430 1064 illo.

603 1107 658 1161 4.
701 1105 900 1161 Deinde
923 1104 1046 1174 quid
1083 1103 1355 1172 sequitur?
1383 1100 1467 1156 Me
1495 1109 1687 1172 Oportet
1724 1099 1924 1170 operari
1952 1113 2107 1166 opera

533 1196 643 1263 eius
669 1197 754 1266 qui
787 1195 919 1248 misit
958 1211 1054 1248 me.
1090 1194 1227 1248 Ecce
1255 1203 1336 1248 est
1364 1193 1454 1248 ille
1493 1193 1686 1246 missus
1712 1191 1765 1245 in
1792 1204 1900 1260 quo
1922 1188 2111 1244 faciem

534 1287 660 1342 lavit
677 1302 871 1342 caseus.
899 1287 965 1342 Et
991 1287 1165 1342 videte
1189 1286 1315 1355 quid
1335 1284 1550 1350 dixerit,
1579 1283 1665 1338 Hc
1684 1292 1879 1353 oportet
1915 1282 2115 1352 operari

531 1395 685 1442 opera
703 1381 813 1450 ejus
835 1379 921 1449 qui
939 1379 1072 1432 ntisit
1093 1395 1191 1444 me,
1209 1379 1365 1431 donec
1383 1377 1489 1431 dies
1509 1385 1601 1430 est.
1630 1375 1894 1430 Memento
1914 1383 1964 1428 te
1983 1387 2116 1443 quo-

531 1471 692 1524 modo
720 1471 1019 1525 universam
1042 1470 1258 1538 gloriam
1292 1469 1364 1523 illi
1395 1469 1484 1523 dat
1503 1468 1572 1523 de
1599 1483 1706 1538 quo
1729 1477 1812 1523 est
1837 1485 1851 1520 :
1875 1467 1996 1536 quia
2027 1466 2113 1521 ille

531 1561 691 1616 habet
716 1561 878 1616 lilium
905 1563 994 1631 qui
1020 1563 1088 1616 de
1120 1562 1207 1615 illo
1229 1561 1317 1626 sit,
1342 1561 1454 1629 ipse
1483 1574 1586 1613 non
1617 1559 1773 1613 habet
1799 1557 1867 1612 de
1889 1572 1996 1627 quo
2022 1557 2114 1612 sit.

531 1651 638 1706 Sed
660 1667 824 1721 quare
846 1652 1048 1716 dixisti,
1073 1652 1315 1717 Domine,
1339 1653 1494 1704 donec
1516 1650 1621 1704 dies
1645 1649 1751 1703 est?
1773 1648 1909 1703 Audi
1931 1663 2112 1718 quare.

544 1740 688 1795 Venit
713 1742 729 1772 ¹
759 1757 861 1795 nox
886 1742 1090 1812 quando
1137 1757 1282 1794 nemo
1307 1750 1464 1811 potest
1503 1740 1720 1810 operari.
1756 1738 1866 1794 Nec
1908 1747 1986 1801 tu,
2015 1738 2118 1790 Do-

537 1832 719 1888 mine?
746 1832 890 1886 ltane
919 1841 1119 1888 tantum
1145 1831 1343 1886 valebit
1363 1847 1465 1885 nox
1496 1831 1605 1897 illa,
1648 1839 1706 1885 ut
1735 1845 1833 1886 nec
1861 1840 1915 1884 tu
1946 1830 2117 1898 possis

530 1923 588 1978 in
611 1938 675 1978 ea
698 1923 932 1992 operari,
960 1921 1110 1990 cujus
1137 1937 1268 1992 opus
1289 1937 1390 1974 nox
1413 1921 1531 1975 est?
1556 1921 1688 1974 Puto
1707 1921 1869 1983 enim,
1896 1919 2117 1974 Domine

537 2014 686 2082 Jesu,
715 2015 822 2069 imo
851 2028 956 2069 non
985 2024 1126 2083 puto,
1169 2013 1262 2068 sed
1289 2014 1452 2068 credo
1487 2023 1646 2084 atque
1682 2012 1942 2068 conﬁrmo
1969 2022 2020 2067 te
2048 2013 2117 2066 ibi

531 2107 718 2172 fuisse,
757 2107 972 2176 quando
1010 2105 1142 2160 dixit
1169 2106 1330 2172 Deus,
1371 2103 1492 2158 Fiat
1521 2105 1646 2171 lux;
1673 2115 1721 2159 et
1745 2109 1880 2176 facta
1921 2113 1995 2158 est
2031 2103 2120 2158 tua:

534 2194 687 2266 (Gen.
720 2213 758 2261 ι,
787 2197 866 2267 3).
893 2198 950 2252 Si
975 2197 1116 2252 enim
1145 2196 1321 2252 Verbo
1352 2195 1495 2261 fecit,
1526 2211 1619 2266 per
1643 2207 1693 2251 te
1720 2195 1845 2250 fecit
1873 2213 1888 2250 :
1919 2207 1974 2251 et
1999 2196 2118 2252 ideo

531 2286 731 2342 dictum
776 2296 880 2353 est,
921 2286 1104 2341 Omnia
1142 2304 1230 2358 per
1256 2288 1422 2355 ipsum
1448 2292 1583 2356 facta
1620 2296 1755 2351 sunt,
1787 2295 1834 2339 et
1869 2287 1978 2340 sine
2008 2287 2119 2356 ipso

535 2381 724 2446 factum
751 2387 825 2433 est
845 2379 971 2432 nihil
996 2371 1235 2449 (Joanft,
1258 2379 1339 2449 ὅ).
1371 2377 1549 2431 Divisit
1579 2376 1720 2432 Deus
1746 2377 2054 2430 interlucent
2075 2384 2121 2430 et

529 2471 799 2536 tenebras;
829 2471 989 2524 lacent
1014 2470 1204 2524 vocavit
1223 2469 1375 2534 diem,
1397 2479 1444 2523 et
1461 2469 1685 2522 tenebras
1713 2468 1901 2522 vocavit
1929 2477 2122 2521 noctem

537 2561 686 2632 (Gen.
719 2579 756 2626 ι,
785 2563 840 2628 ι,
871 2562 950 2634 5).

611 2653 668 2707 5.
706 2653 835 2721 Quae
863 2665 943 2707 est
961 2652 1048 2708 illa
1071 2668 1196 2716 nox,
1225 2667 1344 2722 quae
1381 2667 1501 2706 cum
1532 2651 1758 2715 venerit,
1789 2664 1950 2710 nemo
1975 2657 2123 2720 pote-

537 2745 608 2799 rit
634 2744 882 2814 operari?
904 2743 1038 2800 Audi
1067 2744 1188 2813 quid
1220 2743 1289 2796 sit
1316 2741 1451 2807 dies,
1480 2750 1534 2796 et
1557 2750 1681 2796 tunc
1710 2740 1974 2810 intelliges
2003 2753 2123 2807 quae

535 2835 606 2890 sit
643 2849 768 2889 nox.
796 2833 952 2890 Unde
979 2847 1164 2888 sumus
1195 2832 1420 2886 audituri
1458 2832 1698 2900 quisnam
1735 2831 1804 2886 sit
1839 2830 1955 2884 dies
1984 2829 2123 2884 iste?

533 2924 654 2994 Ipse
672 2924 844 2978 dicat:
866 2923 1119 2989 Quamdiu
1134 2923 1187 2975 in
1209 2922 1302 2975 hoc
1323 2924 1509 2974 mundo
1528 2938 1662 2986 sum,
1683 2919 1770 2974 tua:
1793 2937 1902 2974 sam
1926 2920 2118 2972 mundi.

535 3015 676 3070 Ecce
705 3016 820 3084 ipse
843 3023 925 3068 est
951 3013 1085 3067 dies.
1117 3012 1283 3066 Lavet
1308 3012 1492 3066 oculos
1525 3027 1698 3065 caicus
1734 3011 1785 3065 in
1817 3010 1927 3076 die,
1957 3019 2016 3063 ut
2042 3011 2123 3063 vi-

536 3105 661 3159 deat
681 3103 842 3157 diem.
868 3103 1146 3167 Quamdiu,
1192 3102 1381 3171 inquit,
1426 3102 1479 3154 in
1507 3101 1694 3154 mundo
1734 3117 1865 3165 sunt,
1895 3101 1984 3153 lux
2010 3117 2122 3154 sunt

537 3195 733 3248 mandi.
765 3193 906 3262 Ergo
936 3193 1116 3247 nescio
1153 3208 1272 3262 qua:
1315 3207 1420 3247 nox
1449 3192 1571 3258 erit,
1599 3191 1813 3261 quando
1845 3191 1916 3244 ibi
1960 3191 2118 3245 Chri-

538 3292 652 3338 stus
679 3299 784 3338 non
824 3283 957 3348 erit;
988 3283 1110 3338 ideo
1143 3297 1300 3338 nemo
1330 3284 1524 3351 poterit
1552 3282 1780 3350 operari.
1826 3281 2011 3336 Restat
2040 3282 2122 3334 in-

537 3375 771 3443 quirere.
814 3373 1002 3427 fratres
1045 3372 1170 3438 mei,
1214 3373 1472 3442 patienter
1501 3372 1724 3441 accipite
1767 3372 2121 3440 inquirentem

540 3479 628 3519 me
647 3482 659 3517 :
675 3463 944 3518 vobiscum
959 3478 1161 3533 quaero,
1180 3464 1452 3518 vobiscum
1472 3463 1735 3517 inveniam
1749 3478 1778 3516 a
1799 3479 1904 3533 quo
1917 3476 2120 3531 qnzcro.

541 3553 776 3622 Constat,
799 3569 1107 3624 expressum
1129 3571 1192 3611 ac
1213 3556 1484 3611 dclinitum
1509 3564 1611 3620 est,
1634 3555 1772 3611 diem
1795 3569 2124 3609 commemo-

543 3663 692 3704 rasse
708 3649 986 3704 Dominum
1007 3651 1104 3706 hoc
1121 3651 1236 3705 loco
1257 3652 1512 3719 seipsuin,
1535 3653 1586 3706 id
1608 3660 1688 3706 est
1706 3652 1880 3706 lumen
1904 3650 2120 3705 mundi:

545 3741 820 3808 Quamdiu,
855 3744 1039 3813 inquit,
1069 3761 1182 3798 sum
1209 3744 1262 3797 in
1300 3745 1394 3802 hoc
1428 3748 1632 3811 mando,
1665 3747 1755 3801 lux
1789 3765 1901 3802 sum
1929 3747 2122 3801 mundi.

546 3832 688 3902 Ergo
741 3833 852 3901 ipse
904 3844 1174 3901 opt-ratur.
1228 3837 1490 3904 Quamdiu
1550 3847 1633 3892 est
1685 3849 1862 3892 autem
1921 3838 1972 3892 in
2025 3837 2127 3892 hoc

546 3923 786 3976 mundo?
833 3923 1088 3984 I’utamus
1129 3944 1274 3993 eum,
1317 3929 1527 3991 fratres,
1558 3928 1720 3982 fuisse
1761 3929 1847 3984 hic
1889 3938 2032 3992 tunc.
2074 3935 2128 3982 et

545 4012 705 4069 modo
745 4034 851 4073 non
879 4019 964 4072 hic
991 4017 1145 4072 esse?
1173 4017 1228 4072 Si
1255 4033 1382 4086 ergo
1423 4017 1522 4071 hoc
1549 4026 1813 4085 putamus,
1855 4019 1960 4087 jam
1999 4031 2129 4086 ergo

549 4117 673 4178 post
705 4123 984 4163 ascensum
1013 4107 1220 4160 Domini
1247 4107 1382 4160 facta
1423 4115 1506 4160 est
1542 4119 1646 4159 nox
1681 4107 1780 4160 ista
1820 4105 2123 4171 metuenda,

551 4198 643 4251 ubi
673 4211 829 4252 nemo
853 4197 1016 4265 possit
1034 4196 1242 4264 cperari
1271 4211 1282 4246 :
1307 4195 1351 4247 si
1382 4202 1496 4262 post
1518 4208 1794 4247 ascensum
1817 4193 2022 4248 Domini
2047 4192 2128 4246 fa-

554 4298 636 4342 cta
675 4297 758 4343 est
799 4302 899 4342 uox
932 4287 1052 4351 ista,
1102 4285 1241 4339 unde
1273 4284 1511 4354 Apostoli
1541 4292 1685 4337 tanta
1729 4285 1932 4354 operati
1969 4285 2127 4340 sunt?

551 4377 816 4446 Numquid
847 4377 945 4430 ista
975 4391 1080 4430 nox
1108 4383 1243 4441 erat,
1282 4373 1495 4444 quando
1521 4374 1748 4443 Spiritus
1789 4384 2002 4430 sanctus
2030 4392 2128 4430 ve-

552 4471 727 4534 niens,
753 4479 807 4524 et
835 4482 1024 4523 omnes
1052 4467 1142 4536 qui
1164 4467 1215 4520 in
1244 4481 1349 4520 uno
1371 4465 1488 4520 loco
1515 4475 1668 4520 erant
1693 4465 2008 4536 adimplens,
2036 4467 2132 4521 de-

551 4559 632 4614 dit
667 4559 744 4614 eis
770 4558 910 4628 loqui
944 4557 1181 4611 omnium
1223 4555 1455 4626 gentium
1502 4553 1694 4624 linguis
1723 4555 1854 4626 (Act.
1886 4571 1944 4621 ιι,
1974 4554 2129 4628 1-6)ἳ

553 4647 817 4719 Numquid
845 4663 948 4701 nox
973 4655 1090 4700 erat
1112 4646 1320 4715 quando
1340 4644 1558 4699 claudus
1581 4645 1668 4700 ille
1692 4646 1757 4699 ad
1783 4646 2001 4701 verbum
2031 4647 2131 4701 Pe-

555 4739 624 4793 tri
651 4739 826 4793 salvus
849 4737 1070 4792 eﬂ‘ectus
1111 4745 1214 4802 est,
1252 4735 1359 4789 imo
1395 4736 1461 4790 ad
1494 4735 1711 4790 verbum
1740 4737 1947 4790 Domini
1983 4737 2132 4792 habi-

556 4831 716 4886 tantis
740 4829 794 4884 in
810 4829 968 4884 Petro
985 4826 1094 4898 (Id.
1120 4843 1194 4890 in,
1213 4826 1365 4898 6-8)?
1381 4826 1642 4896 Numquid
1663 4841 1768 4882 nox
1788 4837 1902 4882 erat
1920 4829 2132 4897 quando

555 4921 953 4978 transeuntibus
976 4919 1246 4988 discipulis
1267 4919 1392 4988 :cgri
1413 4934 1532 4973 cum
1550 4918 1756 4972 lectulis
1776 4919 2127 4988 ponebantur,

554 5026 616 5072 ut
637 5015 720 5070 vel
751 5012 935 5069 umbra
977 5012 1361 5066 transeuntium
1408 5020 1748 5080 tangerentur
1774 5010 1882 5082 (Id.
1918 5027 1970 5075 v,
2000 5009 2132 5082 l5)?

553 5109 812 5163 Dominus
857 5115 1033 5160 autem
1078 5119 1198 5158 cum
1244 5103 1329 5157 hic
1364 5111 1526 5169 esset,
1564 5103 1826 5157 neminem
1871 5103 2133 5157 transiens

555 5199 744 5253 umbra
777 5211 870 5252 sua
902 5196 1111 5251 salvum
1139 5193 1263 5248 fecit
1289 5209 1305 5247 :
1335 5192 1428 5248 sed
1459 5193 1575 5262 ipse
1608 5192 1880 5262 discipulis
1904 5192 2128 5258 dixerat,

557 5286 765 5356 Majora
791 5287 970 5340 horum
991 5285 1183 5357 facietis
1211 5283 1386 5356 (Joan.
1414 5298 1524 5346 xiv,
1553 5281 1660 5352 li).
1691 5282 1900 5336 Dixerat
1921 5281 2132 5351 quidem

558 5377 833 5440 Dominus,
865 5375 1068 5447 Majora
1103 5377 1280 5430 horam
1308 5374 1499 5443 facietis
1520 5389 1538 5426 :
1567 5373 1658 5427 sed
1693 5387 1796 5427 non
1829 5387 1887 5427 se
1912 5374 2135 5428 extollat

559 5480 686 5518 caro
710 5475 764 5520 et
787 5468 1027 5535 sanguis;
1063 5465 1242 5520 audiat
1267 5463 1552 5530 dicentem,
1583 5451 1714 5516 Sine~
1730 5479 1807 5514 me
1840 5463 1967 5516 nihil
1995 5473 2134 5532 pote-

559 5555 650 5608 stis
680 5556 841 5623 [acere
866 5555 975 5624 (Id.
1003 5571 1100 5620 xv,
1134 5556 1214 5623 5).

633 5646 686 5698 6.
728 5644 863 5710 Quid
889 5645 1080 5714 igitur?
1100 5645 1222 5715 quid
1239 5645 1478 5701 dicemus
1496 5644 1560 5702 de
1581 5655 1735 5700 nocte
1759 5645 1894 5700 ista?
1911 5645 2134 5712 Quando

628 5759 645 5788 ⁸
669 5762 775 5806 Mss.
796 5754 1035 5818 plerique,
1067 5755 1240 5806 t'cnict.

1467 358 1532 411 IN
1569 355 1845 412 JOANNIS
1881 353 2348 421 EVANGELIUM,
2389 354 2445 409 S.
2487 354 2850 411 AUGUSTINI

3659 367 3794 422 1718

2218 467 2341 535 erit,
2373 467 2586 538 quando
2623 483 2780 524 nemo
2807 471 3000 539 poterit
3024 469 3277 543 operari?
3313 473 3427 529 Nox
3454 476 3555 531 ista
3599 478 3795 550 impio-

2218 573 2335 611 rum
2361 557 2463 612 erit
2490 575 2504 611 :
2533 575 2638 613 nox
2669 559 2766 614 ista
2795 576 2979 616 eorum
3003 563 3106 618 erit
3129 564 3319 634 quibus
3344 565 3395 620 in
3428 565 3532 622 line
3560 567 3790 638 dicetur,

2217 645 2299 700 Ite
2313 647 2364 700 in
2395 647 2555 718 ignem
2578 659 2837 715 (uernam,
2873 652 2958 720 qui
2984 662 3191 721 paratus
3217 665 3287 708 est
3315 655 3517 709 diabolo
3539 666 3584 710 et
3603 661 3795 730 angelis

2217 739 2346 809 ejus.
2374 738 2478 795 Sed
2504 755 2605 795 nox
2631 741 2770 794 dicta
2797 750 2903 807 est,
2936 759 3040 796 non
3067 744 3302 811 flamma,
3333 760 3438 800 non
3471 748 3627 817 ignis.
3656 751 3795 806 Audi

2217 831 2339 901 quia
2363 841 2418 886 et
2441 848 2545 887 nox
2572 841 2674 888 est.
2699 833 2773 890 De
2793 835 3023 905 quodam
3045 852 3202 892 servo
3219 837 3369 906 dicit,
3392 838 3570 912 Ligate
3589 842 3666 896 illi
3689 861 3800 897 ma-

2217 939 2314 976 nus
2354 932 2402 977 et
2439 923 2607 992 pedes,
2649 933 2697 978 et
2742 926 2969 994 projicite
3014 943 3128 981 eam
3173 929 3226 982 in
3265 929 3487 984 tenebras
3528 934 3799 988 exteriora

2222 1011 2432 1082 (Matth.
2456 1030 2589 1081 xxu,
2625 1013 2736 1086 15).
2765 1016 3027 1086 Operetur
3052 1035 3182 1090 ergo
3210 1020 3369 1074 homo
3392 1022 3523 1077 dum
3553 1025 3704 1090 vivit,
3733 1040 3800 1080 ne

2218 1101 2307 1156 illa
2334 1112 2491 1158 nocte
2511 1105 2882 1173 praeveniatur,
2905 1107 2994 1162 ubi
3017 1124 3172 1163 nemo
3191 1109 3360 1180 possit
3383 1114 3614 1182 operari.
3640 1115 3799 1172 Modo

2217 1201 2298 1247 est
2333 1202 2390 1247 ut
2435 1203 2684 1264 operetur
2726 1197 2857 1252 lides
2909 1214 3003 1268 per
3033 1198 3372 1256 dilectionem
3401 1219 3414 1256 :
3442 1212 3499 1258 et
3540 1204 3586 1258 si
3632 1207 3796 1262 modo

2218 1299 2522 1356 operemur,
2551 1287 2635 1342 hic
2659 1289 2891 1356 estdies,
2919 1291 3006 1346 hic
3028 1300 3110 1346 est
3129 1293 3387 1349 Christus.
3415 1295 3548 1351 Audi
3573 1299 3802 1367 promit-

2219 1385 2438 1441 tentem,
2479 1385 2535 1432 et
2581 1393 2649 1433 ne
2685 1379 2959 1436 arbitreris
3003 1383 3299 1438 absentem.
3337 1384 3454 1454 Ipse
3483 1386 3633 1452 dixit,
3665 1387 3802 1444 Ecce

2219 1484 2308 1538 ego
2334 1469 2586 1522 vobiscum
2615 1487 2747 1525 sum.
2777 1471 3076 1539 Quamdiu?
3101 1475 3215 1530 Non
3239 1475 3310 1530 sit
3337 1477 3388 1530 in
3421 1478 3573 1532 nobis
3603 1480 3798 1535 sollici~

2221 1557 2346 1612 tudo
2373 1559 2461 1629 qui
2493 1560 2713 1615 vivimus
2742 1578 2756 1614 :
2788 1563 2831 1616 si
2859 1563 2970 1618 ﬁeri
3007 1575 3211 1633 posset,
3243 1566 3309 1620 de
3340 1567 3439 1621 hac
3475 1569 3634 1624 etiam
3666 1586 3802 1626 voce

2219 1662 2463 1720 posteros
2511 1654 2601 1722 qui
2658 1654 2819 1709 futuri
2867 1667 3010 1722 sunt,
3063 1659 3434 1715 securissimos
3483 1662 3800 1720 faceremus.

2219 1739 2372 1805 Ecce,
2402 1743 2592 1812 inquit,
2619 1761 2708 1816 ego
2736 1745 2985 1800 vobiscum
3011 1765 3121 1802 sum
3150 1765 3302 1820 usque
3328 1751 3380 1804 in
3403 1756 3797 1807 consummatio-

2221 1849 2332 1886 nem
2358 1835 2529 1888 sarculi
2551 1835 2662 1904 (Id.
2687 1852 2873 1902 xxvui,
2901 1835 3016 1908 20).
3042 1839 3168 1893 Dies
3185 1839 3283 1894 iste
3307 1841 3395 1910 qui
3419 1843 3641 1896 circuitu
3671 1845 3805 1900 solis

2221 1924 2381 1995 hujus
2409 1926 2676 1996 impletur,
2705 1943 2898 1998 paucas
2939 1929 3098 1985 horas
3133 1931 3326 1987 habet.
3359 1932 3474 1987 dies
3504 1936 3804 2003 praesentia:

2221 2015 2420 2070 Christi
2443 2032 2610 2087 usque
2639 2019 2691 2072 in
2727 2021 3238 2075 consummationem
3266 2024 3445 2077 δίρρυιὶ
3477 2027 3802 2081 extenditur.

2223 2107 2351 2162 Post
2394 2110 2839 2164 resurrectionem
2881 2126 3010 2166 vero
3059 2113 3299 2166 vivorum
3342 2123 3397 2168 et
3446 2126 3804 2180 mortuorum,

2222 2211 2342 2251 cum
2386 2199 2572 2268 positis
2613 2199 2680 2253 ad
2721 2199 2993 2255 dexteram
3041 2201 3257 2267 dixerit,
3312 2203 3505 2269 Venite,
3558 2206 3808 2262 benedicti

2225 2285 2397 2340 Patris
2442 2289 2558 2352 mei,
2597 2289 2833 2358 percipite
2859 2306 3095 2359 regnum,
3137 2291 3320 2358 positis
3356 2304 3533 2347 autem
3577 2295 3643 2349 ad
3673 2298 3823 2352 sini-_

2223 2387 2388 2433 stram
2426 2379 2635 2441 dixerit,
2664 2378 2746 2433 Ite
2781 2381 2835 2434 in
2876 2381 3039 2450 ignem
3077 2392 3337 2444 (sternam,
3367 2385 3450 2452 qui
3481 2395 3686 2452 paratus
3735 2397 3809 2442 est

2224 2469 2424 2521 diabolo
2449 2479 2495 2521 et
2523 2469 2712 2539 angelis
2746 2471 2853 2540 ejus
2882 2469 2990 2539 (Id.
3015 2486 3146 2534 xxv,
3177 2472 3264 2534 54.
3294 2472 3384 2541 41)
3410 2491 3430 2526 .;
3457 2473 3525 2526 ibi
3556 2475 3658 2528 erit
3699 2491 3809 2530 nox

2224 2559 2313 2615 ubi
2340 2575 2497 2615 nemo
2525 2569 2702 2630 potest
2729 2562 2962 2630 operari,
2987 2562 3080 2617 sed
3114 2563 3354 2632 recipere
3383 2564 3522 2634 quod
3553 2576 3810 2634 operatus

2224 2659 2324 2704 est.
2368 2651 2522 2705 Aliud
2551 2659 2634 2706 est
2660 2662 2868 2721 tempus
2903 2652 3248 2722 operationis,
3282 2655 3424 2708 aliud
3453 2657 3807 2724 receptionis:

2225 2741 2410 2796 reddet
2439 2743 2580 2796 enim
2611 2743 2866 2798 Dominus
2893 2745 3176 2813 unicuique
3201 2745 3493 2800 secundum
3520 2762 3681 2815 opera
3711 2764 3812 2802 sua

2231 2831 2248 2902 (
2281 2829 2362 2885 Id.
2396 2847 2507 2897 xw,
2537 2831 2604 2887 27
2628 2834 2664 2901 ).
2693 2832 2824 2888 Cum
2886 2833 3038 2897 vivis,
3095 2833 3198 2900 fac,
3225 2835 3271 2888 si
3306 2835 3534 2890 facturus
3563 2853 3621 2891 es
3651 2855 3662 2889 :
3693 2839 3805 2893 erit

2225 2926 2366 2978 enim
2401 2932 2528 2978 tunc
2571 2939 2673 2978 nox
2702 2923 2894 2990 valida,
2926 2941 3044 2995 qua:
3088 2926 3322 2980 involvat
3365 2926 3575 2995 impios.
3606 2928 3718 2983 Sed
3759 2939 3815 2985 et

2227 3028 2386 3067 mouo
2419 3013 2594 3067 omnis
2618 3013 2865 3080 infidelis,
2893 3015 3105 3084 quando
3130 3017 3373 3081 moritur,
3392 3017 3478 3070 illa
3506 3025 3661 3072 nocte
3687 3033 3816 3074 sus-

2225 3103 2420 3172 cipitur
2447 3120 2460 3156 :
2491 3119 2594 3158 non
2650 3113 2734 3158 est
2765 3119 2816 3158 ut
2847 3105 2951 3157 itlic
2979 3104 3177 3173 aliquid
3209 3115 3476 3173 operetur.
3507 3107 3564 3160 In
3592 3107 3678 3160 illa
3716 3123 3818 3162 no-

2225 3202 2310 3246 cte
2337 3192 2487 3246 dives
2516 3193 2754 3257 ardebat,
2785 3201 2836 3246 et
2861 3192 3056 3246 stillam
3089 3208 3240 3263 aqua:
3277 3194 3347 3250 de
3373 3195 3538 3264 digito
3561 3199 3817 3266 pauperis

2227 3283 2528 3351 requirebat
2559 3282 2828 3346 :dolebat,
2879 3284 3202 3352 angebatur,
3255 3283 3553 3352 fatebatur,
3612 3301 3718 3340 nec
3764 3289 3818 3342 ei

2227 3373 2663 3436 subveniebatur;
2707 3381 2762 3426 et
2797 3384 3019 3427 conatus
3060 3382 3142 3427 est
3169 3373 3500 3429 benefacere.
3541 3375 3627 3429 Ait
3661 3378 3819 3432 enim

2227 3461 2454 3516 Abrahae
2487 3460 2682 3515 :Pater
2723 3461 3004 3525 Abraham,
3055 3465 3193 3516 mitte
3228 3463 3480 3517 Lazarum
3517 3465 3585 3516 ad
3625 3469 3819 3534 fratres

2227 3569 2384 3618 meos,
2417 3563 2469 3604 ut
2493 3553 2624 3605 dieat
2649 3553 2751 3606 illis
2780 3553 2902 3621 quid
2921 3554 3002 3606 hic
3028 3565 3225 3624 agatur,
3260 3571 3320 3607 ne
3342 3563 3387 3607 et
3414 3555 3513 3623 ipsi
3535 3556 3741 3609 veniant
3764 3557 3820 3610 in

2230 3645 2362 3698 hanc
2390 3644 2556 3698 locant
2583 3654 2940 3698 tormentorum
2967 3643 3117 3711 (Luc.
3149 3661 3251 3708 xvn,
3276 3645 3492 3713 24-28).
3517 3647 3562 3700 0
3592 3646 3815 3703 infelix!

2229 3734 2439 3804 quando
2473 3735 2707 3802 vivebas,
2757 3743 2880 3789 tunc
2929 3743 3043 3789 erat
3078 3746 3283 3803 tempus
3324 3736 3608 3805 operandi;
3647 3739 3823 3795 modo

2226 3828 2335 3895 jam
2365 3826 2416 3878 in
2447 3834 2599 3879 nocte
2626 3841 2705 3890 es,
2736 3825 2787 3879 in
2818 3842 2917 3893 qua
2943 3841 3100 3880 nemo
3125 3828 3291 3897 possit
3317 3827 3544 3896 operari.

2301 3919 2352 3971 7.
2401 3935 2418 3968 ι
2455 3917 2580 3971 llmc
2615 3932 2732 3972 cum
2754 3917 2996 3980 dixisset,
3036 3919 3246 3987 exspuit
3275 3919 3325 3971 in
3353 3928 3568 3980 terram,
3605 3928 3658 3974 et
3689 3918 3826 3975 fecit

2229 4007 2396 4060 lutum
2423 4021 2487 4060 ex
2514 4015 2690 4076 sputo,
2718 4016 2771 4060 et
2800 4006 2970 4060 linivit
3000 4008 3166 4061 lutum
3197 4023 3357 4076 super
3385 4008 3565 4062 oculos
3595 4009 3740 4077 ejus,
3767 4019 3828 4064 et

2231 4097 2362 4151 dixit
2383 4097 2430 4150 ei
2451 4114 2464 4148 :
2486 4097 2650 4160 Vade,
2677 4105 2731 4150 et
2753 4097 2864 4150 lava
2888 4097 2940 4150 in
2961 4098 3217 4152 natatoria
3238 4096 3380 4151 Siloe
3406 4117 3425 4149 ι
3452 4098 3613 4167 (quod
3638 4100 3824 4154 inter-

2233 4195 2470 4255 pretatur
2499 4185 2733 4256 Missus).
2770 4204 2788 4237 ι
2817 4185 2959 4240 Abiit
3001 4202 3144 4256 ergo,
3180 4196 3234 4242 et
3268 4187 3413 4252 lavit,
3458 4197 3513 4242 et
3547 4189 3710 4243 venit
3745 4191 3833 4244 vi-

2233 4277 2384 4332 dens.
2419 4294 2438 4328 ι
2478 4277 2600 4331 Haec
2620 4277 2740 4347 quia
2763 4276 3037 4331 manifesta
3067 4286 3210 4343 sunt,
3245 4287 3595 4333 transeamus.

2304 4371 2356 4426 8.
2405 4389 2422 4422 ι
2451 4371 2631 4440 Itaque
2670 4371 2848 4435 vicini,
2888 4379 2943 4425 et
2967 4371 3054 4440 qui
3079 4370 3330 4426 videbant
3365 4387 3485 4426 eum
3516 4371 3662 4440 prius
3692 4373 3836 4442 quia

2233 4463 2507 4518 mendicus
2535 4471 2668 4528 erat,
2695 4461 2944 4516 dicebant
2973 4480 2985 4516 :
3013 4461 3200 4518 Nonne
3229 4463 3314 4517 hic
3343 4473 3426 4517 est
3450 4464 3538 4532 qui
3568 4463 3831 4529 sedebat,

2234 4563 2288 4610 et
2313 4555 2682 4609 mendicabat?
2708 4555 2809 4609 Alii
2837 4555 3102 4620 dicebant,
3129 4555 3260 4622 Quia
3291 4555 3375 4610 hic
3404 4567 3485 4609 est
3522 4573 3535 4608 :
3561 4556 3671 4618 alii,
3721 4557 3838 4611 Nc-

2233 4661 2519 4715 qnaquam,
2546 4646 2640 4700 sed
2670 4647 2858 4701 similis
2885 4647 2974 4701 est
3000 4647 3134 4716 ejus.
3173 4664 3192 4697 ι
3227 4648 3408 4715 Aperti
3433 4646 3571 4700 oculi
3603 4647 3834 4700 vultum

2235 4745 2586 4790 mutaverant.
2623 4754 2642 4786 ι
2673 4737 2766 4790 Ille
2825 4737 3055 4798 dicebat,
3111 4736 3242 4802 Quia
3300 4751 3399 4806 ego
3450 4751 3587 4789 sum.
3619 4753 3638 4786 ι
3711 4737 3838 4789 V’ox

2235 4836 2402 4895 grata,
2450 4841 2518 4880 ne
2557 4825 2900 4880 damnaretur
2941 4827 3163 4896 ingrata.
3208 4844 3228 4877 r
3259 4825 3515 4880 Dicebant
3559 4839 3692 4893 ergo
3737 4827 3791 4879 ei
3821 4843 3838 4878 :

2235 4916 2512 4984 Quomodo
2541 4917 2704 4985 aperti
2727 4925 2850 4970 sunt
2871 4917 3008 4971 oculi
3037 4917 3151 4970 tui?
3175 4916 3467 4985 Respondit
3495 4934 3506 4968 :
3539 4917 3630 4970 Ille
3656 4915 3844 4970 homo

2236 5010 2324 5078 qui
2350 5010 2543 5063 dicitur
2564 5008 2910 5074 Jesus,lutum
2936 5007 3080 5072 fecit,
3111 5019 3166 5063 et
3187 5009 3336 5062 unxit
3361 5008 3544 5061 oculos
3565 5021 3750 5067 meos.
3781 5019 3846 5062 et

2237 5099 2369 5153 dixit
2389 5098 2538 5164 mihi,
2575 5098 2716 5153 Vade
2741 5099 2806 5152 ad
2831 5099 3144 5152 natatoriam
3171 5099 3334 5161 Siloe,
3358 5106 3411 5152 et
3437 5098 3572 5150 lava.
3602 5097 3665 5149 Et
3688 5099 3842 5164 abii,

2238 5199 2292 5243 et
2323 5189 2441 5251 lavi,
2471 5197 2525 5243 et
2548 5189 2676 5242 vidi.
2708 5207 2726 5240 ι
2761 5189 2899 5243 Ecce
2927 5189 3270 5242 annuntiator
3298 5187 3469 5241 factus
3493 5195 3574 5241 est
3598 5188 3805 5255 gratia:
3830 5205 3847 5252 ;

2238 5294 2363 5333 ecce
2390 5279 2738 5348 evangelizat,
2762 5280 3044 5332 conﬁtetur
3069 5278 3273 5333 videns.
3308 5279 3492 5333 Caecus
3529 5277 3616 5331 ille
3641 5277 3847 5331 confi-

2241 5372 2467 5434 tebatur,
2495 5381 2549 5425 et
2575 5386 2668 5426 cor
2690 5371 2971 5441 impiorum
3001 5369 3372 5441 frangebatur‘
3398 5385 3412 5435 ;
3446 5369 3567 5438 quia
3594 5383 3706 5422 non
3736 5369 3852 5422 ha-

2239 5461 2434 5516 bebant
2455 5463 2504 5515 in
2534 5461 2712 5526 corde,
2741 5461 2880 5532 quod
2904 5465 3011 5528 jam
3034 5462 3123 5516 ille
3151 5462 3378 5516 habebat
3404 5464 3456 5512 iu
3486 5459 3641 5512 facie.
3664 5457 3853 5514 Dixe-

2239 5561 2356 5604 runt
2379 5553 2424 5605 ei
2447 5567 2464 5604 :
2488 5551 2583 5605 Ubi
2608 5561 2680 5604 est
2701 5550 2788 5604 ille
2804 5551 2886 5622 qui
2907 5550 2991 5604 tibi
3011 5553 3203 5622 aperuit
3233 5551 3403 5604 oculos
3420 5550 3445 5602 ?
3469 5549 3550 5602 Ait
3569 5564 3588 5601 :
3615 5547 3850 5604 Nescio.

2242 5641 2296 5696 In
2343 5642 2425 5696 his
2466 5642 2640 5697 verbis
2679 5642 2886 5695 animus
2937 5642 3104 5712 ipsius
3143 5640 3316 5697 adhuc
3363 5640 3581 5695 inuncto
3627 5637 3851 5694 similis

2305 5761 2318 5788 ¹
2350 5762 2397 5804 tn
2420 5754 2607 5806 duobus
2629 5761 2756 5816 διεδ..
2779 5753 3118 5818 stringebatur.
