4102 6522
345 386 497 442 1717

337 509 489 564 erat,
515 494 748 551 nondum
771 491 1100 549 videnti..Sic
1127 503 1406 560 ponamus,
1438 487 1649 550 fratres,
1681 497 1932 556 tanquam

338 589 496 644 illam
536 584 899 641 inunctionem
942 582 994 636 in
1024 581 1203 635 animo
1246 578 1510 633 habuerit.
1553 573 1836 640 Pracdicat,
1879 583 1934 628 et

337 680 522 736 nescit
547 692 704 748 quem
737 674 1004 745 pradicat.

413 773 475 830 9.
520 790 539 823 ι
569 769 851 825 Adducunt
869 782 989 822 cum
1011 764 1076 819 ad
1101 763 1417 826 Pharisteos,
1438 761 1528 830 qui
1543 773 1718 814 aecus
1738 758 1933 814 fuerat.

336 863 480 918 Erat
519 873 696 916 autem
725 858 1005 916 sabbatum
1044 855 1256 927 quando
1287 855 1452 908 lutum
1495 851 1620 906 fecit
1659 849 1835 918 Jesus,
1875 858 1931 903 et

331 955 560 1024 aperuit
584 953 768 1007 oculos
808 952 943 1019 ejus.
982 948 1176 1004 lterum
1218 961 1346 1016 ergo
1371 943 1768 1014 interrogabant
1804 955 1926 995 eum

333 1042 600 1098 Pharisati
625 1040 894 1112 quomodo
920 1039 1155 1093 vidisset.
1185 1036 1275 1090 llle
1304 1046 1478 1090 autem
1506 1033 1638 1086 dixit
1668 1032 1747 1087 eis
1775 1047 1789 1083 :
1822 1029 1928 1084 Lu-

332 1144 454 1188 tum
476 1133 656 1203 posuit
681 1131 809 1186 mihi
837 1145 997 1199 super
1020 1129 1227 1194 oculos,
1252 1137 1306 1182 et
1333 1127 1456 1186 lavi,
1483 1133 1536 1178 et
1560 1123 1737 1178 video.
1773 1122 1925 1176 Dice-

331 1227 469 1280 bant
494 1239 625 1294 ergo
665 1239 731 1278 ex
770 1221 1051 1276 Phariseis
1089 1219 1322 1288 quidam.
1357 1235 1379 1269 ι
1426 1215 1541 1270 Non
1579 1228 1789 1280 omnes,
1826 1212 1923 1267 sed

327 1315 559 1386 quidam
589 1315 735 1383 :jam
768 1315 911 1368 enim
940 1311 1326 1380 iniungebantur
1353 1307 1584 1376 quidam.
1617 1305 1752 1371 Quid
1792 1318 1923 1373 ergo

327 1408 606 1473 dicebant,
638 1421 735 1460 nec
763 1407 1022 1466 videntes,
1055 1400 1402 1456 necinuncti?
1435 1397 1553 1451 Non
1575 1408 1643 1451 est
1665 1396 1745 1449 hic
1770 1395 1919 1448 homo

325 1516 358 1550 a
385 1497 524 1560 Deo,
564 1499 650 1565 qui
687 1495 946 1550 sabbatum
987 1510 1086 1546 non
1115 1491 1349 1544 custodit.
1379 1488 1494 1557 Ipse
1525 1488 1697 1556 pctius
1741 1493 1920 1539 custo-

324 1589 536 1652 diebat,
552 1590 644 1658 qui
658 1588 770 1641 sine
784 1597 998 1656 ρυεεειιο
1009 1593 1139 1638 erat.
1154 1583 1439 1638 Sabbatum
1456 1579 1595 1634 enim
1609 1577 1879 1647 spirituale
1898 1578 1915 1608 ⁵

327 1679 434 1731 hoc
461 1687 568 1742 est,
597 1693 699 1730 non
745 1677 938 1729 habere
963 1682 1256 1743 peccatum.
1284 1672 1540 1739 Denique,
1571 1667 1782 1730 fratres,
1811 1667 1910 1721 hoc

323 1769 586 1822 admonet
618 1773 774 1829 Deus,
811 1765 1020 1835 quando
1051 1763 1386 1818 commendat
1414 1761 1687 1815 sabbatum
1719 1756 1917 1812 :Omne

322 1877 454 1927 cpus
499 1860 678 1913 seruile
725 1876 826 1911 non
860 1858 1051 1926 facietis
1095 1854 1275 1926 (Levit.
1313 1868 1459 1919 χχιιι,
1500 1849 1574 1922 8).
1621 1850 1743 1904 Haec
1791 1856 1916 1902 sunt

321 1951 487 2005 verba
529 1951 623 2004 Dei
662 1949 938 2003 sabbatqu
968 1945 1386 2001 commendantis
1426 1961 1438 1996 :
1475 1942 1633 1995 Omne
1657 1957 1784 2009 opus
1808 1955 1914 1992 ser-

321 2043 419 2094 vile
443 2058 553 2094 non
580 2041 795 2111 facietis.
825 2037 939 2093 Jam
966 2037 1267 2104 superiores
1288 2034 1541 2088 lectiones
1571 2033 1908 2100 interrogate,

319 2130 450 2200 quid
483 2131 557 2183 sit
585 2145 719 2200 opus
759 2130 950 2183 servile
989 2125 1058 2197 (Τ
1061 2137 1188 2179 ract.
1216 2125 1307 2189 ﬁt),
1341 2142 1392 2176 n.
1422 2123 1509 2193 2);
1550 2133 1602 2177 et
1633 2123 1908 2175 Dominum

319 2219 529 2286 audite,
580 2219 755 2273 Omnis
795 2220 880 2291 qui
924 2218 1044 2289 facit
1072 2227 1347 2286 peccatum,
1398 2230 1563 2268 servus
1607 2222 1678 2266 est
1720 2212 1911 2281 peccati

323 2312 512 2382 (Joan.
543 2328 654 2376 vnt,
681 2312 790 2382 54).
815 2311 916 2365 Sed
947 2310 1030 2363 isti
1056 2325 1152 2363 nec
1179 2307 1440 2369 videntes,
1472 2313 1525 2358 ut
1552 2305 1677 2368 dixi,
1705 2318 1802 2356 nec
1829 2303 1909 2355 in-

321 2403 496 2467 uncti,
524 2403 798 2456 sabbatum
827 2401 1109 2454 carnaliter
1159 2397 1533 2459 observabant,
1567 2393 1910 2464 spiritualiter

320 2492 619 2545 violabant.
646 2490 747 2544 Alii
773 2491 1040 2544 dicebant:
1073 2487 1336 2555 Quomodo
1367 2493 1524 2554 potest
1555 2484 1702 2536 homo
1733 2498 1909 2548 pecca-

319 2591 396 2634 tor
425 2581 541 2635 hazc
568 2583 713 2653 signa
755 2580 956 2650 facere?
996 2579 1133 2634 Ecce
1173 2586 1296 2630 sunt
1329 2573 1550 2629 inuueti.
1599 2573 1662 2626 Et
1692 2573 1908 2625 schisma

318 2682 428 2725 erat
457 2675 516 2726 in
543 2675 634 2727 eis.
661 2674 782 2728 Dies
803 2673 891 2727 ille
919 2672 1168 2726 diviserat
1197 2671 1332 2723 inter
1362 2670 1532 2721 lucem
1560 2675 1614 2720 ct
1640 2665 1903 2720 tenebras.

318 2762 519 2815 Dicunt
546 2779 664 2832 ergo
693 2779 822 2815 eteco
851 2763 1030 2815 iterum
1054 2776 1072 2813 :
1105 2757 1180 2812 Tu
1203 2758 1322 2828 quid
1356 2757 1480 2809 dicis
1505 2756 1566 2808 de
1593 2771 1649 2808 eo
1674 2755 1760 2823 qui
1787 2770 1906 2824 ape-

317 2855 418 2906 ruit
449 2855 629 2906 oculos
659 2856 803 2906 tuos?
826 2852 960 2920 Quid
1001 2853 1068 2905 de
1095 2851 1184 2904 illo
1208 2847 1404 2904 sentis?
1435 2847 1559 2916 quid
1597 2847 1907 2900 existimas?

318 2944 445 3012 quid
475 2943 724 3013 judicas?
763 2942 1082 3011 Quaerebam
1105 2938 1546 3010 quemadmodum
1587 2937 1786 2990 homini
1813 2952 1905 2988 ca-

321 3035 735 3098 lnmniarentur,
760 3043 818 3086 ut
833 3033 899 3087 dc
918 3047 1180 3102 synagoga
1205 3031 1508 3099 pelleretur,
1531 3027 1622 3082 sed
1645 3042 1673 3079 a
1692 3023 1905 3079 Christo

318 3125 670 3178 inveniretur.
712 3122 818 3178 Sed
860 3123 948 3176 ille
994 3128 1300 3175 constanter
1327 3117 1466 3188 quod
1507 3117 1771 3172 sentiebat
1805 3133 1903 3171 ex-

317 3215 539 3283 pressit.
571 3215 659 3268 Ait
684 3214 862 3268 enim:
899 3214 1028 3280 Quia
1063 3215 1305 3282 propheta
1342 3221 1432 3263 est.
1468 3209 1654 3263 Adhuc
1688 3208 1902 3278 quidem

318 3306 572 3359 intinctus
595 3305 648 3360 in
673 3305 854 3369 corde,
883 3305 1114 3358 nondunt
1140 3302 1230 3356 Dei
1259 3301 1449 3354 Filium
1480 3301 1780 3365 conﬁtetur,
1807 3315 1904 3354 nec

319 3399 580 3452 mentitur
610 3406 807 3453 tamen.
856 3397 970 3466 Ipse
1000 3397 1140 3449 enim
1172 3395 1425 3448 Dominus
1461 3393 1527 3446 de
1566 3393 1744 3462 seipso
1785 3393 1858 3444 ait
1886 3409 1900 3445 :

319 3487 442 3542 Non
493 3498 569 3542 est
626 3488 869 3559 propheta
921 3488 1027 3540 sine
1072 3486 1292 3550 honore,
1343 3485 1450 3537 nisi”
1491 3485 1544 3537 in
1595 3483 1762 3554 patria
1808 3499 1902 3536 sua

318 3576 537 3650 (Matth.
574 3595 688 3642 xui,
719 3578 834 3649 57).

384 3669 483 3723 10.
530 3687 550 3721 ι
584 3669 698 3722 Non
725 3667 1070 3722 crediderunt
1094 3681 1222 3734 ergo
1249 3664 1415 3719 ,ἰηιιωί
1445 3662 1512 3718 de
1537 3663 1628 3716 illo
1647 3662 1769 3731 quia
1797 3677 1902 3717 cxc-

315 3773 408 3813 cus
437 3759 629 3814 fuisset
670 3770 723 3814 et
751 3761 986 3826 vidisset,
1026 3760 1196 3814 donec
1225 3765 1476 3811 vocarent
1508 3763 1751 3824 parentes
1786 3753 1901 3822 ejus

315 3851 400 3918 qni
433 3851 680 3904 viderat:
718 3870 738 3903 ι
773 3851 823 3904 id
863 3859 963 3915 est,
1010 3851 1098 3920 qui
1140 3863 1312 3903 circus
1339 3848 1527 3912 fuerat,
1570 3853 1624 3899 et
1671 3844 1896 3898 viderat.

321 3958 338 3988 ι
369 3942 437 3994 Et
465 3942 925 4011 interrogaverunt
958 3955 1072 4003 eos,
1101 3939 1338 3994 dicentes
1368 3955 1380 3990 :
1413 3937 1506 4014 llic
1530 3944 1613 3992 est
1637 3935 1778 3989 filius
1804 3949 1898 3988 ve-

315 4041 444 4095 ster,
472 4048 632 4102 quem
659 4047 755 4087 vos
771 4033 947 4086 dicitis
969 4033 1088 4101 quia
1115 4046 1286 4085 caecus
1309 4037 1461 4083 natus
1490 4028 1609 4083 est?
1631 4027 1899 4098 quomodo

315 4138 443 4191 ergo
474 4137 616 4176 nunc
643 4122 818 4176 videt?
849 4123 1255 4191 Responderunt
1291 4123 1370 4175 eis
1406 4129 1654 4189 parentes
1681 4118 1816 4187 ejus,
1844 4128 1900 4172 et

315 4211 834 4269 dixerunt:Scimus
858 4213 980 4282 quia
1025 4211 1112 4266 hic
1154 4218 1237 4264 est
1269 4210 1407 4264 filius
1441 4218 1643 4273 noster,
1680 4217 1735 4263 et
1775 4208 1897 4277 quia

317 4318 490 4356 cacus
519 4313 677 4357 natus
705 4313 788 4357 est
817 4320 831 4355 :
858 4302 1125 4372 quomodo
1149 4311 1326 4355 autem
1357 4315 1498 4354 nunc
1519 4300 1695 4353 videat
1723 4297 1900 4352 nescio

317 4409 468 4454 mus;
507 4403 598 4446 aut
629 4393 747 4462 quis
770 4394 884 4463 ejus
912 4390 1122 4462 aperuit
1157 4393 1360 4453 oculos,
1391 4405 1486 4443 nos
1515 4390 1798 4443 nescimus.
1829 4387 1898 4441 Et

316 4483 600 4537 dixerunt:
635 4484 806 4553 Ipsum
848 4486 1186 4552 interrogate,
1218 4491 1427 4536 tetatem
1468 4479 1646 4545 habet,
1686 4479 1797 4548 ipse
1831 4477 1898 4531 de

317 4592 371 4630 se
401 4577 669 4645 loquatur.
703 4597 722 4628 ›
756 4575 920 4630 Filius
945 4576 1156 4644 quidem
1177 4584 1359 4628 noster
1383 4583 1487 4639 est,
1515 4572 1608 4626 sed
1632 4573 1774 4640 juste
1801 4585 1896 4625 co-

317 4684 565 4738 geremur
594 4670 736 4737 loqui
767 4685 862 4739 pro
884 4668 1107 4732 infante,
1135 4668 1255 4736 quia
1284 4667 1394 4734 ipse
1413 4680 1510 4736 pro
1537 4680 1594 4719 se
1624 4664 1769 4732 loqui
1792 4679 1896 4718 non

320 4770 497 4827 posset
529 4779 544 4814 :
569 4762 696 4816 olim
727 4761 982 4829 loquitur,
1009 4758 1167 4812 modo
1196 4758 1371 4822 videt;
1400 4771 1598 4810 caecum
1635 4770 1664 4809 a
1704 4755 1898 4808 nativi-

320 4859 422 4904 tate
448 4852 714 4918 novimus,
742 4851 1043 4920 loquentem
1069 4849 1194 4902 olim
1212 4849 1427 4910 scimus,
1451 4846 1719 4900 videntem
1738 4845 1898 4898 modo

319 4941 806 5011 videmnszipsum
860 4940 1202 5006 interrogate,
1254 4947 1310 4992 ut
1351 4937 1720 5001 instruamini;
1768 4936 1895 5005 quid

318 5031 471 5084 nobis
503 5031 935 5084 calumniamini?
961 5030 1083 5084 Iltec
1099 5029 1332 5082 dixerunt
1357 5037 1586 5098 parentes
1611 5029 1741 5097 ejus,
1777 5027 1897 5096 quia

319 5123 554 5175 timebant
571 5121 803 5175 Iudaeos.
829 5119 949 5174 Jam
977 5121 1106 5173 enim
1132 5120 1537 5188 conspirauerunt
1563 5117 1756 5180 Judaei,
1784 5127 1836 5170 ut
1852 5118 1897 5172 si

319 5213 427 5280 quis
453 5230 571 5267 eum
599 5214 921 5281 confiteretur
940 5211 1218 5279 Christum,
1245 5219 1387 5264 extra
1403 5225 1708 5279 synagogam
1732 5208 1893 5275 fieret.

322 5301 434 5355 iam
465 5318 572 5357 non
614 5314 730 5358 erat
756 5304 951 5356 malum
983 5302 1098 5356 fieri
1129 5311 1276 5356 extra
1315 5314 1654 5371 synagogam.
1695 5299 1770 5352 illi
1803 5313 1896 5352 cx-

324 5397 608 5466 pellebaut,
649 5396 741 5450 sed
773 5396 1011 5451 Christus
1054 5394 1366 5464 excipiebat.
1402 5391 1677 5461 PrOpterea
1711 5406 1895 5458 paren-

324 5497 390 5541 tes
413 5489 522 5556 ejus
545 5489 803 5553 dixerunt,
835 5484 968 5554 Quia
986 5495 1182 5540 tetatem
1203 5483 1367 5550 habet,
1391 5485 1556 5554 ipsum
1576 5482 1892 5550 interrogate.

392 5580 476 5632 11.
519 5577 826 5631 Vocauerunt
859 5594 976 5648 ergo
995 5592 1199 5631 rursum
1223 5575 1471 5629 hominem
1499 5573 1584 5642 qui
1610 5574 1773 5644 fuerat
1796 5587 1896 5625 cte-

324 5685 429 5729 cus,
441 5679 486 5722 et
505 5670 738 5723 dixerunt
750 5669 794 5723 ei
806 5683 825 5722 :
839 5666 921 5720 Da
939 5668 1155 5739 gloriam
1167 5665 1294 5721 Deo.
1313 5664 1448 5732 Quid
1461 5671 1562 5734 est,
1587 5661 1663 5717 Da
1677 5661 1895 5736 gloriam

385 5787 399 5819 ί
426 5792 474 5836 tn
497 5785 679 5851 aliquot
698 5792 826 5850 uss,
852 5777 1174 5842 spiritualium

1447 373 1851 431 TRACTATUS
1885 367 2071 425 XLIV.
2109 370 2335 429 CAPUT
2373 374 2463 430 IX.

3477 393 3638 450 1718-

2037 484 2336 560 DeoiNega
2362 491 2502 560 quod
2521 495 2788 564 accepisti.
2817 495 2928 551 Hoc
2957 497 3111 566 plane
3138 515 3242 554 non
3272 510 3350 556 est
3377 502 3601 572 gloriam

2037 574 2146 629 Deo
2165 577 2315 644 dare,
2328 581 2422 635 sed
2442 582 2602 637 Deum
2619 585 2794 654 potius
2809 584 3172 656 blasphemare
3214 589 3310 656 Da,
3334 591 3605 662 inquiunt,
3637 589 3639 591 ’

2032 669 2246 738 gloriam
2258 672 2385 727 Deo.
2405 675 2514 731 Nos
2525 678 2706 733 scimus
2721 680 2837 749 quia
2851 681 2931 734 hic
2947 682 3094 736 homo
3107 694 3338 754 peccator
3351 697 3442 741 est.
3461 687 3605 742 Dixit

2033 779 2149 834 ergo
2175 766 2259 818 ille
2281 782 2300 820 :
2317 766 2376 822 Si
2395 782 2624 838 peccator
2645 782 2736 838 est,
2760 775 2959 840 nescio;
2982 792 3136 831 unum
3161 778 3285 843 scio,
3303 781 3422 847 quia
3444 798 3606 836 cretus

2031 871 2146 910 cum
2171 873 2346 923 essem,
2372 861 2520 914 modo
2548 864 2708 918 uideo.
2741 865 2990 922 Dixerunt
3017 884 3136 939 ergo
3173 869 3248 924 illi
3277 887 3297 925 :
3326 871 3459 938 Quid
3485 875 3606 945 fecit

2030 946 2159 1003 tibi?
2186 951 2437 1022 quomodo
2464 955 2658 1022 aperuit
2695 955 2782 1009 tibi
2815 957 3025 1014 oculos?
3051 960 3117 1014 Et
3146 960 3233 1015 ille
3255 961 3365 1032 jam
3395 974 3569 1017 statua
3589 993 3608 1004 ε

2029 1037 2194 1094 chsns
2229 1041 2483 1098 adversus
2515 1043 2759 1102 duritiam
2794 1047 3096 1104 Judaeorum
3119 1091 3136 1115 ,
3167 1059 3224 1106 et
3257 1067 3322 1107 ex
3352 1067 3495 1107 caeco
3521 1055 3598 1106 vi-

2027 1131 2178 1200 dens,
2200 1149 2305 1190 non
2334 1135 2511 1192 ferens
2530 1152 2720 1206 caecos,
2741 1142 2997 1210 respondit
3021 1143 3093 1198 eis
3114 1159 3134 1198 :
3167 1142 3286 1198 Dixi
3297 1145 3411 1214 jam
3438 1147 3593 1210 vobis,

2025 1234 2072 1277 et
2098 1226 2338 1292 audistis;
2365 1229 2488 1299 quid
2509 1230 2688 1285 iterum
2713 1231 2860 1286 uultis
2885 1232 3102 1290 audire?
3128 1232 3392 1305 Numquid
3426 1245 3473 1289 et
3509 1255 3596 1291 vos

2024 1314 2171 1369 uultis
2208 1316 2443 1388 discipuli
2482 1322 2593 1392 ejus
2619 1321 2771 1390 fieri?
2792 1322 2930 1390 Quid
2963 1334 3044 1380 est
3067 1366 3084 1394 ,
3113 1305 3376 1396 Numquid
3413 1339 3459 1382 et
3487 1346 3593 1394 vos,

2024 1405 2147 1472 nisi,
2185 1409 2304 1478 quia
2343 1425 2443 1480 ego
2465 1410 2576 1480 jam
2604 1411 2762 1467 sum?
2787 1410 3050 1486 Numquid
3076 1425 3122 1472 at
3147 1432 3231 1472 vos
3255 1417 3406 1473 sultis
3427 1419 3453 1472 1’
3476 1419 3595 1474 Jam

2023 1498 2197 1564 video,
2225 1501 2317 1555 sed
2346 1519 2451 1557 non
2477 1505 2707 1561 invideo.
3435 1569 3438 1572 .

2093 1587 2178 1644 12.
2217 1589 2588 1648 Maledia'erunt
2610 1597 2675 1659 ei,
2702 1606 2745 1650 et
2771 1597 3001 1652 dixerunt
3027 1615 3048 1654 :
3076 1599 3156 1654 Tu
3184 1601 3458 1671 discipulus
3483 1603 3592 1674 ejus

2017 1680 2106 1734 sis.
2150 1681 2274 1736 Tale
2315 1685 2652 1740 maledictum
2692 1703 2851 1758 super
2875 1707 3008 1757 nos,
3041 1701 3095 1746 et
3131 1707 3290 1761 super
3327 1694 3462 1749 filios
3489 1712 3591 1748 no-
3636 1679 3640 1687 l

2018 1778 2176 1824 stros.
2207 1771 2536 1829 Maledictum
2571 1779 2715 1832 enim
2736 1787 2818 1832 est
2841 1819 2856 1845 ,
2894 1781 2938 1834 si
2983 1797 3076 1835 cor
3099 1782 3381 1849 d‘iscutias,
3413 1800 3514 1838 non
3543 1787 3589 1840 si

2017 1862 2174 1915 verba
2207 1865 2518 1932 perpendas.
2551 1865 2667 1922 Nos
2688 1866 2851 1923 autem
2895 1870 3062 1939 Moysi
3095 1871 3330 1942 discipuli
3368 1891 3540 1928 sumus
3567 1889 3588 1927 :
3630 1869 3634 1874 ’

2015 1969 2106 2006 nos
2122 1959 2305 2008 scimus
2323 1957 2439 2025 quia
2460 1956 2626 2027 Moysi
2655 1959 2847 2013 locutus
2867 1971 2938 2015 est
2960 1961 3114 2026 Deus,
3145 1964 3296 2015 istaut
3311 1974 3478 2017 autem
3499 1981 3588 2018 ne-

2013 2045 2198 2098 scimus
2227 2047 2358 2100 unde
2379 2047 2461 2101 sit.
2493 2048 2702 2104 Utinam
2729 2051 2934 2105 sciretis
2960 2054 3078 2122 quia
3100 2053 3268 2122 Moysi
3295 2053 3490 2108 locutus
3510 2065 3585 2109 est
3632 2051 3638 2056 ’

2013 2135 2183 2201 Dens;
2212 2139 2417 2193 sciretis
2449 2140 2568 2208 quia
2605 2156 2700 2210 per
2723 2141 2938 2212 Moysen
2967 2142 3279 2212 prtedicatus
3305 2154 3385 2197 est
3418 2144 3581 2199 Deus.

2013 2225 2226 2280 Habetis
2249 2228 2388 2282 cnim
2412 2229 2690 2285 Dominum
2707 2231 2989 2296 dicentem,
3016 2233 3076 2287 Si
3097 2233 3358 2286 crederetis
3390 2232 3578 2303 Moysi,

2011 2316 2272 2370 crederetis
2293 2327 2340 2371 et
2361 2319 2516 2384 mihi;
2537 2319 2599 2373 de
2618 2337 2696 2372 me
2715 2321 2841 2374 enim
2868 2321 2953 2375 ille
2976 2323 3171 2386 scripsit
3191 2321 3364 2393 (Joan.
3388 2339 3438 2385 v,
3461 2324 3580 2391 46).

2012 2408 2158 2463 Itane
2199 2411 2480 2478 sequimini
2533 2427 2765 2475 servum,
2813 2422 2866 2466 et
2909 2414 3123 2466 dorsum
3169 2413 3363 2482 ponitis
3397 2427 3579 2468 contra

2014 2498 2332 2552 Dominum?
2371 2499 2477 2554 Sed
2521 2517 2620 2556 nec
2648 2519 2858 2556 servum
2899 2504 3217 2573 sequimini;
3247 2520 3367 2558 nam
3397 2521 3490 2574 per
3520 2505 3585 2558 il-

2009 2586 2116 2641 lum
2141 2587 2204 2641 ad
2234 2589 2511 2643 Dominum
2540 2590 2881 2646 duceremini.

2081 2681 2168 2734 15.
2208 2681 2486 2750 Respondit
2513 2684 2599 2736 ille
2626 2683 2793 2747 homo,
2821 2694 2868 2738 et
2902 2683 3029 2738 dixit
3055 2685 3126 2739 eis
3166 2701 3185 2739 :
3211 2683 3276 2739 In
3303 2687 3396 2739 hoc
3423 2687 3579 2740 mira-

2007 2769 2103 2823 bile
2121 2778 2214 2834 est,
2236 2773 2353 2840 quia
2373 2786 2457 2826 vos
2477 2773 2674 2826 nescitis
2693 2773 2825 2827 unde
2843 2774 2926 2840 sit,
2950 2783 2994 2828 et
3011 2777 3207 2844 aperuit
3228 2777 3398 2830 oculos
3420 2794 3576 2831 meos.

2009 2861 2210 2914 Scimus
2253 2871 2419 2914 autem
2445 2862 2561 2932 quia
2591 2871 2867 2930 peccatores
2900 2862 3038 2916 Deus
3079 2881 3178 2917 non
3207 2865 3383 2929 audit;
3412 2867 3500 2918 sed
3532 2866 3577 2918 si

2005 2951 2116 3018 quis
2141 2949 2234 3002 Dei
2261 2949 2423 3003 cultor
2451 2961 2540 3018 est,
2567 2961 2614 3004 et
2638 2951 2941 3005 uoluntatem
2967 2939 3076 3022 ejus
3093 2953 3231 3023 facit,
3264 2953 3396 3005 hunc
3421 2970 3580 3006 exau-

2005 3041 2099 3092 dit.
2145 3039 2333 3094 Adhuc
2379 3041 2625 3096 innnctus
2675 3041 2923 3112 loquitur.
2975 3041 3106 3096 Nam
3151 3034 3216 3096 let
3268 3052 3575 3110 peceatores

2005 3130 2215 3184 exaudit
2247 3131 2402 3185 Deus.
2435 3131 2489 3186 Si
2527 3132 2668 3185 enim
2698 3141 3003 3201 peccatores
3049 3133 3188 3186 Deus
3218 3148 3320 3186 non
3350 3134 3590 3188 exaudi--

2005 3232 2105 3289 ret,
2137 3221 2328 3277 frustra
2354 3223 2440 3278 ille
2467 3223 2778 3278 Publicanus
2793 3223 2976 3277 oculos
3001 3222 3050 3276 in
3073 3230 3270 3276 terram
3291 3224 3582 3280 demittens

1993 3321 2060 3368 et
2089 3323 2270 3383 pectus
2295 3329 2446 3366 suum
2480 3313 2779 3382 percutiens
2806 3313 3026 3377 diceret,
3060 3311 3293 3374 Domine,
3326 3313 3575 3382 prepitius

2005 3412 2109 3456 esto
2137 3402 2260 3456 mihi
2288 3402 2555 3471 peccatori.
2588 3402 2654 3456 Et
2683 3403 2780 3455 ista
2808 3402 3070 3456 confessio
3101 3401 3291 3455 mer-uit
3311 3400 3574 3470 ⁸ῆιιεῑίιίειι-

2005 3497 2223 3560 tionem,
2251 3493 2516 3562 quomodo
2539 3492 2638 3546 istc
2656 3508 2828 3547 ctecus
2849 3493 3304 3546 illuminationem.
3327 3491 3372 3545 Α
3389 3494 3574 3547 saeculo

2003 3601 2104 3637 non
2132 3593 2203 3637 est
2231 3584 2458 3637 auditum
2481 3583 2599 3651 quia
2619 3583 2816 3652 aperuit
2835 3582 2946 3650 quis
2965 3581 3134 3635 oculos
3157 3583 3275 3635 ειεθὶ
3301 3582 3427 3636 nati.
3457 3581 3577 3636 Nisi

2001 3683 2128 3728 esset
2158 3673 2239 3726 hic
2265 3689 2297 3726 a
2323 3672 2455 3738 Deo,
2481 3688 2579 3725 non
2618 3679 2810 3742 poterat
2839 3673 3004 3742 facere
3031 3669 3322 3740 quidquam.
3357 3670 3576 3735 Libero,

2001 3772 2323 3827 constanter,
2353 3762 2630 3816 veraciter.
2658 3761 2780 3815 llzcc
2805 3762 2944 3815 enim
2967 3776 3082 3830 qua:
3108 3760 3239 3814 facta
3262 3771 3388 3814 sunt
3411 3776 3442 3814 a
3467 3761 3577 3814 Do-

2001 3854 2166 3919 mino,
2197 3867 2226 3905 a
2254 3867 2360 3920 quo
2397 3853 2583 3905 fierent
2608 3851 2705 3904 nisi
2733 3866 2762 3903 ει
2797 3851 2944 3904 Ι)εοῖ
2969 3851 3073 3904 Αιιι
3109 3849 3320 3918 quando
3357 3864 3388 3903 a
3415 3849 3576 3904 disci-

2003 3944 2138 4014 pulis
2165 3943 2286 3996 talia
2313 3943 2522 4008 fierent,
2549 3941 2646 3995 nisi
2676 3940 2729 3994 in
2750 3940 2828 3993 eis
2861 3940 3114 3994 Dominus
3140 3939 3398 3994 habitaret
3415 3939 3449 3992 ’ἓ

2073 4035 2158 4088 14.
2201 4031 2606 4102 Responderunt,
2623 4039 2669 4084 et
2707 4030 2937 4083 dixerunt
2962 4029 3008 4084 ei
3038 4045 3057 4082 :
3085 4028 3149 4082 ιη
3179 4029 3394 4097 peccatis
3428 4038 3579 4083 nam

2000 4143 2052 4180 es
2077 4136 2226 4178 totus.
2267 4123 2427 4178 Totus
2448 4123 2576 4193 quid
2601 4125 2720 4177 est?
2745 4121 2882 4176 Cum.
2905 4121 3072 4176 oculis
3098 4121 3310 4174 clausis.
3347 4119 3461 4174 Sed
3479 4121 3572 4188 qui

1999 4216 2207 4285 aperuit
2235 4215 2448 4278 oculos,
2478 4214 2645 4267 salvat
2671 4221 2725 4266 et
2754 4220 2918 4265 totum
2943 4228 2957 4263 :
2989 4213 3100 4280 ipse
3123 4211 3272 4264 dabit
3297 4209 3363 4264 ad
3388 4210 3574 4264 dexte-

2001 4322 2115 4361 ram
2152 4305 2625 4367 resurrectionem,
2665 4302 2756 4372 qui
2793 4302 2849 4355 in
2893 4298 3026 4356 facie
3057 4298 3204 4356 dedit
3233 4299 3580 4353 illuminatio-

2001 4412 2122 4450 ncm
2153 4396 2192 4450 ¹.
2224 4393 2290 4448 In
2315 4395 2528 4464 peccatis
2565 4401 2698 4446 totus
2725 4399 2873 4444 natus
2898 4407 2970 4454 es,
2994 4398 3040 4443 et
3081 4399 3134 4443 tu
3162 4389 3310 4444 doces
3344 4389 3478 4443 nos?
3502 4387 3574 4441 Et

2002 4488 2251 4557 ejecerunt
2285 4502 2396 4540 eum
2432 4489 2591 4555 foras.
2624 4483 2726 4550 Ipsi
2771 4482 2918 4536 illum
2953 4481 3262 4550 magistrum
3302 4480 3573 4542 fecerunt,

2001 4581 2100 4649 ipsi
2127 4589 2184 4633 ut
2212 4579 2478 4632 discerent
2501 4575 2660 4630 toties
2684 4573 3164 4644 interrogaverunt,
3189 4581 3243 4627 et
3270 4571 3458 4642 ingrati
3475 4571 3576 4630 do-

1999 4678 2209 4726 centem
2235 4667 2593 4736 projecerunt.

2071 4757 2156 4813 15.
2189 4755 2300 4811 ὃεά-
2319 4754 2459 4824 quod
2484 4754 2591 4808 dixi
2613 4754 2723 4823 jam
2750 4752 2969 4815 dudum,
3006 4751 3216 4814 fratres,
3246 4750 3320 4804 illi
3350 4751 3571 4820 pellunt,

1999 4850 2193 4919 excipit
2237 4848 2490 4902 Dominus
2534 4863 2547 4898 :
2594 4844 2762 4914 magis
2802 4844 2945 4899 enim
3000 4843 3120 4913 quia
3171 4843 3428 4912 expulsus
3467 4849 3568 4906 est,

1999 4939 2315 4996 christianus
2339 4936 2508 4992 factus
2532 4942 2632 4990 est.
2661 4934 2864 4988 Audiuit
2884 4931 3034 4986 Iesus
3051 4933 3168 5002 quia
3193 4933 3441 5001 ejecerunt
3460 4945 3574 4982 eum

2001 5036 2158 5102 foras,
2186 5038 2233 5082 et
2261 5045 2375 5081 cum
2401 5027 2667 5080 invenisset
2695 5041 2806 5078 eum
2829 5015 2957 5078 dixit
2990 5024 3036 5078 ei
3064 5038 3085 5078 :
3115 5022 3190 5076 Tu
3216 5022 3375 5075 credis
3402 5020 3456 5074 in
3483 5019 3579 5073 Fi-

2000 5124 2125 5177 lium
2152 5119 2247 5174 Dei
2263 5120 2290 5174 .’
2312 5118 2466 5173 Modo
2493 5119 2630 5170 lavat
2649 5115 2834 5170 faciem
2864 5114 3059 5170 Cordis.
3086 5113 3360 5182 Respondit
3388 5111 3496 5176 ille,
3525 5121 3576 5167 et

1999 5215 2091 5276 ait,
2110 5211 2256 5280 quasi
2285 5209 2457 5262 adhuc
2482 5208 2748 5268 inunctus,
2771 5205 2896 5272 Quis
2915 5214 3012 5270 est,
3034 5204 3264 5266 Domine,
3289 5213 3341 5254 ut
3364 5202 3569 5255 credam

1999 5305 2054 5359 in
2082 5304 2232 5359 eum?
2257 5300 2326 5356 Et
2353 5301 2480 5355 dixit
2498 5301 2544 5354 ei
2559 5298 2710 5353 Iesus
2735 5314 2755 5352 :
2779 5296 2846 5350 Et
2871 5297 3039 5352 vidisti
3065 5312 3199 5358 eum,
3222 5303 3270 5347 et
3295 5295 3381 5364 qui
3407 5294 3575 5363 loqui-

2001 5405 2081 5449 tur
2103 5405 2293 5459 tecum,
2323 5393 2431 5461 ipse
2452 5400 2545 5444 est.
2573 5389 2762 5444 Missus
2788 5396 2865 5443 est
2899 5387 3017 5452 ille,
3050 5387 3148 5440 iste
3173 5385 3356 5440 lavaus
3384 5384 3570 5439 faciem

2002 5489 2055 5542 in
2075 5487 2238 5550 Siloe,
2263 5482 2402 5552 quod
2431 5483 2804 5551 interpretatur
2821 5478 3030 5532 Missus.
3057 5475 3289 5544 Denique
3305 5475 3414 5545 jam
3434 5474 3574 5529 facio

2002 5571 2107 5626 lota
2124 5567 2300 5623 cordis
2312 5574 2368 5622 et
2385 5565 2632 5619 mundata
2649 5561 2991 5625 conscientia,
3009 5575 3301 5628 agnoscens
3321 5574 3440 5614 eum
3462 5573 3574 5612 non

2003 5663 2164 5719 lilium
2186 5658 2414 5714 hominis
2438 5665 2660 5720 tantum,
2688 5651 2830 5725 quod
2854 5660 2975 5706 ante
3003 5649 3321 5717 crediderat,
3347 5649 3440 5707 sed
3459 5647 3571 5722 jam

2068 5777 2085 5811 ι
2109 5780 2287 5827 Omnes
2308 5778 2434 5832 Mss,
2458 5771 2507 5820 in
2529 5763 2701 5832 faciem
2722 5761 2856 5816 dedit
2876 5759 3285 5816 illmninationem.
