4102 6472
483 357 623 417 1719
683 381 697 394 κ

481 472 676 530 Filium
705 467 802 530 Del
827 471 915 544 qui
943 485 1159 529 carnem
1191 482 1538 542 susceperat,
1572 472 1644 525 ait
1673 469 1877 528 :Credo
1905 512 1920 536 ,
1955 469 2067 524 Do-

479 565 637 620 mine.
665 564 856 620 Parum
895 573 1014 630 est,
1045 563 1244 631 Credo;
1270 564 1353 619 vis
1391 563 1574 620 videre
1610 563 1822 635 qualem
1853 561 2072 619 credat?

479 657 766 713 Placideus
783 657 1015 712 adoravit
1038 674 1172 712 eum.

554 749 643 805 16.
685 748 752 804 Et
770 749 896 804 dixit
920 748 964 804 ei
983 747 1151 803 Jesus.
1178 745 1335 802 Modo
1360 746 1475 802 dies
1501 745 1592 802 ille
1611 754 1713 812 est,
1732 746 1870 802 inter
1892 746 2066 801 lucem

475 848 532 894 et
560 840 810 896 tenebras
836 840 1163 895 discernens.
1205 835 1273 891 In
1290 837 1544 910 judicium
1569 854 1660 908 ego
1686 838 1740 890 in
1765 838 1900 891 hunc
1921 852 2070 888 mun-

480 930 603 986 dum
648 931 777 997 ueni,
798 939 855 984 ut
894 929 982 999 qui
1009 945 1108 983 non
1152 928 1323 982 rident
1345 969 1360 993 ,
1391 929 1629 993 uideant;
1666 937 1712 983 et
1754 928 1841 1000 qui
1875 927 2063 992 uident,

478 1023 599 1078 eieci
613 1023 758 1092 ﬁant.
782 1021 918 1089 Quid
937 1020 1156 1086 esthoc,
1179 1020 1402 1076 Domine
1416 1021 1442 1074 ?
1458 1019 1698 1090 Magnam
1715 1020 2064 1090 quaestionem

477 1113 635 1169 fessis
665 1112 884 1168 intulisti
916 1131 930 1167 :
959 1111 1052 1167 sed
1093 1112 1240 1182 erige
1265 1113 1405 1167 vires
1449 1121 1679 1176 nostras,
1702 1121 1761 1166 ut
1797 1111 2065 1182 possimus

477 1203 775 1273 intelligere
803 1203 949 1273 quod
977 1202 1182 1257 dixisti.
1213 1201 1420 1257 Venisti
1448 1209 1506 1255 ut
1534 1202 1620 1274 qui
1645 1217 1744 1255 non
1770 1201 1960 1268 vident,
1985 1201 2062 1254 vi-

476 1295 628 1348 deant
659 1309 678 1347 :
705 1302 852 1348 recte
875 1333 890 1357 ,
937 1294 1062 1364 quia
1106 1293 1288 1347 lumen
1313 1307 1404 1358 es;
1445 1301 1591 1347 recte
1612 1332 1628 1356 ,
1658 1292 1783 1362 quia
1811 1292 1926 1346 dies
1969 1305 2060 1357 es;

473 1395 641 1454 recte,
669 1386 792 1457 quia
817 1385 885 1442 de
915 1386 1148 1442 tenebris
1176 1385 1373 1441 liberas
1402 1403 1416 1438 :
1447 1385 1550 1440 hoc
1570 1385 1744 1440 omnis
1767 1387 1943 1445 anima
1975 1400 2064 1438 ac-

473 1479 622 1550 cipit,
652 1481 828 1534 omnis
856 1480 1121 1550 intelligit.
1149 1478 1287 1547 Quid
1313 1487 1397 1534 est
1415 1478 1519 1533 hoc
1539 1477 1680 1548 quod
1707 1477 1967 1547 sequitur,
1998 1475 2063 1530 Et

472 1575 559 1644 qui
583 1573 749 1628 vident
770 1615 785 1637 ,
809 1574 930 1628 circi
955 1573 1122 1643 ﬁant?
1149 1573 1361 1642 Ergone
1388 1571 1510 1641 quia
1536 1571 1748 1633 venisti,
1780 1569 1907 1624 cmci
1927 1568 2062 1622 ﬁent

472 1666 564 1736 qui
589 1666 877 1722 videbant?
903 1665 1040 1721 Audi
1078 1665 1205 1736 quid
1230 1664 1490 1735 sequitur,
1518 1672 1573 1718 et
1613 1660 1856 1718 fortassis
1899 1659 2061 1715 intel-

472 1757 627 1830 liges.
1367 1812 1384 1820 -

543 1849 633 1903 l7.
663 1848 929 1905 Commotl
950 1856 1076 1906 sunt
1101 1863 1228 1920 ergo
1251 1848 1428 1904 verbis
1454 1845 1571 1902 istis
1593 1843 1798 1914 quidam
1824 1859 1888 1898 ex
1911 1841 2057 1895 Pha-

469 1940 632 1996 ristris
655 1982 670 2006 ,
707 1951 754 1994 et
780 1940 1016 1995 dixerunt
1050 1941 1098 1995 ei
1125 1956 1144 1996 :
1182 1937 1444 2009 Numquid
1471 1947 1519 1994 et
1563 1953 1654 1992 nos
1683 1937 1802 1991 cazci
1842 1951 2014 1990 sumus
2035 1934 2066 1988 γ

468 2032 610 2088 Audi
634 2032 744 2103 jam
775 2033 902 2103 quid
930 2041 1014 2088 est
1038 2031 1180 2103 quod
1209 2032 1482 2100 movebat,
1515 2029 1586 2084 Et
1611 2031 1697 2102 qui
1721 2030 1910 2097 vident,
1937 2028 2060 2083 caeci

469 2125 618 2194 fiant.
661 2123 806 2178 Dixit
847 2124 917 2178 eis
953 2122 1104 2178 Jesus
1138 2139 1156 2177 :
1197 2123 1262 2178 Si
1296 2123 1415 2178 cazci
1451 2122 1654 2189 essetis,
1683 2138 1784 2176 non
1811 2121 2058 2176 haberetis

467 2223 750 2286 peccatum.
790 2214 922 2269 Cum
969 2213 1039 2269 sit
1083 2213 1296 2269 caecitas
1340 2214 1453 2284 ipsa
1493 2223 1788 2284 peccatum.
1831 2211 1894 2268 Si
1935 2211 2058 2266 eieci

467 2305 662 2370 essetis,
693 2303 745 2359 id
775 2313 877 2368 est,
906 2305 950 2359 si
978 2319 1074 2359 vos
1097 2318 1269 2359 amcos
1293 2303 1663 2370 adverteretis,
1692 2303 1740 2358 si
1758 2317 1854 2358 vos
1881 2317 2056 2358 caecos
2104 2299 2113 2312 '

467 2394 719 2450 diceretis
737 2435 754 2460 ,
782 2402 837 2450 et
859 2393 929 2448 ad
955 2393 1222 2449 medicum
1249 2394 1575 2460 curreretis;
1605 2395 1649 2448 si
1677 2409 1804 2464 ergo
1834 2394 1904 2448 ita
1934 2393 2062 2447 cteci

466 2485 663 2552 essetis,
693 2501 796 2539 non
816 2485 1061 2539 haberetis
1088 2493 1344 2556 peccatum
1373 2500 1391 2539 :
1415 2485 1538 2555 quia
1567 2486 1684 2540 veni
1713 2499 1813 2556 ego
1839 2483 2056 2540 auferre

467 2585 766 2646 peccatum.
800 2574 955 2630 Nunc
981 2592 1096 2631 vero
1123 2577 1308 2642 dicitis,
1340 2575 1471 2644 Quia
1499 2576 1720 2631 videmus
1751 2592 1771 2631 :
1795 2585 2057 2646 peccatum

465 2677 684 2722 vestrum
710 2675 894 2722 manet.
925 2667 1134 2735 Quare?
1156 2666 1289 2735 Quia
1332 2667 1557 2723 dicendo
1575 2708 1591 2734 ,
1631 2666 1870 2721 Videmus
1891 2707 1907 2731 ,
1937 2681 2054 2722 me-
2117 2672 2119 2676 ‘

466 2757 645 2812 dicum
672 2773 778 2812 non
798 2758 1054 2827 quaeritis,
1080 2759 1130 2813 in
1153 2759 1390 2814 cmcitate
1410 2768 1586 2814 vestra
1608 2759 1916 2815 remanetis.
1941 2759 2054 2815 Hoc

464 2857 549 2904 est
566 2863 695 2919 ergo
708 2848 850 2919 quod
872 2849 1028 2918 paulo
1052 2858 1176 2904 ante
1205 2866 1312 2904 non
1339 2850 1769 2906 intellexeramus
1794 2849 1939 2920 quod
1957 2852 2052 2917 ait,

464 2937 580 3011 Ego
605 2939 717 2993 ueni
736 2979 756 3007 ,
776 2949 831 2994 ut
855 2941 941 3010 qui
965 2957 1065 2994 non
1093 2940 1280 3008 rident,
1310 2940 1508 2996 videant
1539 2956 1564 2996 :
1585 2941 1712 3012 quid
1735 2949 1818 2996 est
1839 2982 1860 3008 ,
1887 2952 1943 2996 ut
1969 2943 2060 3013 qui

465 3049 568 3086 non
594 3031 783 3100 uident,
809 3032 1051 3088 videant?
1075 3033 1180 3102 Qui
1207 3048 1265 3088 se
1294 3048 1400 3088 non
1427 3033 1606 3090 videte
1635 3036 1979 3103 conlitentnr,
2000 3045 2057 3092 et

466 3121 730 3178 medicum
750 3132 1015 3194 quaerunt,
1034 3132 1092 3179 ut
1108 3124 1338 3178 videant.
1357 3124 1422 3178 Et
1441 3126 1531 3196 qui
1547 3125 1738 3193 vident,
1754 3127 1874 3181 caci
1888 3128 2017 3197 ﬁant
2036 3142 2058 3181 :

465 3216 594 3288 quid
617 3225 731 3286 est,
754 3216 840 3285 qui
858 3217 1024 3272 uident
1042 3259 1058 3285 ,
1086 3217 1205 3272 εωσὶ
1230 3219 1356 3287 ﬁant
1374 3217 1401 3272 ἵ
1417 3218 1518 3285 Qui
1554 3233 1613 3274 se
1637 3228 1826 3289 putant
1848 3218 2054 3286 videre,

467 3317 523 3364 et
563 3309 828 3366 medicum
869 3325 978 3366 non
1014 3319 1280 3381 quaerunt,
1317 3311 1372 3365 in
1417 3326 1512 3366 sua
1554 3312 1794 3367 cazcitate
1841 3316 2054 3382 perina-

467 3495 582 3562 ait,
611 3492 678 3548 In
695 3495 947 3568 judicium
973 3496 1081 3549 veni
1115 3497 1168 3549 in
1197 3495 1330 3549 hunc
1359 3495 1605 3549 mundum
1628 3537 1643 3562 ,
1671 3511 1776 3566 quo
1797 3495 2056 3552 discernit

467 3603 684 3643 causam
710 3587 1037 3666 credentium
1063 3597 1119 3643 et
1145 3587 1512 3644 conﬁtentium
1537 3602 1568 3643 a
1597 3588 1865 3658 superbis,
1893 3603 1953 3644 se
1975 3590 2056 3644 vi-

466 3770 664 3826 dixerit
699 3770 750 3826 ei
787 3779 1039 3842 peccator
1077 3771 1340 3826 conlitens
1370 3779 1424 3826 et
1465 3771 1728 3828 medicum
1771 3789 2055 3844 quaerens,

465 3859 658 3915 Judica
677 3877 775 3926 me,
806 3860 962 3928 Deus,
989 3871 1038 3916 et
1059 3862 1286 3916 discerne
1304 3879 1509 3916 causam
1530 3880 1692 3918 meam
1708 3863 1771 3918 dc
1793 3874 1936 3936 gente
1954 3882 2056 3920 non

467 3965 648 4010 sancta
689 3953 860 4027 (Psal.
888 3970 1017 4022 xui,
1061 3953 1116 4027 1)
1153 3973 1166 4010 :
1210 3955 1423 4010 illorum
1477 3957 1680 4011 scilicet
1716 3958 1805 4028 qui
1849 3957 2052 4024 dicunt,

478 4045 737 4113 Videmus,
770 4055 1032 4102 eteorum
1057 4055 1334 4116 peccatum
1366 4055 1563 4102 manet.
1583 4046 1697 4102 Non
1721 4057 1898 4102 autem
1925 4049 2056 4104 illud
2079 4037 2099 4052 ’

463 4136 729 4207 judicium
747 4136 859 4207 jam
889 4135 1067 4192 intulit
1097 4136 1295 4192 mundo
1314 4177 1330 4203 ,
1360 4153 1466 4208 quo
1489 4137 1558 4193 de
1585 4138 1719 4194 vivis
1749 4147 1803 4195 et
1830 4140 2056 4196 mortuis

469 4229 525 4282 in
550 4227 655 4283 ﬁne
679 4227 858 4282 saeculi
887 4227 1164 4298 iudicabit.
1195 4228 1498 4285 Secundum
1523 4229 1625 4286 hoc
1651 4232 1794 4286 enim
1821 4231 2050 4299 dixerat,

471 4317 585 4390 Ego
613 4334 715 4372 non
735 4317 909 4389 judico
934 4335 1234 4391 quemquam
1265 4318 1442 4390 (Joan.
1475 4336 1601 4388 vm,
1641 4323 1727 4392 l5)
1761 4339 1774 4376 :
1803 4323 2054 4392 quoniam

469 4411 619 4482 prius
637 4410 800 4476 venit,
821 4427 922 4465 non
941 4421 995 4464 ut
1001 4410 1198 4482 judice:
1216 4411 1479 4478 mundum,
1500 4413 1590 4466 sed
1610 4420 1662 4466 ut
1679 4413 1901 4468 salvetur
1918 4431 2059 4470 mun-

469 4501 567 4556 dus
593 4517 681 4573 ρετ
705 4502 873 4574 ipsum
898 4501 1007 4573 (Id.
1033 4517 1112 4568 ιιι,
1145 4503 1257 4572 l7).

962 4635 1372 4694 TRACTATUS
1399 4637 1559 4694 XLV.

467 4747 545 4806 Ab
570 4767 627 4806 eo
653 4751 788 4823 quod
814 4753 1057 4822 scriptum
1078 4761 1149 4805 est
1169 4795 1187 4818 ,
1210 4752 1397 4818 Amen,
1421 4770 1577 4810 amen
1602 4755 1724 4812 dico
1749 4761 1934 4827 vobis;
1965 4761 2056 4832 qui

543 4857 650 4898 non
679 4843 840 4896 intrat
868 4857 962 4912 per
985 4844 1180 4898 ostium
1213 4844 1265 4898 in
1293 4845 1432 4900 ovile
1457 4847 1661 4915 ovium,
1692 4849 1783 4904 sed
1812 4854 2058 4908 ascendit

541 4933 776 5000 aliunde,
805 4934 894 4989 ille
922 4932 1007 4988 fur
1035 4944 1120 4988 est
1141 4946 1194 4990 et
1222 4936 1391 5002 latro;
1422 4955 1576 5009 usque
1600 4940 1670 4993 ad
1694 4941 1766 5006 id,
1799 4943 1909 5013 Ego
1937 4945 2056 5000 veni

543 5034 603 5080 ut
633 5025 792 5080 vitam
825 5025 1073 5092 habeant,
1102 5035 1155 5080 et
1179 5027 1532 5085 abundantius
1558 5030 1804 5087 habeant.
1834 5031 1961 5106 Cap.
1995 5051 2053 5100 ι,

557 5116 592 5188 y
617 5156 632 5172 .
660 5116 813 5173 l-l0.

545 5231 597 5284 Ι.
639 5230 716 5285 De
741 5230 1038 5286 illuminato
1062 5230 1150 5284 illo
1172 5231 1261 5300 qui
1291 5241 1443 5288 natus
1467 5243 1548 5288 est
1570 5249 1764 5299 caecus,
1788 5251 1966 5292 sermo
1988 5241 2055 5296 ad

471 5321 686 5376 Judteos
713 5321 923 5376 Domini
953 5331 1178 5376 exortus
1205 5333 1306 5378 est.
1343 5323 1476 5378 Huic
1506 5325 1681 5394 itaque
1711 5326 1926 5382 lectioni
1959 5330 2058 5384 ho-

473 5413 716 5466 diernam
743 5427 864 5467 esse
889 5422 1191 5467 contextam
1214 5453 1230 5477 ,
1260 5414 1398 5467 scire
1436 5413 1618 5468 debuit
1647 5424 1701 5470 et
1726 5423 2057 5477 commoneri

473 5502 719 5558 Charitas
743 5512 939 5558 vestra.
967 5503 1098 5557 Cum
1126 5505 1266 5558 enim
1301 5503 1557 5560 Dominus
1581 5506 1835 5574 dixisset,
1867 5508 1934 5565 In
1961 5514 2056 5582 ju-

474 5595 661 5648 dicium
694 5610 784 5666 ego
824 5594 934 5648 veni
968 5594 1022 5647 in
1055 5593 1190 5647 [tunc
1231 5595 1473 5648 mundum
1497 5637 1512 5662 ,
1544 5606 1598 5650 ut
1625 5599 1713 5669 qui
1741 5615 1840 5654 non
1865 5602 2054 5668 vident,

475 5685 706 5752 videant;
744 5695 790 5740 et
825 5685 911 5756 qui
945 5685 1144 5752 vident,
1177 5687 1298 5739 cteci
1325 5687 1488 5757 ﬁant;
1515 5689 1656 5759 quod
1697 5705 1763 5746 eo
1789 5701 2053 5764 tempore,

475 5776 689 5849 quando
718 5779 912 5835 lectum
939 5786 1042 5846 est,
1066 5789 1116 5832 ut
1143 5779 1410 5849 potuimus
1435 5783 1778 5854 exposuimus
1805 5803 1816 5840 :
1840 5793 2054 5857 qundam

1406 358 1473 416 IN
1507 355 1784 416 JOANNIS
1819 353 2287 424 EVANGELIUM,
2330 357 2390 416 S.
2433 359 2802 421 AUGUSTINI

2178 486 2245 528 ex
2270 471 2553 530 Pharisaeis
2577 476 2859 544 dixerunt,
2890 478 3155 553 Numquid
3190 492 3240 539 et
3273 500 3366 541 nos
3388 490 3510 542 caeci
3545 495 3766 551 sanius!

2177 562 2380 630 Quibus
2403 568 2675 636 respondit
2707 586 2721 624 :
2750 568 2813 625 Si
2837 571 2958 626 cteci
2993 575 3164 630 essetis
3187 617 3201 640 ,
3230 592 3331 631 non
3358 577 3606 636 haberetis
3643 601 3764 654 pec-

2176 663 2376 720 catum;
2410 672 2542 710 nunc
2578 668 2746 713 autem
2781 659 2980 727 dicitis,
3020 663 3153 729 Quia
3185 665 3410 722 uidemus
3449 684 3470 724 :
3495 682 3762 740 peccatum

2174 755 2394 800 uestram
2422 758 2590 804 manet
2617 749 2794 821 (Joan.
2813 768 2866 808 ιχ
2886 796 2902 821 ,
2932 754 3142 828 59-41).
3175 757 3268 812 His
3286 761 3461 819 verbis
3478 765 3758 834 subiunxit

2172 854 2234 895 ea
2263 856 2381 911 quae
2407 842 2564 900 hodie
2583 859 2703 900 cum
2724 847 3097 917 recitarentur,
3128 852 3447 911 audivimus.

2241 933 2296 987 2.
2327 933 2506 1003 Amen,
2534 953 2681 992 amen
2704 939 2818 994 dico
2845 942 3001 1007 vobis,
3034 943 3122 1012 qui
3149 960 3249 997 non
3275 946 3432 1000 intrat
3458 963 3549 1018 per
3573 951 3764 1006 :stiuns

2170 1022 2223 1078 in
2248 1025 2374 1080 ovile
2397 1028 2582 1092 ouium,
2611 1029 2700 1084 sed
2717 1032 2942 1086 ascendit
2965 1033 3191 1099 aliunde,
3214 1035 3302 1090 ille
3325 1040 3412 1109 fur
3433 1049 3508 1094 est
3527 1051 3574 1094 et
3599 1043 3756 1098 latro.

2172 1115 2428 1173 Dixerunt
2451 1119 2592 1174 enim
2620 1135 2678 1176 se
2702 1137 2873 1179 ctecos
2899 1140 3002 1179 non
3028 1141 3185 1182 esse:
3216 1129 3396 1186 videre
3424 1142 3603 1188 autem
3631 1145 3762 1193 tunc

2169 1219 2406 1279 possent,
2436 1211 2481 1266 si
2508 1228 2633 1268 oves
2662 1215 2858 1272 Christi
2888 1229 3087 1274 essent.
3119 1221 3271 1278 Unde
3294 1223 3393 1278 sibi
3426 1229 3759 1298 usurpabant

2169 1301 2347 1357 lumen
2369 1308 2456 1374 qui
2479 1305 2919 1365 lurebantcontra
2941 1313 3082 1368 diem
3099 1315 3124 1368 ?
3140 1316 3365 1386 Propter
3389 1319 3598 1375 illorum
3625 1337 3763 1394 ergo

2168 1410 2358 1450 vanam
2388 1407 2442 1452 et
2469 1401 2751 1470 superbam
2790 1413 2844 1458 et
2880 1405 3225 1463 insanabilem
3265 1413 3619 1480 arrogantiam
3649 1415 3761 1470 Do-

2168 1487 2345 1542 minus
2373 1489 2529 1544 Jesns
2554 1492 2652 1546 ista
2679 1498 2981 1551 contexuit:
3021 1499 3070 1552 in
3098 1501 3289 1570 quibus
3319 1504 3606 1559 salubriter
3631 1521 3758 1575 nos,

2166 1582 2211 1636 si
2239 1582 2595 1652 advertamus,
2625 1587 2918 1644 admonuit.
2948 1591 3090 1646 Multi
3118 1595 3258 1648 enim
3291 1607 3414 1650 sunt
3439 1598 3527 1668 qui
3557 1614 3756 1654 secun-

2165 1674 2291 1728 dum
2322 1678 2604 1746 quamdam
2645 1681 2768 1735 vita:
2812 1681 2970 1752 hujus
3013 1689 3452 1742 consuetudinem
3502 1691 3760 1746 dicuntur

2165 1763 2290 1820 boni
2318 1767 2579 1834 homines,
2609 1771 2731 1827 boni
2760 1773 2880 1840 viri,
2905 1775 3056 1830 bona:
3083 1775 3314 1843 femine,
3339 1780 3670 1849 innocentes,
3697 1791 3758 1838 et

2165 1857 2313 1924 quasi
2337 1858 2684 1916 observantes
2708 1879 2768 1918 ea
2804 1879 2920 1934 quae
2954 1865 3004 1918 in
3037 1866 3152 1936 lege
3180 1881 3440 1938 prmcepta
3463 1882 3620 1937 sunt;
3653 1872 3755 1927 de-

2165 1945 2394 2004 ferentes
2426 1951 2681 2008 honorem
2723 1957 3026 2023 parentibus
3064 1959 3175 2013 suis
3196 1999 3212 2025 ,
3246 1977 3350 2014 non
3378 1966 3708 2020 mtechantes
3733 2007 3754 2031 ,

2165 2053 2274 2094 non
2301 2041 2640 2098 homicidium
2667 2055 3030 2116 perpetrantes
3055 2091 3071 2117 ,
3105 2066 3208 2104 non
3237 2051 3433 2106 furtum
3467 2052 3753 2122 facientes,

2088 2189 2096 2197 _
2164 2147 2274 2187 non
2317 2133 2503 2189 falsum
2556 2137 2914 2194 testimonium
2959 2141 3214 2197 adversus
3265 2160 3585 2215 quemquam
3629 2163 3758 2217 per-

2164 2226 2441 2294 bibentes,
2469 2241 2525 2286 et
2552 2243 2743 2289 caetera
2773 2251 2891 2306 qua:
2917 2237 3031 2308 lege
3057 2240 3303 2296 mandata
3331 2252 3452 2298 sunt
3482 2246 3624 2299 velut
3649 2247 3756 2301 ob-

2163 2328 2438 2376 servantes
2461 2363 2478 2386 ,
2505 2322 2778 2379 christiani
2810 2342 2915 2381 non
2945 2338 3068 2383 sunt
3100 2349 3113 2385 :
3146 2340 3199 2385 et
3240 2332 3554 2405 plerumque
3581 2351 3638 2392 se
3661 2337 3754 2407 ja-

2162 2419 2309 2466 ctant
2331 2415 2598 2483 quomodo
2621 2417 2726 2482 isti,
2755 2416 3019 2490 Numquid
3038 2431 3086 2475 et
3112 2439 3202 2476 nos
3227 2427 3345 2477 caeci
3371 2427 3589 2482 sumus?
3617 2428 3754 2495 Quia

2160 2517 2290 2556 vero
2315 2503 2414 2559 ista
2441 2506 2619 2560 omnia
2648 2523 2767 2578 qum
2797 2508 2994 2565 faciunt
3017 2553 3032 2576 ,
3061 2521 3115 2567 et
3141 2515 3384 2568 nesciunt
3412 2516 3478 2570 ad
3508 2534 3664 2588 quem
3691 2519 3760 2573 ﬁ-

2161 2609 2283 2649 nem
2306 2596 2559 2664 referant,
2589 2598 2818 2654 inaniter
2836 2601 3053 2669 l'acinnt,
3083 2604 3336 2660 Dominus
3356 2608 3420 2662 de
3444 2625 3602 2680 grege
3624 2627 3754 2678 suo,

2161 2694 2216 2740 et
2242 2686 2308 2742 de
2333 2689 2472 2742 ostio
2498 2704 2603 2759 quo
2633 2691 2861 2746 intratur
2885 2693 2951 2749 ad
2982 2696 3122 2750 ovile
3145 2738 3163 2763 ,
3190 2699 3590 2754 similitudinem
3623 2717 3756 2771 pro-

2160 2775 2336 2846 posuit
2356 2777 2409 2832 in
2438 2778 2695 2835 hodierna
2712 2781 2963 2838 lectione.
2990 2784 3176 2840 Dicant
3195 2800 3324 2858 ergo
3344 2788 3539 2859 Pagani
3566 2809 3579 2844 :
3604 2791 3755 2847 Bene

2160 2868 2406 2924 vivimus.
2433 2870 2489 2927 Si
2521 2887 2618 2942 per
2645 2877 2840 2930 ostium
2873 2892 2978 2932 non
3008 2878 3206 2934 intrant
3230 2923 3246 2946 ,
3274 2881 3399 2951 quid
3428 2883 3643 2952 prodest
3669 2886 3758 2941 eis

2161 2960 2302 3017 unde
2325 2962 2661 3032 gloriantur?
2689 2966 2770 3021 Ad
2798 2966 2902 3024 hoc
2927 2970 3068 3024 enim
3091 2969 3249 3026 debet
3278 2973 3563 3045 unicuique
3589 2978 3756 3046 prod-

2161 3067 2282 3108 esse
2307 3053 2442 3109 bene
2482 3056 2662 3111 vivere
2687 3098 2702 3121 ,
2729 3065 2788 3112 ut
2826 3058 2981 3114 detur
3007 3061 3080 3115 illi
3125 3076 3340 3133 semper
3368 3064 3546 3124 vivere
3580 3085 3595 3121 :
3625 3084 3757 3122 nam

2160 3144 2248 3199 cui
2287 3161 2392 3200 non
2419 3146 2578 3202 datur
2605 3164 2817 3219 semper
2840 3153 3022 3208 vivere
3046 3195 3061 3218 ,
3091 3154 3214 3224 quid
3249 3156 3461 3224 prodest
3504 3158 3638 3214 bene
3665 3160 3752 3213 vi-

2159 3239 2329 3294 vere?
2353 3238 2486 3306 Quia
2517 3256 2614 3296 nec
2644 3242 2781 3299 bene
2808 3245 2986 3299 vivere
3011 3246 3222 3302 dicendi
3263 3259 3424 3316 sunt,
3455 3251 3547 3320 qui
3589 3251 3755 3308 ﬁnem

2078 3386 2080 3389 ,
2160 3328 2298 3386 bene
2325 3331 2534 3386 vivendi
2563 3331 2643 3387 vel
2669 3334 2907 3389 cmcitate
2932 3339 3196 3404 nesciunt,
3226 3339 3311 3395 vel
3337 3341 3606 3398 inﬂatione
3627 3357 3756 3398 con-

467 3410 650 3460 neant.
673 3403 813 3472 Ergo
829 3402 982 3458 istam
1003 3403 1378 3459 discretionem
1405 3404 1614 3458 vocavit
1626 3403 1908 3474 judicium,
1931 3421 2052 3461 cum
2078 3451 2082 3456 .
2161 3428 2423 3474 ιθιηηυηι,
2459 3421 2574 3474 Non
2605 3431 2686 3474 ρει
2711 3432 2887 3474 autem
2932 3402 3253 3474 minuam—ﬁ,

2161 3428 2423 3475 temnunt.
2459 3421 2574 3476 Non
2605 3431 2686 3478 est
2711 3432 2888 3479 autem
2932 3427 3176 3498 cuiquam
3208 3443 3330 3500 spes
3367 3447 3490 3486 vera
3521 3443 3576 3487 et
3601 3444 3754 3490 certa

2096 3581 2099 3583 _
2160 3524 2374 3580 semper
2399 3511 2612 3568 vivendi
2638 3556 2652 3578 ,
2681 3515 2781 3569 nisi
2811 3527 3065 3586 agnoscat
3089 3518 3250 3574 vitam
3275 3561 3290 3587 ,
3319 3522 3460 3593 quod
3487 3532 3567 3578 est
3587 3522 3756 3579 Chri-

2101 3655 2111 3685 :
2162 3608 2306 3666 stus;
2335 3611 2390 3656 et
2414 3617 2511 3673 per
2529 3603 2746 3673 januam
2773 3606 2934 3661 intret
2959 3608 3011 3662 in
3037 3609 3195 3665 ovile.

465 3678 602 3736 dere
625 3680 956 3750 potantibus,
983 3687 1038 3734 et
1063 3678 1183 3734 ideo
1211 3678 1425 3750 gravius
1453 3681 1772 3747 excmcatis;
1801 3690 2053 3752 tanquam

2234 3693 2290 3748 5.
2328 3692 2586 3761 Qumrunt
2622 3711 2751 3766 ergo
2791 3699 3103 3770 plerumque
3140 3702 3273 3758 tales
3317 3702 3559 3760 homines
3583 3706 3754 3762 etiam

2163 3784 2486 3854 persuadere
2526 3785 2832 3843 hominibus
2875 3797 2934 3843 ut
2975 3790 3112 3846 bene
3135 3793 3314 3848 vivant
3339 3835 3358 3860 ,
3387 3805 3441 3848 et
3468 3795 3751 3851 christiani

2163 3891 2273 3930 non
2297 3875 2420 3930 sint.
2454 3876 2557 3932 Per
2581 3877 2737 3933 aliam
2768 3887 2971 3949 partem
3001 3881 3181 3936 volunt
3207 3883 3520 3952 ascendere,
3551 3901 3750 3956 rapere

2162 3975 2218 4022 et
2242 3967 2526 4035 occidere;
2549 3959 2665 4024 ndu
2679 3979 2736 4024 ut
2763 3981 2962 4040 pastor,
2983 3987 3305 4029 conservare
3330 3985 3488 4045 atque
3511 3977 3750 4033 salvare.

2165 4058 2404 4114 Fuerunt
2428 4075 2556 4131 ergo
2583 4061 2795 4132 quidam
2829 4063 3129 4135 philosOphi
3147 4107 3162 4129 ,
3194 4065 3262 4121 de
3287 4067 3569 4122 virtutibus
3594 4078 3650 4122 et
3677 4070 3754 4123 vi-

2164 4150 2254 4204 tiis
2275 4150 2489 4205 subtilia
2517 4151 2682 4206 multa
2714 4161 3022 4220 tractantes,
3047 4155 3364 4222 dividentes,
3402 4157 3747 4225 deﬁnientes,

2163 4241 2599 4297 ratiocinationes
2632 4244 2970 4300 acutissimas
2995 4245 3375 4302 concludentes
3399 4289 3414 4314 ,
3444 4248 3610 4303 libros
3641 4249 3750 4304 im-

2163 4333 2407 4402 plentes,
2436 4347 2586 4388 suam
2613 4333 2926 4404 sapientiam
2975 4335 3156 4390 buccis
3193 4338 3532 4406 crepantibus
3569 4339 3751 4393 ventio

2163 4424 2365 4490 lantes;
2389 4427 2480 4496 qui
2505 4427 2665 4481 etiam
2691 4427 2868 4482 dicere
2893 4427 3151 4483 auderent
3172 4430 3494 4495 hominibus,
3521 4429 3627 4486 Nos
3653 4447 3749 4486 se-

2161 4517 2428 4589 quimini,
2478 4528 2678 4572 sectam
2725 4527 2962 4573 nostram
3016 4527 3226 4584 tenete,
3278 4521 3322 4575 si
3379 4522 3539 4575 vultis
3590 4521 3754 4577 beate

2165 4609 2371 4664 vivere.
2398 4607 2506 4664 Sed
2532 4623 2637 4662 non
2663 4608 2924 4664 intrarant
2950 4623 3045 4678 per
3071 4609 3264 4665 ostium
3296 4629 3308 4665 :
3338 4611 3564 4681 perdere
3593 4613 3752 4668 vole-

2163 4701 2314 4768 bant,
2345 4709 2581 4756 maetare
2607 4709 2664 4755 et
2687 4701 2953 4756 occidere.

2233 4793 2289 4847 4.
2329 4791 2466 4860 Quid
2501 4791 2568 4847 de
2610 4792 2726 4847 istis
2762 4792 2978 4847 dicam?
3003 4793 3141 4849 Ecce
3179 4793 3278 4865 ipsi
3319 4795 3573 4866 Pharisazi
3601 4797 3754 4868 lege-

2165 4886 2330 4950 bant,
2358 4890 2414 4938 et
2455 4883 2508 4937 in
2547 4897 2614 4938 eo
2659 4882 2800 4952 quod
2832 4883 3116 4954 legebant,
3147 4885 3415 4942 Christum
3460 4888 3750 4955 sonabant,

2163 4985 2442 5030 venturum
2467 4973 2769 5045 sperabant.
2798 4984 2851 5030 et
2876 4985 3190 5044 praesentem
3219 4993 3322 5032 non
3348 4980 3752 5050 agnoscebant:

2159 5066 2432 5135 jactabant
2472 5079 2532 5118 se
2573 5065 2732 5120 etiam
2762 5065 2861 5134 ipsi
2892 5066 3030 5122 inter
3059 5067 3327 5134 videntes,
3359 5069 3461 5124 hoc
3498 5080 3580 5126 est
3609 5071 3756 5128 inter

2164 5155 2431 5225 sapientes
2457 5197 2472 5221 ,
2501 5163 2555 5210 et
2599 5155 2865 5226 negabant
2903 5156 3172 5211 Christum
3197 5201 3212 5222 ,
3242 5168 3296 5214 et
3333 5175 3438 5214 non
3478 5161 3754 5218 intrabant

2165 5262 2261 5316 per
2289 5247 2503 5301 ostium.
2543 5247 2682 5317 Ergo
2711 5255 2764 5303 et
2789 5247 2887 5316 ipsi
2913 5289 2930 5313 ,
2959 5247 3002 5303 si
3031 5264 3164 5318 quos
3204 5249 3341 5305 forte
3379 5251 3704 5309 seducerent
3727 5296 3748 5321 ,

2165 5336 2474 5392 mactandos
2493 5345 2547 5392 et
2569 5337 2909 5404 occidendos,
2941 5353 3044 5392 non
3071 5338 3373 5396 liberandos
3401 5329 3746 5399 seducerent.

2167 5428 2232 5482 Et
2257 5426 2356 5481 hos
2382 5424 2711 5482 dimittamus
2751 5445 2764 5482 :
2809 5427 3081 5482 videamus
3113 5429 3232 5484 illos
3259 5431 3301 5483 si
3345 5431 3480 5485 forte
3528 5434 3626 5502 ipsi
3659 5435 3748 5488 in-

2166 5527 2310 5574 trant
2364 5535 2459 5590 per
2503 5519 2720 5586 ostium,
2771 5519 2862 5590 qui
2911 5519 3074 5590 ipsius
3122 5519 3320 5576 Christi
3370 5525 3587 5580 nomine
3630 5526 3753 5596 glo-

2165 5613 2389 5667 riantur.

2238 5705 2291 5759 5.
2320 5701 2735 5758 Innumerabiles
2753 5703 2893 5756 enim
2921 5713 3059 5766 sunt,
3086 5703 3172 5774 qui
3195 5720 3254 5760 se
3271 5705 3510 5762 videntes
3533 5722 3636 5762 non
3656 5724 3752 5763 so-

2165 5797 2274 5851 lum
2301 5796 2519 5867 jactant,
2548 5795 2642 5852 sed
2669 5811 2699 5851 a
2724 5795 2937 5854 Christo
2965 5797 3289 5855 illuminatos
3311 5799 3477 5857 videri
3503 5808 3687 5858 volunt
3715 5845 3732 5858 .

3619 378 3766 439 1720
3841 426 3846 427 ν
