4102 6470
316 361 446 423 1721

309 487 437 534 sunt
455 484 634 532 autem
665 475 921 531 haeretici.
950 474 1109 529 Forte
1152 474 1248 545 ipsi
1290 490 1386 545 per
1417 475 1633 545 januam
1660 476 1896 532 intrave-

307 569 481 626 runt?
510 568 683 624 Absit.
736 568 1000 623 Sabellius
1043 567 1190 633 dicit,
1219 568 1315 636 Qui
1344 567 1511 623 Filius
1539 577 1640 634 est,
1672 571 1784 639 ipse
1817 579 1899 626 est

304 660 623 717 Palensed
648 660 693 714 si
721 660 911 726 Filius,
963 676 1067 713 non
1104 668 1185 714 est
1235 660 1409 715 Pater.
1456 660 1571 715 Non
1603 662 1763 716 intrat
1802 677 1899 731 per

304 753 531 817 ostium,
558 750 649 822 qui
692 751 882 806 Filium
912 750 1040 806 dicit
1068 751 1301 807 Patrem.
1347 752 1509 806 Arius
1533 752 1663 807 dicit
1695 770 1709 805 :
1740 754 1896 809 Aliud

300 857 389 902 est
415 846 597 911 Pater,
640 844 781 899 aliud
830 852 912 899 est
964 843 1150 899 Filius.
1182 843 1345 899 Recte
1378 844 1601 909 diceret,
1625 845 1670 899 si
1694 844 1897 901 diceret

300 939 493 1005 Alius;
526 935 835 1003 non,aliud.
863 935 1087 1003 Quando
1122 936 1264 990 enim
1292 936 1436 1002 dicit,
1461 935 1642 1003 Aliud,
1674 937 1722 991 ei
1765 952 1897 992 con-

298 1032 523 1087 tradicit
547 1047 576 1084 a
602 1046 709 1101 quo
738 1030 915 1097 audit,
946 1030 1053 1101 Ego
1079 1040 1125 1085 et
1156 1030 1312 1085 Pater
1330 1048 1485 1085 unum
1498 1049 1673 1086 sumus
1698 1031 1717 1104 (
1733 1030 1891 1087 Joan.

296 1140 358 1190 ι,
391 1124 461 1179 30
482 1122 527 1196 ).
557 1122 669 1179 Nec
719 1124 834 1193 ipse
885 1138 1013 1192 ergo
1061 1138 1156 1191 per
1182 1123 1377 1177 ostium
1417 1123 1615 1178 intrat:
1644 1123 1897 1193 praedicat

292 1217 445 1271 enim
468 1215 738 1271 Christum
774 1215 982 1286 qualem
1010 1216 1108 1270 sibi
1133 1214 1300 1286 fingit,
1325 1231 1429 1271 non
1448 1217 1659 1287 qualem
1692 1218 1895 1273 veritas

296 1308 451 1365 dicit.
478 1307 681 1363 Nomen
713 1308 897 1375 habes,
916 1324 1029 1364 rem
1062 1324 1167 1363 non
1198 1308 1383 1364 habes.
1413 1309 1651 1379 Alicujus
1680 1309 1757 1364 rei
1799 1324 1895 1365 no-

232 1406 243 1447 .'
297 1417 430 1456 men
456 1409 540 1456 est
562 1400 807 1455 Christus
832 1418 847 1456 :
876 1412 996 1455 tene
1025 1399 1193 1470 ipsam
1215 1416 1347 1462 rem,
1372 1400 1417 1455 si
1442 1404 1522 1455 vis
1552 1400 1806 1470 prodesse
1836 1401 1895 1454 ti-

293 1492 351 1545 bi
404 1506 619 1545 nomen.
644 1490 794 1544 Alius
826 1490 1007 1545 nescio
1028 1490 1188 1556 unde,
1218 1491 1355 1545 sicut
1401 1491 1660 1547 Photinus
1693 1510 1705 1545 :
1738 1490 1895 1545 Chri-

291 1592 418 1638 stus
459 1582 623 1636 homo
642 1590 745 1645 est,
775 1582 964 1651 inquit;
992 1582 1131 1637 Deus
1176 1598 1280 1637 non
1305 1592 1406 1637 est.
1432 1582 1541 1637 Nec
1583 1583 1695 1652 ipse
1734 1582 1893 1637 intrat

290 1692 397 1747 per
425 1677 643 1737 ostium,
676 1675 796 1744 quia
844 1676 1087 1729 Christus
1131 1685 1186 1730 et
1225 1676 1387 1731 homo
1434 1684 1488 1731 et
1517 1676 1653 1731 Deus
1681 1684 1781 1731 est.
1823 1675 1891 1731 Et

289 1768 425 1838 quid
455 1784 590 1839 Opus
618 1778 697 1823 est
726 1767 889 1821 multa
922 1784 1254 1837 percurrere,
1282 1777 1336 1824 et
1371 1769 1537 1822 multa
1560 1784 1690 1822 vana
1720 1768 1892 1824 luere—

288 1876 417 1916 sum
441 1862 793 1917 enumerare?
824 1862 1145 1924 lloctenete,
1178 1862 1315 1916 ovile
1334 1860 1529 1916 Christi
1557 1877 1675 1917 esse
1704 1860 1890 1916 catho-

288 1954 456 2009 licam
513 1953 824 2009 Ecclesiam.
870 1953 1200 2023 Quicumque
1252 1954 1362 2007 vult
1394 1954 1593 2008 intrare
1621 1954 1686 2007 ad
1726 1954 1887 2021 ovile,

287 2059 395 2113 per
429 2045 621 2099 ostium
651 2045 827 2109 intret,
859 2042 1127 2099 Christum
1149 2058 1331 2099 verum
1365 2043 1633 2113 praadicet.
1662 2042 1775 2098 Non
1798 2058 1890 2098 so-

289 2136 406 2189 lum
451 2133 723 2190 Christum
750 2150 935 2190 verum
967 2134 1235 2203 prmdicet,
1284 2134 1378 2188 sed
1421 2134 1618 2189 Christi
1665 2134 1888 2203 gloriam

286 2234 524 2295 qummt,
580 2241 686 2279 non
737 2240 887 2280 suam
929 2242 943 2277 :
977 2241 1099 2278 nam
1147 2225 1299 2279 multi
1342 2224 1629 2294 qumrendo
1666 2225 1886 2295 gloriam

286 2331 468 2381 suam,
498 2332 623 2372 oves
643 2316 837 2371 Christi
865 2325 1175 2386 sparserunt
1203 2316 1375 2385 potius
1397 2332 1553 2385 quam
1594 2332 1888 2387 congrega-

286 2418 512 2464 verunt.
541 2407 763 2461 llumilis
801 2416 883 2461 est
926 2407 1067 2461 enim
1090 2406 1248 2475 janua
1275 2406 1518 2462 Christus
1563 2407 1856 2461 Dominus:

286 2502 387 2569 qui
415 2502 579 2554 intrat
623 2515 719 2570 per
770 2498 907 2553 hanc
932 2499 1172 2568 januam,
1200 2507 1409 2567 oportet
1452 2499 1697 2554 humiliet
1724 2514 1803 2564 se,
1830 2506 1889 2552 ut

283 2606 429 2646 sano
458 2592 629 2657 capite
658 2591 825 2661 possit
853 2590 1071 2645 intrare.
1094 2590 1192 2655 Qui
1214 2599 1390 2645 autem
1410 2605 1467 2645 se
1494 2606 1598 2645 non
1620 2590 1883 2657 humiliat,

282 2683 391 2739 sed
422 2683 652 2747 extollit,
683 2698 777 2752 per
807 2681 1090 2736 maceriam
1114 2682 1566 2736 vultascendcre:
1596 2682 1685 2751 qui
1707 2691 1884 2736 autem

285 2791 397 2846 per
426 2774 713 2829 maceriam
736 2774 995 2839 ascendit,
1026 2774 1145 2828 ideo
1168 2774 1429 2828 exaltatur
1458 2783 1513 2826 nt
1533 2773 1705 2827 cadat.

366 2866 420 2921 6.
446 2866 611 2921 Tecte
635 2875 809 2920 tamen
840 2864 1011 2919 adhuc
1035 2865 1270 2933 loquitur
1292 2863 1546 2918 Dominus
1571 2864 1745 2931 Jesus,
1762 2879 1887 2919 non-

284 2956 422 3010 dum
454 2956 763 3024 intelligitur
791 2973 804 3007 :
836 2956 1069 3009 nominat
1097 2954 1311 3017 ostium,
1346 2956 1581 3008 nominat
1603 2955 1761 3018 ovile,
1792 2971 1888 3008 no-

283 3048 465 3101 minat
508 3061 670 3107 oves;
722 3046 1061 3100 commendat
1109 3046 1223 3100 haec
1265 3048 1463 3109 omnia,
1505 3046 1600 3101 sed
1653 3048 1885 3101 nondum

283 3135 535 3204 exponit.
580 3135 841 3205 Legamus
875 3150 1022 3204 ergo,
1053 3136 1174 3205 quia
1198 3145 1452 3189 venturus
1472 3145 1553 3190 est
1580 3136 1644 3190 ad
1673 3151 1734 3191 ea
1763 3152 1884 3190 ver-

284 3227 360 3280 ba
384 3228 644 3295 inquibus
666 3227 817 3280 nobis
838 3226 1011 3295 aliqua
1032 3242 1149 3295 qua:
1170 3226 1301 3279 dixit
1320 3226 1568 3295 dignetur
1582 3242 1849 3297 exponere
1870 3246 1883 3281 :

285 3334 362 3373 ex
382 3334 611 3388 quorum
651 3319 983 3387 expositione
1003 3317 1147 3372 dabit
1187 3319 1339 3373 nobis
1366 3318 1591 3373 fortasse
1614 3320 1771 3373 etiam
1802 3320 1887 3373 illa

284 3427 413 3481 qua:
443 3426 548 3463 non
572 3412 834 3480 exposuit,
860 3410 1176 3479 intelligere.
1206 3410 1535 3464 Pascitenim
1555 3410 1884 3475 manifestis,

286 3513 515 3557 exercet
540 3502 799 3556 obscuris.
834 3501 932 3565 Qui
982 3518 1081 3554 non
1126 3502 1279 3554 intrat
1311 3517 1400 3571 per
1443 3501 1627 3554 ostium
1675 3502 1729 3554 in
1762 3502 1890 3555 ovile

287 3593 489 3655 arium,
515 3593 603 3647 sed
627 3594 849 3646 ascendit
872 3592 1095 3647 aliunde.
1142 3593 1232 3648 Va:
1254 3594 1472 3658 misero,
1503 3594 1624 3663 quia
1668 3609 1888 3650 casurus

286 3686 416 3738 est!
448 3683 530 3737 Sit
554 3699 681 3754 ergo
702 3684 934 3749 humilis,
968 3698 1060 3753 per
1100 3685 1293 3738 ostium
1325 3685 1521 3738 intret:
1554 3684 1713 3753 plano
1749 3686 1889 3756 pede

286 3777 499 3843 veniat,
529 3786 583 3830 et
618 3792 723 3831 non
752 3777 1002 3831 offendet.
1035 3776 1154 3843 Ille,
1210 3779 1398 3846 inquit,
1443 3782 1527 3849 fur
1564 3788 1698 3833 estet
1736 3782 1885 3834 latro.

288 3866 441 3920 Oves
468 3882 590 3920 suas
633 3868 744 3919 vult
784 3867 960 3921 dicere
1007 3882 1133 3921 oves
1175 3868 1411 3922 alienas:
1443 3868 1511 3923 ad
1537 3868 1637 3924 hoc
1667 3885 1809 3934 suas,
1836 3870 1886 3924 id

291 3966 406 4021 est,
434 3958 574 4012 furto
599 3958 823 4023 ablatas,
863 3974 967 4011 non
994 3968 1049 4012 ut
1076 3959 1262 4019 salvet.
1296 3959 1390 4014 sed
1415 3969 1470 4014 ut
1494 3961 1718 4016 occidat.
1750 3962 1889 4031 Ergo

292 4046 388 4101 fur
415 4056 520 4110 est,
561 4048 680 4116 quia
719 4047 858 4115 quod
904 4048 1134 4101 alienum
1186 4058 1286 4113 est,
1337 4065 1488 4103 suum
1532 4049 1657 4105 dicit
1686 4069 1699 4104 ;
1727 4050 1885 4117 latro,

291 4140 427 4209 quia
446 4148 499 4194 et
518 4139 656 4209 quod
678 4146 761 4194 est
780 4138 1005 4201 furatus,
1036 4140 1249 4193 occidit.
1282 4139 1379 4205 Qui
1407 4150 1575 4194 autem
1612 4142 1766 4195 intrat
1796 4158 1887 4210 per

292 4234 508 4295 ostium,
562 4243 735 4302 pastor
783 4242 857 4286 est
907 4234 1114 4287 ovium:
1144 4235 1260 4287 huic
1304 4235 1541 4289 ostiarius
1583 4238 1764 4305 aperit.
1815 4238 1889 4291 De

297 4326 531 4379 ostiario
552 4325 653 4379 isto
680 4336 806 4379 tunc
825 4341 1147 4395 quzrramus,
1179 4327 1392 4395 quando
1420 4327 1489 4381 ab
1516 4328 1629 4395 ipso
1666 4329 1890 4382 Domino

294 4416 631 4469 audierimus
651 4416 790 4485 quod
819 4417 885 4470 sit
914 4418 1130 4482 ostium,
1154 4426 1207 4471 et
1232 4418 1320 4486 qui
1362 4420 1431 4473 sit
1456 4428 1654 4486 pastor.
1687 4417 1753 4470 Et
1779 4435 1890 4473 oves

290 4523 467 4561 vocem
482 4507 589 4576 ejus
612 4507 847 4575 audiunt,
874 4515 920 4560 et
947 4507 1181 4576 praprias
1235 4524 1349 4561 oves
1388 4517 1530 4561 vocat
1565 4509 1885 4561 nominatim.

293 4598 473 4653 Habet
502 4598 645 4652 enim
667 4598 881 4652 nomina
902 4613 1083 4652 earum
1111 4597 1304 4667 scripta
1334 4598 1385 4651 in
1417 4598 1551 4651 libro
1581 4598 1722 4652 vitae.
1750 4596 1888 4651 Pro-

298 4693 443 4761 prias
467 4706 582 4743 oves
608 4698 748 4743 vocat
774 4691 1097 4743 nominatim.
1124 4690 1255 4743 llinc
1274 4690 1404 4743 dicit
1428 4689 1714 4758 Apostolus
1742 4707 1755 4741 :
1787 4688 1890 4743 No-

291 4783 363 4835 vit
391 4781 646 4835 Dominus
682 4782 769 4853 qui
797 4791 915 4835 sunt
955 4781 1104 4851 eius(
1131 4779 1179 4834 ll
1208 4779 1337 4833 Tim.
1363 4795 1422 4846 ll,
1448 4779 1515 4835 19
1615 4778 1682 4833 Et
1726 4780 1891 4833 educit

292 4889 403 4927 eas.
429 4870 498 4925 Et
522 4888 636 4925 cum
661 4872 895 4942 proprias
931 4889 1047 4926 oves
1090 4872 1329 4938 emiserit,
1360 4881 1478 4925 ante
1522 4887 1608 4924 eas
1634 4870 1768 4924 vadit
1795 4887 1814 4925 :
1842 4880 1890 4923 et

294 4982 411 5019 oves
447 4964 596 5019 illum
632 4974 931 5036 sequuntur,
960 4965 1080 5034 quia
1105 4965 1268 5018 sciunt
1294 4980 1462 5018 vocem
1500 4964 1631 5034 ejus.
1657 4963 1891 5017 Alienum

295 5070 463 5111 autem
484 5073 586 5110 non
611 5066 903 5126 sequuntur,
932 5056 1021 5110 sed
1046 5058 1243 5127 fugiunt
1263 5055 1324 5109 ab
1351 5072 1411 5111 eo
1438 5070 1457 5119 ;
1488 5056 1725 5126 quianon
1744 5070 1894 5107 nove-

294 5157 413 5201 runt
441 5163 611 5201 vocem
638 5147 935 5200 alienorum.
955 5146 1117 5201 Tecta
1149 5154 1273 5199 sunt
1293 5144 1432 5210 bzec,
1456 5144 1612 5213 plena
1636 5145 1890 5213 qumstio-

297 5238 474 5300 nibus,
504 5236 720 5306 gravida
742 5237 1110 5292 sacramentis.
1155 5236 1454 5305 Sequamur
1477 5250 1603 5305 ergo
1630 5242 1685 5289 et
1711 5234 1894 5287 audia-

298 5342 416 5380 mus
456 5328 768 5396 magistrum
798 5342 862 5381 ex
894 5327 977 5380 his
1001 5327 1243 5381 obscuris
1271 5325 1471 5395 aliquid
1506 5325 1877 5394 aperientem;

299 5430 354 5471 et
377 5433 471 5487 per
492 5416 541 5470 id
572 5416 715 5486 quod
744 5420 935 5486 aperit,
962 5432 1060 5470 nos
1089 5416 1227 5471 forte
1248 5417 1447 5470 intrare
1469 5415 1778 5470 facientem.

372 5512 424 5563 7.
457 5509 571 5563 Hoc
597 5510 913 5580 proverbium
939 5510 1067 5563 dixit
1110 5509 1213 5562 illis
1258 5506 1450 5571 Jesus;
1478 5506 1557 5560 illi
1584 5516 1752 5560 autem
1791 5524 1889 5563 non

302 5612 637 5674 cognoverunt
660 5603 783 5673 quid
820 5604 1105 5671 loqueretur
1134 5603 1223 5656 eis.
1272 5600 1431 5655 Forte
1468 5615 1570 5655 nec
1598 5616 1714 5654 nos.
1756 5598 1892 5666 Quid

308 5710 434 5764 ergo
462 5695 693 5749 interest
721 5695 860 5749 inter
889 5695 1004 5747 illos
1034 5703 1089 5748 et
1131 5708 1252 5759 nos,
1275 5702 1557 5761 antequam
1602 5691 1702 5746 ista
1729 5691 1890 5747 verba

307 5801 653 5858 agnoscamus
679 5794 735 5842 et
761 5788 905 5842 nos?
933 5784 1066 5853 Quia
1097 5800 1193 5841 nos
1217 5784 1489 5856 pulsamus
1520 5791 1577 5838 ut
1621 5782 1888 5854 aperiatur

1439 359 1842 421 TRACTATUS
1876 363 2038 422 XLV.
2076 365 2304 426 CAPUT
2342 369 2410 428 Χ.

3456 385 3596 445 ms

2010 480 2204 547 nobis;
2235 484 2305 538 illi
2327 493 2505 542 autem
2546 486 2813 545 Christum
2866 492 3115 564 negando
3140 494 3393 553 nolebant
3421 501 3596 557 intra-

2007 586 2066 625 re
2090 574 2353 639 servandi,
2382 576 2475 632 sed
2504 579 2631 634 foris
2659 595 2940 639 remanere
2968 584 3247 654 perdendi.
3279 588 3431 656 Quod
3466 608 3598 663 ergo

2006 676 2104 715 nos
2127 664 2369 720 audimus
2394 667 2508 723 lucc
2546 671 2654 741 pie,
2686 673 2828 743 quod
2869 684 3155 746 antequam
3186 678 3272 734 illa
3319 680 3590 753 intelliga-

2006 766 2144 817 mus,
2171 755 2439 813 credimus
2458 774 2582 814 vera
2604 775 2723 817 esse
2751 772 2910 834 atque
2934 765 3133 830 divina,
3156 783 3347 839 magna
3377 771 3445 825 ab
3473 773 3593 829 istis

2004 840 2311 901 diversitate
2344 846 2622 905 distamus.
2670 850 2804 908 Cum
2844 854 2987 909 enim
3033 856 3140 912 duo
3162 860 3388 915 audiunt
3422 863 3589 920 verba

2004 935 2294 1009 Evangelii,
2320 957 2454 996 unus
2482 944 2694 1013 impius,
2716 947 2851 1002 alter
2867 949 3002 1017 pius,
3031 960 3085 1005 et
3107 951 3206 1005 alia
3250 963 3373 1008 sunt
3402 964 3457 1010 ut
3484 955 3568 1011 for
3608 981 3612 985 θ

2004 1035 2057 1082 te
2081 1030 2239 1085 ambo
2266 1046 2369 1086 non
2399 1032 2711 1105 intelligant,
2741 1053 2876 1092 unus
2900 1039 3208 1106 dieit,Nihil
3230 1043 3402 1109 dixit;
3450 1046 3587 1102 alius

2001 1119 2150 1187 dicit,
2175 1120 2373 1177 Verum
2402 1123 2555 1189 dixit,
2584 1135 2638 1180 et
2665 1127 2861 1183 bonum
2896 1139 2977 1184 est
3004 1131 3147 1201 quod
3192 1133 3344 1201 dixit,
3369 1136 3463 1190 sed
3490 1152 3589 1192 nos

2002 1215 2463 1286 nonintelligimus
2487 1235 2499 1271 :
2532 1219 2634 1275 iste
2659 1221 2780 1289 quia
2798 1222 2968 1277 credit
2977 1223 3088 1293 jam
3110 1225 3306 1294 pulsat,
3323 1236 3375 1281 et
3396 1227 3589 1297 dignus

2002 1312 2085 1359 est
2112 1306 2194 1360 cui
2223 1308 2509 1375 aperiatur,
2535 1312 2580 1363 si
2611 1312 2820 1380 pulsare
2846 1315 3124 1381 persistat;
3158 1315 3246 1369 ille
3270 1330 3398 1371 vero
3412 1317 3589 1374 adhuc

2000 1396 2166 1462 audit,
2213 1397 2336 1453 Nisi
2362 1401 2700 1467 credideritis,
2731 1420 2833 1458 non
2871 1404 3157 1475 intelligetis
3180 1404 3342 1476 (Isai.
3386 1423 3482 1474 vn,
3527 1408 3585 1474 9,

1998 1507 2099 1545 sec.
2134 1492 2329 1565 LXX).
2373 1495 2549 1562 Quare
2580 1497 2679 1551 ista
2706 1499 3065 1553 commendo?
3103 1500 3234 1568 Quia
3263 1502 3424 1556 etiam
3458 1516 3585 1555 cum

1998 1583 2159 1637 verba
2182 1584 2298 1639 hinc
2320 1586 2565 1653 obscura,
2585 1589 2721 1642 sicut
2745 1604 2984 1658 possum,
3014 1606 3333 1661 exposuero,
3351 1600 3441 1645 aut
3461 1592 3583 1660 quia

1997 1674 2148 1728 valde
2166 1686 2287 1729 sunt
2310 1677 2509 1743 abdita,
2541 1679 2620 1733 vel
2665 1694 2765 1747 ego
2810 1694 2994 1734 eorum
3028 1696 3132 1734 non
3178 1680 3585 1748 apprehendat-0

1997 1765 2419 1837 intelligentiam,
2465 1770 2546 1825 vel
2578 1771 2875 1839 explicandi
2902 1771 3043 1839 quod
3089 1772 3324 1842 intelligo
3351 1787 3455 1826 non
3485 1771 3584 1826 ha-

1996 1854 2162 1911 buero
2206 1857 2529 1925 facultatem,
2559 1860 2643 1915 vel
2687 1871 2793 1915 tam
2836 1860 2996 1916 fuerit
3041 1862 3264 1932 quisque
3291 1861 3492 1926 tardus,
3523 1870 3585 1916 ut

1994 1947 2151 2000 etiam
2169 1959 2520 2017 exponentem
2541 1966 2643 2004 non
2676 1960 2963 2021 sequatur;
2997 1968 3099 2005 non
3125 1951 3192 2006 de
3217 1966 3276 2005 se
3299 1951 3579 2019 desperet:

1995 2048 2205 2094 maneat
2230 2041 2281 2093 in
2311 2041 2433 2105 fide,
2462 2042 2697 2096 ambulet
2736 2043 2790 2096 in
2817 2044 2921 2108 via,
2949 2043 3133 2097 audiat
3159 2042 3472 2111 Apostolum
3495 2041 3581 2094 di-

1994 2138 2224 2193 centem,
2254 2129 2321 2183 Et
2348 2132 2392 2185 si
2419 2133 2538 2202 quid
2561 2133 2706 2186 aliter
2720 2134 2918 2203 sapitis,
2943 2132 3037 2186 hoc
3061 2150 3258 2204 quoque
3280 2131 3416 2186 vobis
3436 2130 3576 2185 Deus

1992 2220 2227 2274 reuelabit
2258 2236 2277 2274 :
2304 2231 2638 2274 verumtamen
2651 2223 2703 2276 in
2728 2223 2861 2293 quod
2882 2225 3215 2294 pervenimus,
3238 2223 3291 2275 in
3312 2238 3369 2275 eo
3394 2223 3577 2275 ambu-

1993 2311 2153 2364 lemus
2180 2312 2197 2383 (
2223 2310 2450 2382 Philipp.
2475 2314 2690 2379 111,15).

2062 2402 2116 2457 8.
2144 2402 2462 2471 incipiamus
2484 2419 2609 2473 ergo
2632 2403 2814 2457 audire
2842 2409 3217 2471 exponentem,
3247 2416 3403 2470 quem
3424 2400 3579 2454 audi-

1991 2494 2167 2547 vimus
2216 2502 2628 2563 proponentem.
2689 2492 2834 2546 Dixit
2886 2510 3005 2564 ergo
3049 2495 3228 2546 iterum
3271 2493 3340 2545 cis
3386 2491 3579 2546 Iesus:

1991 2585 2170 2649 Amen,
2195 2602 2341 2639 amen
2364 2586 2477 2639 dico
2519 2585 2679 2649 vobis,
2712 2587 2830 2656 quia
2876 2603 2969 2656 ego
3012 2603 3121 2640 sum
3165 2587 3347 2639 ostium
3387 2586 3574 2640 ovium.

1990 2677 2129 2732 Ecce
2160 2678 2329 2747 ipsum
2378 2679 2573 2733 ostium
2602 2679 2743 2748 quod
2775 2680 3017 2733 clausum
3049 2688 3319 2747 posuerat,
3346 2678 3573 2747 aperuit.

1990 2768 2107 2838 Ipse
2131 2778 2211 2823 est
2235 2769 2447 2822 ostium.
2473 2771 2818 2839 Agnuvimus,
2852 2769 3129 2833 intremus,
3153 2778 3355 2822 autnos
3385 2770 3579 2822 intras-

1990 2874 2049 2912 se
2075 2858 2419 2928 gandeamus.
2452 2858 2636 2914 Omnes
2661 2870 2902 2930 quotquot
2944 2869 3195 2923 venerunt,
3229 2863 3363 2929 fures
3391 2869 3504 2913 sunt
3528 2868 3577 2912 et

1991 2953 2228 3005 latrones.
2252 2951 2386 3019 Quid
2415 2962 2495 3006 est
2522 2952 2642 3017 hoc,
2680 2952 2918 3014 Domine,
2957 2949 3140 3004 Omnes
3161 2960 3396 3020 quotquot
3424 2967 3575 3004 vene-

1991 3043 2141 3095 runt?
2165 3042 2300 3109 Quid
2355 3042 2545 3097 enim?
2600 3051 2655 3095 tu
2702 3057 2805 3095 non
2865 3040 3089 3095 venisti?
3138 3041 3241 3095 Sed
3294 3041 3572 3108 intellige:

1995 3132 2178 3186 Omnes
2203 3144 2441 3202 quotquot
2475 3144 2713 3186 venerunt
2733 3134 2863 3197 dixi,
2896 3134 3076 3201 utique
3107 3142 3299 3200 pra-ter
3330 3147 3433 3184 me.
3475 3133 3578 3186 Re-

1990 3228 2226 3280 colamus
2248 3241 2392 3295 ergo.
2415 3228 2549 3278 Ante
2563 3227 2846 3279 adventum
2876 3226 3038 3293 ipsius
3054 3233 3311 3279 venerunt
3339 3222 3577 3291 Prophe-

1991 3330 2091 3384 tae;
2124 3319 2375 3387 numquid
2412 3319 2557 3373 fures
2608 3330 2661 3372 et
2709 3318 2942 3372 latrones
2972 3316 3225 3370 fuerunt?
3252 3316 3420 3369 Absit.
3459 3314 3577 3368 Non

1993 3421 2186 3482 prwter
2214 3412 2359 3464 illum
2399 3419 2683 3475 venerunt,
2711 3411 2832 3479 quia
2860 3426 2978 3464 cum
3004 3409 3093 3462 illo
3120 3416 3399 3463 venerunt.
3432 3406 3579 3460 Ven-

1994 3517 2140 3562 turus
2162 3522 2437 3577 prmcones
2468 3506 2729 3568 mittebat,
2774 3504 2865 3559 sed
2893 3518 3074 3558 eorum
3109 3501 3268 3555 corda
3298 3515 3431 3570 quos
3471 3500 3575 3553 mi-

1992 3608 2152 3663 serat,
2177 3596 2499 3666 possidebat.
2521 3596 2691 3650 Vultis
2714 3610 2870 3648 “0558
2891 3595 3013 3665 quia
3030 3608 3147 3646 cmn
3177 3593 3267 3645 illo
3291 3598 3573 3653 venerunt,

1992 3689 2082 3757 qui
2108 3698 2190 3742 est
2214 3688 2326 3756 ipse
2347 3702 2558 3756 semper
2581 3688 2604 3739 ?
2652 3686 2877 3739 Carnem
2898 3686 3089 3754 quippe
3120 3683 3322 3751 accepit
3348 3699 3411 3735 ex
3436 3691 3569 3734 tem-

1994 3793 2142 3846 pore.
2173 3776 2308 3844 Quid
2331 3786 2411 3830 est
2435 3791 2561 3844 ergo
2592 3774 2839 3843 semper?
2867 3772 2932 3826 In
2955 3772 3200 3841 principio
3226 3781 3331 3823 erat
3365 3769 3580 3823 Verbum

1998 3871 2183 3943 (Joan.
2211 3886 2249 3935 ι,
2289 3871 2307 3923 l
2346 3870 2383 3937 ).
2423 3869 2557 3922 Cum
2588 3868 2682 3921 illo
2711 3883 2840 3935 ergo
2870 3873 3147 3923 venerunt.
3190 3864 3277 3933 qui
3308 3878 3426 3915 cum
3454 3876 3579 3914 ver-

1991 3964 2060 4019 bo
2087 3964 2179 4017 Dei
2210 3969 2485 4016 venerunt.
2528 3958 2640 4030 Ego
2660 3977 2790 4022 sum,
2821 3958 3007 4028 inquit,
3037 3959 3114 4009 via
3131 3966 3176 4009 et
3207 3955 3383 4007 veritas
3407 3963 3452 4006 et
3480 3953 3581 4006 vita

1999 4057 2017 4127 (
2045 4052 2131 4106 Id.
2164 4069 2271 4118 xlv,
2299 4052 2331 4105 6
2361 4052 2401 4122 ).
2426 4051 2481 4102 Si
2520 4051 2633 4119 ipse
2660 4058 2741 4103 est
2770 4049 2984 4113 veritas,
3026 4062 3147 4101 cum
3201 4046 3289 4099 illo
3319 4052 3579 4099 venerunt

2001 4148 2091 4217 qui
2150 4160 2366 4201 veraces
2422 4146 2652 4197 fuerunt.
2699 4144 2968 4210 Quotquot
3005 4154 3131 4209 ergo
3178 4148 3371 4207 przeter
3411 4137 3581 4203 illum,

1993 4242 2131 4310 fures
2169 4248 2213 4291 et
2238 4238 2486 4294 latrones:
2515 4234 2564 4287 id
2592 4242 2691 4295 est,
2707 4232 2771 4286 ad
2800 4230 3074 4285 furandum
3097 4240 3150 4283 et
3174 4229 3544 4284 occidendum.

2064 4329 2118 4383 9.
2151 4328 2258 4383 Sed
2287 4345 2386 4380 non
2416 4327 2686 4379 audierunt
2720 4340 2802 4377 eos
2852 4340 2983 4377 oves.
3016 4321 3181 4390 Major
3208 4321 3320 4374 hinc
3360 4320 3602 4389 quaestio,
3642 4340 3643 4343 η

1992 4429 2094 4482 est,
2112 4437 2211 4473 non
2232 4420 2505 4472 audierunt
2527 4435 2609 4471 eos
2633 4433 2765 4471 oves.
2797 4418 2932 4469 Ante
2948 4414 3235 4467 adventum
3259 4413 3463 4466 Domini
3487 4428 3584 4467 no-
3614 4478 3621 4479 γ

1993 4510 2091 4565 stri
2121 4510 2250 4565 Jesu
2280 4506 2505 4573 Chrisri,
2536 4524 2640 4575 quo
2666 4506 2880 4559 humilis
2913 4506 3057 4560 venit
3082 4506 3131 4557 in
3156 4519 3331 4568 carne,
3353 4518 3601 4573 prteces—q
3648 4506 3653 4513 “

1993 4600 2342 4670 seruntjusti,
2374 4599 2452 4653 sic
2479 4598 2533 4651 in
2570 4612 2692 4651 eum
2722 4596 2999 4650 credentes
3028 4604 3330 4659 venturum,
3362 4582 3624 4673 quomo—E'

1993 4690 2065 4746 do
2089 4704 2188 4744 nos
2208 4688 2480 4744 credimus
2509 4687 2561 4740 in
2608 4701 2728 4740 eum
2756 4685 2843 4754 qui
2889 4685 3051 4739 venit.
3084 4684 3344 4752 Tempora
3384 4683 3583 4735 variata

1993 4789 2137 4843 sunt,
2162 4795 2265 4834 non
2286 4778 2439 4833 ﬁdes.
2465 4777 2597 4844 Quia
2616 4786 2670 4830 et
2696 4776 2808 4845 ipsa
2822 4775 2981 4829 verba
3000 4790 3095 4845 pro
3121 4782 3358 4843 tempore
3378 4789 3437 4826 va
3448 4774 3586 4826 rian-

1994 4882 2101 4939 tur,
2128 4887 2249 4926 cum
2272 4871 2416 4926 varie
2441 4868 2806 4924 declinantur:
2827 4867 2987 4921 alium
3019 4881 3206 4920 sonum
3241 4866 3419 4929 habet,
3440 4863 3583 4918 Ven-

1995 4974 2145 5020 turus
2184 4974 2294 5027 est;
2325 4963 2487 5017 alium
2533 4978 2722 5017 sonum
2774 4960 2954 5026 habet,
3007 4958 3196 5012 Venit:
3228 4965 3460 5011 mutatus
3501 4964 3583 5010 est

1995 5071 2179 5120 sonus,
2229 5062 2484 5109 venturus
2535 5062 2637 5115 est.
2684 5060 2739 5107 et
2786 5048 3188 5105 venit:cadem
3227 5058 3402 5101 tamen
3453 5045 3585 5100 fides

1995 5156 2250 5214 utrosque
2279 5144 2572 5214 conjungit,
2607 5152 2663 5197 et
2688 5158 2781 5197 eos
2810 5142 2897 5212 qui
2926 5150 3206 5195 venturum
3235 5152 3373 5201 esse,
3404 5147 3459 5192 et
3486 5152 3582 5193 eos

1996 5237 2086 5309 qui
2111 5252 2231 5291 enm
2256 5236 2466 5291 venisse
2490 5234 2851 5289 crediderunt.
2876 5232 3108 5286 Diversis
3144 5228 3356 5299 quidem
3379 5237 3588 5300 tempo-

1996 5326 2166 5392 ribus,
2194 5326 2288 5381 sed
2309 5336 2562 5395 utrosque
2606 5340 2701 5395 per
2748 5339 2910 5377 unum
2945 5322 3065 5375 ﬁdei
3112 5321 3330 5385 ostium,
3362 5320 3467 5376 hoc
3507 5331 3587 5379 est

1996 5433 2095 5488 per
2128 5415 2420 5482 Christum,
2448 5417 2687 5471 videmus
2715 5416 3002 5486 ingressos.
3030 5412 3143 5470 Nos
3172 5414 3441 5469 credimus
3466 5413 3579 5469 Do-

1997 5510 2201 5563 minum
2229 5508 2409 5563 Jesum
2431 5508 2697 5563 Christum
2730 5516 2905 5560 natum
2935 5521 3000 5560 ex
3024 5504 3261 5576 Virgine,
3288 5506 3500 5561 venisse
3530 5507 3585 5561 in

1998 5614 2179 5664 carne,
2214 5614 2427 5668 passum
2455 5612 2593 5663 esse,
2616 5596 2993 5661 resurrexisse,
3019 5597 3070 5650 in
3096 5596 3288 5652 caelum
3314 5595 3583 5652 ascendis-

1996 5708 2059 5750 se
2086 5710 2099 5746 :
2133 5699 2299 5747 totum
2328 5691 2449 5756 hoc,
2469 5689 2778 5745 sicutverba
2801 5687 2994 5745 auditis
3021 5690 3275 5760 praeteriti
3297 5689 3573 5760 temporis,

2002 5786 2274 5857 impletum
2301 5799 2421 5840 esse
2448 5784 2557 5855 jam
2581 5781 2864 5839 credimus.
2886 5781 2944 5838 In
2962 5782 3078 5854 ejus
3106 5793 3228 5839 sunt
3256 5783 3377 5839 ﬁdei
3406 5783 3579 5838 socie-
