4030 6530
474 363 614 418 1723

471 482 581 527 tate
607 472 882 526 nobiscum
911 470 1064 528 etilli
1119 479 1318 540 patres,
1349 467 1438 537 qui
1463 464 1802 522 crediderunt
1828 463 1895 516 de
1932 460 2051 515 Vir-

471 569 595 631 gine
638 569 988 629 nasciturum,
1035 577 1335 632 passurum,
1381 566 1820 619 resurrecturum,
1849 556 1904 609 in
1945 570 2057 608 cm-

473 657 584 709 lum
613 669 954 708 ascensurum
983 671 997 705 :
1032 653 1157 708 illos
1185 652 1330 708 enim
1371 649 1600 704 ostendit
1648 647 1932 717 Apostolus
1961 645 2052 698 ubi

473 747 566 809 ait,
596 743 849 798 Habentes
881 754 1048 798 autem
1068 743 1294 797 eumdem
1342 743 1573 812 spiritum
1610 740 1750 810 ﬁdei,
1783 741 1909 793 sicut
1928 740 2055 792 scri-

473 847 614 904 ptum
638 845 731 903 est,
755 834 977 900 Credidi,
997 843 1199 904 propter
1220 833 1354 902 quod
1379 833 1572 886 locutus
1585 847 1696 886 sum
1716 847 1734 895 ;
1764 839 1807 882 et
1833 846 1924 882 nos
1943 845 2056 881 cre-

474 927 660 990 dimus,
692 933 892 996 propter
919 925 1052 996 quod
1077 935 1123 978 et
1143 925 1393 993 loquimur
1413 920 1484 994 (ll
1514 922 1631 977 Cor.
1661 938 1732 986 tv,
1759 922 1824 974 13
1858 921 1897 990 ).
1927 919 2054 973 Pro-

474 1015 633 1084 pheta
659 1015 812 1081 dixit,
837 1015 1058 1078 Credidi,
1091 1025 1293 1084 propter
1321 1013 1456 1083 quod
1489 1013 1686 1066 locutus
1711 1027 1824 1066 sunt
1853 1009 1872 1079 (
1902 1008 2048 1072 Rsal.

473 1121 597 1170 cxv,
631 1105 740 1179 10)
765 1124 779 1160 :
807 1105 1091 1177 Apostolus
1132 1105 1278 1168 dicit,
1310 1104 1374 1158 Et
1422 1119 1511 1157 nos
1537 1102 1804 1165 credimus,
1852 1108 2054 1170 propter

473 1197 610 1264 quod
647 1207 694 1252 et
743 1198 1012 1265 loquimur.
1051 1195 1121 1252 Ut
1147 1196 1284 1251 scias
1313 1204 1487 1250 autem
1513 1193 1655 1264 quod
1681 1208 1782 1247 una
1808 1192 1876 1246 sit
1901 1189 2050 1256 ﬁdes,

474 1288 598 1343 audi
625 1288 907 1352 dicentem,
938 1285 1188 1340 Habentes
1211 1285 1438 1340 eumdem
1465 1285 1697 1354 spiritum
1721 1283 1863 1352 ﬁdei,
1895 1291 1940 1335 et
1961 1297 2054 1334 nos

473 1377 742 1432 credimus.
771 1377 859 1433 Sic
883 1386 936 1432 et
953 1378 1059 1432 alio
1088 1377 1225 1442 loco,
1260 1376 1396 1430 Nolo
1416 1377 1550 1430 enim
1568 1391 1652 1429 vos
1667 1375 1920 1446 ignorare,
1943 1376 2054 1444 fra-

474 1479 595 1534 tres,
622 1470 740 1539 quia
767 1479 935 1538 patres
957 1469 1114 1522 nostri
1133 1484 1301 1522 omnes
1317 1467 1406 1522 sub
1431 1467 1559 1521 nube
1577 1468 1799 1536 fuerunt,
1823 1474 1870 1520 et
1883 1481 2054 1518 omnes

474 1577 564 1630 per
578 1577 714 1615 mare
731 1561 1056 1626 transierunt,
1085 1572 1133 1614 et
1156 1577 1327 1615 omnes
1350 1561 1403 1613 in
1429 1559 1639 1630 Moysen
1658 1558 1896 1628 baptizati
1911 1566 2049 1622 sunt,

473 1649 527 1702 in
549 1649 679 1703 nube
703 1659 750 1703 et
775 1651 828 1703 in
857 1650 1004 1713 mari,
1037 1659 1082 1704 et
1110 1666 1280 1704 omnes
1301 1649 1525 1702 eamdem
1545 1665 1709 1703 escam
1736 1646 2052 1718 spiritualem

477 1740 905 1794 ntanducaverunt
923 1781 940 1806 ,
975 1749 1025 1794 et
1053 1757 1221 1795 omnes
1255 1741 1481 1794 eumdem
1525 1749 1693 1808 potum
1741 1739 2052 1811 spiritualem

473 1827 716 1882 biberunt.
750 1829 893 1886 Mare
933 1831 1170 1885 Rubrum
1220 1830 1480 1900 significat
1507 1829 1833 1898 Baptismum
1858 1843 1873 1892 ;
1903 1827 2050 1898 Moy-

477 1934 566 1973 ses
596 1919 784 1974 ductor
833 1936 927 1989 per
965 1936 1112 1975 mare
1156 1920 1393 1974 Rubrum
1443 1919 1704 1989 signiﬁcat
1745 1917 2046 1980 Christum;

479 2013 706 2080 populus
749 2013 1010 2067 transiens
1041 2011 1302 2080 significat
1345 2009 1562 2073 ﬁdeles;
1587 2024 1732 2064 mors
1775 2008 2051 2078 Egyptia-

471 2118 590 2156 rum
615 2103 874 2172 signiﬁcat
913 2102 1254 2158 abolitionem
1285 2109 1641 2170 peccatorum.
1674 2100 1728 2154 lu
1759 2099 1922 2168 signis
1964 2098 2050 2152 di-

469 2192 642 2247 versis
687 2192 873 2247 eadem
923 2192 1093 2248 ﬁdes:
1121 2193 1201 2247 sic
1243 2193 1297 2247 in
1322 2192 1485 2261 signis
1512 2190 1758 2256 diversis,
1784 2189 2050 2259 quomodo

471 2287 523 2340 iu
546 2285 720 2341 verbis
743 2286 968 2340 diversis
995 2303 1012 2351 ;
1039 2286 1160 2355 quia
1191 2285 1350 2340 verba
1376 2298 1536 2338 sonos
1565 2291 1770 2337 mutant
1795 2299 1890 2352 per
1911 2291 2046 2337 tem-

470 2392 622 2445 pora,
654 2388 708 2432 et
730 2379 912 2448 utique
955 2378 1087 2432 nihil
1131 2376 1273 2430 aliud
1318 2387 1442 2430 sunt
1487 2375 1647 2430 verba
1674 2390 1829 2444 quam
1877 2373 2046 2443 signa.

470 2467 827 2537 Signiﬁcando
861 2470 1002 2522 enim
1045 2467 1204 2522 verba
1252 2475 1409 2520 sunt:
1441 2466 1564 2520 tolle
1611 2462 2046 2533 signiﬁcationem

468 2559 653 2628 verbo,
667 2560 922 2629 strepitus
944 2559 1115 2613 inanis
1135 2569 1236 2612 est.
1255 2555 1556 2627 Signiﬁcata
1573 2571 1700 2624 ergo
1711 2563 1833 2608 sunt
1848 2555 2044 2607 omnia.

468 2650 730 2721 Numquid
756 2666 862 2704 non
892 2650 1077 2706 eadem
1118 2649 1425 2713 credebant,
1459 2664 1551 2717 per
1577 2663 1712 2717 quos
1739 2647 1855 2701 lucc
1896 2645 2046 2716 signa

467 2740 929 2804 ministrabantur,
963 2755 1057 2807 per
1093 2754 1226 2809 quos
1254 2738 1438 2791 eadem
1465 2753 1583 2807 qua:
1605 2736 1890 2797 credimus.
1925 2752 2046 2804 pro-

466 2829 678 2900 phetata
709 2830 1236 2900 prmnuutiabantur?
1269 2829 1461 2899 Utique
1507 2829 1826 2884 credebant:
1850 2828 1944 2883 sed
1971 2827 2044 2882 illi

463 2931 688 2976 ventura
714 2937 853 2986 esse,
881 2937 978 2976 nos
1005 2931 1178 2975 autem
1205 2922 1434 2976 venisse.
1457 2920 1578 2974 ldeo
1593 2929 1646 2974 et
1665 2919 1740 2974 sic
1759 2920 1852 2981 ait,
1882 2919 2044 2972 Eunt-

464 3011 579 3064 dem
605 3021 776 3082 potum
816 3011 1126 3080 spiritualem
1147 3012 1388 3063 biberunt.
1412 3010 1744 3078 Spiritualem
1771 3008 2039 3072 eumdem,

463 3117 587 3155 nam
609 3101 942 3169 corporalem
962 3115 1063 3153 non
1105 3100 1372 3154 eumdem.
1409 3099 1544 3166 Quid
1589 3099 1731 3152 enim
1777 3097 1851 3151 illi
1893 3097 2042 3151 bibe-

463 3190 630 3245 bant?
665 3189 911 3245 Bibebunt
938 3191 1068 3243 enim
1086 3191 1145 3243 de
1167 3189 1418 3259 spirituali
1442 3198 1668 3257 sequente
1684 3198 1824 3258 petra
1853 3205 1870 3241 :
1901 3199 2042 3258 petra

462 3290 632 3334 autem
660 3290 767 3334 erat
790 3279 1018 3336 Christus
1036 3281 1053 3349 (
1073 3280 1089 3333 Ι
1115 3279 1232 3333 Cor.
1256 3295 1309 3343 x,
1354 3279 1452 3332 1-4
1479 3277 1518 3344 ).
1550 3277 1739 3332 Videte
1764 3292 1912 3347 ergo,
1937 3278 2040 3333 ﬁde

461 3380 728 3430 manente,
749 3371 894 3439 signa
919 3370 1133 3422 variata.
1162 3369 1232 3422 lbi
1266 3378 1410 3436 petra
1427 3366 1688 3431 Christus,
1709 3367 1862 3421 nobis
1886 3365 2043 3422 Chri-

463 3469 577 3512 stus
605 3459 744 3528 quod
775 3459 827 3512 in
852 3460 1003 3513 altari
1029 3459 1118 3512 Dei
1147 3459 1374 3526 ponitur.
1405 3458 1470 3511 Et
1503 3457 1576 3510 illi
1606 3472 1701 3526 pro
1731 3472 1922 3527 magno
1950 3473 2040 3512 sa-

462 3560 737 3607 cramento
766 3552 1001 3621 ejusdem
1031 3551 1226 3605 Christi
1253 3550 1498 3603 biberunt
1523 3565 1718 3616 aquam
1766 3548 2036 3617 profluen-

461 3651 568 3698 tem
597 3643 664 3698 de
694 3653 838 3712 petra
865 3660 878 3704 ;
910 3657 1005 3695 nos
1034 3639 1156 3711 quid
1207 3639 1448 3694 bibamus
1494 3649 1688 3692 norunt
1734 3637 1937 3693 ﬁdeles.
1977 3639 2033 3692 Si

458 3733 688 3801 speciem
733 3733 989 3786 visibilem
1044 3731 1305 3789 intendas,
1333 3728 1474 3782 aliud
1503 3737 1584 3782 est
1610 3746 1622 3782 :
1653 3728 1698 3782 si
1729 3728 2038 3797 intelligibi-

458 3825 558 3879 lem
604 3825 1060 3894 signiﬁcationem,
1113 3823 1356 3876 eulndcm
1388 3831 1564 3890 potum
1609 3821 1933 3890 spiritualem
1960 3823 2042 3876 bi-

455 3919 667 3972 berunt.
698 3917 968 3985 Quotquot
994 3931 1124 3986 ergo
1172 3916 1261 3968 illo
1292 3925 1532 3981 tempore
1573 3913 1910 3967 crediderunt
1951 3915 2036 3968 vel

455 4007 702 4071 Abrahae,
731 4007 810 4058 vel
840 4007 1006 4069 Isaac,
1037 4006 1120 4058 vel
1145 4004 1328 4068 Jacob,
1355 4003 1436 4056 vel
1477 4002 1664 4072 Moysi,
1690 4002 1774 4055 vel
1790 4002 1907 4056 aliis
1938 4003 2036 4055 Pa-

456 4095 722 4157 triarchis,
752 4095 980 4163 aliisque
1025 4095 1302 4161 Prophetis
1329 4093 1595 4146 Christum
1636 4093 2038 4160 prmtiuntiatili-

454 4186 577 4250 bus,
602 4200 730 4240 oves
749 4195 918 4249 erant,
952 4183 1288 4238 etChristum
1321 4183 1631 4236 audierunt:
1657 4197 1760 4234 non
1804 4182 2033 4236 alienam

452 4290 660 4340 vocem,
683 4274 776 4328 sed
804 4275 966 4341 ipsius
985 4273 1282 4326 audierunt.
1303 4270 1472 4324 Judex
1498 4269 1671 4323 fuerat
1690 4271 1742 4323 in
1765 4286 2032 4340 praecone.

452 4368 582 4435 Quia
613 4377 667 4420 et
693 4366 904 4435 quando
923 4364 1085 4435 judex
1108 4363 1342 4431 loquitur
1383 4377 1477 4430 per
1515 4375 1840 4431 praeconem,
1869 4377 2031 4417 exce-

451 4470 576 4529 ptor
608 4474 715 4514 non
745 4459 884 4524 facit,
929 4459 1114 4513 Prteco
1164 4456 1325 4520 dixit;
1359 4454 1473 4520 sed,
1518 4453 1684 4508 Judex
1727 4453 1878 4508 dixit.
1928 4453 2032 4508 Alii

451 4563 576 4608 sunt
595 4566 721 4620 ergo
736 4565 870 4619 quos
891 4565 997 4603 non
1024 4548 1305 4602 audierunt
1330 4561 1478 4611 oves,
1509 4546 1559 4599 in
1577 4546 1766 4615 quibus
1785 4560 1888 4599 non
1916 4554 2030 4600 erat

452 4656 555 4694 vox
599 4639 815 4703 Christi,
844 4648 1103 4702 errantes,
1143 4637 1270 4691 falsa
1302 4637 1556 4700 dicentes,
1585 4636 1757 4690 inania
1784 4637 2027 4706 garrien-

449 4739 550 4795 tes,
584 4746 714 4783 vana
740 4729 1017 4800 ﬁngentes,
1048 4731 1269 4782 miseros
1298 4726 1632 4780 sedueentes.

453 4881 460 4886 ,
520 4820 605 4874 10.
631 4819 764 4886 Quid
784 4829 866 4876 est
889 4834 1015 4889 ergo
1039 4818 1177 4887 quod
1199 4816 1328 4880 dixi,
1352 4815 1514 4881 Maior
1536 4816 1648 4870 hrec
1673 4816 2028 4885 estquazstio?

445 4913 578 4980 Quid
604 4913 760 4968 habet
784 4914 1062 4968 obscurum
1112 4919 1164 4964 et
1213 4909 1277 4963 ad
1334 4911 1729 4980 intelligendum
1773 4909 2028 4963 difﬁcile?

444 5005 658 5070 Audite,
682 5005 924 5059 obsecro.
983 5006 1118 5059 licce
1147 5005 1401 5058 Dominus
1432 5004 1544 5072 ipse
1591 5001 1744 5056 Jesus
1785 5001 2026 5056 Christus

443 5095 610 5162 venit,
641 5094 945 5164 przedieavit
973 5113 985 5146 :
1012 5098 1192 5163 utique
1224 5095 1391 5148 multo
1439 5092 1606 5161 magis
1651 5107 1753 5145 vox
1795 5090 2023 5159 pastoris

443 5191 578 5247 erat,
609 5199 856 5251 expressa
889 5185 1004 5254 ipso
1028 5200 1119 5238 ore
1141 5185 1392 5255 pastoris.
1425 5183 1476 5236 Si
1505 5184 1643 5236 cnim
1672 5197 1764 5250 per
1785 5181 2022 5249 Prophe-

446 5281 528 5325 tas
565 5290 661 5328 vox
692 5277 914 5343 pastoris
945 5285 1077 5338 erat,
1103 5286 1300 5346 quanto
1349 5276 1515 5342 magis
1565 5288 1749 5325 vocem
1797 5273 2021 5339 pastoris

445 5364 738 5430 proferebat
759 5367 933 5432 lingua
958 5368 1066 5434 ipsa
1086 5367 1348 5434 paStoris?
1374 5365 1485 5417 Non
1515 5378 1698 5416 onmes
1719 5361 2016 5416 addierunt.

446 5450 550 5504 Sed
580 5453 702 5520 quid
735 5457 1020 5519 putamus?
1047 5457 1133 5525 qui
1181 5455 1478 5514 audierunt,
1502 5468 1629 5505 oves
1656 5461 1806 5505 erant
1830 5451 1854 5503 ?
1884 5453 2018 5508 Ecce

444 5539 642 5592 audivit
686 5540 868 5607 .ludas,
912 5553 966 5599 ct
1000 5546 1153 5614 lupus
1197 5555 1342 5598 erat:
1369 5541 1707 5612 sequebatur,
1755 5540 1848 5594 sed
1880 5541 2017 5610 pelle

444 5632 599 5696 ovina
628 5638 796 5685 tectus
825 5637 1021 5704 pastori
1073 5637 1437 5690 insidiabatur.
1473 5633 1645 5700 Aliqui
1677 5647 1807 5687 vero
1829 5647 2013 5686 eorum

442 5722 536 5794 qui
574 5721 841 5781 Christum
890 5729 1279 5812 cruciﬁxerunt,
1319 5743 1422 5784 non
1462 5725 1765 5792 audiebant,
1800 5733 1851 5780 et
1884 5738 2012 5780 oves

1415 356 1477 412 1N
1511 351 1787 411 JOANNlS
1825 347 2286 415 EVANGEUUM,
2326 351 2380 404 S.
2424 353 2784 410 AUGUSTINI

3577 359 3717 417 1724

2163 473 2314 516 erant
2344 479 2357 514 :
2393 463 2536 532 ipsos
2561 465 2699 518 enim
2731 465 2939 520 videbat
2963 466 3016 522 in
3048 469 3218 536 turba,
3247 470 3458 539 quando
3500 472 3740 540 dicebat,

2159 550 2286 605 Cum
2311 553 2642 609 exultaveﬁtis
2667 553 2853 609 Filium
2877 557 3110 624 hominis,
3137 569 3254 613 tunc
3277 565 3582 633 cognoscetis
3607 570 3730 637 quia

2159 659 2250 714 ego
2267 661 2378 698 sum
2399 646 2417 714 (
2438 643 2595 699 Joan.
2615 662 2726 711 vtu,
2751 647 2822 702 28
2848 646 2890 720 ).
2911 648 3186 715 Quomodo
3211 652 3351 706 enim
3382 655 3480 708 ista
3499 657 3729 713 solvitur

2160 734 2381 802 quaestio
2404 734 2429 789 ἲ
2452 735 2686 792 Audiunt
2708 753 2812 792 nou
2839 754 2986 804 oves,
3007 749 3187 796 etnon
3213 743 3432 799 audiunt
3450 761 3610 813 oves;
3642 765 3734 804 se-

2159 835 2392 895 quuntur
2417 842 2599 883 vocem
2628 829 2854 897 pastoris
2877 830 3091 899 quidam
3137 833 3269 902 lupi,
3311 835 3436 890 etei
3481 839 3724 907 quaedam

2158 917 2527 973 contradicunt
2544 933 2706 985 oves;
2739 930 3007 990 postremo
3029 932 3290 993 pastorem
3317 927 3562 983 occidunt
3579 945 3732 986 oves.

2159 1005 2393 1062 Solvitur
2439 1010 2706 1079 quaestio:
2740 1012 3026 1080 respondet
3073 1016 3214 1069 enim
3265 1016 3476 1088 a.iquis,
3501 1030 3555 1075 et
3579 1021 3731 1090 dicit,

2157 1094 2261 1150 Sed
2277 1097 2487 1165 quando
2510 1113 2614 1152 non
2638 1100 2939 1165 audiebant,
2967 1118 3094 1158 oves
3122 1105 3354 1161 nondum
3395 1119 3569 1174 erant,
3607 1121 3734 1168 tunc

2159 1184 2265 1254 lupi
2306 1196 2486 1252 erant;
2517 1204 2616 1243 vox
2646 1190 2822 1244 audita
2852 1207 2947 1247 eos
2975 1196 3214 1262 mutavit,
3244 1207 3299 1252 et
3333 1214 3399 1252 ex
3437 1200 3574 1270 lupis
3598 1219 3732 1259 oves

2157 1275 2283 1331 fecit
2307 1293 2321 1330 :
2351 1277 2564 1347 quando
2588 1295 2714 1350 ergo
2742 1281 2890 1336 factze
2914 1293 3038 1338 sunt
3055 1300 3202 1350 oves,
3231 1288 3526 1355 audierunt,
3558 1301 3612 1346 et
3641 1310 3736 1360 pa-

2157 1375 2352 1423 storem
2382 1370 2716 1438 invenerunt,
2742 1384 3118 1447 pastoremque
3146 1389 3341 1433 secuta:
3361 1391 3519 1448 sunt;
3545 1393 3732 1454 pasto-

2155 1459 2231 1514 ris
2257 1461 2513 1529 promissa
2539 1476 2908 1534 speraverant,
2933 1469 3053 1540 quia
3074 1469 3222 1538 jussa
3248 1471 3503 1527 fecerunt.
3731 1473 3734 1478 ’

2231 1552 2313 1606 11.
2360 1552 2540 1608 Soluta
2581 1565 2664 1612 est
2687 1566 2970 1629 utcumque
3000 1560 3101 1615 ista
3126 1563 3376 1632 qumstio,
3409 1575 3462 1619 et
3486 1566 3735 1636 cuiquam

2155 1639 2292 1696 forte
2331 1641 2578 1700 sufﬁciat.
2620 1645 2703 1702 Me
2747 1657 2922 1702 autem
2957 1648 3130 1705 adhuc
3169 1662 3371 1716 movet,
3413 1655 3616 1724 etquid
3647 1673 3738 1712 me

2155 1740 2365 1786 moveat
2390 1737 2723 1792 communico
2750 1737 3022 1792 vobiscum
3041 1781 3055 1804 ,
3085 1749 3141 1794 ut
3163 1741 3552 1811 quodammodo
3579 1762 3735 1815 qua:-

2153 1834 2278 1876 rens
2312 1822 2616 1892 vobiscum,
2645 1827 2912 1883 revelante
2939 1829 3031 1884 illo
3055 1830 3325 1886 vobiscum
3354 1849 3557 1888 merear
3584 1837 3736 1890 inve-

2155 1911 2289 1966 nire.
2317 1912 2451 1978 Quid
2481 1930 2607 1985 ergo
2634 1932 2719 1972 me
2741 1927 2978 1984 moveat,
3004 1920 3246 1989 accipite.
3273 1922 3372 1977 Per
3400 1925 3733 1982 Ezechielem

2154 2003 2466 2072 prophetam
2501 2006 2754 2062 Dominus
2781 2009 3025 2080 objurgat
3052 2021 3290 2080 pastores
3313 2055 3327 2079 ,
3360 2022 3414 2068 et
3437 2017 3562 2070 dicit
3591 2019 3733 2073 inter

2152 2101 2342 2147 caetera
2359 2094 2425 2149 dc
2445 2097 2649 2160 ovibus,
2671 2096 2940 2153 Errantem
2959 2116 3097 2155 ovem
3117 2119 3215 2156 non
3229 2105 3716 2179 revocastis(Ezech.

2154 2201 2352 2251 xxxiv,
2397 2185 2472 2258 4).
2525 2188 2591 2242 Ει
2635 2200 2882 2244 errantem
2921 2191 3076 2257 dicit,
3123 2203 3177 2248 et
3217 2211 3354 2248 ovem
3397 2198 3645 2267 appellat.
3673 2199 3732 2255 Si

2151 2276 2362 2344 quando
2388 2278 2599 2334 errabat
2627 2281 2738 2334 ovis
2763 2290 2905 2346 erat,
2934 2285 3084 2353 cujus
3112 2301 3296 2340 vocem
3324 2299 3378 2342 ut
3405 2299 3604 2343 erraret
3630 2305 3733 2345 au-

2150 2366 2368 2421 diebat?
2397 2368 2584 2458 Procul
2607 2371 2768 2426 dubio
2791 2375 2931 2428 enim
2963 2391 3066 2430 non
3095 2387 3333 2445 erraret,
3361 2381 3405 2433 si
3433 2396 3612 2435 vocem
3639 2398 3736 2452 pa-

2149 2458 2306 2510 storis
2343 2460 2550 2515 audiret
2581 2478 2594 2513 :
2625 2462 2716 2516 sed
2755 2463 2878 2518 ideo
2907 2467 3138 2530 erravit,
3171 2469 3291 2536 quia
3322 2485 3505 2543 vocem
3532 2473 3735 2528 audivit

2149 2547 2333 2614 alieni;
2364 2565 2545 2604 vocem
2572 2551 2699 2606 furis
2720 2561 2773 2607 et
2798 2554 3017 2610 latronis
3036 2557 3255 2611 audivit.
3278 2556 3435 2614 Certe
3455 2561 3725 2618 latronum

2148 2654 2332 2694 vocem
2383 2656 2484 2694 non
2527 2642 2744 2697 audiunt
2783 2661 2910 2698 oves
2941 2663 2955 2698 :
2991 2645 3090 2711 Qui
3124 2659 3392 2714 venerunt,
3436 2652 3642 2720 inquit.
3678 2666 3739 2710 et

2149 2731 2517 2801 intelligimus,
2555 2735 2753 2789 Praeter
2782 2751 2905 2803 me;
2934 2736 2984 2791 id
3013 2746 3130 2804 est,
3157 2739 3257 2804 Qui
3276 2753 3512 2795 venerunt
3532 2756 3740 2809 prmter

2147 2838 2232 2877 me
2254 2863 2270 2889 ,
2313 2829 2450 2895 fures
2493 2835 2611 2879 sunt
2644 2837 2690 2880 et
2717 2826 2934 2884 latrones
2954 2872 2967 2896 ,
2996 2840 3043 2884 et
3071 2848 3171 2886 non
3196 2834 3461 2888 audierunt
3485 2852 3567 2890 eos
3593 2854 3734 2893 oves.
3756 2865 3764 2872 -

2147 2913 2370 2968 Domine
2393 2955 2409 2981 ,
2442 2915 2484 2969 si
2516 2930 2620 2970 non
2649 2917 2929 2973 audierunt
2955 2935 3047 2975 eos
3072 2937 3198 2977 oves
3215 2963 3232 2987 ,
3257 2925 3520 2993 quomodo
3545 2937 3739 2983 errant

2145 3003 2314 3058 oves?
2353 3004 2408 3058 Si
2448 3019 2576 3060 oves
2614 3022 2717 3060 non
2747 3009 2965 3063 audiunt
2994 3012 3093 3066 nisi
3127 3021 3210 3078 te;
3244 3022 3296 3067 tu
3325 3024 3501 3069 autem
3530 3019 3733 3075 veritas

2144 3110 2203 3150 es
2245 3112 2259 3148 :
2305 3097 2540 3166 quisquis
2586 3100 2860 3155 veritatem
2895 3104 3074 3170 audit,
3115 3121 3218 3159 non
3247 3109 3424 3179 utique
3449 3121 3609 3165 errat.
3644 3101 3740 3170 ιιιὶ

2143 3195 2318 3242 autem
2358 3197 2538 3242 errant
2559 3230 2576 3256 ,
2607 3199 2662 3245 et
2686 3207 2813 3247 oves
2837 3195 3188 3263 appellantur.
3220 3197 3350 3251 Nam
3379 3199 3422 3252 si
3455 3200 3504 3253 in
3537 3218 3738 3261 errore

2145 3277 2259 3346 ipso
2297 3294 2422 3335 oves
2455 3295 2558 3333 non
2588 3282 3012 3352 appellarentur,
3045 3302 3149 3340 non
3181 3287 3445 3344 diceretur
3473 3306 3568 3359 per
3591 3293 3737 3350 Eze-

2142 3367 2398 3434 chielem,
2440 3367 2712 3424 Errantem
2751 3388 2891 3426 ovem
2932 3391 3033 3429 non
3063 3379 3347 3433 revocastis.
3377 3379 3652 3445 Quomodo
3681 3394 3742 3439 et

2142 3469 2315 3525 errat,
2358 3467 2413 3515 et
2452 3462 2566 3515 ovis
2605 3461 2730 3516 est?
2770 3462 2967 3519 Vocem
2994 3467 3150 3522 alieni
3178 3468 3598 3526 audivit?Certe
3627 3491 3739 3528 non

2141 3551 2412 3604 audierunt
2449 3568 2532 3606 eos
2557 3568 2690 3607 oves.
2722 3553 2920 3608 Deinde
2949 3556 3107 3610 modo
3135 3559 3282 3611 multi
3311 3560 3629 3629 colliguntur
3663 3565 3741 3618 ad

2141 3641 2284 3695 ovile
2303 3641 2533 3709 Christi,
2556 3652 2609 3697 et
2628 3659 2693 3698 ex
2717 3643 2980 3699 luereticis
3007 3646 3136 3700 ﬁunt
3159 3648 3402 3703 catholici
3428 3668 3440 3714 ;
3465 3666 3494 3703 a
3517 3650 3736 3707 furibus

2142 3731 2433 3794 tolluntur,
2481 3732 2677 3800 pastori
2723 3731 3061 3788 redduntur:
3100 3744 3154 3790 et
3179 3737 3459 3805 aliquando
3489 3755 3739 3794 murmu-

2141 3829 2285 3883 rant,
2320 3821 2530 3874 ttedium
2562 3822 2834 3890 patiuntur
2861 3823 2924 3876 ad
2951 3835 3286 3880 revocantem
3307 3867 3322 3891 ,
3362 3837 3417 3881 et
3441 3843 3542 3881 non
3566 3830 3738 3884 intel-

2141 3909 2310 3979 ligunt
2331 3909 2655 3980 iugulantem
2675 3927 2689 3977 ;
2713 3922 3075 3968 verumtamen
3106 3917 3262 3969 etiam
3285 3933 3403 3970 cum
3426 3920 3730 3977 renitentes

2139 4003 2382 4055 venerint
2404 4017 2522 4070 qum
2549 4018 2676 4056 oves
2704 4012 2846 4070 sunt,
2869 4015 3162 4072 agnoscunt
3182 4022 3364 4062 vocem
3393 4011 3642 4076 pastoris,
3667 4023 3735 4066 et

2139 4104 2198 4144 se
2237 4090 2448 4145 venisse
2493 4091 2768 4158 lmtantur,
2813 4102 2870 4147 et
2897 4109 3103 4150 errasse
3131 4097 3466 4150 erubescunt.
3498 4099 3742 4165 Quando

2140 4194 2268 4250 ergo
2307 4179 2359 4232 in
2388 4179 2482 4234 illo
2509 4195 2694 4236 errore
2721 4191 2968 4252 tanquam
3000 4185 3052 4237 in
3084 4185 3302 4238 veritate
3331 4187 3734 4255 gloriabantur,

2139 4276 2193 4321 et
2231 4269 2410 4338 utique
2449 4285 2554 4324 non
2586 4271 2869 4327 audiebant
2895 4288 3079 4327 vocem
3111 4276 3371 4344 pastoris,
3403 4285 3456 4331 et
3481 4278 3735 4334 alienum

2138 4361 2259 4416 ideo
2298 4364 2686 4432 sequebantur,
2730 4381 2857 4420 oves
2882 4375 3034 4421 erant
3059 4383 3125 4421 an
3157 4383 3262 4422 non
3291 4370 3478 4423 erant?
3506 4370 3561 4425 Si
3592 4386 3744 4426 oves

2135 4461 2318 4519 erant,
2358 4455 2624 4523 quomodo
2662 4456 2862 4510 alienos
2906 4473 3034 4511 oves
3078 4473 3184 4511 non
3226 4459 3491 4515 audiunt?
3520 4461 3565 4514 si
3591 4477 3740 4519 oves

2135 4559 2240 4598 non
2267 4556 2418 4600 erant
2436 4587 2450 4610 ,
2477 4562 2646 4615 quare
2671 4547 3015 4616 objurgantur
3041 4548 3117 4603 illi
3143 4549 3333 4618 quibus
3352 4551 3543 4606 dicitur
3562 4593 3576 4613 ,
3609 4551 3739 4608 Er-

2131 4647 2327 4690 rantem
2364 4652 2502 4689 ovem
2540 4653 2639 4690 non
2673 4639 2974 4692 revocastis?
3000 4637 3057 4693 In
3087 4638 3214 4709 ipsis
3241 4641 3398 4696 etiam
3423 4642 3532 4710 jam
3565 4641 3736 4699 factis

2131 4727 2407 4782 catholicis
2429 4725 2746 4782 Christianis
2765 4770 2780 4792 ,
2810 4729 2961 4782 bona:
2988 4731 3100 4798 spei
3127 4729 3405 4797 ﬁdelibus,
3430 4732 3740 4802 aliquando

2131 4816 2268 4872 mala
2299 4817 2613 4886 contingunt
2639 4834 2653 4882 ;
2678 4818 3006 4872 seducuntur
3027 4820 3078 4872 in
3101 4835 3338 4874 errorem
3357 4862 3373 4886 ,
3401 4829 3455 4874 et
3481 4830 3600 4890 post
3631 4838 3742 4876 er-

2131 4923 2308 4963 rorem
2347 4918 2662 4962 revocantur
2693 4926 2707 4961 :
2736 4908 2949 4977 quando
2975 4909 3177 4963 seducti
3204 4919 3326 4963 sunt
3354 4914 3406 4964 in
3434 4925 3684 4965 errorem
3713 4955 3735 4980 ,

2128 5006 2182 5052 et
2226 4998 2532 5065 rebaptizati
2575 5005 2728 5062 sunt,
2755 5006 2848 5051 aut
2877 5007 2996 5066 post
3024 4997 3176 5051 ovilis
3201 4997 3454 5052 dominici
3478 4999 3737 5054 societa-

2131 5101 2234 5144 tem
2272 5104 2456 5144 rursus
2483 5091 2534 5143 in
2563 5103 2797 5144 errorem
2829 5090 3108 5157 pristinum
3140 5089 3362 5143 revoluti
3392 5099 3551 5154 sunt,
3584 5105 3747 5148 oves

2126 5190 2276 5233 erant
2304 5195 2371 5232 an
2403 5195 2506 5233 non
2535 5191 2687 5234 erant
2705 5180 2730 5232 ‘l
2757 5178 2947 5248 Utique
2966 5178 3216 5234 catholici
3239 5188 3410 5234 erant.
3436 5176 3493 5235 Si
3521 5179 3740 5234 catho-

2126 5270 2212 5324 lici
2238 5269 2416 5323 lideles
2441 5279 2594 5322 erant
2613 5309 2627 5330 ,
2656 5283 2782 5322 oves
2802 5276 2972 5322 erant.
2996 5268 3052 5323 Si
3077 5284 3203 5322 oves
3227 5280 3377 5322 erant
3397 5309 3412 5334 ,
3441 5269 3744 5337 quomodo

2124 5373 2307 5412 vocem
2347 5358 2504 5412 alieni
2533 5357 2716 5412 audire
2745 5366 3059 5425 potuerunt,
3090 5374 3210 5413 cum
3240 5357 3494 5414 Dominus
3524 5357 3692 5415 dicat
3715 5403 3740 5430 ,

2123 5464 2223 5501 non
2247 5446 2514 5500 audierunt
2541 5464 2626 5502 cos
2650 5463 2761 5502 oves
2777 5448 2804 5502 Ρ

2193 5539 2279 5592 12.
2310 5538 2545 5593 Audistis
2564 5581 2580 5604 ,
2611 5538 2829 5605 fratres,
2856 5538 3181 5593 altitudinem
3212 5538 3539 5608 quzestionis.
3571 5538 3736 5598 Dico

2121 5644 2246 5698 ergo
2275 5645 2288 5682 :
2325 5627 2472 5683 Novit
2493 5628 2742 5683 Dominus
2755 5631 2964 5700 quisunt
2988 5630 3098 5701 ejus
3118 5627 3183 5699 (Il
3200 5628 3326 5682 Tim.
3345 5627 3744 5697 lt,l9).No\'iI

2121 5722 2412 5790 prtescitos,
2441 5723 2585 5777 novit
2611 5722 3008 5792 prtedestiuatos
3034 5739 3047 5776 :
3077 5721 3143 5776 de
3168 5721 3257 5776 illo
3273 5721 3468 5792 quippe
3485 5721 3744 5794 dicitur,
