4102 6466
375 340 506 398 1725

376 469 400 505 ε
432 452 574 519 Quos
614 460 790 506 autem
817 452 1080 521 prtescivit
1103 495 1117 519 ,
1148 462 1201 509 et
1226 455 1622 525 prmdestinavit
1646 462 1945 517 con'fOrmes

368 545 478 596 ﬁeri
506 541 750 612 imaginis
770 541 887 597 Filii
914 545 1017 608 sui,
1035 554 1089 599 ttt
1108 547 1176 600 sit
1196 547 1309 615 ipse
1333 550 1713 619 primogenitus
1733 552 1785 605 in
1809 554 1946 607 mul-

364 633 433 686 tis
463 631 732 686 fratribus.
763 634 905 701 Quos
926 645 1103 689 autem
1136 637 1561 706 praedestinavit,
1596 643 1738 711 ipsos
1766 652 1820 698 et
1846 660 1942 696 vo-

360 723 537 786 cavit;
588 732 641 776 et
685 739 818 792 quos
863 726 1100 789 vocavit,
1148 727 1291 796 ipsos
1334 739 1385 783 et
1423 729 1767 798 justiﬁeavit;
1810 749 1944 804 quos

358 823 535 867 autem
572 813 883 882 justilicavit
906 857 921 881 ,
962 817 1105 886 ipsos
1144 827 1197 872 et
1220 819 1564 888 .glorilicavit.
1597 821 1650 876 Si
1682 822 1818 876 Deus
1845 840 1942 894 pro

356 905 542 969 nobis,
594 904 712 973 quis
753 916 935 958 contra
982 907 1120 959 nos?
1159 907 1309 962 Adde
1344 908 1517 964 adhuc
1545 928 1557 963 :
1588 910 1685 978 Qui
1729 913 1941 981 praprio

353 995 489 1049 Filio
520 1011 617 1050 suo
646 1011 750 1049 non
778 998 1015 1066 pepercit
1040 1038 1054 1062 ,
1084 998 1175 1053 sed
1205 1016 1301 1069 pro
1322 1001 1472 1055 nobis
1505 1004 1750 1057 omnibus
1778 1005 1939 1060 tradi-

349 1085 426 1138 dit
455 1101 577 1140 eam
595 1126 610 1151 ,
637 1087 904 1154 quomodo
933 1103 1035 1140 non
1067 1098 1119 1142 et
1138 1104 1257 1143 eum
1284 1089 1374 1143 illo
1396 1091 1569 1144 omnia
1598 1094 1751 1147 nobis
1775 1093 1939 1148 dona-

346 1175 467 1228 vit?
506 1194 525 1227 ι
551 1176 658 1233 Sed
703 1178 896 1245 quibus
938 1178 1132 1233 nobis?
1173 1180 1468 1249 Prtescitis,
1512 1183 1934 1254 praedestinatis,

343 1265 648 1334 jnstiiicatis
669 1309 684 1333 ,
713 1268 1020 1338 glorificalis
1048 1288 1061 1322 :
1090 1269 1158 1325 de
1183 1271 1375 1339 quibus
1406 1275 1643 1342 sequitur
1662 1317 1678 1339 ,
1706 1276 1828 1341 Quis
1850 1294 1939 1330 ac-

345 1358 540 1409 cusabit
566 1357 804 1412 adversus
831 1358 1009 1412 electos
1034 1359 1130 1413 Dei
1158 1359 1331 1432 (Rom.
1361 1379 1450 1417 vttt
1472 1405 1485 1428 ,
1518 1363 1705 1438 29-53)
1728 1366 1750 1419 ?
1780 1366 1938 1422 Novit

343 1463 475 1517 ergo
500 1447 745 1502 Dominus
760 1452 846 1519 qui
864 1461 981 1504 sunt
1000 1452 1109 1521 ejus
1131 1470 1150 1518 ,°
1176 1454 1302 1522 ipsae
1325 1465 1447 1510 sunt
1467 1470 1614 1511 oves.
1640 1458 1936 1529 Aliquando

341 1552 402 1591 se
454 1539 587 1606 ipsa:
635 1540 909 1605 nesciunt,
956 1541 1050 1596 sed
1095 1554 1276 1612 pastor
1315 1545 1461 1599 novit
1495 1562 1615 1614 eas,
1644 1548 1948 1617 secundum.

341 1628 502 1682 istam
550 1629 1101 1699 prmdcstinationem,
1149 1635 1441 1689 secundum
1483 1637 1635 1690 istam
1681 1639 1773 1692 Dei
1801 1655 1936 1708 prte-

339 1719 619 1772 scientiam
640 1762 653 1783 ,
684 1721 972 1775 secundum
1002 1722 1315 1779 electionem
1347 1727 1521 1780 ovium
1544 1769 1556 1790 ,
1583 1738 1704 1783 ante
1733 1730 1935 1784 consti-

338 1810 601 1863 tutionetn
644 1810 825 1864 mundi
868 1829 881 1864 :
926 1828 1045 1865 nam
1085 1823 1137 1868 et
1168 1814 1267 1869 hoc
1292 1814 1421 1868 dicit
1449 1816 1766 1885 Apostolus,
1792 1818 1936 1873 Sicut

337 1904 493 1971 elegit
530 1919 623 1955 nos
658 1903 708 1955 in
730 1904 842 1970 ipso
871 1914 987 1957 ante
1009 1908 1408 1960 constitutionem
1435 1910 1613 1962 mundi
1639 1899 1853 1982 (Ethes.
1878 1929 1928 1977 ι,

342 1994 421 2064 4).
458 1995 765 2048 Secundum
797 1996 948 2048 istam
975 2012 1102 2065 ergo
1130 2000 1510 2066 praeseientiam
1541 2003 1629 2056 Dei
1659 2013 1711 2057 et
1732 2006 1936 2074 prinde-

338 2086 723 2151 stinatiouent,
772 2101 929 2155 quam
973 2088 1155 2142 multa:
1201 2103 1328 2143 oves
1372 2088 1529 2155 foris,
1579 2108 1737 2161 quam
1782 2095 1932 2149 multi

335 2178 447 2247 lupi
484 2180 665 2243 intus;
696 2186 751 2232 et
774 2194 930 2247 quam
964 2179 1142 2233 multa:
1172 2195 1299 2235 oves
1331 2182 1495 2247 intus,
1522 2193 1576 2237 et
1601 2201 1759 2254 quam
1782 2187 1931 2240 multi

334 2270 447 2339 lupi
494 2270 653 2324 foris!
682 2271 817 2338 Quid
847 2281 928 2326 cst
953 2272 1091 2342 quod
1118 2272 1223 2326 dixi
1250 2315 1263 2337 ,
1297 2290 1456 2343 quam
1490 2278 1667 2331 multre
1696 2293 1823 2332 oves
1850 2279 1930 2332 fo-

333 2362 455 2415 ris?
501 2363 670 2428 Quam
719 2364 866 2416 multi
914 2363 1073 2417 modo
1118 2365 1493 2431 luxuriantur,
1539 2368 1671 2422 casti
1719 2369 1926 2436 futuri;

333 2467 499 2522 quam
530 2453 678 2506 multi
706 2452 1075 2522 biasphemant
1104 2454 1394 2521 Christum,
1413 2457 1660 2512 credituri
1692 2460 1741 2512 in
1772 2459 1928 2514 Cbri-

332 2550 481 2595 stum
509 2558 524 2608 ;
562 2558 721 2611 quam
759 2543 909 2597 multi
935 2559 993 2598 se
1022 2543 1314 2610 inebriant,
1348 2545 1507 2601 futuri
1536 2548 1737 2615 sobrii;
1770 2565 1927 2618 quam

332 2633 492 2686 multi
536 2634 750 2702 rapiunt
790 2649 877 2689 res
919 2635 1150 2701 alienas,
1194 2637 1440 2692 donaturi
1476 2641 1628 2693 suas!
1664 2652 1929 2695 verumta-

331 2737 463 2776 men
506 2723 666 2778 modo
708 2739 890 2778 vocem
928 2725 1155 2779 alienam
1195 2728 1447 2793 audiunt,
1472 2729 1671 2783 alienos
1696 2746 1927 2799 sequun-

332 2824 442 2869 tur.
489 2816 618 2870 ltem
650 2832 803 2885 quam
836 2817 986 2871 multi
1018 2819 1157 2872 intus
1188 2819 1439 2884 laudant,
1469 2821 1881 2890 blasphematuri
1911 2840 1925 2889 ;

330 2909 468 2961 casu
510 2917 669 2972 sunt,
719 2908 1070 2973 fornicaturi;
1116 2910 1279 2964 sobrii
1322 2920 1471 2977 sunt,
1513 2928 1570 2965 se
1600 2913 1721 2966 vino
1748 2924 1927 2982 postea

331 2999 592 3068 sepulturi
621 3016 635 3063 ;
668 3008 843 3063 stant,
870 3000 1044 3053 casuri
1072 3001 1083 3053 !
1117 3015 1218 3054 non
1250 3010 1372 3054 sunt
1400 3018 1546 3055 oves.
1580 3001 1600 3075 (
1628 3004 1698 3057 De
1725 3005 1929 3073 prinde:

331 3090 548 3142 stinatis
591 3090 731 3143 enim
773 3090 1039 3159 loquimur
1065 3106 1079 3154 ;
1124 3089 1192 3144 de
1224 3089 1303 3143 his
1332 3091 1595 3160 loquimur
1624 3108 1756 3161 quos
1786 3094 1930 3148 novit

330 3179 596 3233 Dominus
617 3219 631 3244 ,
664 3180 749 3247 qui
772 3191 894 3232 sunt
914 3178 1071 3250 ejus.)
1100 3180 1165 3233 Et
1189 3189 1361 3234 tamen
1389 3182 1484 3249 ipsi
1508 3182 1755 3251 quamdiu
1783 3193 1928 3239 recte

329 3273 586 3340 sapiunt,
635 3270 833 3324 Christi
875 3285 1057 3323 vocem
1100 3271 1341 3324 audiunt.
1376 3272 1516 3326 Ecce
1546 3272 1767 3327 audiunt
1794 3274 1926 3343 ipsi,

332 3380 440 3417 non
488 3362 711 3415 audiunt
751 3362 825 3414 illi
873 3379 885 3414 :
931 3369 985 3416 et
1029 3370 1204 3417 tamen
1248 3364 1537 3417 secundum
1580 3366 1930 3434 praedestina-

334 3456 540 3507 tionem
572 3467 674 3505 non
702 3468 829 3505 oves
861 3452 981 3516 isti,
1015 3466 1143 3505 oves
1173 3452 1267 3506 illi.

406 3544 499 3596 15.
552 3542 737 3595 Adhuc
765 3550 943 3594 manet
969 3542 1190 3609 quaestio
1213 3584 1226 3607 ,
1257 3558 1373 3611 qum
1400 3543 1530 3597 mihi
1556 3544 1767 3598 interim
1794 3562 1934 3602 nunc

330 3635 548 3687 videtur
573 3633 641 3685 ita
674 3646 825 3700 posse
848 3631 1083 3685 dissolvi.
1108 3632 1203 3685 Est
1226 3633 1397 3701 aliqua
1419 3648 1542 3695 vox,
1566 3645 1666 3701 est,
1697 3636 1929 3705 inquam,

331 3742 437 3777 vox
462 3725 635 3792 aliqua
665 3723 921 3791 pastoris,
955 3722 1004 3775 in
1036 3738 1137 3792 qua
1165 3738 1289 3776 oves
1314 3738 1417 3775 non
1451 3724 1672 3779 audiunt
1696 3726 1932 3791 alienos,

334 3818 387 3869 in
433 3832 536 3885 qua
578 3832 681 3868 non
712 3830 839 3869 oves
868 3831 972 3868 non
1001 3814 1220 3868 audiunt
1249 3814 1535 3869 Christum.
1569 3817 1696 3882 Qum
1723 3828 1803 3873 est
1834 3821 1930 3874 ista

332 3923 441 3959 vox
467 3908 480 3958 ε
523 3905 620 3967 Qui
651 3904 1030 3974 perseveraverit
1062 3920 1215 3972 usque
1244 3904 1294 3955 in
1321 3904 1472 3971 linem
1491 3946 1505 3968 ,
1536 3904 1614 3957 hic
1640 3906 1808 3960 salvus
1833 3910 1933 3963 erit

335 3999 559 4065 (Matth.
602 4013 664 4061 χ,
710 3995 821 4067 2‘2).
868 3998 1011 4051 llanc
1050 4012 1230 4051 vocem
1276 4013 1379 4051 non
1412 4000 1625 4068 negligit
1653 4003 1930 4070 proprius,

334 4106 447 4144 non
494 4090 641 4142 audit
682 4090 887 4143 alienus
936 4108 949 4142 :
995 4104 1116 4141 nam
1161 4100 1213 4142 et
1244 4089 1329 4142 ille
1361 4089 1462 4142 hoc
1489 4091 1534 4143 ei
1567 4091 1850 4159 praedicat,
1878 4102 1935 4148 ut

336 4190 655 4253 perseveret
681 4180 819 4248 apud
848 4181 1017 4247 ipsum
1052 4195 1215 4250 usque
1241 4182 1294 4233 in
1321 4182 1478 4234 finem
1500 4223 1514 4246 ,
1546 4181 1639 4236 sed
1668 4198 1770 4237 non
1795 4184 1931 4252 apud

337 4289 461 4325 eum
504 4269 898 4341 perseverando
946 4286 1048 4322 non
1089 4271 1235 4323 audit
1278 4270 1411 4325 hanc
1450 4288 1656 4325 vocem.
1687 4273 1842 4327 Venit
1866 4274 1932 4329 ad

336 4363 615 4416 Clit-istum
637 4403 651 4424 ,
675 4361 878 4413 audivit
902 4362 1001 4413 alia
1034 4370 1085 4415 et
1105 4362 1204 4413 alia
1231 4362 1408 4424 verba,
1437 4362 1524 4415 illa
1552 4371 1604 4415 et
1624 4363 1729 4426 illa,
1757 4366 1932 4418 omnia

340 4467 472 4506 vera
494 4494 509 4515 ,
559 4467 687 4505 sana
716 4451 893 4504 omnia
926 4469 940 4506 :
974 4452 1110 4504 inter
1138 4466 1254 4519 qum
1278 4451 1455 4504 omnia
1487 4461 1570 4505 est
1597 4461 1651 4505 et
1677 4452 1762 4505 illa
1792 4469 1894 4507 vox
1914 4496 1929 4520 ,

342 4541 446 4605 Qui
476 4541 861 4611 perseveraverit
886 4558 1038 4611 usque
1065 4542 1115 4593 in
1146 4541 1319 4612 finem,
1343 4541 1423 4593 hic
1446 4542 1611 4595 salvus
1636 4543 1746 4597 erit.
1775 4541 1931 4596 Istam

342 4635 431 4703 qui
464 4633 728 4697 audierit,
760 4632 873 4685 ovis
899 4642 998 4685 est.
1028 4632 1130 4686 Sed
1154 4631 1403 4685 audiebat
1430 4632 1568 4685 illam
1593 4634 1772 4686 nescio
1792 4634 1928 4701 quis,

344 4736 397 4778 et
436 4724 668 4791 desipuit
692 4766 707 4788 ,
752 4722 1028 4791 refriguit,
1057 4722 1254 4775 audivit
1281 4722 1505 4776 alienam
1538 4741 1550 4775 :
1581 4722 1624 4775 si
1657 4722 1931 4791 pra-desti-

344 4824 501 4869 natus
530 4823 611 4867 θηι
635 4854 649 4875 ,
676 4813 742 4866 ad
774 4822 980 4881 tempus
1006 4814 1219 4875 erravit,
1250 4813 1303 4864 in
1329 4821 1584 4866 aeternum
1615 4829 1717 4866 non
1743 4814 1929 4882 periit;

347 4905 483 4958 redit
519 4913 577 4957 ut
605 4903 785 4957 audiat
810 4903 949 4971 qttod
980 4903 1242 4971 neglexit,
1274 4901 1433 4956 faciat
1459 4903 1597 4972 quod
1628 4904 1843 4957 audivit.
1874 4904 1930 4958 Si

343 4997 485 5048 enim
532 4994 599 5049 de
638 4994 721 5047 his
763 5001 846 5047 est
885 5000 974 5063 qui
1021 4993 1379 5063 praedestinati
1418 5004 1572 5058 sunt,
1617 5005 1669 5048 ct
1697 5010 1929 5050 errorem

345 5088 512 5155 ipsius
554 5087 693 5139 Deus
739 5086 1033 5153 prrescivit,
1079 5095 1133 5139 et
1161 5086 1559 5140 conversionem
1596 5085 1857 5149 futuram;
1887 5086 1932 5139 si

346 5177 650 5237 aberravit,
686 5175 821 5228 redit
847 5183 902 5227 ut
926 5174 1104 5227 audiat
1126 5174 1264 5227 illam
1287 5190 1468 5227 vocem
1500 5174 1743 5242 pastoris,
1771 5183 1824 5227 et
1843 5190 1931 5228 se-

346 5277 542 5334 quatur
579 5265 845 5319 dicentem
865 5307 880 5329 ,
928 5265 1025 5329 Qui
1064 5265 1445 5334 perseveraverit
1483 5280 1638 5331 usque
1666 5264 1718 5317 in
1745 5264 1929 5331 linem,

351 5359 427 5408 hic
466 5356 636 5409 salvus
677 5356 789 5407 erit.
837 5355 979 5409 Bona
1018 5371 1116 5408 vox
1138 5396 1152 5419 ,
1180 5355 1371 5408 fratres
1389 5395 1404 5418 ,
1431 5369 1554 5407 vera
1576 5394 1591 5417 ,
1619 5354 1929 5423 pastoralis,

352 5448 462 5512 ipsa
512 5455 594 5499 est
638 5461 738 5499 vox
784 5445 971 5500 salutis
1013 5447 1063 5499 in
1095 5445 1446 5500 tabernaculis
1468 5445 1734 5514 justorum
1762 5445 1931 5517 (Psal.

351 5550 519 5599 cxvu,
550 5536 662 5608 15).
694 5535 826 5591 Nam
858 5535 1008 5591 facile
1035 5546 1118 5591 est
1144 5536 1326 5590 audire
1348 5534 1617 5590 Christum
1637 5576 1653 5603 ,
1676 5534 1831 5593 facile
1855 5547 1936 5593 est

356 5622 570 5682 laudare
615 5631 988 5702 Evangelium,
1036 5629 1196 5687 facile
1232 5632 1525 5687 acclamare
1563 5632 1875 5704 diSputatori
1917 5651 1931 5688 :

354 5734 695 5788 pers:verare
720 5735 882 5792 usque
910 5720 961 5775 in
992 5719 1149 5777 finem
1169 5761 1185 5789 ,
1212 5720 1312 5779 hoc
1335 5730 1415 5778 est
1434 5722 1614 5778 ovium
1638 5739 1816 5779 vocem
1844 5738 1934 5794 pa-

1444 347 1850 407 TRACTATUS
1887 352 2042 408 XLV.
2080 353 2306 416 CAPUT
2344 358 2413 414 Χ.

3490 381 3627 436 i726

2051 468 2209 561 storis
2252 469 2597 525 audientium.
2629 472 2872 532 Tentatio
2899 480 3123 546 accidit,
3153 496 3430 552 persevera
3459 505 3627 561 usque

2053 555 2103 608 in
2129 556 2284 612 tinem
2310 577 2323 612 :
2347 562 2467 629 quia
2491 566 2707 619 tentatio
2727 582 2832 621 non
2856 582 3153 635 perseverat
3173 577 3399 644 usquein
3421 555 3627 636 finem‘.

2050 645 2228 717 Usque
2266 650 2317 703 in
2356 666 2511 722 quem
2546 654 2700 711 tinem
2726 662 3135 728 perseverabis?
3165 665 3448 737 Quousque
3477 670 3630 726 ﬁnias

2049 740 2206 796 viam.
2236 742 2493 810 Quamdiu
2516 748 2654 802 enim
2682 765 2785 804 non
2814 752 2962 806 audis
2985 754 3271 823 Christum,
3296 759 3629 819 adversarius

2048 838 2168 884 tuus
2210 842 2292 885 est
2331 834 2381 886 in
2412 836 2506 889 ista
2540 840 2650 903 via,
2682 840 2782 895 hoc
2807 852 2890 896 est
2917 843 2969 897 in
2997 846 3094 897 ista
3126 848 3336 901 mortali
3366 852 3473 903 vita
3524 852 3629 907 Sed

2045 921 2168 990 quid
2213 922 2381 977 dicit?
2433 925 2691 981 Concorda
2713 947 2825 982 cum
2852 932 3137 987 adversario
3166 946 3249 989 tuo
3278 938 3403 1003 cito,
3435 940 3555 993 dum
3578 958 3630 995 es

2043 1028 2157 1066 cum
2182 1030 2238 1068 eo
2266 1015 2318 1068 in
2342 1017 2422 1069 via
2448 1017 2656 1087 (Matth.
2688 1038 2719 1073 v
2744 1064 2759 1088 ,
2783 1022 2896 1093 23).
2928 1026 3166 1089 Audisti,
3190 1029 3478 1092 credidisti.
3501 1047 3630 1086 con-

2043 1105 2295 1160 cordasti.
2325 1106 2378 1161 Si
2404 1108 2788 1180 adversabaris,
2813 1116 3095 1171 concorda.
3124 1116 3179 1173 Si
3209 1120 3304 1173 tibi
3330 1123 3624 1189 praestitum

2042 1206 2125 1253 est
2151 1201 2509 1271 concordare,
2555 1207 2661 1260 noli
2706 1209 2928 1266 ulterius
2965 1212 3191 1283 litigare.
3236 1215 3457 1283 Quando
3484 1220 3626 1274 enim

2043 1288 2255 1344 finiatur
2294 1293 2374 1346 via
2412 1295 2585 1350 nescis
2606 1337 2620 1360 ,
2649 1297 2742 1351 sed
2770 1307 2943 1353 tamen
2974 1302 3074 1356 scit
3102 1303 3210 1358 ille.
3237 1304 3294 1359 Si
3321 1306 3435 1360 ovis
3459 1322 3539 1373 es,
3568 1318 3624 1363 et

2041 1378 2086 1432 si
2115 1384 2535 1448 perseveraveris
2564 1400 2730 1455 usque
2758 1387 2809 1441 in
2841 1387 3030 1455 tinem,
3060 1393 3235 1447 salvus
3260 1395 3364 1449 eris
3394 1413 3407 1448 :
3439 1411 3501 1450 ac
3530 1412 3628 1466 per

2041 1466 2142 1522 hoc
2181 1469 2331 1523 istam
2369 1486 2553 1525 vocem
2593 1490 2697 1527 non
2739 1484 3083 1531 contemnunt
3119 1481 3235 1545 sui,
3272 1498 3377 1536 non
3405 1483 3626 1537 audiunt

2040 1556 2221 1612 alieni.
2263 1559 2332 1614 Ut
2371 1562 2548 1630 potui,
2573 1572 2629 1616 ut
2654 1564 2765 1633 ipse
2785 1564 3032 1635 donavit,
3063 1568 3373 1637 profundam
3402 1573 3622 1627 multum

2041 1650 2385 1716 quiestionem
2407 1662 2497 1706 aut
2518 1655 2735 1722 exposui
2763 1656 2911 1710 vobis
2934 1698 2947 1721 ,
2977 1669 3066 1711 aut
3086 1661 3303 1714 tractavi
3325 1662 3618 1717 vobiscum.

2042 1736 2098 1792 Si
2148 1740 2235 1809 qtti
2276 1742 2450 1796 minus
2478 1743 2888 1810 intellexerunt,
2918 1757 3127 1801 maneat
3152 1749 3317 1817 pietas
3340 1791 3355 1816 ,
3386 1760 3440 1805 et
3467 1766 3621 1805 reve-

2039 1829 2231 1884 labitur
2269 1833 2463 1887 veritas
2496 1852 2509 1886 :
2543 1836 2629 1904 qui
2659 1847 2834 1891 autem
2867 1838 3277 1905 intellexerunt,
3309 1857 3410 1894 non
3438 1858 3496 1896 se
3524 1858 3621 1897 ex-

2041 1920 2223 1975 tollant
2243 1923 2390 1991 quasi
2412 1924 2695 1980 celeriores
2721 1940 2881 1996 super
2909 1928 3163 1983 tardiores
3182 1970 3196 1994 ,
3226 1946 3292 1984 ne
3317 1932 3621 1986 extollendo

2036 2025 2096 2067 se
2116 2014 2413 2068 exorbitent
2431 2056 2445 2079 ,
2471 2024 2525 2070 et
2554 2015 2753 2071 facilius
2780 2020 3087 2086 perveniant
3113 2020 3391 2075 tardiores.
3420 2021 3635 2077 Omues‘

2036 2112 2211 2158 autem
2248 2104 2499 2173 perducat
2524 2107 2606 2159 cui
2638 2107 2859 2162 dicimus
2892 2125 2905 2159 :
2941 2107 3115 2161 Deduc
3140 2126 3217 2162 me
3238 2152 3252 2171 ,
3285 2110 3530 2175 Domine,
3558 2112 3613 2165 in

2036 2194 2116 2245 via
2150 2202 2235 2245 tua
2254 2234 2267 2256 ,
2304 2202 2349 2245 et
2374 2195 2639 2248 ambulabo
2662 2198 2713 2249 in
2736 2198 2939 2250 veritate
2962 2207 3048 2250 tua
3074 2197 3242 2268 (Psal.
3269 2215 3442 2253 Lxxxv
3459 2241 3474 2266 ,
3500 2200 3613 2270 Η).

2108 2285 2194 2338 14.
2218 2284 2319 2339 Per
2345 2286 2445 2339 hoc
2474 2302 2598 2355 ergo
2618 2288 2755 2356 quod
2781 2290 3023 2357 exposuit
3048 2290 3299 2345 Dominus
3318 2331 3333 2357 ,
3360 2292 3480 2360 quia
3503 2291 3615 2361 ipse

2035 2384 2116 2429 est
2142 2376 2334 2429 ostium
2354 2417 2368 2441 ,
2395 2376 2651 2431 intremus
2677 2376 2742 2431 ad
2767 2393 2826 2431 ea
2850 2395 2966 2447 quae
2992 2380 3263 2449 proposuit
3286 2422 3301 2445 ,
3328 2396 3425 2435 nec
3446 2396 3613 2449 expo-

2035 2469 2159 2520 suit.
2186 2468 2248 2520 Et
2276 2477 2455 2537 pastor
2476 2468 2686 2537 quidem
2711 2469 2951 2538 quisnam
2976 2472 3062 2537 sit,
3087 2472 3323 2541 quamvis
3347 2488 3447 2524 non
3471 2473 3616 2527 dixe-

2032 2557 2105 2612 rit
2128 2558 2178 2611 in
2206 2558 2304 2612 ista
2325 2558 2551 2613 lectione
2571 2575 2689 2628 qua:
2710 2559 2867 2615 hodie
2889 2562 3104 2615 recitata
3130 2570 3244 2627 est,
3274 2572 3448 2616 tamen
3477 2563 3527 2615 in
3549 2577 3613 2618 ea

2033 2664 2152 2719 quae
2180 2651 2417 2719 sequitur
2442 2652 2776 2719 apertissime
2800 2652 2956 2707 dicit:
2981 2652 3094 2723 Ego
3112 2670 3223 2707 sum
3245 2663 3414 2724 pastor
3433 2654 3609 2707 bonus.

2034 2738 2185 2805 Quod
2228 2740 2327 2795 etsi
2355 2755 2459 2793 non
2487 2743 2688 2795 diceret
2707 2784 2721 2808 ,
2750 2757 2907 2811 quem
2936 2743 3094 2796 alium
3123 2753 3314 2811 praeter
3340 2744 3507 2811 ipsum
3534 2744 3613 2797 iu-

2033 2830 2269 2900 telligere
2303 2830 2616 2885 deberemus
2656 2832 2709 2885 in
2744 2833 2822 2885 eis
2856 2832 3064 2896 verbis,
3094 2832 3178 2886 tibi
3209 2832 3312 2885 ait:
3346 2850 3364 2881 ‹
3398 2832 3497 2898 Qui
3527 2832 3611 2885 itt-

2033 2927 2137 2973 trat
2166 2935 2260 2988 per
2279 2920 2469 2974 ostium
2489 2962 2502 2984 ,
2532 2930 2710 2989 pastor
2734 2930 2815 2974 est
2841 2921 3037 2974 ovium.
3064 2921 3193 2974 lluic
3212 2922 3457 2975 ostiarius
3480 2936 3581 2989 ape
3600 2952 3615 2964 ο

2033 3009 2103 3062 rit
2126 3027 2139 3062 :
2170 3019 2221 3063 et
2240 3024 2367 3064 oves
2388 3025 2568 3064 vocem
2591 3011 2706 3079 ejus
2730 3010 2949 3064 audittnt
2972 3027 2985 3075 ;
3018 3019 3074 3065 et
3102 3011 3341 3080 proprias
3370 3025 3496 3065 oves
3519 3026 3614 3065 vo-

2034 3106 2120 3151 cat
2157 3099 2498 3165 nominatim,
2539 3108 2593 3155 et
2636 3100 2812 3154 educit
2843 3114 2954 3154 eas.
2992 3101 3198 3153 Etcum
3226 3100 3462 3169 proprias
3485 3115 3613 3155 oves

2034 3190 2298 3253 emiserit,
2328 3199 2450 3243 ante
2470 3206 2561 3243 eas
2582 3192 2724 3243 vadit
2749 3210 2760 3244 :
2791 3200 2844 3244 et
2867 3206 2994 3245 oves
3018 3206 3137 3245 eum
3160 3200 3470 3260 sequuntur,
3493 3193 3615 3259 quia

2036 3279 2209 3333 sciunt
2231 3294 2413 3334 vocem
2442 3280 2599 3349 ejus?
2624 3304 2640 3332 ι
2659 3281 2788 3348 Quis
2812 3283 2951 3335 enim
2979 3281 3111 3335 alius
3130 3296 3255 3336 oves
3275 3284 3510 3352 preprias
3522 3299 3619 3337 vo—

2036 3379 2123 3424 cat
2147 3371 2454 3423 nominatim
2476 3412 2489 3432 .
2518 3380 2568 3424 et
2589 3371 2763 3425 educit
2791 3386 2881 3425 eas
2907 3371 3029 3425 hine
3054 3371 3120 3425 ad
3143 3372 3302 3424 vitam
3325 3381 3576 3425 arternam
3596 3412 3611 3436 ,
3697 3406 3706 3412 -

2036 3462 2139 3516 nisi
2179 3462 2266 3531 qui
2296 3462 2439 3515 novit
2466 3463 2677 3516 nomina
2706 3462 3242 3531 prmdestinatnrum?
3268 3463 3418 3519 Unde
3440 3464 3514 3517 ait
3538 3464 3619 3517 di-

2038 3551 2252 3618 scipulis
2275 3551 2407 3617 suis,
2430 3549 2785 3621 Gaudetequia
2814 3552 3016 3604 nomina
3037 3562 3198 3605 vestra
3220 3552 3405 3621 scripta
3430 3562 3545 3606 sunt
3564 3553 3618 3606 in

2039 3640 2161 3694 caelo
2206 3640 2358 3711 (Luc.
2394 3658 2427 3695 x
2448 3684 2462 3707 ,
2501 3642 2593 3715 20)
2623 3660 2636 3695 :
2679 3643 2800 3695 hinc
2823 3645 2963 3696 enim
2992 3652 3142 3697 vocat
3169 3658 3259 3697 eas
3282 3644 3616 3697 nominatim.

2040 3728 2109 3782 Et
2147 3731 2265 3798 quis
2303 3730 2435 3784 alius
2474 3746 2564 3784 eas
2591 3732 2818 3793 emittit,
2846 3731 2945 3784 nisi
2972 3732 3059 3799 qui
3087 3746 3269 3786 earum
3296 3742 3509 3800 peccata
3536 3733 3618 3785 di-

2040 3820 2238 3885 mittit,
2283 3830 2335 3873 ut
2373 3836 2491 3875 eum
2519 3823 2667 3889 sequi
2693 3821 2841 3875 duris
2867 3822 3100 3876 liberatae
3129 3823 3349 3876 vinculis
3374 3823 3612 3891 possint!

2040 3908 2111 3962 Et
2150 3910 2268 3978 quis
2305 3925 2396 3963 eas
2439 3911 2709 3979 prarcessit
2744 3926 2849 3980 quo
2895 3927 3014 3966 eum
3056 3922 3369 3981 sequantur,
3399 3912 3498 3966 nisi
3525 3915 3614 3981 qui

2039 4014 2261 4069 surgens
2288 4016 2317 4053 a
2346 4003 2567 4054 mortuis
2593 4003 2699 4067 jam
2729 4017 2831 4055 non
2854 4003 3076 4056 moritur
3097 4044 3112 4069 ,
3144 4013 3198 4057 et
3225 4019 3367 4057 mors
3386 4004 3433 4056 ei
3480 4004 3613 4056 ultra

2037 4103 2143 4143 non
2167 4089 2521 4143 dominabitur
2548 4089 2723 4156 (Rom.
2751 4106 2822 4153 vt,
2846 4089 2902 4161 9)
2931 4109 2943 4145 :
2974 4101 3026 4144 et
3052 4106 3170 4145 cum
3200 4091 3283 4144 hic
3301 4091 3616 4157 conspicuus

2038 4188 2179 4234 esset
2221 4180 2273 4233 in
2318 4196 2478 4234 carne
2516 4182 2619 4246 ait,
2654 4199 2674 4231 ι
2713 4182 2899 4246 Pater,
2929 4196 3061 4251 quos
3085 4181 3274 4236 dedisti
3303 4181 3466 4245 mihi,
3495 4182 3618 4235 volo

2038 4282 2095 4325 ut
2121 4273 2206 4326 ubi
2234 4287 2332 4341 ego
2360 4287 2500 4339 sum,
2525 4282 2576 4326 et
2604 4274 2699 4341 ipsi
2730 4274 2834 4328 sint
2858 4289 3062 4329 mecum
3095 4292 3113 4325 ι
3137 4273 3290 4344 (Joan
3318 4290 3422 4328 xvn
3445 4315 3459 4337 ,
3480 4273 3572 4342 24)
3592 4274 3617 4326 ?

2037 4361 2187 4418 Unde
2210 4362 2331 4416 illud
2358 4374 2439 4416 est
2461 4363 2599 4431 quod
2628 4365 2730 4416 ait:
2757 4383 2774 4415 ι
2811 4365 2922 4432 Ego
2948 4380 3062 4418 sum
3089 4367 3279 4419 ostium
3308 4384 3322 4420 :
3353 4382 3446 4434 per
3470 4382 3554 4420 me
3571 4367 3615 4419 si
3637 4354 3655 4383 ί

2036 4454 2155 4522 quis
2176 4453 2451 4519 introierit,
2474 4454 2776 4518 salvabitur;
2801 4465 2855 4509 et
2872 4455 3210 4523 ingredietur,
3227 4464 3279 4509 et
3295 4456 3617 4523 egredietur;

2037 4554 2092 4599 et
2128 4558 2319 4612 pascua
2366 4544 2615 4599 inveniet.
2655 4562 2673 4595 ι
2710 4544 2765 4597 ln
2795 4546 2895 4599 hoc
2917 4546 3188 4599 evidenter
3213 4545 3477 4611 ostendit,
3506 4560 3611 4598 non

2038 4633 2209 4686 solum
2241 4640 2503 4700 pastorem
2525 4673 2540 4697 ,
2584 4633 2677 4686 sed
2706 4634 2867 4687 etiam
2896 4649 3023 4689 oves
3049 4635 3247 4688 intrare
3273 4650 3370 4703 per
3397 4636 3610 4687 ostium.

2108 4722 2195 4775 15.
2241 4721 2345 4774 Sed
2375 4721 2499 4789 quid
2530 4730 2643 4787 est,
2676 4723 3017 4791 ingredietur,
3045 4734 3090 4777 et
3115 4725 3421 4794 egredietur,
3445 4734 3491 4775 et
3518 4740 3612 4791 pa-

2036 4827 2160 4863 scua
2182 4810 2393 4863 inveniet
2416 4811 2437 4863 ,ν
2462 4811 2667 4879 [ngredi
2689 4812 2881 4880 quippe
2906 4813 2955 4865 in
2981 4813 3273 4867 Ecclesiam
3303 4829 3395 4880 per
3420 4812 3610 4864 ostium

2037 4900 2303 4954 Christum
2321 4939 2335 4959 ,
2358 4900 2511 4954 valde
2533 4900 2727 4954 bonum
2753 4912 2833 4955 est
2863 4920 2875 4955 :
2900 4904 3043 4955 exire
3068 4912 3241 4956 autem
3265 4901 3332 4955 de
3354 4901 3608 4963 Ecclesia,

2037 4989 2175 5043 sicut
2196 4989 2271 5043 ait
2292 4989 2392 5043 iste
2419 4990 2530 5059 ipse
2555 4990 2788 5045 Joannes
2812 4994 3132 5060 evangelista
3160 4993 3210 5046 in
3236 4992 3467 5060 Epistola
3494 5005 3610 5052 sua.

2037 5080 2121 5134 Ea:
2147 5081 2287 5134 nobis
2311 5082 2556 5147 exierunt,
2583 5084 2670 5136 sed
2695 5100 2792 5136 non
2810 5095 2948 5137 erant
2968 5101 3030 5137 ea:
3054 5086 3191 5137 nobis
3212 5082 3391 5151 (Joan.
3418 5099 3473 5146 tt,
3499 5081 3610 5153 i9);

2037 5185 2144 5224 non
2170 5179 2253 5224 est
2278 5172 2459 5240 utique
2480 5173 2697 5227 bonum.
2724 5173 2866 5227 Talis
2893 5190 3018 5242 ergo
3039 5187 3285 5242 egressus
3308 5186 3410 5225 non
3436 5182 3612 5240 posset

2038 5279 2070 5317 a
2103 5265 2243 5319 bono
2278 5275 2488 5335 pastore
2529 5267 2769 5330 laudari;
2800 5276 2856 5320 ut
2890 5267 3109 5330 diceret,
3128 5276 3173 5319 et
3198 5265 3535 5335 ingredietur,
3568 5277 3614 5320 et

2039 5356 2347 5425 egredietur,
2372 5367 2420 5411 et
2443 5374 2631 5427 pascua
2655 5359 2885 5411 inveniet.
2912 5358 3007 5411 Est
3027 5373 3153 5426 ergo
3179 5349 3369 5426 aliquis
3398 5374 3503 5412 non
3527 5373 3616 5412 so-

2040 5445 2148 5498 lum
2170 5446 2457 5515 ingressus,
2481 5462 2663 5500 verum
2685 5450 2842 5500 etiam
2865 5461 3108 5515 egressus
3128 5447 3294 5500 bonus
3311 5462 3405 5516 per
3421 5450 3613 5502 ostium

2039 5536 2237 5592 bonum
2259 5578 2273 5604 ,
2305 5538 2443 5607 quod
2464 5549 2547 5592 est
2567 5536 2825 5592 Christus.
2851 5536 2955 5591 Sed
2976 5538 3092 5607 quis
3115 5548 3197 5593 est
3219 5539 3315 5593 iste
3338 5537 3617 5592 laudabilis

2102 5673 2118 5705 ί
2144 5672 2309 5721 Isthzec
2330 5671 2586 5735 sententia,
2622 5669 2731 5732 quia
2754 5668 2945 5721 tentatio
2975 5682 3070 5720 non
3106 5674 3373 5735 perseverat
3395 5680 3539 5731 usque
3563 5679 3613 5718 tn

2037 5730 2199 5799 ﬁnem,
2222 5735 2359 5784 abest
2381 5746 2407 5781 a
2432 5730 2677 5795 plerisque
2699 5738 2804 5782 Mss.
