  <div class='ocr_page' id='page_1' title='image "/cluster/home/n/w/nwhite01/storage/ocr_20150623/35/hvd.32044015706302/213.png"; bbox 0 0 4030 6472; ppageno 0'>
   <div class='ocr_carea' id='block_1_1' title="bbox 409 402 578 466">
    <p class='ocr_par' dir='ltr' id='par_1_1' title="bbox 409 402 578 466">
     <span class='ocr_line' id='line_1_1' title="bbox 409 402 578 466; baseline -0.018 -7"><span class='ocrx_word' id='word_1_1' title='bbox 409 402 548 459; x_wconf 72' lang='grc'><strong>172⁸1</strong></span> <span class='ocrx_word' id='word_1_2' title='bbox 575 462 578 466; x_wconf 31' lang='grc' dir='ltr'><em>η</em></span> 
     </span>
    </p>
   </div>
   <div class='ocr_carea' id='block_1_2' title="bbox 401 488 1991 582">
    <p class='ocr_par' dir='ltr' id='par_1_2' title="bbox 401 488 1991 582">
     <span class='ocr_line' id='line_1_2' title="bbox 401 488 1991 582; baseline -0.021 -10"><span class='ocrx_word' id='word_1_3' title='bbox 401 525 459 572; x_wconf 87' lang='grc' dir='ltr'><strong>ει</strong></span> <span class='ocrx_word' id='word_1_4' title='bbox 476 515 663 571; x_wconf 85' lang='lat' dir='ltr'><strong>beatus</strong></span> <span class='ocrx_word' id='word_1_5' title='bbox 681 509 962 582; x_wconf 89' lang='lat' dir='ltr'><strong>egressus!</strong></span> <span class='ocrx_word' id='word_1_6' title='bbox 987 507 1206 562; x_wconf 86' lang='lat' dir='ltr'><strong>Possem</strong></span> <span class='ocrx_word' id='word_1_7' title='bbox 1224 501 1435 575; x_wconf 86' lang='lat' dir='ltr'><strong>quidem</strong></span> <span class='ocrx_word' id='word_1_8' title='bbox 1455 497 1634 553; x_wconf 86' lang='lat' dir='ltr'><strong>dicere</strong></span> <span class='ocrx_word' id='word_1_9' title='bbox 1649 488 1854 562; x_wconf 77' lang='lat' dir='ltr'><strong>ingredi</strong></span> <span class='ocrx_word' id='word_1_10' title='bbox 1873 500 1991 552; x_wconf 89' lang='lat' dir='ltr'><strong>nos,</strong></span> 
     </span>
    </p>
   </div>
   <div class='ocr_carea' id='block_1_3' title="bbox 403 583 1992 676">
    <p class='ocr_par' dir='ltr' id='par_1_3' title="bbox 403 583 1992 676">
     <span class='ocr_line' id='line_1_3' title="bbox 403 583 1992 676; baseline -0.018 -17"><span class='ocrx_word' id='word_1_11' title='bbox 403 603 618 676; x_wconf 83' lang='lat' dir='ltr'><strong>quando</strong></span> <span class='ocrx_word' id='word_1_12' title='bbox 664 601 888 657; x_wconf 90' lang='lat' dir='ltr'><strong>interius</strong></span> <span class='ocrx_word' id='word_1_13' title='bbox 931 596 1126 668; x_wconf 88' lang='lat' dir='ltr'><strong>aliquid</strong></span> <span class='ocrx_word' id='word_1_14' title='bbox 1163 592 1502 664; x_wconf 90' lang='lat' dir='ltr'><strong>cogitamus;</strong></span> <span class='ocrx_word' id='word_1_15' title='bbox 1547 583 1728 676; x_wconf 90' lang='lat' dir='ltr'><strong>egredi</strong></span> <span class='ocrx_word' id='word_1_16' title='bbox 1767 587 1950 676; x_wconf 82' lang='lat' dir='ltr'><strong>autem</strong></span> <span class='ocrx_word' id='word_1_17' title='bbox 1975 617 1992 642; x_wconf 90' lang='lat'><strong>,</strong></span> 
     </span>
    </p>
   </div>
   <div class='ocr_carea' id='block_1_4' title="bbox 403 671 1996 767">
    <p class='ocr_par' dir='ltr' id='par_1_4' title="bbox 403 671 1996 767">
     <span class='ocr_line' id='line_1_4' title="bbox 403 671 1996 767; baseline -0.018 -15"><span class='ocrx_word' id='word_1_18' title='bbox 403 671 618 767; x_wconf 78' lang='lat' dir='ltr'><strong>quando</strong></span> <span class='ocrx_word' id='word_1_19' title='bbox 646 692 880 748; x_wconf 84' lang='lat' dir='ltr'><strong>exterius</strong></span> <span class='ocrx_word' id='word_1_20' title='bbox 900 689 1098 759; x_wconf 87' lang='lat' dir='ltr'><strong>aliquid</strong></span> <span class='ocrx_word' id='word_1_21' title='bbox 1127 699 1412 755; x_wconf 85' lang='lat' dir='ltr'><strong>Operamur</strong></span> <span class='ocrx_word' id='word_1_22' title='bbox 1435 700 1448 735; x_wconf 74' lang='grc' dir='ltr'>ε</span> <span class='ocrx_word' id='word_1_23' title='bbox 1475 688 1531 736; x_wconf 87' lang='grc' dir='ltr'><strong>ει</strong></span> <span class='ocrx_word' id='word_1_24' title='bbox 1553 675 1803 750; x_wconf 87' lang='lat' dir='ltr'><strong>quoniam</strong></span> <span class='ocrx_word' id='word_1_25' title='bbox 1819 713 1834 738; x_wconf 94' lang='lat'><strong>,</strong></span> <span class='ocrx_word' id='word_1_26' title='bbox 1860 671 1996 767; x_wconf 79' lang='lat' dir='ltr'><strong>sicut</strong></span> 
     </span>
    </p>
   </div>
   <div class='ocr_carea' id='block_1_5' title="bbox 401 763 1996 856">
    <p class='ocr_par' dir='ltr' id='par_1_5' title="bbox 401 763 1996 856">
     <span class='ocr_line' id='line_1_5' title="bbox 401 763 1996 856; baseline -0.015 -16"><span class='ocrx_word' id='word_1_27' title='bbox 401 763 529 842; x_wconf 79' lang='lat' dir='ltr'><strong>dicit</strong></span> <span class='ocrx_word' id='word_1_28' title='bbox 553 785 856 856; x_wconf 81' lang='lat' dir='ltr'><strong>Apostolus,</strong></span> <span class='ocrx_word' id='word_1_29' title='bbox 885 798 979 852; x_wconf 84' lang='lat' dir='ltr'><strong>per</strong></span> <span class='ocrx_word' id='word_1_30' title='bbox 1009 779 1165 834; x_wconf 83' lang='lat' dir='ltr'><strong>fidem</strong></span> <span class='ocrx_word' id='word_1_31' title='bbox 1193 776 1396 830; x_wconf 88' lang='lat' dir='ltr'><strong>habitat</strong></span> <span class='ocrx_word' id='word_1_32' title='bbox 1420 773 1660 829; x_wconf 89' lang='lat' dir='ltr'><strong>Christus</strong></span> <span class='ocrx_word' id='word_1_33' title='bbox 1675 769 1728 822; x_wconf 90' lang='lat' dir='ltr'><strong>in</strong></span> <span class='ocrx_word' id='word_1_34' title='bbox 1749 763 1996 822; x_wconf 75' lang='lat' dir='ltr'><strong>cordibus</strong></span> 
     </span>
    </p>
   </div>
   <div class='ocr_carea' id='block_1_6' title="bbox 407 859 1997 949">
    <p class='ocr_par' dir='ltr' id='par_1_6' title="bbox 407 859 1997 949">
     <span class='ocr_line' id='line_1_6' title="bbox 407 859 1997 949; baseline -0.016 -16"><span class='ocrx_word' id='word_1_35' title='bbox 407 877 606 934; x_wconf 76' lang='lat' dir='ltr'><strong>nostris</strong></span> <span class='ocrx_word' id='word_1_36' title='bbox 647 873 867 949; x_wconf 83' lang='lat' dir='ltr'><strong>(Ephes.</strong></span> <span class='ocrx_word' id='word_1_37' title='bbox 912 888 1002 936; x_wconf 85' lang='grc' dir='ltr'><strong>ιιι,</strong></span> <span class='ocrx_word' id='word_1_38' title='bbox 1035 868 1158 940; x_wconf 87' lang='grc'><strong>17),</strong></span> <span class='ocrx_word' id='word_1_39' title='bbox 1189 865 1392 937; x_wconf 78' lang='lat' dir='ltr'><strong>ingredi</strong></span> <span class='ocrx_word' id='word_1_40' title='bbox 1421 879 1516 934; x_wconf 91' lang='lat' dir='ltr'><strong>per</strong></span> <span class='ocrx_word' id='word_1_41' title='bbox 1563 859 1833 916; x_wconf 76' lang='lat' dir='ltr'><strong>Christum</strong></span> <span class='ocrx_word' id='word_1_42' title='bbox 1863 867 1997 949; x_wconf 63' lang='lat' dir='ltr'><strong>esse</strong></span> 
     </span>
    </p>
   </div>
   <div class='ocr_carea' id='block_1_7' title="bbox 407 945 1998 1036">
    <p class='ocr_par' dir='ltr' id='par_1_7' title="bbox 407 945 1998 1036">
     <span class='ocr_line' id='line_1_7' title="bbox 407 945 1998 1036; baseline -0.018 -9"><span class='ocrx_word' id='word_1_43' title='bbox 407 945 698 1026; x_wconf 85' lang='lat' dir='ltr'><strong>secundum</strong></span> <span class='ocrx_word' id='word_1_44' title='bbox 717 969 882 1036; x_wconf 90' lang='lat' dir='ltr'><strong>ipsam</strong></span> <span class='ocrx_word' id='word_1_45' title='bbox 902 963 1056 1018; x_wconf 81' lang='lat' dir='ltr'><strong>fidem</strong></span> <span class='ocrx_word' id='word_1_46' title='bbox 1068 961 1322 1030; x_wconf 89' lang='lat' dir='ltr'><strong>cogitare;</strong></span> <span class='ocrx_word' id='word_1_47' title='bbox 1339 956 1520 1028; x_wconf 86' lang='lat' dir='ltr'><strong>egredi</strong></span> <span class='ocrx_word' id='word_1_48' title='bbox 1537 963 1713 1008; x_wconf 90' lang='lat' dir='ltr'><strong>autem</strong></span> <span class='ocrx_word' id='word_1_49' title='bbox 1737 965 1829 1022; x_wconf 88' lang='lat' dir='ltr'><strong>per</strong></span> <span class='ocrx_word' id='word_1_50' title='bbox 1849 945 1998 1002; x_wconf 82' lang='lat' dir='ltr'><strong>Chri-</strong></span> 
     </span>
    </p>
   </div>
   <div class='ocr_carea' id='block_1_8' title="bbox 407 1045 1998 1128">
    <p class='ocr_par' dir='ltr' id='par_1_8' title="bbox 407 1045 1998 1128">
     <span class='ocr_line' id='line_1_8' title="bbox 407 1045 1998 1128; baseline -0.014 -11"><span class='ocrx_word' id='word_1_51' title='bbox 407 1069 572 1128; x_wconf 88' lang='lat' dir='ltr'><strong>stum,</strong></span> <span class='ocrx_word' id='word_1_52' title='bbox 596 1059 888 1116; x_wconf 88' lang='lat' dir='ltr'><strong>secundum</strong></span> <span class='ocrx_word' id='word_1_53' title='bbox 913 1057 1081 1126; x_wconf 91' lang='lat' dir='ltr'><strong>ipsam</strong></span> <span class='ocrx_word' id='word_1_54' title='bbox 1105 1053 1262 1108; x_wconf 86' lang='lat' dir='ltr'><strong>fidem</strong></span> <span class='ocrx_word' id='word_1_55' title='bbox 1277 1052 1435 1107; x_wconf 91' lang='lat' dir='ltr'><strong>etiam</strong></span> <span class='ocrx_word' id='word_1_56' title='bbox 1461 1049 1588 1104; x_wconf 90' lang='lat' dir='ltr'><strong>foris</strong></span> <span class='ocrx_word' id='word_1_57' title='bbox 1601 1045 1680 1111; x_wconf 87' lang='lat' dir='ltr'><strong>,id</strong></span> <span class='ocrx_word' id='word_1_58' title='bbox 1696 1053 1796 1109; x_wconf 84' lang='lat' dir='ltr'><strong>est,</strong></span> <span class='ocrx_word' id='word_1_59' title='bbox 1815 1055 1998 1098; x_wconf 86' lang='lat' dir='ltr'><strong>coram</strong></span> 
     </span>
    </p>
   </div>
   <div class='ocr_carea' id='block_1_9' title="bbox 408 1131 2004 1219">
    <p class='ocr_par' dir='ltr' id='par_1_9' title="bbox 408 1131 2004 1219">
     <span class='ocr_line' id='line_1_9' title="bbox 408 1131 2004 1219; baseline -0.015 -11"><span class='ocrx_word' id='word_1_60' title='bbox 408 1151 714 1210; x_wconf 86' lang='lat' dir='ltr'><strong>hominibus</strong></span> <span class='ocrx_word' id='word_1_61' title='bbox 739 1147 971 1219; x_wconf 90' lang='lat' dir='ltr'><strong>operari.</strong></span> <span class='ocrx_word' id='word_1_62' title='bbox 1005 1144 1160 1202; x_wconf 88' lang='lat' dir='ltr'><strong>Unde</strong></span> <span class='ocrx_word' id='word_1_63' title='bbox 1189 1153 1244 1200; x_wconf 87' lang='lat' dir='ltr'><strong>et</strong></span> <span class='ocrx_word' id='word_1_64' title='bbox 1272 1143 1326 1198; x_wconf 91' lang='lat' dir='ltr'><strong>in</strong></span> <span class='ocrx_word' id='word_1_65' title='bbox 1356 1142 1569 1197; x_wconf 87' lang='lat' dir='ltr'><strong>Psalmo</strong></span> <span class='ocrx_word' id='word_1_66' title='bbox 1595 1138 1788 1208; x_wconf 91' lang='lat' dir='ltr'><strong>legitur</strong></span> <span class='ocrx_word' id='word_1_67' title='bbox 1807 1175 1822 1199; x_wconf 93' lang='lat'><strong>,</strong></span> <span class='ocrx_word' id='word_1_68' title='bbox 1848 1131 2004 1186; x_wconf 76' lang='lat' dir='ltr'><strong>Exiet</strong></span> 
     </span>
    </p>
   </div>
   <div class='ocr_carea' id='block_1_10' title="bbox 409 1224 2002 1310">
    <p class='ocr_par' dir='ltr' id='par_1_10' title="bbox 409 1224 2002 1310">
     <span class='ocr_line' id='line_1_10' title="bbox 409 1224 2002 1310; baseline -0.012 -13"><span class='ocrx_word' id='word_1_69' title='bbox 409 1243 560 1296; x_wconf 75' lang='lat' dir='ltr'><strong>homo</strong></span> <span class='ocrx_word' id='word_1_70' title='bbox 592 1257 660 1297; x_wconf 82' lang='lat' dir='ltr'><strong>aa</strong></span> <span class='ocrx_word' id='word_1_71' title='bbox 686 1255 812 1310; x_wconf 79' lang='lat' dir='ltr'><strong>opus</strong></span> <span class='ocrx_word' id='word_1_72' title='bbox 834 1254 982 1294; x_wconf 81' lang='lat' dir='ltr'><strong>suum</strong></span> <span class='ocrx_word' id='word_1_73' title='bbox 1010 1235 1181 1307; x_wconf 87' lang='lat' dir='ltr'><strong>(Psal.</strong></span> <span class='ocrx_word' id='word_1_74' title='bbox 1207 1250 1295 1290; x_wconf 87' lang='lat' dir='ltr'><strong>cut</strong></span> <span class='ocrx_word' id='word_1_75' title='bbox 1312 1275 1328 1300; x_wconf 91' lang='lat'><strong>,</strong></span> <span class='ocrx_word' id='word_1_76' title='bbox 1353 1232 1445 1302; x_wconf 75' lang='lat'><strong>23)</strong></span> <span class='ocrx_word' id='word_1_77' title='bbox 1478 1250 1491 1286; x_wconf 94' lang='lat'>:</span> <span class='ocrx_word' id='word_1_78' title='bbox 1522 1238 1576 1286; x_wconf 91' lang='lat' dir='ltr'><strong>et</strong></span> <span class='ocrx_word' id='word_1_79' title='bbox 1605 1230 1717 1298; x_wconf 88' lang='lat' dir='ltr'><strong>ipse</strong></span> <span class='ocrx_word' id='word_1_80' title='bbox 1744 1224 2002 1281; x_wconf 86' lang='lat' dir='ltr'><strong>Dominus</strong></span> 
     </span>
    </p>
   </div>
   <div class='ocr_carea' id='block_1_11' title="bbox 409 1314 1998 1398">
    <p class='ocr_par' dir='ltr' id='par_1_11' title="bbox 409 1314 1998 1398">
     <span class='ocr_line' id='line_1_11' title="bbox 409 1314 1998 1398; baseline -0.013 -12"><span class='ocrx_word' id='word_1_81' title='bbox 409 1331 562 1396; x_wconf 92' lang='lat' dir='ltr'><strong>dicit,</strong></span> <span class='ocrx_word' id='word_1_82' title='bbox 594 1329 820 1384; x_wconf 85' lang='lat' dir='ltr'><strong>Luceant</strong></span> <span class='ocrx_word' id='word_1_83' title='bbox 839 1344 991 1398; x_wconf 84' lang='lat' dir='ltr'><strong>opera</strong></span> <span class='ocrx_word' id='word_1_84' title='bbox 1013 1335 1174 1380; x_wconf 83' lang='lat' dir='ltr'><strong>vestra</strong></span> <span class='ocrx_word' id='word_1_85' title='bbox 1201 1340 1371 1378; x_wconf 87' lang='lat' dir='ltr'><strong>coram</strong></span> <span class='ocrx_word' id='word_1_86' title='bbox 1397 1320 1680 1374; x_wconf 85' lang='lat' dir='ltr'><strong>hominibus</strong></span> <span class='ocrx_word' id='word_1_87' title='bbox 1708 1314 1916 1388; x_wconf 80' lang='lat' dir='ltr'><strong>(Matth.</strong></span> <span class='ocrx_word' id='word_1_88' title='bbox 1942 1327 1998 1379; x_wconf 73' lang='grc' dir='ltr'>ν,</span> 
     </span>
    </p>
   </div>
   <div class='ocr_carea' id='block_1_12' title="bbox 414 1410 2002 1493">
    <p class='ocr_par' dir='ltr' id='par_1_12' title="bbox 414 1410 2002 1493">
     <span class='ocr_line' id='line_1_12' title="bbox 414 1410 2002 1493; baseline -0.013 -15"><span class='ocrx_word' id='word_1_89' title='bbox 414 1423 529 1493; x_wconf 87' lang='grc'><strong>16).</strong></span> <span class='ocrx_word' id='word_1_90' title='bbox 573 1421 680 1477; x_wconf 85' lang='lat' dir='ltr'><strong>Sed</strong></span> <span class='ocrx_word' id='word_1_91' title='bbox 710 1421 833 1492; x_wconf 90' lang='lat' dir='ltr'><strong>plus</strong></span> <span class='ocrx_word' id='word_1_92' title='bbox 858 1435 944 1474; x_wconf 91' lang='lat' dir='ltr'><strong>me</strong></span> <span class='ocrx_word' id='word_1_93' title='bbox 969 1413 1367 1492; x_wconf 35' lang='lat' dir='ltr'><strong>delectat‘quod</strong></span> <span class='ocrx_word' id='word_1_94' title='bbox 1393 1414 1505 1483; x_wconf 91' lang='lat' dir='ltr'><strong>ipsa</strong></span> <span class='ocrx_word' id='word_1_95' title='bbox 1528 1410 1726 1466; x_wconf 87' lang='lat' dir='ltr'><strong>veritas</strong></span> <span class='ocrx_word' id='word_1_96' title='bbox 1749 1417 2002 1476; x_wconf 91' lang='lat' dir='ltr'><strong>tanquam</strong></span> 
     </span>
    </p>
   </div>
   <div class='ocr_carea' id='block_1_13' title="bbox 410 1499 2003 1583">
    <p class='ocr_par' dir='ltr' id='par_1_13' title="bbox 410 1499 2003 1583">
     <span class='ocr_line' id='line_1_13' title="bbox 410 1499 2003 1583; baseline -0.011 -14"><span class='ocrx_word' id='word_1_97' title='bbox 410 1521 592 1583; x_wconf 89' lang='lat' dir='ltr'><strong>pastor</strong></span> <span class='ocrx_word' id='word_1_98' title='bbox 611 1512 814 1579; x_wconf 85' lang='lat' dir='ltr'><strong>bonus,</strong></span> <span class='ocrx_word' id='word_1_99' title='bbox 841 1521 897 1566; x_wconf 88' lang='lat' dir='ltr'><strong>et</strong></span> <span class='ocrx_word' id='word_1_100' title='bbox 917 1510 1036 1566; x_wconf 90' lang='lat' dir='ltr'><strong>ideo</strong></span> <span class='ocrx_word' id='word_1_101' title='bbox 1056 1510 1228 1565; x_wconf 89' lang='lat' dir='ltr'><strong>bonus</strong></span> <span class='ocrx_word' id='word_1_102' title='bbox 1252 1507 1466 1573; x_wconf 92' lang='lat' dir='ltr'><strong>doctor,</strong></span> <span class='ocrx_word' id='word_1_103' title='bbox 1489 1499 1883 1576; x_wconf 90' lang='lat' dir='ltr'><strong>quodammodo</strong></span> <span class='ocrx_word' id='word_1_104' title='bbox 1898 1511 2003 1552; x_wconf 84' lang='lat' dir='ltr'><strong>nos</strong></span> 
     </span>
    </p>
   </div>
   <div class='ocr_carea' id='block_1_14' title="bbox 409 1587 2002 1673">
    <p class='ocr_par' dir='ltr' id='par_1_14' title="bbox 409 1587 2002 1673">
     <span class='ocr_line' id='line_1_14' title="bbox 409 1587 2002 1673; baseline -0.009 -16"><span class='ocrx_word' id='word_1_105' title='bbox 409 1603 718 1670; x_wconf 80' lang='lat' dir='ltr'><strong>admonuit,</strong></span> <span class='ocrx_word' id='word_1_106' title='bbox 754 1601 1200 1673; x_wconf 87' lang='lat' dir='ltr'><strong>quemadmodum</strong></span> <span class='ocrx_word' id='word_1_107' title='bbox 1229 1598 1524 1667; x_wconf 86' lang='lat' dir='ltr'><strong>intelligere</strong></span> <span class='ocrx_word' id='word_1_108' title='bbox 1547 1594 1836 1650; x_wconf 79' lang='lat' dir='ltr'><strong>debeamus</strong></span> <span class='ocrx_word' id='word_1_109' title='bbox 1861 1587 2002 1660; x_wconf 92' lang='lat' dir='ltr'><strong>quod</strong></span> 
     </span>
    </p>
   </div>
   <div class='ocr_carea' id='block_1_15' title="bbox 410 1685 1999 1765">
    <p class='ocr_par' dir='ltr' id='par_1_15' title="bbox 410 1685 1999 1765">
     <span class='ocr_line' id='line_1_15' title="bbox 410 1685 1999 1765; baseline -0.009 -18"><span class='ocrx_word' id='word_1_110' title='bbox 410 1694 508 1762; x_wconf 87' lang='lat' dir='ltr'><strong>ait,</strong></span> <span class='ocrx_word' id='word_1_111' title='bbox 530 1714 549 1746; x_wconf 87' lang='grc'><strong>‹</strong></span> <span class='ocrx_word' id='word_1_112' title='bbox 578 1693 924 1765; x_wconf 86' lang='lat' dir='ltr'><strong>ingredietur,</strong></span> <span class='ocrx_word' id='word_1_113' title='bbox 948 1703 1003 1748; x_wconf 92' lang='lat' dir='ltr'><strong>et</strong></span> <span class='ocrx_word' id='word_1_114' title='bbox 1026 1691 1366 1762; x_wconf 83' lang='lat' dir='ltr'><strong>egredietur,</strong></span> <span class='ocrx_word' id='word_1_115' title='bbox 1394 1699 1450 1744; x_wconf 89' lang='lat' dir='ltr'><strong>et</strong></span> <span class='ocrx_word' id='word_1_116' title='bbox 1479 1701 1670 1758; x_wconf 89' lang='lat' dir='ltr'><strong>pascua</strong></span> <span class='ocrx_word' id='word_1_117' title='bbox 1699 1685 1999 1747; x_wconf 61' lang='lat' dir='ltr'><strong>invenietu</strong></span> 
     </span>
    </p>
   </div>
   <div class='ocr_carea' id='block_1_16' title="bbox 412 1773 2000 1854">
    <p class='ocr_par' dir='ltr' id='par_1_16' title="bbox 412 1773 2000 1854">
     <span class='ocr_line' id='line_1_16' title="bbox 412 1773 2000 1854; baseline -0.008 -16"><span class='ocrx_word' id='word_1_118' title='bbox 412 1799 537 1838; x_wconf 90' lang='lat' dir='ltr'><strong>eum</strong></span> <span class='ocrx_word' id='word_1_119' title='bbox 556 1793 772 1840; x_wconf 91' lang='lat' dir='ltr'><strong>secutus</strong></span> <span class='ocrx_word' id='word_1_120' title='bbox 800 1783 1063 1854; x_wconf 87' lang='lat' dir='ltr'><strong>adjunxit,</strong></span> <span class='ocrx_word' id='word_1_121' title='bbox 1097 1801 1116 1834; x_wconf 73' lang='grc' dir='ltr'><strong>ι</strong></span> <span class='ocrx_word' id='word_1_122' title='bbox 1139 1780 1246 1836; x_wconf 87' lang='lat' dir='ltr'><strong>Fur</strong></span> <span class='ocrx_word' id='word_1_123' title='bbox 1269 1795 1373 1834; x_wconf 93' lang='lat' dir='ltr'><strong>non</strong></span> <span class='ocrx_word' id='word_1_124' title='bbox 1394 1780 1537 1834; x_wconf 80' lang='lat' dir='ltr'><strong>venit</strong></span> <span class='ocrx_word' id='word_1_125' title='bbox 1559 1776 1658 1830; x_wconf 89' lang='lat' dir='ltr'><strong>nisi</strong></span> <span class='ocrx_word' id='word_1_126' title='bbox 1681 1785 1742 1829; x_wconf 93' lang='lat' dir='ltr'><strong>ut</strong></span> <span class='ocrx_word' id='word_1_127' title='bbox 1763 1773 1969 1828; x_wconf 90' lang='lat' dir='ltr'><strong>furetur</strong></span> <span class='ocrx_word' id='word_1_128' title='bbox 1985 1813 2000 1838; x_wconf 96' lang='lat'><strong>,</strong></span> 
     </span>
    </p>
   </div>
   <div class='ocr_carea' id='block_1_17' title="bbox 413 1867 2008 1944">
    <p class='ocr_par' dir='ltr' id='par_1_17' title="bbox 413 1867 2008 1944">
     <span class='ocr_line' id='line_1_17' title="bbox 413 1867 2008 1944; baseline -0.008 -14"><span class='ocrx_word' id='word_1_129' title='bbox 413 1884 471 1930; x_wconf 90' lang='lat' dir='ltr'><strong>et</strong></span> <span class='ocrx_word' id='word_1_130' title='bbox 519 1884 749 1941; x_wconf 84' lang='lat' dir='ltr'><strong>mactet,</strong></span> <span class='ocrx_word' id='word_1_131' title='bbox 793 1884 848 1930; x_wconf 92' lang='lat' dir='ltr'><strong>et</strong></span> <span class='ocrx_word' id='word_1_132' title='bbox 871 1874 1092 1944; x_wconf 84' lang='lat' dir='ltr'><strong>perdat:</strong></span> <span class='ocrx_word' id='word_1_133' title='bbox 1123 1887 1223 1942; x_wconf 89' lang='lat' dir='ltr'><strong>ego</strong></span> <span class='ocrx_word' id='word_1_134' title='bbox 1251 1873 1364 1927; x_wconf 86' lang='lat' dir='ltr'><strong>veni</strong></span> <span class='ocrx_word' id='word_1_135' title='bbox 1395 1881 1453 1924; x_wconf 93' lang='lat' dir='ltr'><strong>ut</strong></span> <span class='ocrx_word' id='word_1_136' title='bbox 1480 1870 1640 1923; x_wconf 88' lang='lat' dir='ltr'><strong>vitam</strong></span> <span class='ocrx_word' id='word_1_137' title='bbox 1668 1867 1926 1929; x_wconf 86' lang='lat' dir='ltr'><strong>habeant,</strong></span> <span class='ocrx_word' id='word_1_138' title='bbox 1952 1871 2008 1918; x_wconf 91' lang='lat' dir='ltr'><strong>et</strong></span> 
     </span>
    </p>
   </div>
   <div class='ocr_carea' id='block_1_18' title="bbox 415 1956 2007 2024">
    <p class='ocr_par' dir='ltr' id='par_1_18' title="bbox 415 1956 2007 2024">
     <span class='ocr_line' id='line_1_18' title="bbox 415 1956 2007 2024; baseline -0.007 -3"><span class='ocrx_word' id='word_1_139' title='bbox 415 1966 776 2021; x_wconf 81' lang='lat' dir='ltr'><strong>abundantius</strong></span> <span class='ocrx_word' id='word_1_140' title='bbox 798 1966 1047 2021; x_wconf 86' lang='lat' dir='ltr'><strong>habeant.</strong></span> <span class='ocrx_word' id='word_1_141' title='bbox 1070 1983 1088 2016; x_wconf 83' lang='grc' dir='ltr'><strong>ι</strong></span> <span class='ocrx_word' id='word_1_142' title='bbox 1120 1965 1338 2018; x_wconf 70' lang='lat' dir='ltr'><strong>Videtur</strong></span> <span class='ocrx_word' id='word_1_143' title='bbox 1363 1963 1504 2019; x_wconf 89' lang='lat' dir='ltr'><strong>enim</strong></span> <span class='ocrx_word' id='word_1_144' title='bbox 1535 1961 1665 2015; x_wconf 91' lang='lat' dir='ltr'><strong>mihi</strong></span> <span class='ocrx_word' id='word_1_145' title='bbox 1690 1959 1910 2024; x_wconf 78' lang='lat' dir='ltr'><strong>dixisse,</strong></span> <span class='ocrx_word' id='word_1_146' title='bbox 1937 1956 2007 2012; x_wconf 88' lang='lat' dir='ltr'><strong>Ut</strong></span> 
     </span>
    </p>
   </div>
   <div class='ocr_carea' id='block_1_19' title="bbox 418 2050 2009 2137">
    <p class='ocr_par' dir='ltr' id='par_1_19' title="bbox 418 2050 2009 2137">
     <span class='ocr_line' id='line_1_19' title="bbox 418 2050 2009 2137; baseline -0.006 -26"><span class='ocrx_word' id='word_1_147' title='bbox 418 2058 580 2113; x_wconf 86' lang='lat' dir='ltr'><strong>vitam</strong></span> <span class='ocrx_word' id='word_1_148' title='bbox 629 2058 858 2112; x_wconf 85' lang='lat' dir='ltr'><strong>habeant</strong></span> <span class='ocrx_word' id='word_1_149' title='bbox 901 2056 1258 2137; x_wconf 78' lang='lat' dir='ltr'><strong>ingredientes</strong></span> <span class='ocrx_word' id='word_1_150' title='bbox 1279 2095 1296 2120; x_wconf 93' lang='lat'><strong>,</strong></span> <span class='ocrx_word' id='word_1_151' title='bbox 1325 2064 1380 2109; x_wconf 91' lang='lat' dir='ltr'><strong>et</strong></span> <span class='ocrx_word' id='word_1_152' title='bbox 1402 2052 1754 2108; x_wconf 86' lang='lat' dir='ltr'><strong>abundantius</strong></span> <span class='ocrx_word' id='word_1_153' title='bbox 1781 2050 2009 2104; x_wconf 84' lang='lat' dir='ltr'><strong>habeant</strong></span> 
     </span>
    </p>
   </div>
   <div class='ocr_carea' id='block_1_20' title="bbox 418 2139 2015 2222">
    <p class='ocr_par' dir='ltr' id='par_1_20' title="bbox 418 2139 2015 2222">
     <span class='ocr_line' id='line_1_20' title="bbox 418 2139 2015 2222; baseline -0.008 -15"><span class='ocrx_word' id='word_1_154' title='bbox 418 2150 775 2222; x_wconf 84' lang='lat' dir='ltr'><strong>egredientes.</strong></span> <span class='ocrx_word' id='word_1_155' title='bbox 801 2149 917 2204; x_wconf 88' lang='lat' dir='ltr'><strong>Non</strong></span> <span class='ocrx_word' id='word_1_156' title='bbox 943 2159 1120 2203; x_wconf 91' lang='lat' dir='ltr'><strong>autem</strong></span> <span class='ocrx_word' id='word_1_157' title='bbox 1151 2155 1326 2217; x_wconf 88' lang='lat' dir='ltr'><strong>potest</strong></span> <span class='ocrx_word' id='word_1_158' title='bbox 1353 2145 1576 2216; x_wconf 89' lang='lat' dir='ltr'><strong>quisque</strong></span> <span class='ocrx_word' id='word_1_159' title='bbox 1601 2159 1696 2213; x_wconf 88' lang='lat' dir='ltr'><strong>per</strong></span> <span class='ocrx_word' id='word_1_160' title='bbox 1713 2143 1932 2207; x_wconf 92' lang='lat' dir='ltr'><strong>ostium,</strong></span> <span class='ocrx_word' id='word_1_161' title='bbox 1955 2139 2015 2194; x_wconf 92' lang='lat' dir='ltr'><strong>id</strong></span> 
     </span>
    </p>
   </div>
   <div class='ocr_carea' id='block_1_21' title="bbox 417 2234 2009 2312">
    <p class='ocr_par' dir='ltr' id='par_1_21' title="bbox 417 2234 2009 2312">
     <span class='ocr_line' id='line_1_21' title="bbox 417 2234 2009 2312; baseline -0.008 -13"><span class='ocrx_word' id='word_1_162' title='bbox 417 2254 501 2299; x_wconf 82' lang='grc' dir='ltr'><strong>εει</strong></span> <span class='ocrx_word' id='word_1_163' title='bbox 523 2257 617 2312; x_wconf 88' lang='lat' dir='ltr'><strong>per</strong></span> <span class='ocrx_word' id='word_1_164' title='bbox 635 2241 906 2297; x_wconf 88' lang='lat' dir='ltr'><strong>Christum</strong></span> <span class='ocrx_word' id='word_1_165' title='bbox 929 2281 946 2305; x_wconf 91' lang='lat'><strong>,</strong></span> <span class='ocrx_word' id='word_1_166' title='bbox 977 2240 1157 2310; x_wconf 86' lang='lat' dir='ltr'><strong>egredi</strong></span> <span class='ocrx_word' id='word_1_167' title='bbox 1184 2240 1250 2293; x_wconf 91' lang='lat' dir='ltr'><strong>ad</strong></span> <span class='ocrx_word' id='word_1_168' title='bbox 1281 2240 1438 2293; x_wconf 87' lang='lat' dir='ltr'><strong>vitam</strong></span> <span class='ocrx_word' id='word_1_169' title='bbox 1465 2247 1750 2300; x_wconf 63' lang='lat' dir='ltr'><strong>aeternam,</strong></span> <span class='ocrx_word' id='word_1_170' title='bbox 1766 2250 1884 2304; x_wconf 69' lang='lat' dir='ltr'><strong>qua:</strong></span> <span class='ocrx_word' id='word_1_171' title='bbox 1907 2234 2009 2288; x_wconf 91' lang='lat' dir='ltr'><strong>erit</strong></span> 
     </span>
    </p>
   </div>
   <div class='ocr_carea' id='block_1_22' title="bbox 417 2327 2006 2404">
    <p class='ocr_par' dir='ltr' id='par_1_22' title="bbox 417 2327 2006 2404">
     <span class='ocr_line' id='line_1_22' title="bbox 417 2327 2006 2404; baseline -0.008 -13"><span class='ocrx_word' id='word_1_172' title='bbox 417 2336 473 2391; x_wconf 90' lang='lat' dir='ltr'><strong>in</strong></span> <span class='ocrx_word' id='word_1_173' title='bbox 497 2335 697 2404; x_wconf 86' lang='lat' dir='ltr'><strong>specie,</strong></span> <span class='ocrx_word' id='word_1_174' title='bbox 729 2333 831 2389; x_wconf 89' lang='lat' dir='ltr'><strong>nisi</strong></span> <span class='ocrx_word' id='word_1_175' title='bbox 860 2350 956 2404; x_wconf 90' lang='lat' dir='ltr'><strong>per</strong></span> <span class='ocrx_word' id='word_1_176' title='bbox 982 2334 1155 2402; x_wconf 88' lang='lat' dir='ltr'><strong>ipsum</strong></span> <span class='ocrx_word' id='word_1_177' title='bbox 1177 2333 1394 2394; x_wconf 91' lang='lat' dir='ltr'><strong>ostium,</strong></span> <span class='ocrx_word' id='word_1_178' title='bbox 1416 2330 1521 2384; x_wconf 86' lang='lat' dir='ltr'><strong>hoc</strong></span> <span class='ocrx_word' id='word_1_179' title='bbox 1543 2337 1627 2384; x_wconf 91' lang='lat' dir='ltr'><strong>est</strong></span> <span class='ocrx_word' id='word_1_180' title='bbox 1647 2343 1739 2398; x_wconf 88' lang='lat' dir='ltr'><strong>per</strong></span> <span class='ocrx_word' id='word_1_181' title='bbox 1762 2327 2006 2382; x_wconf 75' lang='lat' dir='ltr'><strong>eumdem</strong></span> 
     </span>
    </p>
   </div>
   <div class='ocr_carea' id='block_1_23' title="bbox 419 2419 2011 2494">
    <p class='ocr_par' dir='ltr' id='par_1_23' title="bbox 419 2419 2011 2494">
     <span class='ocr_line' id='line_1_23' title="bbox 419 2419 2011 2494; baseline -0.008 -11"><span class='ocrx_word' id='word_1_182' title='bbox 419 2427 693 2483; x_wconf 87' lang='lat' dir='ltr'><strong>Christum</strong></span> <span class='ocrx_word' id='word_1_183' title='bbox 721 2427 775 2481; x_wconf 92' lang='lat' dir='ltr'><strong>in</strong></span> <span class='ocrx_word' id='word_1_184' title='bbox 802 2426 1099 2481; x_wconf 88' lang='lat' dir='ltr'><strong>Ecclesiam</strong></span> <span class='ocrx_word' id='word_1_185' title='bbox 1126 2425 1242 2494; x_wconf 92' lang='lat' dir='ltr'><strong>ejus</strong></span> <span class='ocrx_word' id='word_1_186' title='bbox 1261 2466 1276 2490; x_wconf 92' lang='lat'><strong>,</strong></span> <span class='ocrx_word' id='word_1_187' title='bbox 1303 2422 1446 2494; x_wconf 89' lang='lat' dir='ltr'><strong>quod</strong></span> <span class='ocrx_word' id='word_1_188' title='bbox 1475 2431 1557 2476; x_wconf 91' lang='lat' dir='ltr'><strong>est</strong></span> <span class='ocrx_word' id='word_1_189' title='bbox 1584 2420 1721 2475; x_wconf 86' lang='lat' dir='ltr'><strong>ovile</strong></span> <span class='ocrx_word' id='word_1_190' title='bbox 1750 2419 1894 2488; x_wconf 88' lang='lat' dir='ltr'><strong>ejus,</strong></span> <span class='ocrx_word' id='word_1_191' title='bbox 1929 2419 2011 2472; x_wconf 88' lang='lat' dir='ltr'><strong>in-</strong></span> 
     </span>
    </p>
   </div>
   <div class='ocr_carea' id='block_1_24' title="bbox 418 2508 2011 2586">
    <p class='ocr_par' dir='ltr' id='par_1_24' title="bbox 418 2508 2011 2586">
     <span class='ocr_line' id='line_1_24' title="bbox 418 2508 2011 2586; baseline -0.008 -12"><span class='ocrx_word' id='word_1_192' title='bbox 418 2521 640 2575; x_wconf 87' lang='lat' dir='ltr'><strong>traverit</strong></span> <span class='ocrx_word' id='word_1_193' title='bbox 675 2517 744 2572; x_wconf 89' lang='lat' dir='ltr'><strong>ad</strong></span> <span class='ocrx_word' id='word_1_194' title='bbox 779 2518 939 2572; x_wconf 89' lang='lat' dir='ltr'><strong>vitam</strong></span> <span class='ocrx_word' id='word_1_195' title='bbox 986 2516 1330 2586; x_wconf 89' lang='lat' dir='ltr'><strong>temporalem</strong></span> <span class='ocrx_word' id='word_1_196' title='bbox 1351 2555 1368 2579; x_wconf 94' lang='lat'><strong>,</strong></span> <span class='ocrx_word' id='word_1_197' title='bbox 1403 2528 1522 2584; x_wconf 64' lang='lat' dir='ltr'><strong>quae</strong></span> <span class='ocrx_word' id='word_1_198' title='bbox 1547 2520 1632 2567; x_wconf 91' lang='lat' dir='ltr'><strong>est</strong></span> <span class='ocrx_word' id='word_1_199' title='bbox 1655 2511 1705 2564; x_wconf 92' lang='lat' dir='ltr'><strong>in</strong></span> <span class='ocrx_word' id='word_1_200' title='bbox 1737 2511 1858 2565; x_wconf 83' lang='lat' dir='ltr'><strong>fide.</strong></span> <span class='ocrx_word' id='word_1_201' title='bbox 1888 2508 2011 2562; x_wconf 88' lang='lat' dir='ltr'><strong>Ideo</strong></span> 
     </span>
    </p>
   </div>
   <div class='ocr_carea' id='block_1_25' title="bbox 417 2603 2012 2681">
    <p class='ocr_par' dir='ltr' id='par_1_25' title="bbox 417 2603 2012 2681">
     <span class='ocr_line' id='line_1_25' title="bbox 417 2603 2012 2681; baseline -0.008 -17"><span class='ocrx_word' id='word_1_202' title='bbox 417 2611 514 2678; x_wconf 87' lang='lat' dir='ltr'><strong>ait,</strong></span> <span class='ocrx_word' id='word_1_203' title='bbox 536 2608 650 2681; x_wconf 78' lang='lat' dir='ltr'><strong>Ego</strong></span> <span class='ocrx_word' id='word_1_204' title='bbox 670 2611 801 2676; x_wconf 84' lang='lat' dir='ltr'><strong>veni,</strong></span> <span class='ocrx_word' id='word_1_205' title='bbox 822 2618 876 2663; x_wconf 89' lang='lat' dir='ltr'><strong>ut</strong></span> <span class='ocrx_word' id='word_1_206' title='bbox 896 2609 1050 2662; x_wconf 81' lang='lat' dir='ltr'><strong>vitam</strong></span> <span class='ocrx_word' id='word_1_207' title='bbox 1069 2606 1304 2671; x_wconf 79' lang='lat' dir='ltr'><strong>habeant,</strong></span> <span class='ocrx_word' id='word_1_208' title='bbox 1326 2605 1429 2660; x_wconf 91' lang='lat' dir='ltr'><strong>hoc</strong></span> <span class='ocrx_word' id='word_1_209' title='bbox 1456 2612 1538 2660; x_wconf 91' lang='lat' dir='ltr'><strong>est</strong></span> <span class='ocrx_word' id='word_1_210' title='bbox 1559 2603 1742 2666; x_wconf 81' lang='lat' dir='ltr'><strong>fidem,</strong></span> <span class='ocrx_word' id='word_1_211' title='bbox 1772 2617 1890 2670; x_wconf 75' lang='lat' dir='ltr'><strong>qua:</strong></span> <span class='ocrx_word' id='word_1_212' title='bbox 1917 2615 2012 2668; x_wconf 89' lang='lat' dir='ltr'><strong>per</strong></span> 
     </span>
    </p>
   </div>
   <div class='ocr_carea' id='block_1_26' title="bbox 417 2690 2016 2772">
    <p class='ocr_par' dir='ltr' id='par_1_26' title="bbox 417 2690 2016 2772">
     <span class='ocr_line' id='line_1_26' title="bbox 417 2690 2016 2772; baseline -0.009 -14"><span class='ocrx_word' id='word_1_213' title='bbox 417 2703 755 2759; x_wconf 88' lang='lat' dir='ltr'><strong>dilectionem</strong></span> <span class='ocrx_word' id='word_1_214' title='bbox 807 2713 1058 2772; x_wconf 88' lang='lat' dir='ltr'><strong>operatur</strong></span> <span class='ocrx_word' id='word_1_215' title='bbox 1099 2699 1364 2770; x_wconf 84' lang='lat' dir='ltr'><strong>(Gatat.v,</strong></span> <span class='ocrx_word' id='word_1_216' title='bbox 1385 2697 1462 2767; x_wconf 90' lang='lat'><strong>6);</strong></span> <span class='ocrx_word' id='word_1_217' title='bbox 1488 2711 1582 2766; x_wconf 91' lang='lat' dir='ltr'><strong>per</strong></span> <span class='ocrx_word' id='word_1_218' title='bbox 1602 2709 1758 2765; x_wconf 89' lang='lat' dir='ltr'><strong>quam</strong></span> <span class='ocrx_word' id='word_1_219' title='bbox 1782 2690 1940 2745; x_wconf 80' lang='lat' dir='ltr'><strong>fidem</strong></span> <span class='ocrx_word' id='word_1_220' title='bbox 1959 2691 2016 2744; x_wconf 89' lang='lat' dir='ltr'><strong>in</strong></span> 
     </span>
    </p>
   </div>
   <div class='ocr_carea' id='block_1_27' title="bbox 418 2785 2016 2866">
    <p class='ocr_par' dir='ltr' id='par_1_27' title="bbox 418 2785 2016 2866">
     <span class='ocr_line' id='line_1_27' title="bbox 418 2785 2016 2866; baseline -0.008 -15"><span class='ocrx_word' id='word_1_221' title='bbox 418 2795 560 2851; x_wconf 85' lang='lat' dir='ltr'><strong>ovile</strong></span> <span class='ocrx_word' id='word_1_222' title='bbox 597 2795 970 2866; x_wconf 90' lang='lat' dir='ltr'><strong>ingrediuntur</strong></span> <span class='ocrx_word' id='word_1_223' title='bbox 992 2803 1050 2849; x_wconf 91' lang='lat' dir='ltr'><strong>ut</strong></span> <span class='ocrx_word' id='word_1_224' title='bbox 1069 2795 1250 2847; x_wconf 87' lang='lat' dir='ltr'><strong>vivant</strong></span> <span class='ocrx_word' id='word_1_225' title='bbox 1270 2833 1288 2858; x_wconf 93' lang='lat'><strong>,</strong></span> <span class='ocrx_word' id='word_1_226' title='bbox 1316 2792 1436 2858; x_wconf 88' lang='lat' dir='ltr'><strong>quia</strong></span> <span class='ocrx_word' id='word_1_227' title='bbox 1459 2790 1636 2860; x_wconf 92' lang='lat' dir='ltr'><strong>justus</strong></span> <span class='ocrx_word' id='word_1_228' title='bbox 1659 2805 1724 2843; x_wconf 87' lang='lat' dir='ltr'><strong>ex</strong></span> <span class='ocrx_word' id='word_1_229' title='bbox 1747 2785 1851 2842; x_wconf 82' lang='lat' dir='ltr'><strong>fide</strong></span> <span class='ocrx_word' id='word_1_230' title='bbox 1880 2785 2016 2838; x_wconf 88' lang='lat' dir='ltr'><strong>vivit</strong></span> 
     </span>
    </p>
   </div>
   <div class='ocr_carea' id='block_1_28' title="bbox 424 2877 2016 2959">
    <p class='ocr_par' dir='ltr' id='par_1_28' title="bbox 424 2877 2016 2959">
     <span class='ocr_line' id='line_1_28' title="bbox 424 2877 2016 2959; baseline -0.006 -17"><span class='ocrx_word' id='word_1_231' title='bbox 424 2887 599 2959; x_wconf 88' lang='lat' dir='ltr'><strong>(Rom.</strong></span> <span class='ocrx_word' id='word_1_232' title='bbox 627 2903 666 2951; x_wconf 89' lang='grc' dir='ltr'><strong>ι,</strong></span> <span class='ocrx_word' id='word_1_233' title='bbox 693 2889 781 2957; x_wconf 86' lang='grc'><strong>17)</strong></span> <span class='ocrx_word' id='word_1_234' title='bbox 798 2906 812 2940; x_wconf 90' lang='lat'><strong>:</strong></span> <span class='ocrx_word' id='word_1_235' title='bbox 828 2896 875 2941; x_wconf 87' lang='lat' dir='ltr'><strong>et</strong></span> <span class='ocrx_word' id='word_1_236' title='bbox 903 2885 1239 2948; x_wconf 81' lang='lat' dir='ltr'><strong>abundantius</strong></span> <span class='ocrx_word' id='word_1_237' title='bbox 1257 2882 1492 2948; x_wconf 80' lang='lat' dir='ltr'><strong>habeant,</strong></span> <span class='ocrx_word' id='word_1_238' title='bbox 1509 2881 1599 2951; x_wconf 91' lang='lat' dir='ltr'><strong>qui</strong></span> <span class='ocrx_word' id='word_1_239' title='bbox 1622 2877 2016 2950; x_wconf 85' lang='lat' dir='ltr'><strong>perseverando</strong></span> 
     </span>
    </p>
   </div>
   <div class='ocr_carea' id='block_1_29' title="bbox 420 2970 2014 3050">
    <p class='ocr_par' dir='ltr' id='par_1_29' title="bbox 420 2970 2014 3050">
     <span class='ocr_line' id='line_1_29' title="bbox 420 2970 2014 3050; baseline -0.007 -16"><span class='ocrx_word' id='word_1_240' title='bbox 420 2995 594 3050; x_wconf 86' lang='lat' dir='ltr'><strong>usque</strong></span> <span class='ocrx_word' id='word_1_241' title='bbox 615 2980 667 3033; x_wconf 93' lang='lat' dir='ltr'><strong>in</strong></span> <span class='ocrx_word' id='word_1_242' title='bbox 682 2979 863 3042; x_wconf 80' lang='lat' dir='ltr'><strong>tinem,</strong></span> <span class='ocrx_word' id='word_1_243' title='bbox 887 2994 982 3048; x_wconf 88' lang='lat' dir='ltr'><strong>per</strong></span> <span class='ocrx_word' id='word_1_244' title='bbox 1008 2977 1135 3032; x_wconf 91' lang='lat' dir='ltr'><strong>illud</strong></span> <span class='ocrx_word' id='word_1_245' title='bbox 1152 2977 1369 3041; x_wconf 90' lang='lat' dir='ltr'><strong>ostium,</strong></span> <span class='ocrx_word' id='word_1_246' title='bbox 1384 2975 1434 3029; x_wconf 93' lang='lat' dir='ltr'><strong>id</strong></span> <span class='ocrx_word' id='word_1_247' title='bbox 1450 2982 1551 3036; x_wconf 89' lang='lat' dir='ltr'><strong>est,</strong></span> <span class='ocrx_word' id='word_1_248' title='bbox 1570 2989 1667 3044; x_wconf 89' lang='lat' dir='ltr'><strong>per</strong></span> <span class='ocrx_word' id='word_1_249' title='bbox 1685 2971 1842 3026; x_wconf 80' lang='lat' dir='ltr'><strong>fidem</strong></span> <span class='ocrx_word' id='word_1_250' title='bbox 1857 2970 2014 3026; x_wconf 87' lang='lat' dir='ltr'><strong>Chri-</strong></span> 
     </span>
    </p>
   </div>
   <div class='ocr_carea' id='block_1_30' title="bbox 421 3059 2012 3133">
    <p class='ocr_par' dir='ltr' id='par_1_30' title="bbox 421 3059 2012 3133">
     <span class='ocr_line' id='line_1_30' title="bbox 421 3059 2012 3133; baseline -0.005 -15"><span class='ocrx_word' id='word_1_251' title='bbox 421 3065 496 3119; x_wconf 84' lang='lat' dir='ltr'><strong>sti</strong></span> <span class='ocrx_word' id='word_1_252' title='bbox 546 3063 895 3133; x_wconf 89' lang='lat' dir='ltr'><strong>egrediuntur</strong></span> <span class='ocrx_word' id='word_1_253' title='bbox 919 3104 934 3126; x_wconf 94' lang='lat'><strong>,</strong></span> <span class='ocrx_word' id='word_1_254' title='bbox 980 3062 1230 3132; x_wconf 90' lang='lat' dir='ltr'><strong>quoniam</strong></span> <span class='ocrx_word' id='word_1_255' title='bbox 1251 3061 1362 3115; x_wconf 91' lang='lat' dir='ltr'><strong>veri</strong></span> <span class='ocrx_word' id='word_1_256' title='bbox 1389 3059 1573 3114; x_wconf 80' lang='lat' dir='ltr'><strong>fideles</strong></span> <span class='ocrx_word' id='word_1_257' title='bbox 1594 3059 1931 3121; x_wconf 91' lang='lat' dir='ltr'><strong>moriuntur;</strong></span> <span class='ocrx_word' id='word_1_258' title='bbox 1957 3064 2012 3110; x_wconf 90' lang='lat' dir='ltr'><strong>et</strong></span> 
     </span>
    </p>
   </div>
   <div class='ocr_carea' id='block_1_31' title="bbox 425 3148 2013 3219">
    <p class='ocr_par' dir='ltr' id='par_1_31' title="bbox 425 3148 2013 3219">
     <span class='ocr_line' id='line_1_31' title="bbox 425 3148 2013 3219; baseline -0.005 -9"><span class='ocrx_word' id='word_1_259' title='bbox 425 3154 783 3211; x_wconf 80' lang='lat' dir='ltr'><strong>abundantius</strong></span> <span class='ocrx_word' id='word_1_260' title='bbox 804 3153 1080 3209; x_wconf 88' lang='lat' dir='ltr'><strong>habebunt</strong></span> <span class='ocrx_word' id='word_1_261' title='bbox 1101 3153 1288 3215; x_wconf 85' lang='lat' dir='ltr'><strong>vitam,</strong></span> <span class='ocrx_word' id='word_1_262' title='bbox 1310 3151 1574 3206; x_wconf 90' lang='lat' dir='ltr'><strong>veniendo</strong></span> <span class='ocrx_word' id='word_1_263' title='bbox 1593 3164 1701 3219; x_wconf 88' lang='lat' dir='ltr'><strong>quo</strong></span> <span class='ocrx_word' id='word_1_264' title='bbox 1723 3160 1900 3218; x_wconf 86' lang='lat' dir='ltr'><strong>pastor</strong></span> <span class='ocrx_word' id='word_1_265' title='bbox 1925 3148 2013 3202; x_wconf 87' lang='lat' dir='ltr'><strong>ille</strong></span> 
     </span>
    </p>
   </div>
   <div class='ocr_carea' id='block_1_32' title="bbox 422 3240 2014 3316">
    <p class='ocr_par' dir='ltr' id='par_1_32' title="bbox 422 3240 2014 3316">
     <span class='ocr_line' id='line_1_32' title="bbox 422 3240 2014 3316; baseline -0.005 -15"><span class='ocrx_word' id='word_1_266' title='bbox 422 3246 698 3316; x_wconf 77' lang='lat' dir='ltr'><strong>przecessit</strong></span> <span class='ocrx_word' id='word_1_267' title='bbox 733 3286 750 3311; x_wconf 90' lang='lat'><strong>,</strong></span> <span class='ocrx_word' id='word_1_268' title='bbox 795 3245 889 3300; x_wconf 91' lang='lat' dir='ltr'><strong>ubi</strong></span> <span class='ocrx_word' id='word_1_269' title='bbox 914 3260 1180 3314; x_wconf 88' lang='lat' dir='ltr'><strong>nunquam</strong></span> <span class='ocrx_word' id='word_1_270' title='bbox 1207 3242 1400 3298; x_wconf 89' lang='lat' dir='ltr'><strong>deinde</strong></span> <span class='ocrx_word' id='word_1_271' title='bbox 1422 3242 1736 3296; x_wconf 90' lang='lat' dir='ltr'><strong>moriantur.</strong></span> <span class='ocrx_word' id='word_1_272' title='bbox 1762 3240 2014 3306; x_wconf 83' lang='lat' dir='ltr'><strong>Quamvis</strong></span> 
     </span>
    </p>
   </div>
   <div class='ocr_carea' id='block_1_33' title="bbox 421 3328 2015 3406">
    <p class='ocr_par' dir='ltr' id='par_1_33' title="bbox 421 3328 2015 3406">
     <span class='ocr_line' id='line_1_33' title="bbox 421 3328 2015 3406; baseline -0.005 -16"><span class='ocrx_word' id='word_1_273' title='bbox 421 3350 554 3406; x_wconf 90' lang='lat' dir='ltr'><strong>ergo</strong></span> <span class='ocrx_word' id='word_1_274' title='bbox 567 3341 622 3390; x_wconf 92' lang='lat' dir='ltr'><strong>et</strong></span> <span class='ocrx_word' id='word_1_275' title='bbox 639 3334 727 3390; x_wconf 88' lang='lat' dir='ltr'><strong>hic</strong></span> <span class='ocrx_word' id='word_1_276' title='bbox 745 3335 798 3389; x_wconf 92' lang='lat' dir='ltr'><strong>in</strong></span> <span class='ocrx_word' id='word_1_277' title='bbox 819 3335 934 3404; x_wconf 90' lang='lat' dir='ltr'><strong>ipso</strong></span> <span class='ocrx_word' id='word_1_278' title='bbox 953 3335 1076 3389; x_wconf 89' lang='lat' dir='ltr'><strong>ovili</strong></span> <span class='ocrx_word' id='word_1_279' title='bbox 1099 3349 1205 3388; x_wconf 91' lang='lat' dir='ltr'><strong>non</strong></span> <span class='ocrx_word' id='word_1_280' title='bbox 1228 3332 1422 3388; x_wconf 90' lang='lat' dir='ltr'><strong>desunt</strong></span> <span class='ocrx_word' id='word_1_281' title='bbox 1443 3345 1656 3401; x_wconf 89' lang='lat' dir='ltr'><strong>pascua,</strong></span> <span class='ocrx_word' id='word_1_282' title='bbox 1676 3330 1926 3400; x_wconf 89' lang='lat' dir='ltr'><strong>quoniam</strong></span> <span class='ocrx_word' id='word_1_283' title='bbox 1947 3328 2015 3382; x_wconf 90' lang='lat' dir='ltr'><strong>ad</strong></span> 
     </span>
    </p>
   </div>
   <div class='ocr_carea' id='block_1_34' title="bbox 422 3421 2016 3495">
    <p class='ocr_par' dir='ltr' id='par_1_34' title="bbox 422 3421 2016 3495">
     <span class='ocr_line' id='line_1_34' title="bbox 422 3421 2016 3495; baseline -0.003 -17"><span class='ocrx_word' id='word_1_284' title='bbox 422 3435 709 3495; x_wconf 86' lang='lat' dir='ltr'><strong>utrumque</strong></span> <span class='ocrx_word' id='word_1_285' title='bbox 745 3440 1029 3495; x_wconf 86' lang='lat' dir='ltr'><strong>possumus</strong></span> <span class='ocrx_word' id='word_1_286' title='bbox 1069 3424 1365 3492; x_wconf 87' lang='lat' dir='ltr'><strong>intelligere</strong></span> <span class='ocrx_word' id='word_1_287' title='bbox 1403 3421 1544 3492; x_wconf 91' lang='lat' dir='ltr'><strong>quod</strong></span> <span class='ocrx_word' id='word_1_288' title='bbox 1573 3421 1785 3476; x_wconf 83' lang='lat' dir='ltr'><strong>dictum</strong></span> <span class='ocrx_word' id='word_1_289' title='bbox 1823 3428 1938 3484; x_wconf 90' lang='lat' dir='ltr'><strong>est,</strong></span> <span class='ocrx_word' id='word_1_290' title='bbox 1967 3429 2016 3474; x_wconf 88' lang='lat' dir='ltr'><strong>et</strong></span> 
     </span>
    </p>
   </div>
   <div class='ocr_carea' id='block_1_35' title="bbox 425 3512 2014 3584">
    <p class='ocr_par' dir='ltr' id='par_1_35' title="bbox 425 3512 2014 3584">
     <span class='ocr_line' id='line_1_35' title="bbox 425 3512 2014 3584; baseline -0.004 -12"><span class='ocrx_word' id='word_1_291' title='bbox 425 3533 618 3572; x_wconf 78' lang='lat' dir='ltr'><strong>nascua</strong></span> <span class='ocrx_word' id='word_1_292' title='bbox 653 3518 902 3582; x_wconf 79' lang='lat' dir='ltr'><strong>inveniet,</strong></span> <span class='ocrx_word' id='word_1_293' title='bbox 937 3517 990 3571; x_wconf 90' lang='lat' dir='ltr'><strong>id</strong></span> <span class='ocrx_word' id='word_1_294' title='bbox 1019 3527 1102 3570; x_wconf 92' lang='lat' dir='ltr'><strong>est</strong></span> <span class='ocrx_word' id='word_1_295' title='bbox 1120 3557 1134 3580; x_wconf 93' lang='lat'><strong>,</strong></span> <span class='ocrx_word' id='word_1_296' title='bbox 1163 3523 1219 3569; x_wconf 92' lang='lat' dir='ltr'><strong>et</strong></span> <span class='ocrx_word' id='word_1_297' title='bbox 1245 3515 1312 3568; x_wconf 91' lang='lat' dir='ltr'><strong>ad</strong></span> <span class='ocrx_word' id='word_1_298' title='bbox 1338 3516 1634 3584; x_wconf 91' lang='lat' dir='ltr'><strong>ingressum</strong></span> <span class='ocrx_word' id='word_1_299' title='bbox 1664 3522 1719 3567; x_wconf 93' lang='lat' dir='ltr'><strong>et</strong></span> <span class='ocrx_word' id='word_1_300' title='bbox 1743 3512 1807 3566; x_wconf 89' lang='lat' dir='ltr'><strong>ad</strong></span> <span class='ocrx_word' id='word_1_301' title='bbox 1831 3526 2014 3582; x_wconf 90' lang='lat' dir='ltr'><strong>egres-</strong></span> 
     </span>
    </p>
   </div>
   <div class='ocr_carea' id='block_1_36' title="bbox 426 3606 2019 3677">
    <p class='ocr_par' dir='ltr' id='par_1_36' title="bbox 426 3606 2019 3677">
     <span class='ocr_line' id='line_1_36' title="bbox 426 3606 2019 3677; baseline -0.004 -13"><span class='ocrx_word' id='word_1_302' title='bbox 426 3624 548 3664; x_wconf 90' lang='lat' dir='ltr'><strong>sum</strong></span> <span class='ocrx_word' id='word_1_303' title='bbox 577 3629 591 3666; x_wconf 90' lang='lat'><strong>:</strong></span> <span class='ocrx_word' id='word_1_304' title='bbox 623 3618 798 3665; x_wconf 90' lang='lat' dir='ltr'><strong>tamen</strong></span> <span class='ocrx_word' id='word_1_305' title='bbox 823 3618 948 3664; x_wconf 93' lang='lat' dir='ltr'><strong>tunc</strong></span> <span class='ocrx_word' id='word_1_306' title='bbox 972 3625 1092 3663; x_wconf 86' lang='lat' dir='ltr'><strong>vera</strong></span> <span class='ocrx_word' id='word_1_307' title='bbox 1118 3622 1309 3677; x_wconf 87' lang='lat' dir='ltr'><strong>pascua</strong></span> <span class='ocrx_word' id='word_1_308' title='bbox 1334 3606 1635 3667; x_wconf 90' lang='lat' dir='ltr'><strong>invenient,</strong></span> <span class='ocrx_word' id='word_1_309' title='bbox 1667 3606 1751 3659; x_wconf 92' lang='lat' dir='ltr'><strong>ubi</strong></span> <span class='ocrx_word' id='word_1_310' title='bbox 1773 3614 2019 3660; x_wconf 86' lang='lat' dir='ltr'><strong>saturen-</strong></span> 
     </span>
    </p>
   </div>
   <div class='ocr_carea' id='block_1_37' title="bbox 423 3697 2013 3773">
    <p class='ocr_par' dir='ltr' id='par_1_37' title="bbox 423 3697 2013 3773">
     <span class='ocr_line' id='line_1_37' title="bbox 423 3697 2013 3773; baseline -0.004 -15"><span class='ocrx_word' id='word_1_311' title='bbox 423 3712 513 3758; x_wconf 88' lang='lat' dir='ltr'><strong>tur</strong></span> <span class='ocrx_word' id='word_1_312' title='bbox 546 3703 637 3773; x_wconf 88' lang='lat' dir='ltr'><strong>qui</strong></span> <span class='ocrx_word' id='word_1_313' title='bbox 674 3703 915 3759; x_wconf 88' lang='lat' dir='ltr'><strong>esuriunt</strong></span> <span class='ocrx_word' id='word_1_314' title='bbox 955 3710 1010 3757; x_wconf 93' lang='lat' dir='ltr'><strong>et</strong></span> <span class='ocrx_word' id='word_1_315' title='bbox 1049 3702 1233 3756; x_wconf 91' lang='lat' dir='ltr'><strong>sitiunt</strong></span> <span class='ocrx_word' id='word_1_316' title='bbox 1265 3701 1523 3770; x_wconf 87' lang='lat' dir='ltr'><strong>justitiam</strong></span> <span class='ocrx_word' id='word_1_317' title='bbox 1562 3697 1772 3768; x_wconf 80' lang='lat' dir='ltr'><strong>(Matth.</strong></span> <span class='ocrx_word' id='word_1_318' title='bbox 1813 3714 1880 3762; x_wconf 92' lang='lat' dir='ltr'><strong>v,</strong></span> <span class='ocrx_word' id='word_1_319' title='bbox 1919 3697 2013 3766; x_wconf 86' lang='lat'><strong>6);</strong></span> 
     </span>
    </p>
   </div>
   <div class='ocr_carea' id='block_1_38' title="bbox 429 3790 2017 3864">
    <p class='ocr_par' dir='ltr' id='par_1_38' title="bbox 429 3790 2017 3864">
     <span class='ocr_line' id='line_1_38' title="bbox 429 3790 2017 3864; baseline -0.004 -15"><span class='ocrx_word' id='word_1_320' title='bbox 429 3794 605 3864; x_wconf 86' lang='lat' dir='ltr'><strong>qualia</strong></span> <span class='ocrx_word' id='word_1_321' title='bbox 628 3809 820 3864; x_wconf 78' lang='lat' dir='ltr'><strong>paSCua</strong></span> <span class='ocrx_word' id='word_1_322' title='bbox 845 3794 1046 3848; x_wconf 88' lang='lat' dir='ltr'><strong>invenit</strong></span> <span class='ocrx_word' id='word_1_323' title='bbox 1070 3794 1154 3848; x_wconf 92' lang='lat' dir='ltr'><strong>cui</strong></span> <span class='ocrx_word' id='word_1_324' title='bbox 1175 3794 1373 3849; x_wconf 89' lang='lat' dir='ltr'><strong>dictum</strong></span> <span class='ocrx_word' id='word_1_325' title='bbox 1395 3801 1499 3856; x_wconf 89' lang='lat' dir='ltr'><strong>est,</strong></span> <span class='ocrx_word' id='word_1_326' title='bbox 1525 3790 1694 3844; x_wconf 83' lang='lat' dir='ltr'><strong>Hodie</strong></span> <span class='ocrx_word' id='word_1_327' title='bbox 1712 3806 1904 3842; x_wconf 86' lang='lat' dir='ltr'><strong>mecum</strong></span> <span class='ocrx_word' id='word_1_328' title='bbox 1919 3790 2017 3843; x_wconf 82' lang='lat' dir='ltr'><strong>eris</strong></span> 
     </span>
    </p>
   </div>
   <div class='ocr_carea' id='block_1_39' title="bbox 423 3881 2019 3957">
    <p class='ocr_par' dir='ltr' id='par_1_39' title="bbox 423 3881 2019 3957">
     <span class='ocr_line' id='line_1_39' title="bbox 423 3881 2019 3957; baseline -0.003 -16"><span class='ocrx_word' id='word_1_329' title='bbox 423 3889 484 3941; x_wconf 82' lang='lat' dir='ltr'><strong>in</strong></span> <span class='ocrx_word' id='word_1_330' title='bbox 521 3887 759 3957; x_wconf 79' lang='lat' dir='ltr'><strong>paradiso</strong></span> <span class='ocrx_word' id='word_1_331' title='bbox 800 3885 953 3956; x_wconf 87' lang='lat' dir='ltr'><strong>(Luc.</strong></span> <span class='ocrx_word' id='word_1_332' title='bbox 982 3903 1110 3941; x_wconf 68' lang='grc' dir='ltr'>χχιιι</span> <span class='ocrx_word' id='word_1_333' title='bbox 1127 3929 1140 3952; x_wconf 90' lang='grc'><strong>,</strong></span> <span class='ocrx_word' id='word_1_334' title='bbox 1169 3884 1282 3957; x_wconf 71' lang='grc'><strong>45).</strong></span> <span class='ocrx_word' id='word_1_335' title='bbox 1305 3884 1583 3953; x_wconf 87' lang='lat' dir='ltr'><strong>Quomodo</strong></span> <span class='ocrx_word' id='word_1_336' title='bbox 1607 3891 1784 3937; x_wconf 88' lang='lat' dir='ltr'><strong>autem</strong></span> <span class='ocrx_word' id='word_1_337' title='bbox 1811 3883 1925 3951; x_wconf 88' lang='lat' dir='ltr'><strong>ipse</strong></span> <span class='ocrx_word' id='word_1_338' title='bbox 1949 3881 2019 3936; x_wconf 89' lang='lat' dir='ltr'><strong>sit</strong></span> 
     </span>
    </p>
   </div>
   <div class='ocr_carea' id='block_1_40' title="bbox 427 3976 2019 4048">
    <p class='ocr_par' dir='ltr' id='par_1_40' title="bbox 427 3976 2019 4048">
     <span class='ocr_line' id='line_1_40' title="bbox 427 3976 2019 4048; baseline -0.002 -14"><span class='ocrx_word' id='word_1_339' title='bbox 427 3979 659 4046; x_wconf 90' lang='lat' dir='ltr'><strong>ostium,</strong></span> <span class='ocrx_word' id='word_1_340' title='bbox 705 3981 819 4048; x_wconf 91' lang='lat' dir='ltr'><strong>ipse</strong></span> <span class='ocrx_word' id='word_1_341' title='bbox 855 3989 1064 4048; x_wconf 91' lang='lat' dir='ltr'><strong>pastor,</strong></span> <span class='ocrx_word' id='word_1_342' title='bbox 1118 3989 1178 4034; x_wconf 93' lang='lat' dir='ltr'><strong>ut</strong></span> <span class='ocrx_word' id='word_1_343' title='bbox 1219 3995 1314 4048; x_wconf 90' lang='lat' dir='ltr'><strong>per</strong></span> <span class='ocrx_word' id='word_1_344' title='bbox 1353 3981 1586 4048; x_wconf 85' lang='lat' dir='ltr'><strong>seipsum</strong></span> <span class='ocrx_word' id='word_1_345' title='bbox 1626 3976 2019 4047; x_wconf 88' lang='lat' dir='ltr'><strong>quodammodo</strong></span> 
     </span>
    </p>
   </div>
   <div class='ocr_carea' id='block_1_41' title="bbox 425 4067 2020 4140">
    <p class='ocr_par' dir='ltr' id='par_1_41' title="bbox 425 4067 2020 4140">
     <span class='ocr_line' id='line_1_41' title="bbox 425 4067 2020 4140; baseline -0.001 -18"><span class='ocrx_word' id='word_1_346' title='bbox 425 4069 588 4123; x_wconf 84' lang='lat' dir='ltr'><strong>etiam</strong></span> <span class='ocrx_word' id='word_1_347' title='bbox 609 4069 723 4137; x_wconf 86' lang='lat' dir='ltr'><strong>ipse</strong></span> <span class='ocrx_word' id='word_1_348' title='bbox 743 4069 948 4138; x_wconf 87' lang='lat' dir='ltr'><strong>ingredi</strong></span> <span class='ocrx_word' id='word_1_349' title='bbox 969 4078 1024 4124; x_wconf 92' lang='lat' dir='ltr'><strong>et</strong></span> <span class='ocrx_word' id='word_1_350' title='bbox 1043 4069 1224 4139; x_wconf 88' lang='lat' dir='ltr'><strong>egredi</strong></span> <span class='ocrx_word' id='word_1_351' title='bbox 1247 4071 1589 4140; x_wconf 87' lang='lat' dir='ltr'><strong>intelligatur,</strong></span> <span class='ocrx_word' id='word_1_352' title='bbox 1612 4079 1668 4123; x_wconf 92' lang='lat' dir='ltr'><strong>et</strong></span> <span class='ocrx_word' id='word_1_353' title='bbox 1686 4069 1927 4136; x_wconf 84' lang='lat' dir='ltr'><strong>quisnam</strong></span> <span class='ocrx_word' id='word_1_354' title='bbox 1950 4067 2020 4121; x_wconf 92' lang='lat' dir='ltr'><strong>sit</strong></span> 
     </span>
    </p>
   </div>
   <div class='ocr_carea' id='block_1_42' title="bbox 426 4156 2019 4228">
    <p class='ocr_par' dir='ltr' id='par_1_42' title="bbox 426 4156 2019 4228">
     <span class='ocr_line' id='line_1_42' title="bbox 426 4156 2019 4228; baseline -0.001 -16"><span class='ocrx_word' id='word_1_355' title='bbox 426 4157 706 4222; x_wconf 86' lang='lat' dir='ltr'><strong>ostiarius,</strong></span> <span class='ocrx_word' id='word_1_356' title='bbox 755 4158 969 4226; x_wconf 92' lang='lat' dir='ltr'><strong>longum</strong></span> <span class='ocrx_word' id='word_1_357' title='bbox 1013 4168 1096 4213; x_wconf 91' lang='lat' dir='ltr'><strong>est</strong></span> <span class='ocrx_word' id='word_1_358' title='bbox 1138 4158 1297 4213; x_wconf 86' lang='lat' dir='ltr'><strong>hodie</strong></span> <span class='ocrx_word' id='word_1_359' title='bbox 1335 4173 1606 4228; x_wconf 67' lang='lat' dir='ltr'><strong>qumrere,</strong></span> <span class='ocrx_word' id='word_1_360' title='bbox 1635 4166 1688 4212; x_wconf 85' lang='grc' dir='ltr'><strong>ει</strong></span> <span class='ocrx_word' id='word_1_361' title='bbox 1708 4156 2019 4212; x_wconf 89' lang='lat' dir='ltr'><strong>disserendo</strong></span> 
     </span>
    </p>
   </div>
   <div class='ocr_carea' id='block_1_43' title="bbox 425 4247 1572 4318">
    <p class='ocr_par' dir='ltr' id='par_1_43' title="bbox 425 4247 1572 4318">
     <span class='ocr_line' id='line_1_43' title="bbox 425 4247 1572 4318; baseline -0.006 -12"><span class='ocrx_word' id='word_1_362' title='bbox 425 4247 568 4306; x_wconf 86' lang='lat' dir='ltr'><strong>sicut</strong></span> <span class='ocrx_word' id='word_1_363' title='bbox 590 4247 702 4317; x_wconf 87' lang='lat' dir='ltr'><strong>ipse</strong></span> <span class='ocrx_word' id='word_1_364' title='bbox 721 4247 1000 4303; x_wconf 89' lang='lat' dir='ltr'><strong>donaverit</strong></span> <span class='ocrx_word' id='word_1_365' title='bbox 1021 4250 1310 4318; x_wconf 85' lang='lat' dir='ltr'><strong>explicare.</strong></span> <span class='ocrx_word' id='word_1_366' title='bbox 1569 4247 1572 4250; x_wconf 81' lang='grc'><strong>’</strong></span> 
     </span>
    </p>
   </div>
   <div class='ocr_carea' id='block_1_44' title="bbox 912 4340 1543 4398">
    <p class='ocr_par' dir='ltr' id='par_1_44' title="bbox 912 4340 1543 4398">
     <span class='ocr_line' id='line_1_44' title="bbox 912 4340 1543 4398; baseline -0.006 0"><span class='ocrx_word' id='word_1_367' title='bbox 912 4340 1323 4398; x_wconf 81' lang='lat' dir='ltr'><strong>TRACTATUS</strong></span> <span class='ocrx_word' id='word_1_368' title='bbox 1359 4340 1543 4394; x_wconf 78' lang='lat' dir='ltr'><strong>XLVI.</strong></span> 
     </span>
    </p>
   </div>
   <div class='ocr_carea' id='block_1_45' title="bbox 427 4430 2014 4506">
    <p class='ocr_par' dir='ltr' id='par_1_45' title="bbox 427 4430 2014 4506">
     <span class='ocr_line' id='line_1_45' title="bbox 427 4430 2014 4506; baseline -0.004 -15"><span class='ocrx_word' id='word_1_369' title='bbox 427 4434 507 4491; x_wconf 76' lang='lat' dir='ltr'><strong>Ab</strong></span> <span class='ocrx_word' id='word_1_370' title='bbox 537 4450 596 4489; x_wconf 87' lang='lat' dir='ltr'><strong>eo</strong></span> <span class='ocrx_word' id='word_1_371' title='bbox 619 4435 755 4504; x_wconf 86' lang='lat' dir='ltr'><strong>quod</strong></span> <span class='ocrx_word' id='word_1_372' title='bbox 778 4435 1022 4506; x_wconf 83' lang='lat' dir='ltr'><strong>scriptum</strong></span> <span class='ocrx_word' id='word_1_373' title='bbox 1051 4441 1141 4497; x_wconf 87' lang='lat' dir='ltr'><strong>est,</strong></span> <span class='ocrx_word' id='word_1_374' title='bbox 1175 4432 1286 4500; x_wconf 86' lang='lat' dir='ltr'><strong>Ego</strong></span> <span class='ocrx_word' id='word_1_375' title='bbox 1315 4445 1434 4486; x_wconf 92' lang='lat' dir='ltr'><strong>sum</strong></span> <span class='ocrx_word' id='word_1_376' title='bbox 1470 4438 1652 4500; x_wconf 88' lang='lat' dir='ltr'><strong>pastor</strong></span> <span class='ocrx_word' id='word_1_377' title='bbox 1679 4430 1871 4496; x_wconf 86' lang='lat' dir='ltr'><strong>bonus,</strong></span> <span class='ocrx_word' id='word_1_378' title='bbox 1897 4441 2014 4496; x_wconf 88' lang='lat' dir='ltr'><strong>etc.,</strong></span> 
     </span>
    </p>
   </div>
   <div class='ocr_carea' id='block_1_46' title="bbox 499 4523 2019 4598">
    <p class='ocr_par' dir='ltr' id='par_1_46' title="bbox 499 4523 2019 4598">
     <span class='ocr_line' id='line_1_46' title="bbox 499 4523 2019 4598; baseline -0.001 -17"><span class='ocrx_word' id='word_1_379' title='bbox 499 4544 656 4598; x_wconf 83' lang='lat' dir='ltr'><strong>usque</strong></span> <span class='ocrx_word' id='word_1_380' title='bbox 681 4527 750 4580; x_wconf 85' lang='lat' dir='ltr'><strong>ad</strong></span> <span class='ocrx_word' id='word_1_381' title='bbox 771 4527 846 4593; x_wconf 88' lang='lat' dir='ltr'><strong>id,</strong></span> <span class='ocrx_word' id='word_1_382' title='bbox 877 4525 1236 4583; x_wconf 81' lang='lat' dir='ltr'><strong>Mercenarius</strong></span> <span class='ocrx_word' id='word_1_383' title='bbox 1261 4532 1442 4580; x_wconf 91' lang='lat' dir='ltr'><strong>autem</strong></span> <span class='ocrx_word' id='word_1_384' title='bbox 1469 4523 1632 4594; x_wconf 92' lang='lat' dir='ltr'><strong>fugit,</strong></span> <span class='ocrx_word' id='word_1_385' title='bbox 1662 4526 1786 4594; x_wconf 89' lang='lat' dir='ltr'><strong>quia</strong></span> <span class='ocrx_word' id='word_1_386' title='bbox 1809 4539 2019 4579; x_wconf 92' lang='lat' dir='ltr'><strong>merce-</strong></span> 
     </span>
    </p>
   </div>
   <div class='ocr_carea' id='block_1_47' title="bbox 505 4614 2016 4689">
    <p class='ocr_par' dir='ltr' id='par_1_47' title="bbox 505 4614 2016 4689">
     <span class='ocr_line' id='line_1_47' title="bbox 505 4614 2016 4689; baseline -0.003 -15"><span class='ocrx_word' id='word_1_387' title='bbox 505 4620 688 4674; x_wconf 89' lang='lat' dir='ltr'><strong>narius</strong></span> <span class='ocrx_word' id='word_1_388' title='bbox 712 4627 814 4684; x_wconf 90' lang='lat' dir='ltr'><strong>est,</strong></span> <span class='ocrx_word' id='word_1_389' title='bbox 845 4627 900 4674; x_wconf 92' lang='lat' dir='ltr'><strong>et</strong></span> <span class='ocrx_word' id='word_1_390' title='bbox 924 4633 1030 4674; x_wconf 90' lang='lat' dir='ltr'><strong>non</strong></span> <span class='ocrx_word' id='word_1_391' title='bbox 1063 4618 1292 4689; x_wconf 87' lang='lat' dir='ltr'><strong>pertinet</strong></span> <span class='ocrx_word' id='word_1_392' title='bbox 1311 4614 1378 4672; x_wconf 90' lang='lat' dir='ltr'><strong>ad</strong></span> <span class='ocrx_word' id='word_1_393' title='bbox 1403 4628 1528 4672; x_wconf 89' lang='lat' dir='ltr'><strong>eum</strong></span> <span class='ocrx_word' id='word_1_394' title='bbox 1553 4614 1622 4671; x_wconf 90' lang='lat' dir='ltr'><strong>de</strong></span> <span class='ocrx_word' id='word_1_395' title='bbox 1649 4615 1856 4670; x_wconf 85' lang='lat' dir='ltr'><strong>ovibus.</strong></span> <span class='ocrx_word' id='word_1_396' title='bbox 1887 4614 2016 4686; x_wconf 84' lang='lat' dir='ltr'><strong>Cap.</strong></span> 
     </span>
    </p>
   </div>
   <div class='ocr_carea' id='block_1_48' title="bbox 498 4711 892 4782">
    <p class='ocr_par' dir='ltr' id='par_1_48' title="bbox 498 4711 892 4782">
     <span class='ocr_line' id='line_1_48' title="bbox 498 4711 892 4782; baseline -0.008 -15"><span class='ocrx_word' id='word_1_397' title='bbox 498 4728 556 4776; x_wconf 79' lang='lat' dir='ltr'><strong>x,</strong></span> <span class='ocrx_word' id='word_1_398' title='bbox 600 4711 638 4782; x_wconf 58' lang='grc' dir='ltr'><strong>γ</strong></span> <span class='ocrx_word' id='word_1_399' title='bbox 660 4749 678 4765; x_wconf 96' lang='grc'><strong>.</strong></span> <span class='ocrx_word' id='word_1_400' title='bbox 706 4711 892 4766; x_wconf 78' lang='lat' dir='ltr'><strong>tt-ts.</strong></span> 
     </span>
    </p>
   </div>
   <div class='ocr_carea' id='block_1_49' title="bbox 505 4799 2021 4874">
    <p class='ocr_par' dir='ltr' id='par_1_49' title="bbox 505 4799 2021 4874">
     <span class='ocr_line' id='line_1_49' title="bbox 505 4799 2021 4874; baseline -0.004 -15"><span class='ocrx_word' id='word_1_401' title='bbox 505 4805 559 4859; x_wconf 91' lang='grc'><strong>1.</strong></span> <span class='ocrx_word' id='word_1_402' title='bbox 587 4802 836 4874; x_wconf 87' lang='lat' dir='ltr'><strong>Loquens</strong></span> <span class='ocrx_word' id='word_1_403' title='bbox 872 4801 1126 4856; x_wconf 88' lang='lat' dir='ltr'><strong>Dominus</strong></span> <span class='ocrx_word' id='word_1_404' title='bbox 1150 4801 1306 4856; x_wconf 88' lang='lat' dir='ltr'><strong>Jesus</strong></span> <span class='ocrx_word' id='word_1_405' title='bbox 1324 4801 1513 4855; x_wconf 90' lang='lat' dir='ltr'><strong>ovibus</strong></span> <span class='ocrx_word' id='word_1_406' title='bbox 1538 4799 1668 4866; x_wconf 85' lang='lat' dir='ltr'><strong>suis,</strong></span> <span class='ocrx_word' id='word_1_407' title='bbox 1697 4807 1754 4856; x_wconf 90' lang='lat' dir='ltr'><strong>et</strong></span> <span class='ocrx_word' id='word_1_408' title='bbox 1779 4811 2021 4871; x_wconf 68' lang='lat' dir='ltr'><strong>praesen-</strong></span> 
     </span>
    </p>
   </div>
   <div class='ocr_carea' id='block_1_50' title="bbox 427 4891 2020 4964">
    <p class='ocr_par' dir='ltr' id='par_1_50' title="bbox 427 4891 2020 4964">
     <span class='ocr_line' id='line_1_50' title="bbox 427 4891 2020 4964; baseline -0.003 -11"><span class='ocrx_word' id='word_1_409' title='bbox 427 4897 593 4964; x_wconf 88' lang='lat' dir='ltr'><strong>tibus,</strong></span> <span class='ocrx_word' id='word_1_410' title='bbox 636 4905 693 4950; x_wconf 89' lang='lat' dir='ltr'><strong>et</strong></span> <span class='ocrx_word' id='word_1_411' title='bbox 734 4893 924 4949; x_wconf 91' lang='lat' dir='ltr'><strong>futuris</strong></span> <span class='ocrx_word' id='word_1_412' title='bbox 964 4909 1084 4964; x_wconf 74' lang='lat' dir='ltr'><strong>quae</strong></span> <span class='ocrx_word' id='word_1_413' title='bbox 1125 4904 1250 4949; x_wconf 87' lang='lat' dir='ltr'><strong>tunc</strong></span> <span class='ocrx_word' id='word_1_414' title='bbox 1287 4892 1543 4958; x_wconf 89' lang='lat' dir='ltr'><strong>aderant;</strong></span> <span class='ocrx_word' id='word_1_415' title='bbox 1583 4892 1705 4964; x_wconf 90' lang='lat' dir='ltr'><strong>quia</strong></span> <span class='ocrx_word' id='word_1_416' title='bbox 1736 4899 1892 4948; x_wconf 88' lang='lat' dir='ltr'><strong>erant</strong></span> <span class='ocrx_word' id='word_1_417' title='bbox 1926 4891 2020 4948; x_wconf 86' lang='lat' dir='ltr'><strong>ubi</strong></span> 
     </span>
    </p>
   </div>
   <div class='ocr_carea' id='block_1_51' title="bbox 426 4981 2014 5059">
    <p class='ocr_par' dir='ltr' id='par_1_51' title="bbox 426 4981 2014 5059">
     <span class='ocr_line' id='line_1_51' title="bbox 426 4981 2014 5059; baseline -0.004 -16"><span class='ocrx_word' id='word_1_418' title='bbox 426 4989 536 5059; x_wconf 88' lang='lat' dir='ltr'><strong>jam</strong></span> <span class='ocrx_word' id='word_1_419' title='bbox 561 5001 692 5042; x_wconf 85' lang='lat' dir='ltr'><strong>oves</strong></span> <span class='ocrx_word' id='word_1_420' title='bbox 727 4985 844 5056; x_wconf 89' lang='lat' dir='ltr'><strong>ejus</strong></span> <span class='ocrx_word' id='word_1_421' title='bbox 869 4993 1053 5049; x_wconf 89' lang='lat' dir='ltr'><strong>erant,</strong></span> <span class='ocrx_word' id='word_1_422' title='bbox 1084 4998 1204 5054; x_wconf 83' lang='lat' dir='ltr'><strong>quae</strong></span> <span class='ocrx_word' id='word_1_423' title='bbox 1233 4982 1426 5037; x_wconf 65' lang='lat' dir='ltr'><strong>futuras</strong></span> <span class='ocrx_word' id='word_1_424' title='bbox 1463 4991 1619 5039; x_wconf 90' lang='lat' dir='ltr'><strong>erant</strong></span> <span class='ocrx_word' id='word_1_425' title='bbox 1655 4981 1772 5052; x_wconf 89' lang='lat' dir='ltr'><strong>ejus</strong></span> <span class='ocrx_word' id='word_1_426' title='bbox 1807 4982 1973 5037; x_wconf 77' lang='lat' dir='ltr'><strong>oves&#39;</strong></span> <span class='ocrx_word' id='word_1_427' title='bbox 1999 4998 2014 5036; x_wconf 89' lang='lat'><strong>:</strong></span> 
     </span>
    </p>
   </div>
   <div class='ocr_carea' id='block_1_52' title="bbox 430 5071 2025 5148">
    <p class='ocr_par' dir='ltr' id='par_1_52' title="bbox 430 5071 2025 5148">
     <span class='ocr_line' id='line_1_52' title="bbox 430 5071 2025 5148; baseline -0.005 -14"><span class='ocrx_word' id='word_1_428' title='bbox 430 5081 558 5134; x_wconf 91' lang='lat' dir='ltr'><strong>item</strong></span> <span class='ocrx_word' id='word_1_429' title='bbox 585 5077 937 5148; x_wconf 75' lang='lat' dir='ltr'><strong>przrsentihus</strong></span> <span class='ocrx_word' id='word_1_430' title='bbox 964 5084 1018 5130; x_wconf 92' lang='lat' dir='ltr'><strong>et</strong></span> <span class='ocrx_word' id='word_1_431' title='bbox 1045 5074 1253 5140; x_wconf 89' lang='lat' dir='ltr'><strong>futuris,</strong></span> <span class='ocrx_word' id='word_1_432' title='bbox 1283 5081 1335 5128; x_wconf 91' lang='lat' dir='ltr'><strong>et</strong></span> <span class='ocrx_word' id='word_1_433' title='bbox 1367 5073 1470 5128; x_wconf 90' lang='lat' dir='ltr'><strong>illis</strong></span> <span class='ocrx_word' id='word_1_434' title='bbox 1498 5081 1553 5127; x_wconf 87' lang='lat' dir='ltr'><strong>et</strong></span> <span class='ocrx_word' id='word_1_435' title='bbox 1578 5071 1752 5136; x_wconf 85' lang='lat' dir='ltr'><strong>nobis,</strong></span> <span class='ocrx_word' id='word_1_436' title='bbox 1783 5079 1836 5126; x_wconf 92' lang='lat' dir='ltr'><strong>et</strong></span> <span class='ocrx_word' id='word_1_437' title='bbox 1864 5083 2025 5142; x_wconf 86' lang='lat' dir='ltr'><strong>quot-</strong></span> 
     </span>
    </p>
   </div>
   <div class='ocr_carea' id='block_1_53' title="bbox 429 5162 2022 5238">
    <p class='ocr_par' dir='ltr' id='par_1_53' title="bbox 429 5162 2022 5238">
     <span class='ocr_line' id='line_1_53' title="bbox 429 5162 2022 5238; baseline -0.003 -16"><span class='ocrx_word' id='word_1_438' title='bbox 429 5178 557 5238; x_wconf 87' lang='lat' dir='ltr'><strong>quot</strong></span> <span class='ocrx_word' id='word_1_439' title='bbox 585 5169 743 5225; x_wconf 90' lang='lat' dir='ltr'><strong>etiam</strong></span> <span class='ocrx_word' id='word_1_440' title='bbox 783 5177 906 5237; x_wconf 90' lang='lat' dir='ltr'><strong>post</strong></span> <span class='ocrx_word' id='word_1_441' title='bbox 941 5181 1040 5221; x_wconf 90' lang='lat' dir='ltr'><strong>nos</strong></span> <span class='ocrx_word' id='word_1_442' title='bbox 1081 5165 1275 5220; x_wconf 81' lang='lat' dir='ltr'><strong>fuerint</strong></span> <span class='ocrx_word' id='word_1_443' title='bbox 1320 5179 1448 5219; x_wconf 90' lang='lat' dir='ltr'><strong>oves</strong></span> <span class='ocrx_word' id='word_1_444' title='bbox 1490 5163 1636 5232; x_wconf 91' lang='lat' dir='ltr'><strong>ejus,</strong></span> <span class='ocrx_word' id='word_1_445' title='bbox 1677 5162 1796 5232; x_wconf 89' lang='lat' dir='ltr'><strong>quis</strong></span> <span class='ocrx_word' id='word_1_446' title='bbox 1835 5162 1902 5216; x_wconf 87' lang='lat' dir='ltr'><strong>ad</strong></span> <span class='ocrx_word' id='word_1_447' title='bbox 1929 5177 2022 5218; x_wconf 89' lang='lat' dir='ltr'><strong>eas</strong></span> 
     </span>
    </p>
   </div>
   <div class='ocr_carea' id='block_1_54' title="bbox 431 5252 2021 5324">
    <p class='ocr_par' dir='ltr' id='par_1_54' title="bbox 431 5252 2021 5324">
     <span class='ocr_line' id='line_1_54' title="bbox 431 5252 2021 5324; baseline -0.002 -14"><span class='ocrx_word' id='word_1_448' title='bbox 431 5258 627 5312; x_wconf 91' lang='lat' dir='ltr'><strong>missus</strong></span> <span class='ocrx_word' id='word_1_449' title='bbox 663 5266 840 5324; x_wconf 88' lang='lat' dir='ltr'><strong>esset,</strong></span> <span class='ocrx_word' id='word_1_450' title='bbox 883 5256 1133 5311; x_wconf 81' lang='lat' dir='ltr'><strong>ostendit.</strong></span> <span class='ocrx_word' id='word_1_451' title='bbox 1165 5256 1365 5310; x_wconf 90' lang='lat' dir='ltr'><strong>Omnes</strong></span> <span class='ocrx_word' id='word_1_452' title='bbox 1408 5269 1535 5323; x_wconf 89' lang='lat' dir='ltr'><strong>ergo</strong></span> <span class='ocrx_word' id='word_1_453' title='bbox 1578 5252 1799 5306; x_wconf 89' lang='lat' dir='ltr'><strong>audiunt</strong></span> <span class='ocrx_word' id='word_1_454' title='bbox 1836 5267 2021 5307; x_wconf 89' lang='lat' dir='ltr'><strong>vocem</strong></span> 
     </span>
    </p>
   </div>
   <div class='ocr_carea' id='block_1_55' title="bbox 432 5341 2021 5416">
    <p class='ocr_par' dir='ltr' id='par_1_55' title="bbox 432 5341 2021 5416">
     <span class='ocr_line' id='line_1_55' title="bbox 432 5341 2021 5416; baseline -0.002 -17"><span class='ocrx_word' id='word_1_455' title='bbox 432 5348 660 5415; x_wconf 84' lang='lat' dir='ltr'><strong>pastoris</strong></span> <span class='ocrx_word' id='word_1_456' title='bbox 689 5349 768 5402; x_wconf 89' lang='lat' dir='ltr'><strong>sui</strong></span> <span class='ocrx_word' id='word_1_457' title='bbox 795 5347 1039 5408; x_wconf 87' lang='lat' dir='ltr'><strong>dicentis,</strong></span> <span class='ocrx_word' id='word_1_458' title='bbox 1072 5345 1187 5416; x_wconf 82' lang='lat' dir='ltr'><strong>Ego</strong></span> <span class='ocrx_word' id='word_1_459' title='bbox 1215 5361 1328 5399; x_wconf 84' lang='lat' dir='ltr'><strong>sum</strong></span> <span class='ocrx_word' id='word_1_460' title='bbox 1369 5354 1539 5413; x_wconf 81' lang='lat' dir='ltr'><strong>pastor</strong></span> <span class='ocrx_word' id='word_1_461' title='bbox 1563 5343 1739 5397; x_wconf 86' lang='lat' dir='ltr'><strong>bonus.</strong></span> <span class='ocrx_word' id='word_1_462' title='bbox 1766 5342 1884 5396; x_wconf 91' lang='lat' dir='ltr'><strong>Non</strong></span> <span class='ocrx_word' id='word_1_463' title='bbox 1923 5341 2021 5396; x_wconf 88' lang='lat' dir='ltr'><strong>ad-</strong></span> 
     </span>
    </p>
   </div>
   <div class='ocr_carea' id='block_1_56' title="bbox 433 5433 2024 5505">
    <p class='ocr_par' dir='ltr' id='par_1_56' title="bbox 433 5433 2024 5505">
     <span class='ocr_line' id='line_1_56' title="bbox 433 5433 2024 5505; baseline -0.003 -13"><span class='ocrx_word' id='word_1_464' title='bbox 433 5437 618 5502; x_wconf 89' lang='lat' dir='ltr'><strong>deret,</strong></span> <span class='ocrx_word' id='word_1_465' title='bbox 649 5436 836 5502; x_wconf 86' lang='lat' dir='ltr'><strong>bonus,</strong></span> <span class='ocrx_word' id='word_1_466' title='bbox 865 5438 967 5493; x_wconf 88' lang='lat' dir='ltr'><strong>nisi</strong></span> <span class='ocrx_word' id='word_1_467' title='bbox 1001 5446 1184 5492; x_wconf 89' lang='lat' dir='ltr'><strong>essent</strong></span> <span class='ocrx_word' id='word_1_468' title='bbox 1209 5443 1448 5505; x_wconf 90' lang='lat' dir='ltr'><strong>pastores</strong></span> <span class='ocrx_word' id='word_1_469' title='bbox 1471 5433 1619 5488; x_wconf 88' lang='lat' dir='ltr'><strong>mall.</strong></span> <span class='ocrx_word' id='word_1_470' title='bbox 1652 5433 1764 5493; x_wconf 14' lang='lat' dir='ltr'><strong>Sed.</strong></span> <span class='ocrx_word' id='word_1_471' title='bbox 1785 5443 2024 5503; x_wconf 84' lang='lat' dir='ltr'><strong>pastores</strong></span> 
     </span>
    </p>
   </div>
   <div class='ocr_carea' id='block_1_57' title="bbox 435 5523 1998 5595">
    <p class='ocr_par' dir='ltr' id='par_1_57' title="bbox 435 5523 1998 5595">
     <span class='ocr_line' id='line_1_57' title="bbox 435 5523 1998 5595; baseline -0.002 -13"><span class='ocrx_word' id='word_1_472' title='bbox 435 5527 592 5592; x_wconf 88' lang='lat' dir='ltr'><strong>mali,</strong></span> <span class='ocrx_word' id='word_1_473' title='bbox 629 5527 729 5595; x_wconf 90' lang='lat' dir='ltr'><strong>ipsi</strong></span> <span class='ocrx_word' id='word_1_474' title='bbox 759 5537 882 5582; x_wconf 88' lang='lat' dir='ltr'><strong>sunt</strong></span> <span class='ocrx_word' id='word_1_475' title='bbox 911 5529 1054 5583; x_wconf 87' lang='lat' dir='ltr'><strong>fures</strong></span> <span class='ocrx_word' id='word_1_476' title='bbox 1079 5537 1133 5583; x_wconf 92' lang='lat' dir='ltr'><strong>et</strong></span> <span class='ocrx_word' id='word_1_477' title='bbox 1169 5527 1438 5581; x_wconf 89' lang='lat' dir='ltr'><strong>latrones:</strong></span> <span class='ocrx_word' id='word_1_478' title='bbox 1470 5534 1559 5580; x_wconf 88' lang='lat' dir='ltr'><strong>aut</strong></span> <span class='ocrx_word' id='word_1_479' title='bbox 1584 5533 1758 5591; x_wconf 89' lang='lat' dir='ltr'><strong>certe,</strong></span> <span class='ocrx_word' id='word_1_480' title='bbox 1799 5532 1858 5577; x_wconf 90' lang='lat' dir='ltr'><strong>ut</strong></span> <span class='ocrx_word' id='word_1_481' title='bbox 1886 5523 1998 5579; x_wconf 88' lang='lat' dir='ltr'><strong>mul</strong></span> 
     </span>
    </p>
   </div>
   <div class='ocr_carea' id='block_1_58' title="bbox 437 5617 2023 5688">
    <p class='ocr_par' dir='ltr' id='par_1_58' title="bbox 437 5617 2023 5688">
     <span class='ocr_line' id='line_1_58' title="bbox 437 5617 2023 5688; baseline -0.002 -14"><span class='ocrx_word' id='word_1_482' title='bbox 437 5630 546 5674; x_wconf 90' lang='lat' dir='ltr'><strong>tum</strong></span> <span class='ocrx_word' id='word_1_483' title='bbox 563 5661 576 5684; x_wconf 91' lang='lat'><strong>,</strong></span> <span class='ocrx_word' id='word_1_484' title='bbox 615 5619 947 5674; x_wconf 66' lang='lat' dir='ltr'><strong>mermnarii.</strong></span> <span class='ocrx_word' id='word_1_485' title='bbox 971 5621 1168 5676; x_wconf 90' lang='lat' dir='ltr'><strong>Omnes</strong></span> <span class='ocrx_word' id='word_1_486' title='bbox 1195 5619 1338 5674; x_wconf 83' lang='lat' dir='ltr'><strong>enim</strong></span> <span class='ocrx_word' id='word_1_487' title='bbox 1369 5617 1455 5674; x_wconf 88' lang='lat' dir='ltr'><strong>hic</strong></span> <span class='ocrx_word' id='word_1_488' title='bbox 1482 5631 1736 5688; x_wconf 89' lang='lat' dir='ltr'><strong>personas</strong></span> <span class='ocrx_word' id='word_1_489' title='bbox 1759 5630 1892 5687; x_wconf 86' lang='lat' dir='ltr'><strong>quas</strong></span> <span class='ocrx_word' id='word_1_490' title='bbox 1922 5631 2023 5686; x_wconf 76' lang='lat' dir='ltr'><strong>po-</strong></span> 
     </span>
    </p>
   </div>
   <div class='ocr_carea' id='block_1_59' title="bbox 503 5725 2019 5793">
    <p class='ocr_par' dir='ltr' id='par_1_59' title="bbox 503 5725 2019 5793">
     <span class='ocr_line' id='line_1_59' title="bbox 503 5725 2019 5793; baseline -0.001 -15"><span class='ocrx_word' id='word_1_491' title='bbox 503 5733 516 5761; x_wconf 85' lang='grc'>¹</span> <span class='ocrx_word' id='word_1_492' title='bbox 546 5737 616 5780; x_wconf 84' lang='lat' dir='ltr'><strong>Er.</strong></span> <span class='ocrx_word' id='word_1_493' title='bbox 640 5729 787 5793; x_wconf 83' lang='lat' dir='ltr'><strong>Lugd.</strong></span> <span class='ocrx_word' id='word_1_494' title='bbox 814 5737 934 5793; x_wconf 78' lang='lat' dir='ltr'><strong>ven.</strong></span> <span class='ocrx_word' id='word_1_495' title='bbox 960 5738 1010 5782; x_wconf 88' lang='lat' dir='ltr'><strong>et</strong></span> <span class='ocrx_word' id='word_1_496' title='bbox 1031 5737 1138 5782; x_wconf 74' lang='grc' dir='ltr'><strong>ιον.</strong></span> <span class='ocrx_word' id='word_1_497' title='bbox 1164 5727 1366 5790; x_wconf 76' lang='lat' dir='ltr'><strong>habent,</strong></span> <span class='ocrx_word' id='word_1_498' title='bbox 1388 5735 1527 5781; x_wconf 82' lang='lat' dir='ltr'><strong>erant</strong></span> <span class='ocrx_word' id='word_1_499' title='bbox 1547 5727 1733 5793; x_wconf 84' lang='lat' dir='ltr'><strong>ibijam</strong></span> <span class='ocrx_word' id='word_1_500' title='bbox 1764 5741 1870 5782; x_wconf 79' lang='lat' dir='ltr'><strong>ores</strong></span> <span class='ocrx_word' id='word_1_501' title='bbox 1899 5725 2019 5792; x_wconf 74' lang='lat' dir='ltr'><strong>ejus,</strong></span> 
     </span>
    </p>
   </div>
   <div class='ocr_carea' id='block_1_60' title="bbox 437 5792 1532 5858">
    <p class='ocr_par' dir='ltr' id='par_1_60' title="bbox 437 5792 1532 5858">
     <span class='ocr_line' id='line_1_60' title="bbox 437 5792 1532 5858; baseline -0.003 -13"><span class='ocrx_word' id='word_1_502' title='bbox 437 5801 665 5858; x_wconf 80' lang='lat' dir='ltr'><strong>erantque</strong></span> <span class='ocrx_word' id='word_1_503' title='bbox 687 5792 796 5857; x_wconf 70' lang='lat' dir='ltr'><strong>qm</strong></span> <span class='ocrx_word' id='word_1_504' title='bbox 808 5792 986 5856; x_wconf 75' lang='lat' dir='ltr'><strong>futura:</strong></span> <span class='ocrx_word' id='word_1_505' title='bbox 1006 5799 1142 5845; x_wconf 84' lang='lat' dir='ltr'><strong>erant</strong></span> <span class='ocrx_word' id='word_1_506' title='bbox 1163 5794 1266 5858; x_wconf 53' lang='lat' dir='ltr'><strong>{jus</strong></span> <span class='ocrx_word' id='word_1_507' title='bbox 1286 5806 1410 5846; x_wconf 80' lang='lat' dir='ltr'><strong>oves.</strong></span> <span class='ocrx_word' id='word_1_508' title='bbox 1473 5799 1532 5843; x_wconf 80' lang='lat' dir='ltr'><strong>tu.</strong></span> 
     </span>
    </p>
   </div>
   <div class='ocr_carea' id='block_1_61' title="bbox 1334 364 2738 446">
    <p class='ocr_par' dir='ltr' id='par_1_61' title="bbox 1334 364 2738 446">
     <span class='ocr_line' id='line_1_61' title="bbox 1334 364 2738 446; baseline -0.018 0"><span class='ocrx_word' id='word_1_509' title='bbox 1334 388 1400 446; x_wconf 79' lang='grc' dir='ltr'><strong>ΙΝ</strong></span> <span class='ocrx_word' id='word_1_510' title='bbox 1436 380 1717 444; x_wconf 74' lang='grc' dir='ltr'>ιοΑΝΝιε</span> <span class='ocrx_word' id='word_1_511' title='bbox 1756 367 2222 436; x_wconf 73' lang='lat' dir='ltr'><strong>EVANGELIUM,</strong></span> <span class='ocrx_word' id='word_1_512' title='bbox 2265 366 2326 423; x_wconf 89' lang='lat' dir='ltr'><strong>S.</strong></span> <span class='ocrx_word' id='word_1_513' title='bbox 2365 364 2738 423; x_wconf 82' lang='lat' dir='ltr'><strong>AUGUSTINI</strong></span> 
     </span>
    </p>
   </div>
   <div class='ocr_carea' id='block_1_62' title="bbox 3544 351 3692 410">
    <p class='ocr_par' dir='ltr' id='par_1_62' title="bbox 3544 351 3692 410">
     <span class='ocr_line' id='line_1_62' title="bbox 3544 351 3692 410; baseline 0 -1"><span class='ocrx_word' id='word_1_514' title='bbox 3544 351 3692 410; x_wconf 65' lang='lat'><strong>1718</strong></span> 
     </span>
    </p>
   </div>
   <div class='ocr_carea' id='block_1_63' title="bbox 2098 468 3689 548">
    <p class='ocr_par' dir='ltr' id='par_1_63' title="bbox 2098 468 3689 548">
     <span class='ocr_line' id='line_1_63' title="bbox 2098 468 3689 548; baseline -0.008 -14"><span class='ocrx_word' id='word_1_515' title='bbox 2098 479 2236 545; x_wconf 85' lang='lat' dir='ltr'><strong>suit,</strong></span> <span class='ocrx_word' id='word_1_516' title='bbox 2266 477 2556 548; x_wconf 88' lang='lat' dir='ltr'><strong>requirere,</strong></span> <span class='ocrx_word' id='word_1_517' title='bbox 2588 477 2933 545; x_wconf 88' lang='lat' dir='ltr'><strong>distinguere,</strong></span> <span class='ocrx_word' id='word_1_518' title='bbox 2959 487 3120 529; x_wconf 89' lang='lat' dir='ltr'><strong>nosse</strong></span> <span class='ocrx_word' id='word_1_519' title='bbox 3156 470 3433 528; x_wconf 86' lang='lat' dir='ltr'><strong>debemus.</strong></span> <span class='ocrx_word' id='word_1_520' title='bbox 3459 468 3689 536; x_wconf 83' lang='lat' dir='ltr'><strong>Aperuit</strong></span> 
     </span>
    </p>
   </div>
   <div class='ocr_carea' id='block_1_64' title="bbox 2096 559 3688 637">
    <p class='ocr_par' dir='ltr' id='par_1_64' title="bbox 2096 559 3688 637">
     <span class='ocr_line' id='line_1_64' title="bbox 2096 559 3688 637; baseline -0.008 -13"><span class='ocrx_word' id='word_1_521' title='bbox 2096 570 2240 624; x_wconf 91' lang='lat' dir='ltr'><strong>enim</strong></span> <span class='ocrx_word' id='word_1_522' title='bbox 2261 568 2371 637; x_wconf 87' lang='lat' dir='ltr'><strong>jam</strong></span> <span class='ocrx_word' id='word_1_523' title='bbox 2395 567 2526 622; x_wconf 89' lang='lat' dir='ltr'><strong>duas</strong></span> <span class='ocrx_word' id='word_1_524' title='bbox 2552 581 2640 622; x_wconf 91' lang='lat' dir='ltr'><strong>res</strong></span> <span class='ocrx_word' id='word_1_525' title='bbox 2663 567 2939 632; x_wconf 90' lang='lat' dir='ltr'><strong>Dominus,</strong></span> <span class='ocrx_word' id='word_1_526' title='bbox 2973 578 3106 635; x_wconf 89' lang='lat' dir='ltr'><strong>quas</strong></span> <span class='ocrx_word' id='word_1_527' title='bbox 3124 559 3516 633; x_wconf 90' lang='lat' dir='ltr'><strong>quodammodo</strong></span> <span class='ocrx_word' id='word_1_528' title='bbox 3538 559 3688 616; x_wconf 88' lang='lat' dir='ltr'><strong>clau-</strong></span> 
     </span>
    </p>
   </div>
   <div class='ocr_carea' id='block_1_65' title="bbox 2098 654 3684 732">
    <p class='ocr_par' dir='ltr' id='par_1_65' title="bbox 2098 654 3684 732">
     <span class='ocr_line' id='line_1_65' title="bbox 2098 654 3684 732; baseline -0.008 -14"><span class='ocrx_word' id='word_1_529' title='bbox 2098 678 2185 718; x_wconf 90' lang='lat' dir='ltr'><strong>sas</strong></span> <span class='ocrx_word' id='word_1_530' title='bbox 2221 669 2607 732; x_wconf 89' lang='lat' dir='ltr'><strong>pr0posuerat:</strong></span> <span class='ocrx_word' id='word_1_531' title='bbox 2634 662 2744 730; x_wconf 91' lang='lat' dir='ltr'><strong>jam</strong></span> <span class='ocrx_word' id='word_1_532' title='bbox 2790 662 2988 714; x_wconf 89' lang='lat' dir='ltr'><strong>scimus</strong></span> <span class='ocrx_word' id='word_1_533' title='bbox 3025 657 3148 727; x_wconf 90' lang='lat' dir='ltr'><strong>quia</strong></span> <span class='ocrx_word' id='word_1_534' title='bbox 3189 655 3382 711; x_wconf 88' lang='lat' dir='ltr'><strong>ostium</strong></span> <span class='ocrx_word' id='word_1_535' title='bbox 3424 654 3538 723; x_wconf 90' lang='lat' dir='ltr'><strong>ipse</strong></span> <span class='ocrx_word' id='word_1_536' title='bbox 3565 659 3684 718; x_wconf 87' lang='lat' dir='ltr'><strong>est,</strong></span> 
     </span>
    </p>
   </div>
   <div class='ocr_carea' id='block_1_66' title="bbox 2099 744 3685 822">
    <p class='ocr_par' dir='ltr' id='par_1_66' title="bbox 2099 744 3685 822">
     <span class='ocr_line' id='line_1_66' title="bbox 2099 744 3685 822; baseline -0.008 -14"><span class='ocrx_word' id='word_1_537' title='bbox 2099 753 2297 809; x_wconf 87' lang='lat' dir='ltr'><strong>scimus</strong></span> <span class='ocrx_word' id='word_1_538' title='bbox 2321 752 2445 822; x_wconf 90' lang='lat' dir='ltr'><strong>quia</strong></span> <span class='ocrx_word' id='word_1_539' title='bbox 2470 758 2652 820; x_wconf 89' lang='lat' dir='ltr'><strong>pastor</strong></span> <span class='ocrx_word' id='word_1_540' title='bbox 2672 751 2786 821; x_wconf 91' lang='lat' dir='ltr'><strong>ipse</strong></span> <span class='ocrx_word' id='word_1_541' title='bbox 2805 762 2904 804; x_wconf 90' lang='lat' dir='ltr'><strong>est.</strong></span> <span class='ocrx_word' id='word_1_542' title='bbox 2929 749 3095 804; x_wconf 89' lang='lat' dir='ltr'><strong>Fures</strong></span> <span class='ocrx_word' id='word_1_543' title='bbox 3116 756 3170 802; x_wconf 91' lang='lat' dir='ltr'><strong>et</strong></span> <span class='ocrx_word' id='word_1_544' title='bbox 3189 747 3421 800; x_wconf 88' lang='lat' dir='ltr'><strong>latrones</strong></span> <span class='ocrx_word' id='word_1_545' title='bbox 3440 744 3530 814; x_wconf 89' lang='lat' dir='ltr'><strong>qui</strong></span> <span class='ocrx_word' id='word_1_546' title='bbox 3556 744 3685 807; x_wconf 89' lang='lat' dir='ltr'><strong>sint,</strong></span> 
     </span>
    </p>
   </div>
   <div class='ocr_carea' id='block_1_67' title="bbox 2099 838 3693 914">
    <p class='ocr_par' dir='ltr' id='par_1_67' title="bbox 2099 838 3693 914">
     <span class='ocr_line' id='line_1_67' title="bbox 2099 838 3693 914; baseline -0.009 -11"><span class='ocrx_word' id='word_1_547' title='bbox 2099 848 2154 903; x_wconf 90' lang='lat' dir='ltr'><strong>in</strong></span> <span class='ocrx_word' id='word_1_548' title='bbox 2181 847 2433 903; x_wconf 78' lang='lat' dir='ltr'><strong>hesterna</strong></span> <span class='ocrx_word' id='word_1_549' title='bbox 2460 845 2688 900; x_wconf 86' lang='lat' dir='ltr'><strong>lectione</strong></span> <span class='ocrx_word' id='word_1_550' title='bbox 2715 843 3032 914; x_wconf 86' lang='lat' dir='ltr'><strong>patefactum</strong></span> <span class='ocrx_word' id='word_1_551' title='bbox 3062 849 3176 906; x_wconf 90' lang='lat' dir='ltr'><strong>est;</strong></span> <span class='ocrx_word' id='word_1_552' title='bbox 3206 838 3369 893; x_wconf 89' lang='lat' dir='ltr'><strong>hodie</strong></span> <span class='ocrx_word' id='word_1_553' title='bbox 3392 845 3569 891; x_wconf 89' lang='lat' dir='ltr'><strong>autem</strong></span> <span class='ocrx_word' id='word_1_554' title='bbox 3592 851 3693 890; x_wconf 88' lang='lat' dir='ltr'><strong>au-</strong></span> 
     </span>
    </p>
   </div>
   <div class='ocr_carea' id='block_1_68' title="bbox 2101 928 3692 1001">
    <p class='ocr_par' dir='ltr' id='par_1_68' title="bbox 2101 928 3692 1001">
     <span class='ocr_line' id='line_1_68' title="bbox 2101 928 3692 1001; baseline -0.008 -7"><span class='ocrx_word' id='word_1_555' title='bbox 2101 938 2330 994; x_wconf 90' lang='lat' dir='ltr'><strong>divimus</strong></span> <span class='ocrx_word' id='word_1_556' title='bbox 2359 936 2771 1001; x_wconf 86' lang='lat' dir='ltr'><strong>mercenarium,</strong></span> <span class='ocrx_word' id='word_1_557' title='bbox 2797 935 3096 990; x_wconf 89' lang='lat' dir='ltr'><strong>audivimus</strong></span> <span class='ocrx_word' id='word_1_558' title='bbox 3122 941 3177 988; x_wconf 89' lang='lat' dir='ltr'><strong>et</strong></span> <span class='ocrx_word' id='word_1_559' title='bbox 3200 931 3380 1000; x_wconf 90' lang='lat' dir='ltr'><strong>lupum</strong></span> <span class='ocrx_word' id='word_1_560' title='bbox 3409 947 3422 984; x_wconf 93' lang='lat'><strong>:</strong></span> <span class='ocrx_word' id='word_1_561' title='bbox 3453 928 3568 984; x_wconf 91' lang='lat' dir='ltr'><strong>heri</strong></span> <span class='ocrx_word' id='word_1_562' title='bbox 3595 943 3692 983; x_wconf 89' lang='lat' dir='ltr'><strong>no-</strong></span> 
     </span>
    </p>
   </div>
   <div class='ocr_carea' id='block_1_69' title="bbox 2103 1021 3694 1093">
    <p class='ocr_par' dir='ltr' id='par_1_69' title="bbox 2103 1021 3694 1093">
     <span class='ocr_line' id='line_1_69' title="bbox 2103 1021 3694 1093; baseline -0.008 -8"><span class='ocrx_word' id='word_1_563' title='bbox 2103 1031 2340 1085; x_wconf 86' lang='lat' dir='ltr'><strong>minatus</strong></span> <span class='ocrx_word' id='word_1_564' title='bbox 2367 1037 2451 1085; x_wconf 90' lang='lat' dir='ltr'><strong>est</strong></span> <span class='ocrx_word' id='word_1_565' title='bbox 2487 1038 2543 1084; x_wconf 91' lang='lat' dir='ltr'><strong>et</strong></span> <span class='ocrx_word' id='word_1_566' title='bbox 2577 1028 2850 1085; x_wconf 85' lang='lat' dir='ltr'><strong>ostiarius.</strong></span> <span class='ocrx_word' id='word_1_567' title='bbox 2893 1026 2952 1081; x_wconf 92' lang='lat' dir='ltr'><strong>ln</strong></span> <span class='ocrx_word' id='word_1_568' title='bbox 2995 1025 3149 1081; x_wconf 86' lang='lat' dir='ltr'><strong>bonis</strong></span> <span class='ocrx_word' id='word_1_569' title='bbox 3186 1037 3314 1093; x_wconf 87' lang='lat' dir='ltr'><strong>ergo</strong></span> <span class='ocrx_word' id='word_1_570' title='bbox 3348 1021 3541 1076; x_wconf 88' lang='lat' dir='ltr'><strong>ostium</strong></span> <span class='ocrx_word' id='word_1_571' title='bbox 3571 1027 3694 1087; x_wconf 87' lang='lat' dir='ltr'><strong>est,</strong></span> 
     </span>
    </p>
   </div>
   <div class='ocr_carea' id='block_1_70' title="bbox 2103 1113 3695 1192">
    <p class='ocr_par' dir='ltr' id='par_1_70' title="bbox 2103 1113 3695 1192">
     <span class='ocr_line' id='line_1_70' title="bbox 2103 1113 3695 1192; baseline -0.007 -15"><span class='ocrx_word' id='word_1_572' title='bbox 2103 1123 2382 1188; x_wconf 90' lang='lat' dir='ltr'><strong>ostiarius,</strong></span> <span class='ocrx_word' id='word_1_573' title='bbox 2413 1128 2597 1192; x_wconf 87' lang='lat' dir='ltr'><strong>pastor</strong></span> <span class='ocrx_word' id='word_1_574' title='bbox 2619 1129 2675 1176; x_wconf 91' lang='lat' dir='ltr'><strong>et</strong></span> <span class='ocrx_word' id='word_1_575' title='bbox 2700 1134 2828 1175; x_wconf 86' lang='lat' dir='ltr'><strong>oves</strong></span> <span class='ocrx_word' id='word_1_576' title='bbox 2854 1136 2868 1173; x_wconf 89' lang='lat'><strong>:</strong></span> <span class='ocrx_word' id='word_1_577' title='bbox 2901 1119 2955 1173; x_wconf 88' lang='lat' dir='ltr'><strong>in</strong></span> <span class='ocrx_word' id='word_1_578' title='bbox 2994 1117 3149 1171; x_wconf 89' lang='lat' dir='ltr'><strong>malis</strong></span> <span class='ocrx_word' id='word_1_579' title='bbox 3174 1113 3318 1170; x_wconf 86' lang='lat' dir='ltr'><strong>fures</strong></span> <span class='ocrx_word' id='word_1_580' title='bbox 3343 1122 3399 1169; x_wconf 86' lang='lat' dir='ltr'><strong>et</strong></span> <span class='ocrx_word' id='word_1_581' title='bbox 3423 1113 3695 1176; x_wconf 85' lang='lat' dir='ltr'><strong>latrones,</strong></span> 
     </span>
    </p>
   </div>
   <div class='ocr_carea' id='block_1_71' title="bbox 2105 1214 2662 1284">
    <p class='ocr_par' dir='ltr' id='par_1_71' title="bbox 2105 1214 2662 1284">
     <span class='ocr_line' id='line_1_71' title="bbox 2105 1214 2662 1284; baseline -0.007 -14"><span class='ocrx_word' id='word_1_582' title='bbox 2105 1214 2450 1280; x_wconf 84' lang='lat' dir='ltr'><strong>mercenarii,</strong></span> <span class='ocrx_word' id='word_1_583' title='bbox 2485 1214 2662 1284; x_wconf 91' lang='lat' dir='ltr'><strong>lupus.</strong></span> 
     </span>
    </p>
   </div>
   <div class='ocr_carea' id='block_1_72' title="bbox 2174 1299 3713 1370">
    <p class='ocr_par' dir='ltr' id='par_1_72' title="bbox 2174 1299 3713 1370">
     <span class='ocr_line' id='line_1_72' title="bbox 2174 1299 3713 1370; baseline -0.008 -9"><span class='ocrx_word' id='word_1_584' title='bbox 2174 1306 2230 1361; x_wconf 73' lang='lat'><strong>2.</strong></span> <span class='ocrx_word' id='word_1_585' title='bbox 2259 1306 2464 1361; x_wconf 91' lang='lat' dir='ltr'><strong>Ostium</strong></span> <span class='ocrx_word' id='word_1_586' title='bbox 2488 1303 2772 1359; x_wconf 90' lang='lat' dir='ltr'><strong>Dominum</strong></span> <span class='ocrx_word' id='word_1_587' title='bbox 2791 1302 3062 1358; x_wconf 88' lang='lat' dir='ltr'><strong>Christum</strong></span> <span class='ocrx_word' id='word_1_588' title='bbox 3083 1299 3396 1370; x_wconf 85' lang='lat' dir='ltr'><strong>accipimus,</strong></span> <span class='ocrx_word' id='word_1_589' title='bbox 3425 1303 3713 1367; x_wconf 84' lang='lat' dir='ltr'><strong>pastorem-</strong></span> 
     </span>
    </p>
   </div>
   <div class='ocr_carea' id='block_1_73' title="bbox 2104 1389 3702 1468">
    <p class='ocr_par' dir='ltr' id='par_1_73' title="bbox 2104 1389 3702 1468">
     <span class='ocr_line' id='line_1_73' title="bbox 2104 1389 3702 1468; baseline -0.009 -14"><span class='ocrx_word' id='word_1_590' title='bbox 2104 1398 2316 1468; x_wconf 88' lang='lat' dir='ltr'><strong>ipsum:</strong></span> <span class='ocrx_word' id='word_1_591' title='bbox 2346 1396 2622 1451; x_wconf 89' lang='lat' dir='ltr'><strong>ostiarium</strong></span> <span class='ocrx_word' id='word_1_592' title='bbox 2663 1393 2855 1464; x_wconf 87' lang='lat' dir='ltr'><strong>quem?</strong></span> <span class='ocrx_word' id='word_1_593' title='bbox 2885 1392 3012 1448; x_wconf 76' lang='lat' dir='ltr'><strong>Hzec</strong></span> <span class='ocrx_word' id='word_1_594' title='bbox 3047 1391 3192 1447; x_wconf 89' lang='lat' dir='ltr'><strong>enim</strong></span> <span class='ocrx_word' id='word_1_595' title='bbox 3236 1389 3343 1444; x_wconf 87' lang='lat' dir='ltr'><strong>duo</strong></span> <span class='ocrx_word' id='word_1_596' title='bbox 3385 1389 3500 1458; x_wconf 79' lang='lat' dir='ltr'><strong>ipse</strong></span> <span class='ocrx_word' id='word_1_597' title='bbox 3527 1402 3702 1456; x_wconf 88' lang='lat' dir='ltr'><strong>expo-</strong></span> 
     </span>
    </p>
   </div>
   <div class='ocr_carea' id='block_1_74' title="bbox 2107 1477 3705 1555">
    <p class='ocr_par' dir='ltr' id='par_1_74' title="bbox 2107 1477 3705 1555">
     <span class='ocr_line' id='line_1_74' title="bbox 2107 1477 3705 1555; baseline -0.008 -11"><span class='ocrx_word' id='word_1_598' title='bbox 2107 1489 2540 1554; x_wconf 89' lang='lat' dir='ltr'><strong>suit;ostiarium</strong></span> <span class='ocrx_word' id='word_1_599' title='bbox 2567 1484 2720 1540; x_wconf 86' lang='lat' dir='ltr'><strong>nobis</strong></span> <span class='ocrx_word' id='word_1_600' title='bbox 2745 1483 2956 1555; x_wconf 90' lang='lat' dir='ltr'><strong>reliquit</strong></span> <span class='ocrx_word' id='word_1_601' title='bbox 2985 1481 3349 1554; x_wconf 63' lang='lat' dir='ltr'><strong>quaerendum.</strong></span> <span class='ocrx_word' id='word_1_602' title='bbox 3376 1479 3445 1534; x_wconf 84' lang='lat' dir='ltr'><strong>Et</strong></span> <span class='ocrx_word' id='word_1_603' title='bbox 3471 1477 3604 1549; x_wconf 90' lang='lat' dir='ltr'><strong>quid</strong></span> <span class='ocrx_word' id='word_1_604' title='bbox 3625 1477 3705 1531; x_wconf 87' lang='lat' dir='ltr'><strong>ait</strong></span> 
     </span>
    </p>
   </div>
   <div class='ocr_carea' id='block_1_75' title="bbox 2107 1566 3716 1646">
    <p class='ocr_par' dir='ltr' id='par_1_75' title="bbox 2107 1566 3716 1646">
     <span class='ocr_line' id='line_1_75' title="bbox 2107 1566 3716 1646; baseline -0.008 -14"><span class='ocrx_word' id='word_1_605' title='bbox 2107 1578 2176 1634; x_wconf 91' lang='lat' dir='ltr'><strong>de</strong></span> <span class='ocrx_word' id='word_1_606' title='bbox 2205 1577 2462 1633; x_wconf 89' lang='lat' dir='ltr'><strong>ostiario?</strong></span> <span class='ocrx_word' id='word_1_607' title='bbox 2491 1575 2662 1643; x_wconf 68' lang='lat' dir='ltr'><strong>Huic,</strong></span> <span class='ocrx_word' id='word_1_608' title='bbox 2682 1575 2873 1646; x_wconf 90' lang='lat' dir='ltr'><strong>inquit,</strong></span> <span class='ocrx_word' id='word_1_609' title='bbox 2903 1573 3137 1627; x_wconf 77' lang='lat' dir='ltr'><strong>ostiarius</strong></span> <span class='ocrx_word' id='word_1_610' title='bbox 3161 1571 3343 1640; x_wconf 87' lang='lat' dir='ltr'><strong>aperit.</strong></span> <span class='ocrx_word' id='word_1_611' title='bbox 3366 1568 3465 1622; x_wconf 93' lang='lat' dir='ltr'><strong>Cui</strong></span> <span class='ocrx_word' id='word_1_612' title='bbox 3490 1567 3660 1638; x_wconf 91' lang='lat' dir='ltr'><strong>aperit</strong></span> <span class='ocrx_word' id='word_1_613' title='bbox 3678 1566 3716 1618; x_wconf 71' lang='grc' dir='ltr'><em>Τ</em></span> 
     </span>
    </p>
   </div>
   <div class='ocr_carea' id='block_1_76' title="bbox 2109 1658 3718 1735">
    <p class='ocr_par' dir='ltr' id='par_1_76' title="bbox 2109 1658 3718 1735">
     <span class='ocr_line' id='line_1_76' title="bbox 2109 1658 3718 1735; baseline -0.007 -12"><span class='ocrx_word' id='word_1_614' title='bbox 2109 1669 2335 1723; x_wconf 88' lang='lat' dir='ltr'><strong>Pastori.</strong></span> <span class='ocrx_word' id='word_1_615' title='bbox 2358 1665 2494 1732; x_wconf 87' lang='lat' dir='ltr'><strong>Quid</strong></span> <span class='ocrx_word' id='word_1_616' title='bbox 2512 1667 2682 1735; x_wconf 90' lang='lat' dir='ltr'><strong>aperit</strong></span> <span class='ocrx_word' id='word_1_617' title='bbox 2700 1664 2933 1735; x_wconf 85' lang='lat' dir='ltr'><strong>pastori?</strong></span> <span class='ocrx_word' id='word_1_618' title='bbox 2954 1662 3178 1717; x_wconf 83' lang='lat' dir='ltr'><strong>Ostium.</strong></span> <span class='ocrx_word' id='word_1_619' title='bbox 3203 1661 3270 1714; x_wconf 85' lang='lat' dir='ltr'><strong>Et</strong></span> <span class='ocrx_word' id='word_1_620' title='bbox 3286 1660 3404 1730; x_wconf 86' lang='lat' dir='ltr'><strong>quis</strong></span> <span class='ocrx_word' id='word_1_621' title='bbox 3423 1668 3505 1713; x_wconf 90' lang='lat' dir='ltr'><strong>est</strong></span> <span class='ocrx_word' id='word_1_622' title='bbox 3522 1658 3718 1728; x_wconf 90' lang='lat' dir='ltr'><strong>ipsum-</strong></span> 
     </span>
    </p>
   </div>
   <div class='ocr_carea' id='block_1_77' title="bbox 2108 1747 3722 1826">
    <p class='ocr_par' dir='ltr' id='par_1_77' title="bbox 2108 1747 3722 1826">
     <span class='ocr_line' id='line_1_77' title="bbox 2108 1747 3722 1826; baseline -0.006 -14"><span class='ocrx_word' id='word_1_623' title='bbox 2108 1758 2343 1813; x_wconf 81' lang='lat' dir='ltr'><strong>ostiuni?</strong></span> <span class='ocrx_word' id='word_1_624' title='bbox 2373 1756 2490 1826; x_wconf 89' lang='lat' dir='ltr'><strong>Ipse</strong></span> <span class='ocrx_word' id='word_1_625' title='bbox 2519 1765 2721 1825; x_wconf 88' lang='lat' dir='ltr'><strong>pastor.</strong></span> <span class='ocrx_word' id='word_1_626' title='bbox 2753 1752 3019 1822; x_wconf 83' lang='lat' dir='ltr'><strong>Numquid</strong></span> <span class='ocrx_word' id='word_1_627' title='bbox 3039 1794 3065 1820; x_wconf 78' lang='lat'><strong>,</strong></span> <span class='ocrx_word' id='word_1_628' title='bbox 3084 1752 3129 1806; x_wconf 91' lang='lat' dir='ltr'><strong>si</strong></span> <span class='ocrx_word' id='word_1_629' title='bbox 3174 1751 3431 1805; x_wconf 88' lang='lat' dir='ltr'><strong>Dominus</strong></span> <span class='ocrx_word' id='word_1_630' title='bbox 3452 1747 3722 1803; x_wconf 84' lang='lat' dir='ltr'><strong>Christus-</strong></span> 
     </span>
    </p>
   </div>
   <div class='ocr_carea' id='block_1_78' title="bbox 2110 1839 3720 1916">
    <p class='ocr_par' dir='ltr' id='par_1_78' title="bbox 2110 1839 3720 1916">
     <span class='ocr_line' id='line_1_78' title="bbox 2110 1839 3720 1916; baseline -0.006 -14"><span class='ocrx_word' id='word_1_631' title='bbox 2110 1864 2216 1903; x_wconf 90' lang='lat' dir='ltr'><strong>non</strong></span> <span class='ocrx_word' id='word_1_632' title='bbox 2244 1848 2613 1916; x_wconf 77' lang='lat' dir='ltr'><strong>exposuisset,</strong></span> <span class='ocrx_word' id='word_1_633' title='bbox 2645 1861 2749 1900; x_wconf 91' lang='lat' dir='ltr'><strong>non</strong></span> <span class='ocrx_word' id='word_1_634' title='bbox 2777 1845 2894 1913; x_wconf 90' lang='lat' dir='ltr'><strong>ipse</strong></span> <span class='ocrx_word' id='word_1_635' title='bbox 2928 1843 3180 1907; x_wconf 81' lang='lat' dir='ltr'><strong>dixisset,</strong></span> <span class='ocrx_word' id='word_1_636' title='bbox 3227 1839 3341 1912; x_wconf 86' lang='lat' dir='ltr'><strong>Ego</strong></span> <span class='ocrx_word' id='word_1_637' title='bbox 3364 1856 3474 1893; x_wconf 85' lang='lat' dir='ltr'><strong>sum</strong></span> <span class='ocrx_word' id='word_1_638' title='bbox 3503 1847 3720 1908; x_wconf 85' lang='lat' dir='ltr'><strong>pastor,.</strong></span> 
     </span>
    </p>
   </div>
   <div class='ocr_carea' id='block_1_79' title="bbox 2110 1930 3722 2008">
    <p class='ocr_par' dir='ltr' id='par_1_79' title="bbox 2110 1930 3722 2008">
     <span class='ocr_line' id='line_1_79' title="bbox 2110 1930 3722 2008; baseline -0.007 -14"><span class='ocrx_word' id='word_1_639' title='bbox 2110 1948 2184 2004; x_wconf 87' lang='lat' dir='ltr'><strong>et,</strong></span> <span class='ocrx_word' id='word_1_640' title='bbox 2219 1937 2328 2008; x_wconf 82' lang='lat' dir='ltr'><strong>Ego</strong></span> <span class='ocrx_word' id='word_1_641' title='bbox 2355 1955 2466 1991; x_wconf 84' lang='lat' dir='ltr'><strong>smn</strong></span> <span class='ocrx_word' id='word_1_642' title='bbox 2492 1938 2674 1990; x_wconf 88' lang='lat' dir='ltr'><strong>ostium</strong></span> <span class='ocrx_word' id='word_1_643' title='bbox 2703 1935 2883 2006; x_wconf 89' lang='lat' dir='ltr'><strong>(Joan.</strong></span> <span class='ocrx_word' id='word_1_644' title='bbox 2912 1951 2964 1999; x_wconf 90' lang='lat' dir='ltr'><strong>x,</strong></span> <span class='ocrx_word' id='word_1_645' title='bbox 2995 1935 3048 1999; x_wconf 84' lang='grc'>5,</span> <span class='ocrx_word' id='word_1_646' title='bbox 3076 1932 3397 2004; x_wconf 88' lang='lat' dir='ltr'><strong>9),.auderet</strong></span> <span class='ocrx_word' id='word_1_647' title='bbox 3421 1930 3722 2000; x_wconf 55' lang='lat' dir='ltr'><strong>quisquam:</strong></span> 
     </span>
    </p>
   </div>
   <div class='ocr_carea' id='block_1_80' title="bbox 2111 2027 3721 2100">
    <p class='ocr_par' dir='ltr' id='par_1_80' title="bbox 2111 2027 3721 2100">
     <span class='ocr_line' id='line_1_80' title="bbox 2111 2027 3721 2100; baseline -0.005 -14"><span class='ocrx_word' id='word_1_648' title='bbox 2111 2042 2350 2087; x_wconf 90' lang='lat' dir='ltr'><strong>nostrum</strong></span> <span class='ocrx_word' id='word_1_649' title='bbox 2393 2031 2573 2086; x_wconf 89' lang='lat' dir='ltr'><strong>dicere</strong></span> <span class='ocrx_word' id='word_1_650' title='bbox 2612 2029 2753 2100; x_wconf 88' lang='lat' dir='ltr'><strong>quod</strong></span> <span class='ocrx_word' id='word_1_651' title='bbox 2795 2030 2910 2099; x_wconf 86' lang='lat' dir='ltr'><strong>ipse</strong></span> <span class='ocrx_word' id='word_1_652' title='bbox 2944 2028 3188 2082; x_wconf 80' lang='lat' dir='ltr'><strong>Christus</strong></span> <span class='ocrx_word' id='word_1_653' title='bbox 3226 2027 3295 2080; x_wconf 91' lang='lat' dir='ltr'><strong>sit</strong></span> <span class='ocrx_word' id='word_1_654' title='bbox 3331 2034 3386 2080; x_wconf 91' lang='lat' dir='ltr'><strong>et</strong></span> <span class='ocrx_word' id='word_1_655' title='bbox 3424 2033 3606 2095; x_wconf 86' lang='lat' dir='ltr'><strong>pastor</strong></span> <span class='ocrx_word' id='word_1_656' title='bbox 3647 2033 3721 2079; x_wconf 44' lang='lat' dir='ltr'><strong>et.</strong></span> 
     </span>
    </p>
   </div>
   <div class='ocr_carea' id='block_1_81' title="bbox 2111 2114 3720 2190">
    <p class='ocr_par' dir='ltr' id='par_1_81' title="bbox 2111 2114 3720 2190">
     <span class='ocr_line' id='line_1_81' title="bbox 2111 2114 3720 2190; baseline -0.006 -14"><span class='ocrx_word' id='word_1_657' title='bbox 2111 2123 2339 2177; x_wconf 90' lang='lat' dir='ltr'><strong>ostium?</strong></span> <span class='ocrx_word' id='word_1_658' title='bbox 2368 2120 2426 2176; x_wconf 90' lang='lat' dir='ltr'><strong>Si</strong></span> <span class='ocrx_word' id='word_1_659' title='bbox 2454 2121 2594 2176; x_wconf 91' lang='lat' dir='ltr'><strong>enim</strong></span> <span class='ocrx_word' id='word_1_660' title='bbox 2625 2121 2856 2186; x_wconf 86' lang='lat' dir='ltr'><strong>diceret,</strong></span> <span class='ocrx_word' id='word_1_661' title='bbox 2892 2118 3001 2190; x_wconf 84' lang='lat' dir='ltr'><strong>Ego</strong></span> <span class='ocrx_word' id='word_1_662' title='bbox 3030 2134 3142 2172; x_wconf 86' lang='lat' dir='ltr'><strong>sum</strong></span> <span class='ocrx_word' id='word_1_663' title='bbox 3177 2125 3369 2188; x_wconf 79' lang='lat' dir='ltr'><strong>pastor,</strong></span> <span class='ocrx_word' id='word_1_664' title='bbox 3401 2125 3452 2170; x_wconf 87' lang='lat' dir='ltr'><strong>et</strong></span> <span class='ocrx_word' id='word_1_665' title='bbox 3481 2129 3587 2168; x_wconf 91' lang='lat' dir='ltr'><strong>non</strong></span> <span class='ocrx_word' id='word_1_666' title='bbox 3614 2114 3720 2168; x_wconf 56' lang='lat' dir='ltr'><strong>di-»</strong></span> 
     </span>
    </p>
   </div>
   <div class='ocr_carea' id='block_1_82' title="bbox 2112 2203 3721 2284">
    <p class='ocr_par' dir='ltr' id='par_1_82' title="bbox 2112 2203 3721 2284">
     <span class='ocr_line' id='line_1_82' title="bbox 2112 2203 3721 2284; baseline -0.006 -17"><span class='ocrx_word' id='word_1_667' title='bbox 2112 2221 2291 2278; x_wconf 90' lang='lat' dir='ltr'><strong>ceret,</strong></span> <span class='ocrx_word' id='word_1_668' title='bbox 2329 2210 2442 2284; x_wconf 83' lang='lat' dir='ltr'><strong>Ego</strong></span> <span class='ocrx_word' id='word_1_669' title='bbox 2473 2228 2586 2266; x_wconf 85' lang='lat' dir='ltr'><strong>sum</strong></span> <span class='ocrx_word' id='word_1_670' title='bbox 2611 2211 2825 2275; x_wconf 84' lang='lat' dir='ltr'><strong>ostium;</strong></span> <span class='ocrx_word' id='word_1_671' title='bbox 2851 2207 3125 2279; x_wconf 63' lang='lat' dir='ltr'><strong>qumsitnri</strong></span> <span class='ocrx_word' id='word_1_672' title='bbox 3155 2220 3368 2262; x_wconf 91' lang='lat' dir='ltr'><strong>eramus</strong></span> <span class='ocrx_word' id='word_1_673' title='bbox 3393 2203 3519 2274; x_wconf 90' lang='lat' dir='ltr'><strong>quid</strong></span> <span class='ocrx_word' id='word_1_674' title='bbox 3557 2212 3721 2258; x_wconf 62' lang='lat' dir='ltr'><strong>esset“</strong></span> 
     </span>
    </p>
   </div>
   <div class='ocr_carea' id='block_1_83' title="bbox 2113 2295 3721 2370">
    <p class='ocr_par' dir='ltr' id='par_1_83' title="bbox 2113 2295 3721 2370">
     <span class='ocr_line' id='line_1_83' title="bbox 2113 2295 3721 2370; baseline -0.007 -13"><span class='ocrx_word' id='word_1_675' title='bbox 2113 2303 2342 2365; x_wconf 91' lang='lat' dir='ltr'><strong>ostium,</strong></span> <span class='ocrx_word' id='word_1_676' title='bbox 2374 2311 2427 2358; x_wconf 92' lang='lat' dir='ltr'><strong>et</strong></span> <span class='ocrx_word' id='word_1_677' title='bbox 2467 2302 2602 2356; x_wconf 87' lang='lat' dir='ltr'><strong>forte</strong></span> <span class='ocrx_word' id='word_1_678' title='bbox 2641 2301 2783 2354; x_wconf 90' lang='lat' dir='ltr'><strong>aliud</strong></span> <span class='ocrx_word' id='word_1_679' title='bbox 2828 2306 3074 2370; x_wconf 89' lang='lat' dir='ltr'><strong>putantes</strong></span> <span class='ocrx_word' id='word_1_680' title='bbox 3115 2305 3238 2350; x_wconf 91' lang='lat' dir='ltr'><strong>ante</strong></span> <span class='ocrx_word' id='word_1_681' title='bbox 3265 2295 3461 2351; x_wconf 89' lang='lat' dir='ltr'><strong>ostium</strong></span> <span class='ocrx_word' id='word_1_682' title='bbox 3491 2307 3721 2349; x_wconf 72' lang='lat' dir='ltr'><strong>reman-</strong></span> 
     </span>
    </p>
   </div>
   <div class='ocr_carea' id='block_1_84' title="bbox 2115 2385 3708 2455">
    <p class='ocr_par' dir='ltr' id='par_1_84' title="bbox 2115 2385 3708 2455">
     <span class='ocr_line' id='line_1_84' title="bbox 2115 2385 3708 2455; baseline -0.008 -7"><span class='ocrx_word' id='word_1_683' title='bbox 2115 2394 2247 2448; x_wconf 91' lang='lat' dir='ltr'><strong>suri.</strong></span> <span class='ocrx_word' id='word_1_684' title='bbox 2290 2393 2469 2448; x_wconf 83' lang='lat' dir='ltr'><strong>Gratia</strong></span> <span class='ocrx_word' id='word_1_685' title='bbox 2496 2392 2637 2446; x_wconf 85' lang='lat' dir='ltr'><strong>illius</strong></span> <span class='ocrx_word' id='word_1_686' title='bbox 2672 2399 2728 2445; x_wconf 93' lang='lat' dir='ltr'><strong>et</strong></span> <span class='ocrx_word' id='word_1_687' title='bbox 2756 2388 3118 2445; x_wconf 78' lang='lat' dir='ltr'><strong>misericordia</strong></span> <span class='ocrx_word' id='word_1_688' title='bbox 3147 2387 3300 2442; x_wconf 89' lang='lat' dir='ltr'><strong>nobis</strong></span> <span class='ocrx_word' id='word_1_689' title='bbox 3335 2385 3580 2455; x_wconf 76' lang='lat' dir='ltr'><strong>exposuit</strong></span> <span class='ocrx_word' id='word_1_690' title='bbox 3608 2398 3708 2452; x_wconf 89' lang='lat' dir='ltr'><strong>pa-</strong></span> 
     </span>
    </p>
   </div>
   <div class='ocr_carea' id='block_1_85' title="bbox 2115 2477 3709 2552">
    <p class='ocr_par' dir='ltr' id='par_1_85' title="bbox 2115 2477 3709 2552">
     <span class='ocr_line' id='line_1_85' title="bbox 2115 2477 3709 2552; baseline -0.005 -15"><span class='ocrx_word' id='word_1_691' title='bbox 2115 2493 2350 2550; x_wconf 87' lang='lat' dir='ltr'><strong>storem,</strong></span> <span class='ocrx_word' id='word_1_692' title='bbox 2405 2484 2639 2552; x_wconf 89' lang='lat' dir='ltr'><strong>seipsum</strong></span> <span class='ocrx_word' id='word_1_693' title='bbox 2684 2481 2850 2546; x_wconf 81' lang='lat' dir='ltr'><strong>dixit;</strong></span> <span class='ocrx_word' id='word_1_694' title='bbox 2903 2480 3149 2550; x_wconf 81' lang='lat' dir='ltr'><strong>exposuit</strong></span> <span class='ocrx_word' id='word_1_695' title='bbox 3195 2479 3418 2540; x_wconf 90' lang='lat' dir='ltr'><strong>ostium,</strong></span> <span class='ocrx_word' id='word_1_696' title='bbox 3469 2477 3709 2546; x_wconf 89' lang='lat' dir='ltr'><strong>seipsum</strong></span> 
     </span>
    </p>
   </div>
   <div class='ocr_carea' id='block_1_86' title="bbox 2115 2569 3721 2645">
    <p class='ocr_par' dir='ltr' id='par_1_86' title="bbox 2115 2569 3721 2645">
     <span class='ocr_line' id='line_1_86' title="bbox 2115 2569 3721 2645; baseline -0.004 -14"><span class='ocrx_word' id='word_1_697' title='bbox 2115 2576 2250 2631; x_wconf 78' lang='lat' dir='ltr'><strong>dixit</strong></span> <span class='ocrx_word' id='word_1_698' title='bbox 2288 2594 2301 2630; x_wconf 91' lang='lat'>:</span> <span class='ocrx_word' id='word_1_699' title='bbox 2348 2577 2624 2630; x_wconf 89' lang='lat' dir='ltr'><strong>ostiarium</strong></span> <span class='ocrx_word' id='word_1_700' title='bbox 2668 2574 3011 2645; x_wconf 70' lang='lat' dir='ltr'><strong>qumrcndum</strong></span> <span class='ocrx_word' id='word_1_701' title='bbox 3059 2573 3214 2627; x_wconf 78' lang='lat' dir='ltr'><strong>nobis</strong></span> <span class='ocrx_word' id='word_1_702' title='bbox 3260 2570 3492 2640; x_wconf 86' lang='lat' dir='ltr'><strong>reliquit.</strong></span> <span class='ocrx_word' id='word_1_703' title='bbox 3535 2569 3721 2637; x_wconf 50' lang='lat' dir='ltr'><strong>Quem.</strong></span> 
     </span>
    </p>
   </div>
   <div class='ocr_carea' id='block_1_87' title="bbox 2116 2663 3705 2731">
    <p class='ocr_par' dir='ltr' id='par_1_87' title="bbox 2116 2663 3705 2731">
     <span class='ocr_line' id='line_1_87' title="bbox 2116 2663 3705 2731; baseline -0.004 -7"><span class='ocrx_word' id='word_1_704' title='bbox 2116 2684 2214 2724; x_wconf 91' lang='lat' dir='ltr'><strong>nos</strong></span> <span class='ocrx_word' id='word_1_705' title='bbox 2236 2668 2430 2724; x_wconf 91' lang='lat' dir='ltr'><strong>dicturi</strong></span> <span class='ocrx_word' id='word_1_706' title='bbox 2460 2683 2644 2724; x_wconf 89' lang='lat' dir='ltr'><strong>sumus</strong></span> <span class='ocrx_word' id='word_1_707' title='bbox 2668 2666 2979 2722; x_wconf 88' lang='lat' dir='ltr'><strong>ostiarium?</strong></span> <span class='ocrx_word' id='word_1_708' title='bbox 3003 2665 3304 2731; x_wconf 88' lang='lat' dir='ltr'><strong>Quemlibet</strong></span> <span class='ocrx_word' id='word_1_709' title='bbox 3323 2663 3705 2726; x_wconf 87' lang='lat' dir='ltr'><strong>invenerimus,</strong></span> 
     </span>
    </p>
   </div>
   <div class='ocr_carea' id='block_1_88' title="bbox 2115 2755 3709 2828">
    <p class='ocr_par' dir='ltr' id='par_1_88' title="bbox 2115 2755 3709 2828">
     <span class='ocr_line' id='line_1_88' title="bbox 2115 2755 3709 2828; baseline -0.005 -14"><span class='ocrx_word' id='word_1_710' title='bbox 2115 2760 2410 2814; x_wconf 84' lang='lat' dir='ltr'><strong>cavendum</strong></span> <span class='ocrx_word' id='word_1_711' title='bbox 2466 2768 2549 2814; x_wconf 91' lang='lat' dir='ltr'><strong>est</strong></span> <span class='ocrx_word' id='word_1_712' title='bbox 2599 2775 2667 2814; x_wconf 93' lang='lat' dir='ltr'><strong>ne</strong></span> <span class='ocrx_word' id='word_1_713' title='bbox 2718 2758 2890 2828; x_wconf 89' lang='lat' dir='ltr'><strong>major</strong></span> <span class='ocrx_word' id='word_1_714' title='bbox 2939 2757 3273 2813; x_wconf 79' lang='lat' dir='ltr'><strong>existimetur</strong></span> <span class='ocrx_word' id='word_1_715' title='bbox 3320 2770 3478 2824; x_wconf 91' lang='lat' dir='ltr'><strong>quam</strong></span> <span class='ocrx_word' id='word_1_716' title='bbox 3531 2755 3709 2823; x_wconf 87' lang='lat' dir='ltr'><strong>ipsum</strong></span> 
     </span>
    </p>
   </div>
   <div class='ocr_carea' id='block_1_89' title="bbox 2116 2845 3711 2920">
    <p class='ocr_par' dir='ltr' id='par_1_89' title="bbox 2116 2845 3711 2920">
     <span class='ocr_line' id='line_1_89' title="bbox 2116 2845 3711 2920; baseline -0.003 -15"><span class='ocrx_word' id='word_1_717' title='bbox 2116 2851 2342 2916; x_wconf 89' lang='lat' dir='ltr'><strong>ostium;</strong></span> <span class='ocrx_word' id='word_1_718' title='bbox 2385 2851 2505 2920; x_wconf 89' lang='lat' dir='ltr'><strong>quia</strong></span> <span class='ocrx_word' id='word_1_719' title='bbox 2549 2851 2798 2906; x_wconf 89' lang='lat' dir='ltr'><strong>ostiarius</strong></span> <span class='ocrx_word' id='word_1_720' title='bbox 2840 2849 2896 2903; x_wconf 85' lang='lat' dir='ltr'><strong>in</strong></span> <span class='ocrx_word' id='word_1_721' title='bbox 2939 2848 3186 2904; x_wconf 90' lang='lat' dir='ltr'><strong>domibus</strong></span> <span class='ocrx_word' id='word_1_722' title='bbox 3232 2847 3502 2901; x_wconf 91' lang='lat' dir='ltr'><strong>hominum</strong></span> <span class='ocrx_word' id='word_1_723' title='bbox 3533 2845 3711 2915; x_wconf 90' lang='lat' dir='ltr'><strong>major</strong></span> 
     </span>
    </p>
   </div>
   <div class='ocr_carea' id='block_1_90' title="bbox 2117 2937 3710 3006">
    <p class='ocr_par' dir='ltr' id='par_1_90' title="bbox 2117 2937 3710 3006">
     <span class='ocr_line' id='line_1_90' title="bbox 2117 2937 3710 3006; baseline -0.006 -8"><span class='ocrx_word' id='word_1_724' title='bbox 2117 2953 2200 2998; x_wconf 89' lang='lat' dir='ltr'><strong>est</strong></span> <span class='ocrx_word' id='word_1_725' title='bbox 2235 2944 2392 2998; x_wconf 89' lang='lat' dir='ltr'><strong>ostio.</strong></span> <span class='ocrx_word' id='word_1_726' title='bbox 2428 2943 2688 2998; x_wconf 90' lang='lat' dir='ltr'><strong>Ostiarius</strong></span> <span class='ocrx_word' id='word_1_727' title='bbox 2717 2943 2859 2996; x_wconf 90' lang='lat' dir='ltr'><strong>enim</strong></span> <span class='ocrx_word' id='word_1_728' title='bbox 2889 2942 3048 3006; x_wconf 92' lang='lat' dir='ltr'><strong>ostio,</strong></span> <span class='ocrx_word' id='word_1_729' title='bbox 3081 2954 3187 2997; x_wconf 87' lang='lat' dir='ltr'><strong>non</strong></span> <span class='ocrx_word' id='word_1_730' title='bbox 3217 2939 3412 2992; x_wconf 92' lang='lat' dir='ltr'><strong>ostium</strong></span> <span class='ocrx_word' id='word_1_731' title='bbox 3439 2937 3710 3006; x_wconf 60' lang='lat' dir='ltr'><strong>praeponi-</strong></span> 
     </span>
    </p>
   </div>
   <div class='ocr_carea' id='block_1_91' title="bbox 2119 3027 3726 3103">
    <p class='ocr_par' dir='ltr' id='par_1_91' title="bbox 2119 3027 3726 3103">
     <span class='ocr_line' id='line_1_91' title="bbox 2119 3027 3726 3103; baseline -0.005 -14"><span class='ocrx_word' id='word_1_732' title='bbox 2119 3045 2205 3090; x_wconf 93' lang='lat' dir='ltr'><strong>tur</strong></span> <span class='ocrx_word' id='word_1_733' title='bbox 2221 3036 2469 3098; x_wconf 86' lang='lat' dir='ltr'><strong>ostiario;</strong></span> <span class='ocrx_word' id='word_1_734' title='bbox 2496 3034 2616 3103; x_wconf 89' lang='lat' dir='ltr'><strong>quia</strong></span> <span class='ocrx_word' id='word_1_735' title='bbox 2638 3034 2884 3088; x_wconf 85' lang='lat' dir='ltr'><strong>ostiarius</strong></span> <span class='ocrx_word' id='word_1_736' title='bbox 2901 3032 3116 3095; x_wconf 86' lang='lat' dir='ltr'><strong>ostium,</strong></span> <span class='ocrx_word' id='word_1_737' title='bbox 3138 3045 3243 3084; x_wconf 91' lang='lat' dir='ltr'><strong>non</strong></span> <span class='ocrx_word' id='word_1_738' title='bbox 3265 3029 3456 3084; x_wconf 77' lang='lat' dir='ltr'><strong>ostium</strong></span> <span class='ocrx_word' id='word_1_739' title='bbox 3477 3027 3726 3082; x_wconf 72' lang='lat' dir='ltr'><strong>custodit</strong></span> 
     </span>
    </p>
   </div>
   <div class='ocr_carea' id='block_1_92' title="bbox 2117 3117 3708 3191">
    <p class='ocr_par' dir='ltr' id='par_1_92' title="bbox 2117 3117 3708 3191">
     <span class='ocr_line' id='line_1_92' title="bbox 2117 3117 3708 3191; baseline -0.006 -11"><span class='ocrx_word' id='word_1_740' title='bbox 2117 3125 2413 3180; x_wconf 90' lang='lat' dir='ltr'><strong>ostiarium.</strong></span> <span class='ocrx_word' id='word_1_741' title='bbox 2442 3123 2557 3178; x_wconf 90' lang='lat' dir='ltr'><strong>Non</strong></span> <span class='ocrx_word' id='word_1_742' title='bbox 2587 3124 2759 3178; x_wconf 84' lang='lat' dir='ltr'><strong>audeo</strong></span> <span class='ocrx_word' id='word_1_743' title='bbox 2787 3123 2966 3178; x_wconf 84' lang='lat' dir='ltr'><strong>dicere</strong></span> <span class='ocrx_word' id='word_1_744' title='bbox 2993 3122 3222 3191; x_wconf 90' lang='lat' dir='ltr'><strong>aliquem</strong></span> <span class='ocrx_word' id='word_1_745' title='bbox 3252 3119 3388 3174; x_wconf 90' lang='lat' dir='ltr'><strong>ostio</strong></span> <span class='ocrx_word' id='word_1_746' title='bbox 3415 3117 3708 3188; x_wconf 85' lang='lat' dir='ltr'><strong>majorem;</strong></span> 
     </span>
    </p>
   </div>
   <div class='ocr_carea' id='block_1_93' title="bbox 2119 3209 3729 3282">
    <p class='ocr_par' dir='ltr' id='par_1_93' title="bbox 2119 3209 3729 3282">
     <span class='ocr_line' id='line_1_93' title="bbox 2119 3209 3729 3282; baseline -0.004 -13"><span class='ocrx_word' id='word_1_747' title='bbox 2119 3215 2294 3269; x_wconf 87' lang='lat' dir='ltr'><strong>audivi</strong></span> <span class='ocrx_word' id='word_1_748' title='bbox 2321 3214 2464 3268; x_wconf 88' lang='lat' dir='ltr'><strong>enim</strong></span> <span class='ocrx_word' id='word_1_749' title='bbox 2490 3214 2598 3282; x_wconf 89' lang='lat' dir='ltr'><strong>jam</strong></span> <span class='ocrx_word' id='word_1_750' title='bbox 2627 3213 2752 3282; x_wconf 89' lang='lat' dir='ltr'><strong>quid</strong></span> <span class='ocrx_word' id='word_1_751' title='bbox 2793 3214 2863 3267; x_wconf 92' lang='lat' dir='ltr'><strong>sit</strong></span> <span class='ocrx_word' id='word_1_752' title='bbox 2887 3213 3081 3267; x_wconf 89' lang='lat' dir='ltr'><strong>ostium</strong></span> <span class='ocrx_word' id='word_1_753' title='bbox 3107 3229 3121 3264; x_wconf 91' lang='lat'>:</span> <span class='ocrx_word' id='word_1_754' title='bbox 3153 3227 3257 3264; x_wconf 82' lang='lat' dir='ltr'><strong>non</strong></span> <span class='ocrx_word' id='word_1_755' title='bbox 3298 3225 3383 3263; x_wconf 91' lang='lat' dir='ltr'><strong>me</strong></span> <span class='ocrx_word' id='word_1_756' title='bbox 3409 3209 3568 3274; x_wconf 90' lang='lat' dir='ltr'><strong>latet,</strong></span> <span class='ocrx_word' id='word_1_757' title='bbox 3599 3222 3729 3262; x_wconf 68' lang='lat' dir='ltr'><strong>non:</strong></span> 
     </span>
    </p>
   </div>
   <div class='ocr_carea' id='block_1_94' title="bbox 2121 3299 3715 3373">
    <p class='ocr_par' dir='ltr' id='par_1_94' title="bbox 2121 3299 3715 3373">
     <span class='ocr_line' id='line_1_94' title="bbox 2121 3299 3715 3373; baseline -0.005 -13"><span class='ocrx_word' id='word_1_758' title='bbox 2121 3320 2238 3360; x_wconf 90' lang='lat' dir='ltr'><strong>sum</strong></span> <span class='ocrx_word' id='word_1_759' title='bbox 2266 3305 2518 3359; x_wconf 92' lang='lat' dir='ltr'><strong>dimissus</strong></span> <span class='ocrx_word' id='word_1_760' title='bbox 2547 3304 2868 3373; x_wconf 67' lang='lat' dir='ltr'><strong>conjecturae</strong></span> <span class='ocrx_word' id='word_1_761' title='bbox 2890 3318 3043 3368; x_wconf 68' lang='lat' dir='ltr'><strong>mere,</strong></span> <span class='ocrx_word' id='word_1_762' title='bbox 3073 3317 3178 3356; x_wconf 88' lang='lat' dir='ltr'><strong>non</strong></span> <span class='ocrx_word' id='word_1_763' title='bbox 3209 3299 3336 3354; x_wconf 91' lang='lat' dir='ltr'><strong>mihi</strong></span> <span class='ocrx_word' id='word_1_764' title='bbox 3367 3299 3595 3354; x_wconf 88' lang='lat' dir='ltr'><strong>humana</strong></span> <span class='ocrx_word' id='word_1_765' title='bbox 3626 3308 3715 3353; x_wconf 88' lang='lat' dir='ltr'><strong>est</strong></span> 
     </span>
    </p>
   </div>
   <div class='ocr_carea' id='block_1_95' title="bbox 2120 3390 3732 3464">
    <p class='ocr_par' dir='ltr' id='par_1_95' title="bbox 2120 3390 3732 3464">
     <span class='ocr_line' id='line_1_95' title="bbox 2120 3390 3732 3464; baseline -0.004 -14"><span class='ocrx_word' id='word_1_766' title='bbox 2120 3395 2355 3450; x_wconf 87' lang='lat' dir='ltr'><strong>relaxata</strong></span> <span class='ocrx_word' id='word_1_767' title='bbox 2385 3394 2647 3464; x_wconf 90' lang='lat' dir='ltr'><strong>suspicio;</strong></span> <span class='ocrx_word' id='word_1_768' title='bbox 2695 3393 2834 3447; x_wconf 93' lang='lat' dir='ltr'><strong>Deus</strong></span> <span class='ocrx_word' id='word_1_769' title='bbox 2872 3393 3036 3459; x_wconf 83' lang='lat' dir='ltr'><strong>dixit,</strong></span> <span class='ocrx_word' id='word_1_770' title='bbox 3074 3391 3273 3447; x_wconf 89' lang='lat' dir='ltr'><strong>veritas</strong></span> <span class='ocrx_word' id='word_1_771' title='bbox 3311 3390 3470 3457; x_wconf 85' lang='lat' dir='ltr'><strong>dixit,</strong></span> <span class='ocrx_word' id='word_1_772' title='bbox 3514 3390 3732 3444; x_wconf 70' lang='lat' dir='ltr'><strong>mutari--</strong></span> 
     </span>
    </p>
   </div>
   <div class='ocr_carea' id='block_1_96' title="bbox 2121 3475 3156 3556">
    <p class='ocr_par' dir='ltr' id='par_1_96' title="bbox 2121 3475 3156 3556">
     <span class='ocr_line' id='line_1_96' title="bbox 2121 3475 3156 3556; baseline -0.005 -15"><span class='ocrx_word' id='word_1_773' title='bbox 2121 3503 2226 3541; x_wconf 89' lang='lat' dir='ltr'><strong>non</strong></span> <span class='ocrx_word' id='word_1_774' title='bbox 2259 3495 2434 3556; x_wconf 92' lang='lat' dir='ltr'><strong>potest</strong></span> <span class='ocrx_word' id='word_1_775' title='bbox 2461 3485 2602 3555; x_wconf 93' lang='lat' dir='ltr'><strong>quod</strong></span> <span class='ocrx_word' id='word_1_776' title='bbox 2627 3475 2972 3540; x_wconf 81' lang='lat' dir='ltr'><strong>immutabilis</strong></span> <span class='ocrx_word' id='word_1_777' title='bbox 3003 3484 3156 3540; x_wconf 85' lang='lat' dir='ltr'><strong>dixit.</strong></span> 
     </span>
    </p>
   </div>
   <div class='ocr_carea' id='block_1_97' title="bbox 2193 3571 3726 3647">
    <p class='ocr_par' dir='ltr' id='par_1_97' title="bbox 2193 3571 3726 3647">
     <span class='ocr_line' id='line_1_97' title="bbox 2193 3571 3726 3647; baseline -0.005 -13"><span class='ocrx_word' id='word_1_778' title='bbox 2193 3579 2244 3634; x_wconf 81' lang='lat'><strong>&#39;5.</strong></span> <span class='ocrx_word' id='word_1_779' title='bbox 2269 3577 2447 3632; x_wconf 91' lang='lat' dir='ltr'><strong>Dicam</strong></span> <span class='ocrx_word' id='word_1_780' title='bbox 2469 3593 2596 3647; x_wconf 90' lang='lat' dir='ltr'><strong>ergo</strong></span> <span class='ocrx_word' id='word_1_781' title='bbox 2619 3577 2670 3630; x_wconf 92' lang='lat' dir='ltr'><strong>in</strong></span> <span class='ocrx_word' id='word_1_782' title='bbox 2694 3576 2850 3645; x_wconf 90' lang='lat' dir='ltr'><strong>hujus</strong></span> <span class='ocrx_word' id='word_1_783' title='bbox 2873 3575 3230 3645; x_wconf 87' lang='lat' dir='ltr'><strong>profunditate</strong></span> <span class='ocrx_word' id='word_1_784' title='bbox 3251 3573 3559 3644; x_wconf 63' lang='lat' dir='ltr'><strong>quaestionis</strong></span> <span class='ocrx_word' id='word_1_785' title='bbox 3579 3571 3726 3643; x_wconf 73' lang='lat' dir='ltr'><strong>quid</strong></span> 
     </span>
    </p>
   </div>
   <div class='ocr_carea' id='block_1_98' title="bbox 2121 3665 3720 3738">
    <p class='ocr_par' dir='ltr' id='par_1_98' title="bbox 2121 3665 3720 3738">
     <span class='ocr_line' id='line_1_98' title="bbox 2121 3665 3720 3738; baseline -0.002 -15"><span class='ocrx_word' id='word_1_786' title='bbox 2121 3669 2250 3723; x_wconf 91' lang='lat' dir='ltr'><strong>mihi</strong></span> <span class='ocrx_word' id='word_1_787' title='bbox 2278 3667 2549 3722; x_wconf 85' lang='lat' dir='ltr'><strong>videatur:</strong></span> <span class='ocrx_word' id='word_1_788' title='bbox 2578 3669 2737 3738; x_wconf 89' lang='lat' dir='ltr'><strong>eligat</strong></span> <span class='ocrx_word' id='word_1_789' title='bbox 2761 3666 3121 3737; x_wconf 90' lang='lat' dir='ltr'><strong>unusquisque</strong></span> <span class='ocrx_word' id='word_1_790' title='bbox 3142 3666 3282 3737; x_wconf 92' lang='lat' dir='ltr'><strong>quod</strong></span> <span class='ocrx_word' id='word_1_791' title='bbox 3304 3665 3506 3736; x_wconf 85' lang='lat' dir='ltr'><strong>placet;</strong></span> <span class='ocrx_word' id='word_1_792' title='bbox 3523 3666 3609 3734; x_wconf 90' lang='lat' dir='ltr'><strong>pie</strong></span> <span class='ocrx_word' id='word_1_793' title='bbox 3629 3673 3720 3720; x_wconf 75' lang='lat' dir='ltr'><strong>ta-</strong></span> 
     </span>
    </p>
   </div>
   <div class='ocr_carea' id='block_1_99' title="bbox 2121 3754 3733 3826">
    <p class='ocr_par' dir='ltr' id='par_1_99' title="bbox 2121 3754 3733 3826">
     <span class='ocr_line' id='line_1_99' title="bbox 2121 3754 3733 3826; baseline -0.004 -12"><span class='ocrx_word' id='word_1_794' title='bbox 2121 3775 2243 3814; x_wconf 90' lang='lat' dir='ltr'><strong>men</strong></span> <span class='ocrx_word' id='word_1_795' title='bbox 2268 3758 2481 3823; x_wconf 90' lang='lat' dir='ltr'><strong>sentiat,</strong></span> <span class='ocrx_word' id='word_1_796' title='bbox 2517 3759 2657 3812; x_wconf 90' lang='lat' dir='ltr'><strong>sicut</strong></span> <span class='ocrx_word' id='word_1_797' title='bbox 2680 3758 2938 3826; x_wconf 90' lang='lat' dir='ltr'><strong>scriptum</strong></span> <span class='ocrx_word' id='word_1_798' title='bbox 2963 3767 3078 3822; x_wconf 85' lang='lat' dir='ltr'><strong>est,</strong></span> <span class='ocrx_word' id='word_1_799' title='bbox 3107 3756 3301 3811; x_wconf 89' lang='lat' dir='ltr'><strong>Sentite</strong></span> <span class='ocrx_word' id='word_1_800' title='bbox 3328 3757 3390 3810; x_wconf 91' lang='lat' dir='ltr'><strong>de</strong></span> <span class='ocrx_word' id='word_1_801' title='bbox 3415 3754 3637 3809; x_wconf 86' lang='lat' dir='ltr'><strong>Domino</strong></span> <span class='ocrx_word' id='word_1_802' title='bbox 3659 3757 3733 3809; x_wconf 74' lang='lat' dir='ltr'><strong>in—</strong></span> 
     </span>
    </p>
   </div>
   <div class='ocr_carea' id='block_1_100' title="bbox 2123 3844 3731 3916">
    <p class='ocr_par' dir='ltr' id='par_1_100' title="bbox 2123 3844 3731 3916">
     <span class='ocr_line' id='line_1_100' title="bbox 2123 3844 3731 3916; baseline 0 -15"><span class='ocrx_word' id='word_1_803' title='bbox 2123 3848 2360 3913; x_wconf 87' lang='lat' dir='ltr'><strong>bonitate,</strong></span> <span class='ocrx_word' id='word_1_804' title='bbox 2391 3856 2438 3900; x_wconf 90' lang='lat' dir='ltr'><strong>et</strong></span> <span class='ocrx_word' id='word_1_805' title='bbox 2458 3847 2512 3900; x_wconf 90' lang='lat' dir='ltr'><strong>in</strong></span> <span class='ocrx_word' id='word_1_806' title='bbox 2538 3845 2861 3916; x_wconf 79' lang='lat' dir='ltr'><strong>simplicitate</strong></span> <span class='ocrx_word' id='word_1_807' title='bbox 2883 3845 3050 3899; x_wconf 87' lang='lat' dir='ltr'><strong>cordis</strong></span> <span class='ocrx_word' id='word_1_808' title='bbox 3075 3846 3282 3916; x_wconf 64' lang='lat' dir='ltr'><strong>quierite</strong></span> <span class='ocrx_word' id='word_1_809' title='bbox 3308 3845 3457 3899; x_wconf 87' lang='lat' dir='ltr'><strong>illum</strong></span> <span class='ocrx_word' id='word_1_810' title='bbox 3487 3844 3640 3915; x_wconf 88' lang='lat' dir='ltr'><strong>(Sap.</strong></span> <span class='ocrx_word' id='word_1_811' title='bbox 3672 3861 3731 3912; x_wconf 84' lang='grc' dir='ltr'><strong>ι,,</strong></span> 
     </span>
    </p>
   </div>
   <div class='ocr_carea' id='block_1_101' title="bbox 2124 3936 3716 4009">
    <p class='ocr_par' dir='ltr' id='par_1_101' title="bbox 2124 3936 3716 4009">
     <span class='ocr_line' id='line_1_101' title="bbox 2124 3936 3716 4009; baseline -0.002 -16"><span class='ocrx_word' id='word_1_812' title='bbox 2124 3937 2198 4009; x_wconf 89' lang='grc'><strong>1).</strong></span> <span class='ocrx_word' id='word_1_813' title='bbox 2232 3937 2519 3993; x_wconf 90' lang='lat' dir='ltr'><strong>Ostiarium</strong></span> <span class='ocrx_word' id='word_1_814' title='bbox 2558 3936 2696 3992; x_wconf 89' lang='lat' dir='ltr'><strong>forte</strong></span> <span class='ocrx_word' id='word_1_815' title='bbox 2737 3937 2909 4007; x_wconf 91' lang='lat' dir='ltr'><strong>ipsum</strong></span> <span class='ocrx_word' id='word_1_816' title='bbox 2953 3937 3234 3991; x_wconf 90' lang='lat' dir='ltr'><strong>Dominum</strong></span> <span class='ocrx_word' id='word_1_817' title='bbox 3273 3936 3528 3991; x_wconf 87' lang='lat' dir='ltr'><strong>debemus</strong></span> <span class='ocrx_word' id='word_1_818' title='bbox 3569 3936 3716 3990; x_wconf 84' lang='lat' dir='ltr'><strong>acci-</strong></span> 
     </span>
    </p>
   </div>
   <div class='ocr_carea' id='block_1_102' title="bbox 2124 4027 3715 4100">
    <p class='ocr_par' dir='ltr' id='par_1_102' title="bbox 2124 4027 3715 4100">
     <span class='ocr_line' id='line_1_102' title="bbox 2124 4027 3715 4100; baseline -0.002 -16"><span class='ocrx_word' id='word_1_819' title='bbox 2124 4045 2270 4100; x_wconf 89' lang='lat' dir='ltr'><strong>pere.</strong></span> <span class='ocrx_word' id='word_1_820' title='bbox 2305 4029 2468 4084; x_wconf 81' lang='lat' dir='ltr'><strong>Multo</strong></span> <span class='ocrx_word' id='word_1_821' title='bbox 2502 4041 2626 4084; x_wconf 88' lang='lat' dir='ltr'><strong>sunt</strong></span> <span class='ocrx_word' id='word_1_822' title='bbox 2664 4029 2807 4085; x_wconf 90' lang='lat' dir='ltr'><strong>enim</strong></span> <span class='ocrx_word' id='word_1_823' title='bbox 2835 4029 2972 4084; x_wconf 89' lang='lat' dir='ltr'><strong>inter</strong></span> <span class='ocrx_word' id='word_1_824' title='bbox 2997 4044 3055 4084; x_wconf 91' lang='lat' dir='ltr'><strong>se</strong></span> <span class='ocrx_word' id='word_1_825' title='bbox 3089 4028 3299 4083; x_wconf 90' lang='lat' dir='ltr'><strong>diversa</strong></span> <span class='ocrx_word' id='word_1_826' title='bbox 3334 4029 3384 4082; x_wconf 90' lang='lat' dir='ltr'><strong>in</strong></span> <span class='ocrx_word' id='word_1_827' title='bbox 3417 4029 3575 4082; x_wconf 90' lang='lat' dir='ltr'><strong>rebus</strong></span> <span class='ocrx_word' id='word_1_828' title='bbox 3605 4027 3715 4081; x_wconf 86' lang='lat' dir='ltr'><strong>hu-</strong></span> 
     </span>
    </p>
   </div>
   <div class='ocr_carea' id='block_1_103' title="bbox 2125 4120 3719 4191">
    <p class='ocr_par' dir='ltr' id='par_1_103' title="bbox 2125 4120 3719 4191">
     <span class='ocr_line' id='line_1_103' title="bbox 2125 4120 3719 4191; baseline -0.001 -16"><span class='ocrx_word' id='word_1_829' title='bbox 2125 4121 2297 4175; x_wconf 91' lang='lat' dir='ltr'><strong>manis</strong></span> <span class='ocrx_word' id='word_1_830' title='bbox 2322 4130 2505 4189; x_wconf 90' lang='lat' dir='ltr'><strong>pastor</strong></span> <span class='ocrx_word' id='word_1_831' title='bbox 2526 4130 2579 4175; x_wconf 89' lang='lat' dir='ltr'><strong>et</strong></span> <span class='ocrx_word' id='word_1_832' title='bbox 2605 4121 2823 4186; x_wconf 90' lang='lat' dir='ltr'><strong>ostium,</strong></span> <span class='ocrx_word' id='word_1_833' title='bbox 2855 4135 3014 4191; x_wconf 88' lang='lat' dir='ltr'><strong>quam</strong></span> <span class='ocrx_word' id='word_1_834' title='bbox 3043 4120 3294 4174; x_wconf 88' lang='lat' dir='ltr'><strong>ostiarius</strong></span> <span class='ocrx_word' id='word_1_835' title='bbox 3320 4129 3374 4173; x_wconf 90' lang='lat' dir='ltr'><strong>et</strong></span> <span class='ocrx_word' id='word_1_836' title='bbox 3399 4120 3625 4184; x_wconf 91' lang='lat' dir='ltr'><strong>ostium;</strong></span> <span class='ocrx_word' id='word_1_837' title='bbox 3660 4130 3719 4174; x_wconf 92' lang='lat' dir='ltr'><strong>et</strong></span> 
     </span>
    </p>
   </div>
   <div class='ocr_carea' id='block_1_104' title="bbox 2126 4209 3718 4280">
    <p class='ocr_par' dir='ltr' id='par_1_104' title="bbox 2126 4209 3718 4280">
     <span class='ocr_line' id='line_1_104' title="bbox 2126 4209 3718 4280; baseline 0.001 -17"><span class='ocrx_word' id='word_1_838' title='bbox 2126 4218 2303 4263; x_wconf 87' lang='lat' dir='ltr'><strong>tamen</strong></span> <span class='ocrx_word' id='word_1_839' title='bbox 2328 4209 2587 4264; x_wconf 90' lang='lat' dir='ltr'><strong>Dominus</strong></span> <span class='ocrx_word' id='word_1_840' title='bbox 2614 4220 2669 4264; x_wconf 94' lang='lat' dir='ltr'><strong>et</strong></span> <span class='ocrx_word' id='word_1_841' title='bbox 2698 4219 2963 4280; x_wconf 87' lang='lat' dir='ltr'><strong>pastorem</strong></span> <span class='ocrx_word' id='word_1_842' title='bbox 2988 4224 3047 4265; x_wconf 91' lang='lat' dir='ltr'><strong>se</strong></span> <span class='ocrx_word' id='word_1_843' title='bbox 3075 4209 3240 4275; x_wconf 85' lang='lat' dir='ltr'><strong>dixit,</strong></span> <span class='ocrx_word' id='word_1_844' title='bbox 3281 4218 3336 4263; x_wconf 92' lang='lat' dir='ltr'><strong>et</strong></span> <span class='ocrx_word' id='word_1_845' title='bbox 3361 4209 3578 4264; x_wconf 91' lang='lat' dir='ltr'><strong>ostium.</strong></span> <span class='ocrx_word' id='word_1_846' title='bbox 3607 4210 3718 4265; x_wconf 91' lang='lat' dir='ltr'><strong>Cur</strong></span> 
     </span>
    </p>
   </div>
   <div class='ocr_carea' id='block_1_105' title="bbox 2123 4299 3716 4372">
    <p class='ocr_par' dir='ltr' id='par_1_105' title="bbox 2123 4299 3716 4372">
     <span class='ocr_line' id='line_1_105' title="bbox 2123 4299 3716 4372; baseline 0.001 -17"><span class='ocrx_word' id='word_1_847' title='bbox 2123 4317 2252 4372; x_wconf 89' lang='lat' dir='ltr'><strong>ergo</strong></span> <span class='ocrx_word' id='word_1_848' title='bbox 2279 4317 2387 4355; x_wconf 90' lang='lat' dir='ltr'><strong>non</strong></span> <span class='ocrx_word' id='word_1_849' title='bbox 2430 4301 2790 4372; x_wconf 88' lang='lat' dir='ltr'><strong>intelligamus</strong></span> <span class='ocrx_word' id='word_1_850' title='bbox 2828 4301 3002 4371; x_wconf 89' lang='lat' dir='ltr'><strong>ipsum</strong></span> <span class='ocrx_word' id='word_1_851' title='bbox 3044 4311 3100 4355; x_wconf 92' lang='lat' dir='ltr'><strong>et</strong></span> <span class='ocrx_word' id='word_1_852' title='bbox 3135 4301 3449 4356; x_wconf 87' lang='lat' dir='ltr'><strong>ostiarium?</strong></span> <span class='ocrx_word' id='word_1_853' title='bbox 3479 4299 3536 4354; x_wconf 86' lang='lat' dir='ltr'><strong>Si</strong></span> <span class='ocrx_word' id='word_1_854' title='bbox 3569 4302 3716 4356; x_wconf 90' lang='lat' dir='ltr'><strong>enim</strong></span> 
     </span>
    </p>
   </div>
   <div class='ocr_carea' id='block_1_106' title="bbox 2123 4393 3720 4465">
    <p class='ocr_par' dir='ltr' id='par_1_106' title="bbox 2123 4393 3720 4465">
     <span class='ocr_line' id='line_1_106' title="bbox 2123 4393 3720 4465; baseline 0 -15"><span class='ocrx_word' id='word_1_855' title='bbox 2123 4394 2524 4450; x_wconf 88' lang='lat' dir='ltr'><strong>consideremus</strong></span> <span class='ocrx_word' id='word_1_856' title='bbox 2578 4395 2971 4465; x_wconf 88' lang='lat' dir='ltr'><strong>proprietates,</strong></span> <span class='ocrx_word' id='word_1_857' title='bbox 3019 4394 3274 4448; x_wconf 88' lang='lat' dir='ltr'><strong>Dominus</strong></span> <span class='ocrx_word' id='word_1_858' title='bbox 3320 4393 3563 4449; x_wconf 88' lang='lat' dir='ltr'><strong>Christus</strong></span> <span class='ocrx_word' id='word_1_859' title='bbox 3615 4410 3720 4451; x_wconf 88' lang='lat' dir='ltr'><strong>nec</strong></span> 
     </span>
    </p>
   </div>
   <div class='ocr_carea' id='block_1_107' title="bbox 2125 4485 3720 4556">
    <p class='ocr_par' dir='ltr' id='par_1_107' title="bbox 2125 4485 3720 4556">
     <span class='ocr_line' id='line_1_107' title="bbox 2125 4485 3720 4556; baseline -0.001 -15"><span class='ocrx_word' id='word_1_860' title='bbox 2125 4497 2306 4556; x_wconf 89' lang='lat' dir='ltr'><strong>pastor</strong></span> <span class='ocrx_word' id='word_1_861' title='bbox 2343 4495 2425 4541; x_wconf 88' lang='lat' dir='ltr'><strong>est</strong></span> <span class='ocrx_word' id='word_1_862' title='bbox 2443 4529 2458 4552; x_wconf 92' lang='lat'><strong>,</strong></span> <span class='ocrx_word' id='word_1_863' title='bbox 2487 4488 2622 4541; x_wconf 91' lang='lat' dir='ltr'><strong>sicut</strong></span> <span class='ocrx_word' id='word_1_864' title='bbox 2650 4487 3025 4542; x_wconf 89' lang='lat' dir='ltr'><strong>consuevimus</strong></span> <span class='ocrx_word' id='word_1_865' title='bbox 3063 4501 3221 4540; x_wconf 89' lang='lat' dir='ltr'><strong>nosse</strong></span> <span class='ocrx_word' id='word_1_866' title='bbox 3249 4495 3302 4540; x_wconf 87' lang='lat' dir='ltr'><strong>et</strong></span> <span class='ocrx_word' id='word_1_867' title='bbox 3323 4485 3505 4540; x_wconf 87' lang='lat' dir='ltr'><strong>videre</strong></span> <span class='ocrx_word' id='word_1_868' title='bbox 3531 4494 3720 4555; x_wconf 89' lang='lat' dir='ltr'><strong>pasto-</strong></span> 
     </span>
    </p>
   </div>
   <div class='ocr_carea' id='block_1_108' title="bbox 2125 4574 3732 4643">
    <p class='ocr_par' dir='ltr' id='par_1_108' title="bbox 2125 4574 3732 4643">
     <span class='ocr_line' id='line_1_108' title="bbox 2125 4574 3732 4643; baseline -0.002 -10"><span class='ocrx_word' id='word_1_869' title='bbox 2125 4593 2246 4643; x_wconf 89' lang='lat' dir='ltr'><strong>res;</strong></span> <span class='ocrx_word' id='word_1_870' title='bbox 2281 4593 2378 4632; x_wconf 92' lang='lat' dir='ltr'><strong>nec</strong></span> <span class='ocrx_word' id='word_1_871' title='bbox 2402 4579 2595 4632; x_wconf 90' lang='lat' dir='ltr'><strong>ostium</strong></span> <span class='ocrx_word' id='word_1_872' title='bbox 2640 4586 2752 4641; x_wconf 90' lang='lat' dir='ltr'><strong>est,</strong></span> <span class='ocrx_word' id='word_1_873' title='bbox 2792 4591 2901 4630; x_wconf 89' lang='lat' dir='ltr'><strong>non</strong></span> <span class='ocrx_word' id='word_1_874' title='bbox 2943 4576 3086 4631; x_wconf 89' lang='lat' dir='ltr'><strong>enim</strong></span> <span class='ocrx_word' id='word_1_875' title='bbox 3115 4591 3235 4629; x_wconf 89' lang='lat' dir='ltr'><strong>eum</strong></span> <span class='ocrx_word' id='word_1_876' title='bbox 3279 4576 3429 4630; x_wconf 84' lang='lat' dir='ltr'><strong>faber</strong></span> <span class='ocrx_word' id='word_1_877' title='bbox 3466 4574 3635 4630; x_wconf 88' lang='lat' dir='ltr'><strong>fecit:</strong></span> <span class='ocrx_word' id='word_1_878' title='bbox 3669 4577 3732 4630; x_wconf 76' lang='lat' dir='ltr'><strong>si~</strong></span> 
     </span>
    </p>
   </div>
   <div class='ocr_carea' id='block_1_109' title="bbox 2124 4665 3728 4737">
    <p class='ocr_par' dir='ltr' id='par_1_109' title="bbox 2124 4665 3728 4737">
     <span class='ocr_line' id='line_1_109' title="bbox 2124 4665 3728 4737; baseline 0.001 -17"><span class='ocrx_word' id='word_1_879' title='bbox 2124 4678 2303 4723; x_wconf 91' lang='lat' dir='ltr'><strong>autem</strong></span> <span class='ocrx_word' id='word_1_880' title='bbox 2333 4667 2625 4723; x_wconf 87' lang='lat' dir='ltr'><strong>secundum</strong></span> <span class='ocrx_word' id='word_1_881' title='bbox 2656 4667 2888 4737; x_wconf 88' lang='lat' dir='ltr'><strong>aliquam</strong></span> <span class='ocrx_word' id='word_1_882' title='bbox 2911 4665 3333 4729; x_wconf 89' lang='lat' dir='ltr'><strong>similitudinem,</strong></span> <span class='ocrx_word' id='word_1_883' title='bbox 3365 4673 3421 4720; x_wconf 87' lang='lat' dir='ltr'><strong>et</strong></span> <span class='ocrx_word' id='word_1_884' title='bbox 3442 4666 3638 4720; x_wconf 89' lang='lat' dir='ltr'><strong>ostium</strong></span> <span class='ocrx_word' id='word_1_885' title='bbox 3661 4675 3728 4721; x_wconf 64' lang='lat' dir='ltr'><strong>et:</strong></span> 
     </span>
    </p>
   </div>
   <div class='ocr_carea' id='block_1_110' title="bbox 2126 4755 3734 4830">
    <p class='ocr_par' dir='ltr' id='par_1_110' title="bbox 2126 4755 3734 4830">
     <span class='ocr_line' id='line_1_110' title="bbox 2126 4755 3734 4830; baseline -0.002 -16"><span class='ocrx_word' id='word_1_886' title='bbox 2126 4767 2307 4830; x_wconf 87' lang='lat' dir='ltr'><strong>pastor</strong></span> <span class='ocrx_word' id='word_1_887' title='bbox 2331 4768 2441 4823; x_wconf 90' lang='lat' dir='ltr'><strong>est;</strong></span> <span class='ocrx_word' id='word_1_888' title='bbox 2469 4757 2639 4812; x_wconf 89' lang='lat' dir='ltr'><strong>audeo</strong></span> <span class='ocrx_word' id='word_1_889' title='bbox 2661 4757 2862 4822; x_wconf 85' lang='lat' dir='ltr'><strong>dicere,</strong></span> <span class='ocrx_word' id='word_1_890' title='bbox 2887 4767 2941 4812; x_wconf 91' lang='lat' dir='ltr'><strong>et</strong></span> <span class='ocrx_word' id='word_1_891' title='bbox 2959 4757 3074 4811; x_wconf 89' lang='lat' dir='ltr'><strong>ovis</strong></span> <span class='ocrx_word' id='word_1_892' title='bbox 3103 4764 3185 4810; x_wconf 91' lang='lat' dir='ltr'><strong>est</strong></span> <span class='ocrx_word' id='word_1_893' title='bbox 3212 4775 3232 4810; x_wconf 68' lang='grc' dir='ltr'><strong>ε</strong></span> <span class='ocrx_word' id='word_1_894' title='bbox 3252 4755 3369 4810; x_wconf 86' lang='lat' dir='ltr'><strong>ovis</strong></span> <span class='ocrx_word' id='word_1_895' title='bbox 3395 4770 3590 4826; x_wconf 90' lang='lat' dir='ltr'><strong>nempe</strong></span> <span class='ocrx_word' id='word_1_896' title='bbox 3614 4757 3734 4810; x_wconf 82' lang='lat' dir='ltr'><strong>sub</strong></span> 
     </span>
    </p>
   </div>
   <div class='ocr_carea' id='block_1_111' title="bbox 2124 4846 3726 4920">
    <p class='ocr_par' dir='ltr' id='par_1_111' title="bbox 2124 4846 3726 4920">
     <span class='ocr_line' id='line_1_111' title="bbox 2124 4846 3726 4920; baseline 0 -16"><span class='ocrx_word' id='word_1_897' title='bbox 2124 4859 2338 4920; x_wconf 88' lang='lat' dir='ltr'><strong>pastore</strong></span> <span class='ocrx_word' id='word_1_898' title='bbox 2361 4860 2467 4914; x_wconf 88' lang='lat' dir='ltr'><strong>est,</strong></span> <span class='ocrx_word' id='word_1_899' title='bbox 2492 4858 2672 4904; x_wconf 90' lang='lat' dir='ltr'><strong>tamen</strong></span> <span class='ocrx_word' id='word_1_900' title='bbox 2700 4849 2790 4904; x_wconf 88' lang='lat' dir='ltr'><strong>ille</strong></span> <span class='ocrx_word' id='word_1_901' title='bbox 2829 4857 2885 4904; x_wconf 91' lang='lat' dir='ltr'><strong>et</strong></span> <span class='ocrx_word' id='word_1_902' title='bbox 2928 4858 3111 4918; x_wconf 83' lang='lat' dir='ltr'><strong>pastor</strong></span> <span class='ocrx_word' id='word_1_903' title='bbox 3137 4857 3222 4901; x_wconf 88' lang='lat' dir='ltr'><strong>est</strong></span> <span class='ocrx_word' id='word_1_904' title='bbox 3256 4857 3309 4902; x_wconf 89' lang='lat' dir='ltr'><strong>et</strong></span> <span class='ocrx_word' id='word_1_905' title='bbox 3334 4848 3468 4902; x_wconf 82' lang='lat' dir='ltr'><strong>ovis.</strong></span> <span class='ocrx_word' id='word_1_906' title='bbox 3501 4846 3603 4902; x_wconf 83' lang='lat' dir='ltr'><strong>Ubi</strong></span> <span class='ocrx_word' id='word_1_907' title='bbox 3632 4857 3726 4904; x_wconf 78' lang='lat' dir='ltr'><strong>est</strong></span> 
     </span>
    </p>
   </div>
   <div class='ocr_carea' id='block_1_112' title="bbox 2124 4938 3718 5015">
    <p class='ocr_par' dir='ltr' id='par_1_112' title="bbox 2124 4938 3718 5015">
     <span class='ocr_line' id='line_1_112' title="bbox 2124 4938 3718 5015; baseline -0.001 -18"><span class='ocrx_word' id='word_1_908' title='bbox 2124 4942 2341 5015; x_wconf 83' lang='lat' dir='ltr'><strong>pastor?</strong></span> <span class='ocrx_word' id='word_1_909' title='bbox 2367 4941 2508 4996; x_wconf 86' lang='lat' dir='ltr'><strong>Ecce</strong></span> <span class='ocrx_word' id='word_1_910' title='bbox 2536 4943 2624 4996; x_wconf 89' lang='lat' dir='ltr'><strong>hic</strong></span> <span class='ocrx_word' id='word_1_911' title='bbox 2651 4940 2849 5004; x_wconf 90' lang='lat' dir='ltr'><strong>habes,</strong></span> <span class='ocrx_word' id='word_1_912' title='bbox 2887 4940 3002 5010; x_wconf 86' lang='lat' dir='ltr'><strong>lege</strong></span> <span class='ocrx_word' id='word_1_913' title='bbox 3038 4939 3379 5009; x_wconf 83' lang='lat' dir='ltr'><strong>Evangelium</strong></span> <span class='ocrx_word' id='word_1_914' title='bbox 3405 4957 3418 4992; x_wconf 92' lang='lat'><strong>:</strong></span> <span class='ocrx_word' id='word_1_915' title='bbox 3463 4938 3572 5011; x_wconf 84' lang='lat' dir='ltr'><strong>Ego</strong></span> <span class='ocrx_word' id='word_1_916' title='bbox 3601 4957 3718 4996; x_wconf 79' lang='lat' dir='ltr'><strong>sunt</strong></span> 
     </span>
    </p>
   </div>
   <div class='ocr_carea' id='block_1_113' title="bbox 2124 5030 3724 5105">
    <p class='ocr_par' dir='ltr' id='par_1_113' title="bbox 2124 5030 3724 5105">
     <span class='ocr_line' id='line_1_113' title="bbox 2124 5030 3724 5105; baseline -0.001 -19"><span class='ocrx_word' id='word_1_917' title='bbox 2124 5043 2299 5105; x_wconf 81' lang='lat' dir='ltr'><strong>pastor</strong></span> <span class='ocrx_word' id='word_1_918' title='bbox 2325 5031 2502 5086; x_wconf 89' lang='lat' dir='ltr'><strong>bonus.</strong></span> <span class='ocrx_word' id='word_1_919' title='bbox 2522 5031 2621 5087; x_wconf 89' lang='lat' dir='ltr'><strong>Ubi</strong></span> <span class='ocrx_word' id='word_1_920' title='bbox 2639 5041 2722 5086; x_wconf 90' lang='lat' dir='ltr'><strong>est</strong></span> <span class='ocrx_word' id='word_1_921' title='bbox 2746 5031 2892 5086; x_wconf 86' lang='lat' dir='ltr'><strong>ovis?</strong></span> <span class='ocrx_word' id='word_1_922' title='bbox 2925 5031 3196 5101; x_wconf 83' lang='lat' dir='ltr'><strong>Interroga</strong></span> <span class='ocrx_word' id='word_1_923' title='bbox 3223 5039 3532 5100; x_wconf 88' lang='lat' dir='ltr'><strong>propnetam</strong></span> <span class='ocrx_word' id='word_1_924' title='bbox 3559 5049 3573 5084; x_wconf 90' lang='lat'><strong>:</strong></span> <span class='ocrx_word' id='word_1_925' title='bbox 3609 5030 3724 5086; x_wconf 81' lang='lat' dir='ltr'><strong>Sic-</strong></span> 
     </span>
    </p>
   </div>
   <div class='ocr_carea' id='block_1_114' title="bbox 2123 5121 3725 5195">
    <p class='ocr_par' dir='ltr' id='par_1_114' title="bbox 2123 5121 3725 5195">
     <span class='ocr_line' id='line_1_114' title="bbox 2123 5121 3725 5195; baseline -0.002 -15"><span class='ocrx_word' id='word_1_926' title='bbox 2123 5135 2181 5180; x_wconf 86' lang='lat' dir='ltr'><strong>ut</strong></span> <span class='ocrx_word' id='word_1_927' title='bbox 2207 5127 2312 5181; x_wconf 81' lang='lat' dir='ltr'><strong>ouis</strong></span> <span class='ocrx_word' id='word_1_928' title='bbox 2347 5126 2416 5179; x_wconf 89' lang='lat' dir='ltr'><strong>ad</strong></span> <span class='ocrx_word' id='word_1_929' title='bbox 2468 5124 2837 5178; x_wconf 79' lang='lat' dir='ltr'><strong>immolandum</strong></span> <span class='ocrx_word' id='word_1_930' title='bbox 2866 5124 3045 5176; x_wconf 81' lang='lat' dir='ltr'><strong>ductus</strong></span> <span class='ocrx_word' id='word_1_931' title='bbox 3081 5132 3151 5176; x_wconf 85' lang='lat' dir='ltr'><strong>est</strong></span> <span class='ocrx_word' id='word_1_932' title='bbox 3191 5121 3344 5195; x_wconf 84' lang='lat' dir='ltr'><strong>(Isat.</strong></span> <span class='ocrx_word' id='word_1_933' title='bbox 3373 5139 3483 5188; x_wconf 82' lang='lat' dir='ltr'><strong>Llll,</strong></span> <span class='ocrx_word' id='word_1_934' title='bbox 3513 5121 3590 5191; x_wconf 88' lang='lat'><strong>7).</strong></span> <span class='ocrx_word' id='word_1_935' title='bbox 3629 5124 3725 5178; x_wconf 73' lang='lat' dir='ltr'><strong>l‘n-</strong></span> 
     </span>
    </p>
   </div>
   <div class='ocr_carea' id='block_1_115' title="bbox 2125 5211 3725 5286">
    <p class='ocr_par' dir='ltr' id='par_1_115' title="bbox 2125 5211 3725 5286">
     <span class='ocr_line' id='line_1_115' title="bbox 2125 5211 3725 5286; baseline -0.001 -16"><span class='ocrx_word' id='word_1_936' title='bbox 2125 5225 2336 5286; x_wconf 90' lang='lat' dir='ltr'><strong>terroga</strong></span> <span class='ocrx_word' id='word_1_937' title='bbox 2356 5215 2587 5268; x_wconf 86' lang='lat' dir='ltr'><strong>amicum</strong></span> <span class='ocrx_word' id='word_1_938' title='bbox 2616 5213 2799 5282; x_wconf 90' lang='lat' dir='ltr'><strong>sponsi</strong></span> <span class='ocrx_word' id='word_1_939' title='bbox 2821 5231 2833 5266; x_wconf 89' lang='lat'>:</span> <span class='ocrx_word' id='word_1_940' title='bbox 2856 5211 2997 5267; x_wconf 80' lang='lat' dir='ltr'><strong>‘Erce</strong></span> <span class='ocrx_word' id='word_1_941' title='bbox 3016 5229 3178 5283; x_wconf 83' lang='lat' dir='ltr'><strong>agnus</strong></span> <span class='ocrx_word' id='word_1_942' title='bbox 3203 5212 3319 5274; x_wconf 84' lang='lat' dir='ltr'><strong>Dei.</strong></span> <span class='ocrx_word' id='word_1_943' title='bbox 3348 5229 3459 5267; x_wconf 86' lang='lat' dir='ltr'><strong>ecce</strong></span> <span class='ocrx_word' id='word_1_944' title='bbox 3476 5215 3563 5281; x_wconf 85' lang='lat' dir='ltr'><strong>qui</strong></span> <span class='ocrx_word' id='word_1_945' title='bbox 3585 5215 3725 5268; x_wconf 83' lang='lat' dir='ltr'><strong>tollit</strong></span> 
     </span>
    </p>
   </div>
   <div class='ocr_carea' id='block_1_116' title="bbox 2127 5299 3724 5376">
    <p class='ocr_par' dir='ltr' id='par_1_116' title="bbox 2127 5299 3724 5376">
     <span class='ocr_line' id='line_1_116' title="bbox 2127 5299 3724 5376; baseline -0.001 -17"><span class='ocrx_word' id='word_1_946' title='bbox 2127 5315 2387 5376; x_wconf 86' lang='lat' dir='ltr'><strong>peccatum</strong></span> <span class='ocrx_word' id='word_1_947' title='bbox 2412 5303 2589 5357; x_wconf 86' lang='lat' dir='ltr'><strong>mundi</strong></span> <span class='ocrx_word' id='word_1_948' title='bbox 2630 5299 2808 5371; x_wconf 84' lang='lat' dir='ltr'><strong>(Joan.</strong></span> <span class='ocrx_word' id='word_1_949' title='bbox 2835 5316 2879 5364; x_wconf 91' lang='grc' dir='ltr'><strong>ι,</strong></span> <span class='ocrx_word' id='word_1_950' title='bbox 2912 5300 3031 5370; x_wconf 74' lang='lat'><strong>29).</strong></span> <span class='ocrx_word' id='word_1_951' title='bbox 3067 5301 3254 5355; x_wconf 86' lang='lat' dir='ltr'><strong>Adhuc</strong></span> <span class='ocrx_word' id='word_1_952' title='bbox 3291 5301 3489 5371; x_wconf 90' lang='lat' dir='ltr'><strong>aliquid</strong></span> <span class='ocrx_word' id='word_1_953' title='bbox 3517 5317 3724 5358; x_wconf 89' lang='lat' dir='ltr'><strong>secun-</strong></span> 
     </span>
    </p>
   </div>
   <div class='ocr_carea' id='block_1_117' title="bbox 2127 5390 3727 5450">
    <p class='ocr_par' dir='ltr' id='par_1_117' title="bbox 2127 5390 3727 5450">
     <span class='ocr_line' id='line_1_117' title="bbox 2127 5390 3727 5450; baseline -0.002 0"><span class='ocrx_word' id='word_1_954' title='bbox 2127 5396 2253 5450; x_wconf 92' lang='lat' dir='ltr'><strong>dum</strong></span> <span class='ocrx_word' id='word_1_955' title='bbox 2284 5395 2412 5450; x_wconf 88' lang='lat' dir='ltr'><strong>istas</strong></span> <span class='ocrx_word' id='word_1_956' title='bbox 2439 5391 2817 5448; x_wconf 89' lang='lat' dir='ltr'><strong>similitudines</strong></span> <span class='ocrx_word' id='word_1_957' title='bbox 2855 5391 3150 5445; x_wconf 89' lang='lat' dir='ltr'><strong>mirabilius</strong></span> <span class='ocrx_word' id='word_1_958' title='bbox 3188 5406 3307 5446; x_wconf 91' lang='lat' dir='ltr'><strong>sum</strong></span> <span class='ocrx_word' id='word_1_959' title='bbox 3347 5390 3606 5446; x_wconf 91' lang='lat' dir='ltr'><strong>dicturus.</strong></span> <span class='ocrx_word' id='word_1_960' title='bbox 3649 5391 3727 5447; x_wconf 90' lang='lat' dir='ltr'><strong>Et</strong></span> 
     </span>
    </p>
   </div>
   <div class='ocr_carea' id='block_1_118' title="bbox 2126 5483 3726 5558">
    <p class='ocr_par' dir='ltr' id='par_1_118' title="bbox 2126 5483 3726 5558">
     <span class='ocr_line' id='line_1_118' title="bbox 2126 5483 3726 5558; baseline -0.003 -15"><span class='ocrx_word' id='word_1_961' title='bbox 2126 5501 2296 5558; x_wconf 84' lang='lat' dir='ltr'><strong>agnus</strong></span> <span class='ocrx_word' id='word_1_962' title='bbox 2323 5485 2464 5542; x_wconf 89' lang='lat' dir='ltr'><strong>enim</strong></span> <span class='ocrx_word' id='word_1_963' title='bbox 2509 5495 2563 5539; x_wconf 90' lang='lat' dir='ltr'><strong>et</strong></span> <span class='ocrx_word' id='word_1_964' title='bbox 2590 5484 2705 5539; x_wconf 87' lang='lat' dir='ltr'><strong>ovis</strong></span> <span class='ocrx_word' id='word_1_965' title='bbox 2751 5492 2805 5538; x_wconf 91' lang='lat' dir='ltr'><strong>et</strong></span> <span class='ocrx_word' id='word_1_966' title='bbox 2846 5490 3030 5552; x_wconf 90' lang='lat' dir='ltr'><strong>pastor</strong></span> <span class='ocrx_word' id='word_1_967' title='bbox 3068 5483 3206 5538; x_wconf 90' lang='lat' dir='ltr'><strong>inter</strong></span> <span class='ocrx_word' id='word_1_968' title='bbox 3244 5498 3304 5536; x_wconf 89' lang='lat' dir='ltr'><strong>se</strong></span> <span class='ocrx_word' id='word_1_969' title='bbox 3346 5483 3515 5538; x_wconf 89' lang='lat' dir='ltr'><strong>amica</strong></span> <span class='ocrx_word' id='word_1_970' title='bbox 3557 5492 3726 5549; x_wconf 75' lang='lat' dir='ltr'><strong>sunt;</strong></span> 
     </span>
    </p>
   </div>
   <div class='ocr_carea' id='block_1_119' title="bbox 2125 5573 3718 5643">
    <p class='ocr_par' dir='ltr' id='par_1_119' title="bbox 2125 5573 3718 5643">
     <span class='ocr_line' id='line_1_119' title="bbox 2125 5573 3718 5643; baseline -0.003 -9"><span class='ocrx_word' id='word_1_971' title='bbox 2125 5587 2312 5634; x_wconf 83' lang='lat' dir='ltr'><strong>contra</strong></span> <span class='ocrx_word' id='word_1_972' title='bbox 2350 5577 2532 5632; x_wconf 90' lang='lat' dir='ltr'><strong>leones</strong></span> <span class='ocrx_word' id='word_1_973' title='bbox 2569 5585 2743 5630; x_wconf 90' lang='lat' dir='ltr'><strong>autem</strong></span> <span class='ocrx_word' id='word_1_974' title='bbox 2768 5589 2798 5628; x_wconf 91' lang='lat' dir='ltr'><strong>a</strong></span> <span class='ocrx_word' id='word_1_975' title='bbox 2837 5573 3138 5643; x_wconf 89' lang='lat' dir='ltr'><strong>pastoribus</strong></span> <span class='ocrx_word' id='word_1_976' title='bbox 3175 5589 3305 5629; x_wconf 84' lang='lat' dir='ltr'><strong>oves</strong></span> <span class='ocrx_word' id='word_1_977' title='bbox 3330 5574 3584 5629; x_wconf 89' lang='lat' dir='ltr'><strong>custodiri</strong></span> <span class='ocrx_word' id='word_1_978' title='bbox 3620 5591 3718 5630; x_wconf 89' lang='lat' dir='ltr'><strong>so-</strong></span> 
     </span>
    </p>
   </div>
   <div class='ocr_carea' id='block_1_120' title="bbox 2129 5663 3720 5734">
    <p class='ocr_par' dir='ltr' id='par_1_120' title="bbox 2129 5663 3720 5734">
     <span class='ocr_line' id='line_1_120' title="bbox 2129 5663 3720 5734; baseline -0.002 -9"><span class='ocrx_word' id='word_1_979' title='bbox 2129 5670 2276 5725; x_wconf 87' lang='lat' dir='ltr'><strong>lent:</strong></span> <span class='ocrx_word' id='word_1_980' title='bbox 2311 5675 2366 5724; x_wconf 90' lang='lat' dir='ltr'><strong>et</strong></span> <span class='ocrx_word' id='word_1_981' title='bbox 2392 5676 2567 5722; x_wconf 88' lang='lat' dir='ltr'><strong>tamen</strong></span> <span class='ocrx_word' id='word_1_982' title='bbox 2603 5664 2673 5720; x_wconf 92' lang='lat' dir='ltr'><strong>de</strong></span> <span class='ocrx_word' id='word_1_983' title='bbox 2694 5664 2921 5732; x_wconf 89' lang='lat' dir='ltr'><strong>Christo,</strong></span> <span class='ocrx_word' id='word_1_984' title='bbox 2949 5679 3070 5720; x_wconf 93' lang='lat' dir='ltr'><strong>cum</strong></span> <span class='ocrx_word' id='word_1_985' title='bbox 3099 5663 3165 5718; x_wconf 90' lang='lat' dir='ltr'><strong>sit</strong></span> <span class='ocrx_word' id='word_1_986' title='bbox 3191 5663 3306 5718; x_wconf 92' lang='lat' dir='ltr'><strong>ovis</strong></span> <span class='ocrx_word' id='word_1_987' title='bbox 3329 5673 3382 5718; x_wconf 88' lang='lat' dir='ltr'><strong>et</strong></span> <span class='ocrx_word' id='word_1_988' title='bbox 3403 5675 3605 5734; x_wconf 87' lang='lat' dir='ltr'><strong>pastor.</strong></span> <span class='ocrx_word' id='word_1_989' title='bbox 3631 5665 3720 5722; x_wconf 80' lang='lat' dir='ltr'><strong>le-</strong></span> 
     </span>
    </p>
   </div>
   <div class='ocr_carea' id='block_1_121' title="bbox 2129 5750 3728 5832">
    <p class='ocr_par' dir='ltr' id='par_1_121' title="bbox 2129 5750 3728 5832">
     <span class='ocr_line' id='line_1_121' title="bbox 2129 5750 3728 5832; baseline -0.005 -17"><span class='ocrx_word' id='word_1_990' title='bbox 2129 5761 2304 5832; x_wconf 88' lang='lat' dir='ltr'><strong>gimus</strong></span> <span class='ocrx_word' id='word_1_991' title='bbox 2331 5759 2564 5828; x_wconf 89' lang='lat' dir='ltr'><strong>dictum,</strong></span> <span class='ocrx_word' id='word_1_992' title='bbox 2605 5756 2736 5813; x_wconf 80' lang='lat' dir='ltr'><strong>Vicit</strong></span> <span class='ocrx_word' id='word_1_993' title='bbox 2791 5755 2868 5812; x_wconf 83' lang='lat' dir='ltr'><strong>leo</strong></span> <span class='ocrx_word' id='word_1_994' title='bbox 2905 5756 2967 5811; x_wconf 83' lang='lat' dir='ltr'><strong>de</strong></span> <span class='ocrx_word' id='word_1_995' title='bbox 3000 5754 3129 5810; x_wconf 80' lang='lat' dir='ltr'><strong>tribu</strong></span> <span class='ocrx_word' id='word_1_996' title='bbox 3152 5751 3294 5809; x_wconf 81' lang='lat' dir='ltr'><strong>Juda</strong></span> <span class='ocrx_word' id='word_1_997' title='bbox 3329 5750 3512 5829; x_wconf 78' lang='lat' dir='ltr'><strong>(Apoc.</strong></span> <span class='ocrx_word' id='word_1_998' title='bbox 3543 5769 3598 5825; x_wconf 76' lang='grc' dir='ltr'>ν,</span> <span class='ocrx_word' id='word_1_999' title='bbox 3634 5750 3728 5825; x_wconf 82' lang='lat'><strong>5),</strong></span> 
     </span>
    </p>
   </div>
  </div>
