4102 6464
388 318 529 378 1729

390 433 517 491 Haec
535 429 753 499 omnia,
778 427 989 494 fratres,
1014 422 1305 503 secundum
1332 419 1707 477 similitudines
1727 418 1972 487 accipite,

386 538 496 580 non
521 522 815 580 secundum
839 519 1210 590 proprietates.
1252 514 1497 570 Solemus
1527 512 1708 566 videre
1733 519 1974 581 pastores

384 617 578 674 sedere
603 630 762 685 supra
795 620 998 683 petram
1018 650 1033 675 ,
1079 620 1134 665 et
1166 608 1297 663 inde
1338 604 1621 661 commissa
1650 605 1750 659 sibi
1780 617 1973 673 pecora

387 708 695 763 custodire:
740 706 923 774 utique
959 702 1149 757 melior
1178 708 1365 769 pastor
1400 712 1557 767 quam
1590 705 1767 765 petra,
1814 709 1974 763 super

387 815 544 868 quam
574 797 739 853 sedet
782 803 991 865 pastor;
1037 802 1091 847 et
1119 804 1295 845 tamen
1334 787 1580 843 Christus
1622 795 1674 839 et
1704 793 1882 854 pastor
1918 791 1974 838 et

390 900 558 959 petra.
592 888 783 943 Totum
824 887 927 940 hoc
949 881 1242 939 secundum
1277 876 1697 934 similitudinem.
1727 874 1973 943 Proprie-

388 992 551 1037 tatem
577 990 755 1034 autem
794 979 839 1033 si
868 990 1074 1047 quieras
1100 990 1131 1028 a
1166 988 1285 1036 me;
1318 970 1384 1024 In
1420 968 1668 1041 principio
1706 977 1813 1020 erat
1850 965 1972 1020 Ver-

386 1076 525 1138 bum,
548 1083 596 1127 et
623 1070 843 1127 Verbum
866 1078 973 1124 erat
998 1066 1138 1138 apud
1163 1064 1350 1129 Deum,
1379 1072 1425 1117 et
1453 1060 1593 1115 Deus
1612 1068 1724 1114 erat
1756 1057 1973 1111 Verbum

386 1166 565 1235 (locu.
594 1181 632 1219 ι.
663 1164 741 1234 1).
786 1162 843 1218 Si
885 1174 1092 1231 quaeras
1137 1173 1167 1211 a
1214 1170 1300 1210 me
1344 1152 1754 1225 proprietatem;
1802 1149 1971 1203 Filius

386 1258 575 1311 unicus
621 1254 690 1310 de
737 1254 896 1309 Patre
948 1252 1003 1305 in
1054 1257 1312 1304 aeternum
1366 1244 1434 1299 ab
1471 1252 1673 1298 :cterno
1716 1240 1967 1310 genitus,

384 1348 604 1417 aequalis
631 1345 901 1416 gignenti,
931 1357 1026 1412 per
1051 1355 1208 1411 quem
1252 1338 1387 1392 facta
1432 1344 1557 1389 sunt
1594 1333 1806 1396 omnia,
1846 1346 1968 1386 cum

385 1439 543 1492 Patre
569 1434 1035 1497 incommutabilis,
1064 1439 1119 1486 et
1142 1439 1357 1498 accepta
1392 1425 1564 1480 forma
1589 1423 1818 1479 hominis
1862 1436 1967 1475 non

384 1538 637 1593 mutatus,
656 1544 720 1582 ex
740 1525 1103 1581 incarnatione
1120 1521 1299 1583 homo,
1320 1519 1458 1572 ﬁlius
1478 1515 1708 1603 ltonkiniS
1727 1522 1784 1568 et
1804 1511 1968 1566 Filius

384 1621 503 1675 Dei.
533 1620 644 1674 Hoc
666 1628 832 1673 totum
859 1615 996 1687 quod
1023 1614 1161 1680 dixi,
1186 1627 1295 1665 non
1313 1607 1623 1672 similitudo,
1642 1604 1734 1660 sed
1753 1618 1840 1659 res
1862 1610 1964 1658 est.

452 1714 509 1767 «1.
538 1712 652 1766 Non
675 1725 801 1780 ergo
823 1709 997 1778 pigeat
1015 1720 1134 1767 nos,
1162 1704 1374 1767 fratres,
1397 1697 1687 1755 secundum
1711 1694 1965 1766 quasdam

384 1802 757 1857 similitudines
779 1802 948 1870 ipsum
970 1798 1213 1865 accipere
1232 1793 1447 1856 ostium,
1472 1791 1642 1860 ipsum
1666 1786 1961 1841 ostiarium.

384 1897 518 1965 Quid
547 1903 627 1950 est
656 1894 799 1948 enim
826 1890 1059 1947 ostium?
1084 1888 1198 1956 Qua
1233 1886 1512 1939 intramus.
1547 1880 1677 1965 Quis
1702 1886 1783 1933 est
1800 1877 1967 1931 ostia-

383 1987 530 2041 rius?
556 1984 656 2052 Qui
683 1984 871 2054 aperit.
899 1980 1029 2048 Quis
1054 1993 1180 2048 ergo
1205 1990 1264 2031 se
1287 1973 1477 2044 aperit,
1501 1972 1601 2025 nisi
1623 1969 1713 2039 qui
1733 1969 1965 2036 seipsum

382 2077 633 2148 exponit?
658 2076 796 2130 Ecce
818 2072 1073 2128 Dominus
1092 2069 1299 2123 dixerat
1318 2064 1533 2125 ostium,
1563 2076 1668 2114 non
1694 2057 1966 2159 intellexe:

381 2183 596 2229 ramus;
623 2164 835 2236 quando
873 2179 979 2217 non
1020 2159 1397 2219 intelleximus,
1428 2154 1668 2208 clausutn
1697 2154 1966 2250 erat:.qui

380 2260 627 2329 aperuit,
650 2258 765 2326 ipse
788 2264 873 2311 est
910 2252 1177 2309 ostiarius.
1211 2248 1364 2303 Nulla
1390 2253 1472 2301 est
1509 2258 1636 2312 ergo
1674 2248 1965 2294 necessttas

381 2348 582 2419 aliquid
603 2348 746 2403 aliud
774 2359 1019 2416 quaerere
1039 2384 1054 2403 .
1086 2341 1228 2396 nulla
1259 2336 1585 2393 necessitas:
1617 2332 1714 2389 sed
1739 2331 1966 2386 fortasse

382 2451 465 2497 est
488 2440 752 2497 voluntas.
780 2438 839 2492 Si
867 2444 951 2491 est
981 2434 1255 2497 voluntas,
1282 2429 1391 2484 noli
1420 2426 1721 2482 exorbitare
1740 2465 1756 2488 ,
1790 2422 1898 2477 noli
1933 2436 1964 2474 a

383 2533 640 2587 Trinitate
664 2529 962 2585 discedere.
992 2526 1046 2581 Si
1074 2536 1355 2594 personam
1396 2520 1551 2573 aliam
1576 2516 1771 2586 quieris
1798 2514 1964 2569 ostia-

372 2628 469 2691 .rii,
495 2624 725 2695 Spiritus
745 2631 959 2676 sanctus
981 2623 1229 2673 occurrat
1253 2631 1267 2667 :
1300 2628 1407 2667 non
1427 2612 1568 2666 enim
1594 2606 1966 2676 dedignabitur
2047 2634 2053 2654 .-

368 2718 635 2774 ostiarius
659 2728 779 2769 esse
803 2711 1031 2781 Spiritus
1061 2716 1295 2771 sanctus,
1330 2702 1543 2773 quando
1573 2702 1745 2769 ipsum
1769 2697 1965 2751 ostium

381 2825 501 2866 esse
517 2808 762 2879 dignatus
782 2812 865 2859 est
884 2802 1069 2856 Filius.
1098 2798 1227 2853 Vide
1247 2795 1521 2850 ostiat-ium
1549 2791 1687 2845 forte
1710 2789 1965 2881 Spiritum

378 2910 624 2956 sanctum
650 2916 665 2951 :
689 2899 804 2967 ipse
827 2894 1082 2949 Dominus
1106 2888 1382 2958 discipulis
1401 2887 1513 2940 suis
1532 2884 1600 2938 de
1619 2883 1819 2952 Spiritu
1845 2896 1968 2935 san-

368 3006 468 3049 «cto
479 2994 628 3057 dicit,
649 2991 865 3059 Ipsevos
884 2985 1074 3040 docebit
1093 2997 1288 3036 omnem
1311 2980 1563 3033 ueritatem
1589 2974 1699 3048 (Id.
1725 2990 1831 3039 xvt,
1852 2972 1963 3043 15).

366 3089 588 3143 Ostium
613 3083 738 3155 quid
760 3083 877 3138 est?
903 3078 1163 3134 Christus.
1188 3072 1325 3142 Quid
1345 3081 1425 3126 est
1445 3066 1965 3125 Christus?Veritas.

368 3181 514 3247 Quis
552 3176 724 3247 aperit
761 3174 978 3236 ostium,
1007 3168 1108 3223 nisi
1134 3167 1223 3237 qui
1241 3165 1399 3219 docet
1420 3176 1632 3215 omnem
1653 3156 1968 3214 veritatem?

452 3273 509 3327 5.
543 3272 619 3324 De
646 3266 978 3323 mereenario
998 3270 1174 3315 autem
1204 3257 1329 3327 quid
1361 3254 1623 3309 dicimus?
1651 3252 1765 3307 Non
1793 3252 1847 3304 in
1876 3249 1969 3303 bo-

370 3366 467 3422 nis
490 3364 579 3418 hic
600 3365 1049 3416 commemoratae
1079 3362 1181 3408 est.
1212 3349 1397 3403 Pastor
1422 3348 1599 3408 bonus,
1628 3346 1720 3410 ait,
1745 3344 1969 3397 animam

376 3472 529 3510 suam
554 3454 641 3506 dat
670 3467 762 3521 pro
789 3447 982 3502 oribus.
1014 3441 1390 3505 Mercenarius,
1430 3447 1477 3491 et
1510 3438 1596 3507 qui
1629 3452 1733 3489 non
1766 3441 1837 3488 est
1871 3449 1967 3502 pa-

365 3555 506 3611 «stor,
535 3544 684 3614 cujus
713 3556 813 3594 non
839 3546 955 3591 sunt
977 3551 1091 3589 oves
1117 3532 1366 3602 propriae,
1399 3528 1530 3582 videt
1552 3527 1732 3597 lupum
1762 3525 1968 3579 venien-

375 3649 500 3703 tem,
527 3644 575 3691 et
599 3634 801 3687 dimittit
827 3645 960 3693 oves,
985 3638 1027 3681 et
1052 3625 1213 3696 fugit;
1236 3632 1282 3677 et
1306 3624 1458 3693 lupus
1482 3621 1632 3689 rapit,
1658 3628 1703 3673 et
1723 3616 1968 3688 dispergit

368 3744 514 3782 oues.
545 3726 660 3781 Non
689 3723 772 3777 hic
798 3723 987 3776 bonam
1014 3730 1296 3788 persmtam
1340 3711 1698 3767 mercenarius
1718 3710 1873 3779 gerit,
1915 3718 1970 3763 et

372 3829 561 3874 tamen
603 3817 656 3870 in
698 3814 875 3883 aliquo
915 3810 1061 3865 utilis
1099 3817 1182 3863 est
1217 3824 1231 3859 :
1276 3820 1375 3860 nec
1421 3801 1784 3858 mercenarius
1823 3799 1965 3853 dice-

378 3920 550 3975 retur,
582 3907 681 3962 nisi
719 3905 984 3974 acciperet
1026 3916 1056 3954 a
1096 3897 1425 3954 conducente
1465 3891 1791 3947 mercedem.
1837 3888 1967 3957 Quis

375 4012 465 4057 est
482 4016 610 4071 ergo
630 4000 730 4053 iste
751 3994 1131 4056 mercenarius,
1150 4002 1203 4045 et
1225 3987 1502 4059 culpabilis
1521 3995 1576 4041 et
1598 3982 1967 4039 necessarius?

376 4093 480 4149 Hic
501 4107 652 4157 vero,
673 4087 896 4150 fratres,
936 4086 1112 4139 luceat
1140 4081 1292 4136 nobis
1323 4081 1434 4150 ipse
1477 4076 1768 4141 Dominus,
1812 4082 1871 4128 ut
1912 4082 1968 4128 ct

374 4184 746 4242 mercenarios
779 4178 1156 4247 intelligamus,
1195 4181 1249 4229 et
1274 4170 1587 4228 mercenarii
1628 4184 1734 4224 non
1774 4169 1961 4222 simus.

374 4277 512 4345 Quis
548 4284 632 4330 est
657 4287 784 4343 ergo
810 4266 1203 4325 mercenarius?
1234 4267 1365 4320 Sunt
1390 4266 1441 4318 in
1482 4263 1719 4317 Ecclesia
1749 4261 1964 4331 quidam

374 4366 676 4440 prapositi,
702 4364 770 4417 de
791 4362 980 4432 quibus
1004 4359 1199 4413 Paulus
1220 4357 1491 4427 apostolus
1510 4354 1638 4409 dicit
1659 4372 1672 4407 :
1700 4354 1811 4410 Sua
1829 4369 1967 4424 quic-

373 4467 565 4523 rentes,
592 4473 691 4510 non
721 4469 833 4525 qua:
857 4452 981 4506 Jesu
1007 4449 1209 4506 Christi.
1237 4448 1372 4516 Qttid
1403 4457 1505 4515 est,
1534 4464 1629 4501 sua
1651 4456 1924 4518 querentes
1941 4448 1967 4501 ?

373 4552 497 4608 Non
525 4548 793 4604 Christum
834 4544 999 4615 gratis
1041 4542 1353 4612 diligentes,
1386 4556 1491 4594 non
1535 4540 1702 4593 Deum
1749 4548 1966 4608 propter

374 4645 552 4699 Deum
572 4646 900 4711 quaerentes;
931 4633 1239 4704 temporalia
1266 4631 1547 4687 commoda
1576 4638 1965 4695 consectantes,

375 4736 545 4790 lucris
590 4733 887 4794 inhiantes,
926 4727 1156 4782 honores
1183 4725 1249 4779 ab
1290 4724 1592 4778 hominibus
1633 4732 1963 4793 appetentes.

376 4827 507 4881 Haec
552 4824 763 4895 quando
792 4831 1037 4877 amantur
1074 4836 1104 4874 a
1147 4818 1464 4889 praeposito,
1506 4825 1562 4871 et
1605 4826 1818 4887 propter
1856 4816 1970 4869 lucc

375 4920 612 4975 servitur
643 4919 782 4981 Deo;
811 4914 1047 4986 quisquis
1072 4922 1155 4966 est
1182 4910 1299 4965 talis
1321 4952 1336 4975 ,
1364 4909 1727 4963 mercenarius
1746 4914 1829 4962 est
1846 4950 1859 4970 ,
1885 4907 1968 4959 in-

377 5022 466 5067 ter
496 5010 634 5064 ﬁlios
660 5023 719 5063 se
746 5022 852 5061 non
882 5011 1172 5073 computet.
1220 5002 1293 5055 De
1321 5001 1512 5054 talibus
1540 5000 1679 5052 enim
1707 5007 1761 5053 ct
1792 4998 1971 5052 Domi-

356 5118 484 5169 ,nus
522 5100 651 5156 dicit
701 5117 715 5154 :
764 5100 924 5152 Amen
968 5096 1078 5149 dico
1122 5093 1291 5155 vobis,
1334 5101 1655 5161 perceperunt
1696 5092 1969 5143 mercedem

376 5210 529 5247 suam
556 5191 766 5263 (Matth.
799 5205 890 5253 vt,
931 5187 1005 5259 5).
1041 5185 1175 5240 Audi
1213 5185 1280 5239 de
1310 5183 1588 5238 Timotheo
1623 5194 1807 5237 sancto
1845 5183 1969 5251 quid

377 5285 524 5339 dicat
563 5283 833 5352 apostolus
862 5281 1058 5335 Paulus
1096 5297 1109 5334 :
1160 5296 1179 5330 ‹
1224 5278 1391 5348 Spero
1430 5287 1607 5331 autem
1650 5277 1701 5331 in
1746 5277 1971 5330 Domino

380 5377 507 5433 Jesu
530 5376 865 5431 Timotheum
892 5374 1000 5428 cito
1028 5372 1237 5425 mittere
1277 5369 1453 5433 vobis,
1495 5378 1556 5422 ut
1592 5379 1646 5422 et
1689 5384 1786 5437 ego
1831 5368 1971 5423 bono

381 5470 563 5524 animo
591 5468 690 5523 sim
711 5509 727 5532 ,
757 5483 880 5522 cum
918 5479 1217 5536 cognovero
1244 5479 1361 5534 quas
1399 5464 1537 5517 circa
1565 5476 1660 5515 vos
1695 5463 1801 5515 sint
1829 5480 1839 5514 :
1875 5479 1971 5516 nc-

384 5562 580 5615 minem
604 5561 745 5615 enim
778 5558 948 5612 habeo
983 5557 1284 5611 unanimem
1315 5556 1354 5622 ¹,
1385 5555 1472 5624 qui
1497 5568 1748 5624 germane
1778 5554 1845 5607 de
1874 5570 1972 5609 Vt)-

385 5652 467 5706 bis
488 5651 742 5718 sollicitus
765 5650 852 5703 sit.
885 5650 1083 5703 Omnes
1111 5648 1251 5701 enim
1285 5662 1379 5700 sua
1409 5654 1687 5716 quaerunt,
1720 5660 1827 5701 non
1852 5660 1971 5717 qua:

453 5766 470 5797 ’
493 5774 565 5815 ac
588 5773 693 5815 Mss.
718 5765 836 5813 Editi
860 5775 995 5822 vero,
1017 5768 1115 5811 tam
1138 5756 1423 5810 unmtimem.

1524 306 1931 366 TRACTATUS
1968 305 2150 362 XLVI.
2193 308 2418 369 CAPUT
2458 316 2525 371 Χ.

3526 337 3665 397 1750

2077 419 2205 477 Jesu
2234 423 2431 483 Christi
2464 448 2483 481 ι
2521 428 2775 505 (Philipp.
2800 450 2868 503 tt,
2900 436 3107 512 19-21).
3136 440 3280 499 inter
3308 452 3665 509 mercenaries

2079 522 2258 604 pastor
2282 517 2574 588 ingemuit:
2607 524 3110 602 Quaesivitaliquem
3139 536 3228 604 qui
3267 538 3548 597 sinceriter
3575 543 3663 598 di-

2076 600 2264 670 ligeret
2290 622 2501 678 gregem
2530 610 2759 681 Christi,
2792 626 2847 673 et
2882 600 3021 677 circa
3047 639 3106 679 se
3128 600 3180 679 in
3204 626 3284 682 eis
3304 630 3394 698 qui
3420 645 3542 686 cum
3574 635 3664 690 illo

2076 707 2143 746 eo
2165 702 2399 765 tempore
2421 701 2659 771 fuerant,
2692 723 2797 763 non
2826 711 3044 768 invenit.
3075 715 3191 771 Non
3226 721 3370 775 enim
3396 721 3447 776 in
3479 724 3657 781 Eccle-

2075 781 2152 875 sia
2178 783 2374 841 Christi
2404 798 2528 845 tunc
2558 805 2750 862 praeter
2785 799 3004 856 Paulum
3043 808 3342 875 apostolum
3386 820 3441 865 et
3484 813 3651 869 Timo~

2076 871 2255 928 theum
2286 892 2442 932 nemo
2469 892 2584 937 erat
2611 887 2699 953 qui
2727 903 2977 957 germane
3008 871 3265 968 devgrege
3287 900 3545 958 sollicitus
3575 921 3660 960 es-

2074 973 2157 1060 set
2181 983 2202 1060 λε
2245 968 2341 1022 sed
2367 974 2661 1043 contigerat
2702 990 2759 1033 ut
2802 996 2868 1036 eo
2907 991 3145 1056 tempore
3186 1006 3292 1060 quo
3320 992 3659 1052 Timotheum

2069 1058 2249 1125 misit,
2280 1062 2419 1116 circa
2449 1078 2507 1119 se
2536 1067 2695 1123 alium
2735 1071 2803 1127 de
2834 1074 2955 1130 ﬁliis
2983 1092 3089 1131 non
3119 1058 3372 1150 haberet;
3419 1086 3514 1142 sed
3561 1089 3659 1142 soli

2074 1155 2386 1248 mercenarii
2427 1172 2549 1212 cum
2588 1160 2676 1217 illo
2716 1176 2923 1234 essent,
2952 1185 3044 1222 sua
3070 1183 3376 1243 quaerentes,
3414 1194 3515 1231 non
3546 1195 3660 1248 qui:

2071 1240 2196 1297 Jesu
2220 1244 2425 1302 Christi.
2457 1250 2526 1304 Et
2552 1261 2726 1309 tamen
2758 1257 2869 1326 ipse
2894 1240 3145 1329 germane
3170 1265 3236 1319 de
3276 1240 3437 1337 grege
3466 1240 3659 1323 soll'icic

2075 1342 2188 1399 tus,
2221 1339 2402 1393 tnaluit
2428 1341 2592 1396 ﬁlium
2623 1347 2869 1411 mittere,
2911 1359 2965 1404 et
3004 1352 3141 1407 inter
3177 1360 3534 1413 mercenaries
3574 1374 3658 1413 re.

2067 1441 2307 1483 manere.
2350 1431 2653 1491 Invenimus
2680 1449 2735 1492 et
2763 1444 3148 1510 mercenaries,
3183 1463 3286 1501 non
3325 1464 3418 1503 eos
3442 1450 3658 1506 discutit

2074 1518 2173 1570 nisi
2215 1520 2498 1589 Dominus;
2530 1527 2619 1595 qui
2646 1543 2740 1583 cor
2775 1530 3019 1600 inspicit,
3058 1535 3171 1605 ipse
3196 1538 3446 1593 discutit:
3477 1549 3653 1597 tamen

2070 1610 2354 1679 aliquando
2403 1616 2767 1689 intelliguntur
2806 1639 2838 1677 a
2882 1625 3055 1680 nobis.
3104 1628 3218 1682 Non
3266 1632 3407 1686 enim
3461 1632 3654 1688 frustra

2070 1700 2201 1755 dixit
2225 1704 2336 1771 ipse
2366 1706 2621 1764 Dominus
2645 1712 2807 1766 etiam
2852 1714 2919 1769 de
2961 1716 3135 1786 lupis:
3176 1719 3257 1773 Ea:
3300 1722 3543 1791 fructibus
3566 1740 3654 1777 eo-

2065 1809 2181 1845 rum
2201 1800 2503 1865 cognoscetis
2529 1818 2611 1856 eos
2638 1802 2849 1872 (Matth.
2893 1823 2965 1860 vn
2991 1851 3004 1874 ,
3050 1809 3159 1879 16).
3194 1810 3382 1867 Multos
3420 1814 3656 1869 interro-

2067 1896 2193 1953 gant
2224 1891 2570 1959 tentationes,
2594 1903 2647 1948 et
2671 1904 2794 1951 tunc
2814 1909 3075 1967 apparent
3094 1904 3440 1971 cogitationes
3464 1922 3476 1958 :
3503 1907 3654 1961 multi

2068 1986 2245 2032 autem
2288 1980 2469 2035 latent.
2503 1984 2743 2040 Habeat‘
2772 1990 2909 2043 ovile
2955 1991 3160 2047 Domini
3210 1998 3552 2064 pr:ep0sitos,
3596 2007 3654 2053 et

2068 2067 2204 2122 filios
2229 2079 2284 2124 et
2311 2077 2689 2132 mercenarios.
2722 2078 2996 2149 Praepositi
3039 2095 3215 2137 autem
3261 2088 3348 2154 qui
3375 2088 3464 2141 ﬁlii
3490 2098 3650 2155 sunt,

2069 2168 2306 2226 pastores
2332 2173 2473 2217 sunt.
2507 2165 2561 2220 Si
2593 2176 2829 2235 pastores
2868 2182 3023 2239 sunt,
3061 2175 3331 2242 quomodo
3375 2180 3511 2231 unu’s
3553 2192 3652 2246 pa-

2068 2258 2200 2316 stor,
2226 2251 2322 2307 nisi
2344 2255 2464 2323 quia
2490 2265 2615 2309 sunt
2642 2257 2718 2311 illi
2743 2274 2929 2316 omnes
2954 2263 3106 2317 unius
3131 2267 3365 2319 membra
3394 2268 3645 2337 pastoris,

2067 2340 2219 2408 cujus
2255 2353 2379 2397 sunt
2418 2360 2545 2399 oves
2575 2349 2840 2416 propriaa?
2868 2351 2996 2406 Nam
3023 2366 3078 2407 et
3118 2356 3217 2424 ipsi
3261 2358 3496 2411 membra
3526 2372 3649 2412 sunt

2068 2434 2235 2504 ipsius
2264 2439 2420 2494 unius
2449 2440 2597 2505 ovis;
2627 2439 2752 2509 quia
2770 2444 2899 2498 sicut
2922 2447 3027 2501 ovis
3044 2448 3113 2500 ad
3150 2449 3516 2503 immolandum
3549 2451 3653 2504 du-

2067 2535 2176 2580 ctus
2202 2537 2294 2581 est.

2140 2618 2193 2672 6.
2234 2620 2426 2677 Audite
2467 2630 2680 2689 autem,
2722 2627 2842 2695 quia
2892 2636 2947 2681 et
2998 2629 3310 2683 mercenarii
3364 2630 3651 2686 necessarii

2069 2717 2211 2761 sunt.
2239 2708 2384 2764 Multi
2427 2713 2623 2782 quippe
2664 2714 2717 2768 in
2758 2716 2991 2771 Ecclesia
3021 2720 3297 2773 commoda
3330 2730 3536 2774 terrena
3564 2736 3654 2776 se-

2069 2807 2274 2853 ctantes
2294 2840 2307 2863 ,
2339 2800 2606 2857 Christum
2649 2813 2822 2859 tamen
2871 2807 3190 2876 praedicant,
3220 2820 3272 2863 et
3301 2825 3395 2878 per
3433 2826 3526 2865 eos
3550 2828 3652 2866 vox

2070 2886 2263 2944 Christi
2285 2891 2529 2946 auditur:
2554 2903 2607 2948 et
2626 2907 2921 2964 sequuntur
2944 2913 3089 2963 oves,
3113 2916 3215 2954 non
3240 2903 3651 2969 mercenarium,

2070 2980 2166 3034 sed
2193 2995 2377 3035 vocem
2409 2985 2635 3052 pastoris
2659 3000 2755 3054 per
2784 2991 3189 3044 mercenarium.
3223 2990 3413 3047 Audite
3442 3008 3653 3049 merce-

2072 3073 2251 3127 narios
2280 3074 2349 3128 ab
2375 3075 2490 3144 ipso
2517 3076 2741 3132 Domino
2764 3079 3153 3136 demonstratos
3179 3101 3191 3136 :
3220 3083 3434 3151 Scribis,
3460 3087 3652 3156 inquit,

2073 3175 2120 3219 et
2160 3164 2415 3222 Pharisaei
2451 3170 2741 3224 cathedram
2776 3171 2944 3243 Moysi
2973 3176 3181 3229 sedent:
3207 3192 3316 3243 quin
3344 3177 3535 3244 dicunt,
3566 3180 3652 3248 fa-

2073 3257 2196 3322 cite;
2233 3273 2346 3327 qua:
2390 3269 2559 3312 autent
2599 3261 2822 3328 faciunt,
2864 3263 3029 3331 facere
3067 3266 3218 3318 nolite
3241 3264 3348 3338 (Id.
3377 3283 3543 3331 xxut,
3571 3265 3652 3339 2).

2074 3346 2209 3414 Quid
2237 3349 2379 3402 aliud
2408 3349 2559 3414 dixit,
2589 3351 2721 3415 nisi,
2755 3352 2856 3406 Per
2875 3356 3234 3410 mercennarios
3265 3372 3446 3410 vocem
3475 3368 3656 3427 pasto-

2072 3441 2148 3495 ris
2177 3441 2393 3496 audite?
2414 3444 2657 3499 Sedcndo
2681 3447 2824 3499 enim
2850 3447 3154 3501 cathedram
3176 3448 3340 3520 Moysi
3365 3452 3532 3519 legem
3560 3451 3657 3506 Dei

2073 3531 2305 3587 docent:
2336 3550 2462 3603 ergo
2492 3550 2587 3603 per
2614 3535 2731 3589 illos
2762 3536 2901 3589 Deus
2947 3537 3120 3591 docet.
3167 3538 3270 3593 Sua
3314 3556 3442 3594 vero
3485 3542 3559 3596 illi
3609 3543 3656 3597 si

2071 3624 2237 3677 velint
2265 3623 2477 3690 docere,
2503 3627 2665 3680 nolite
2685 3626 2888 3692 audire,
2917 3628 3079 3681 nolite
3106 3627 3297 3684 facere.
3330 3630 3484 3685 Certe
3512 3633 3653 3687 enim

2074 3714 2207 3768 tales
2249 3729 2341 3768 sua
2386 3726 2627 3783 qua'runt
2646 3756 2660 3780 ,
2693 3732 2797 3770 non
2826 3733 2944 3786 quae
2972 3718 3096 3771 Jesu
3120 3717 3347 3772 Christi:
3377 3722 3551 3775 nullus
3578 3731 3658 3777 ta-

2071 3821 2193 3860 men
2243 3808 2606 3861 mercenarius
2647 3822 2810 3861 ausus
2850 3817 2933 3861 est
2977 3809 3154 3863 dicere
3195 3811 3386 3878 populo
3425 3810 3651 3877 Christi,

2071 3898 2182 3951 Tua
2220 3913 2434 3967 quaere,
2470 3914 2576 3951 non
2620 3914 2737 3968 qua:
2778 3899 2904 3954 Jesu
2942 3900 3158 3954 Christi.
3186 3901 3335 3968 Quod
3362 3902 3504 3957 enim
3532 3904 3656 3958 facit

2071 3989 2245 4054 male,
2279 4004 2385 4043 non
2425 3989 2676 4057 praedicat
2720 3990 2787 4045 de
2832 3990 3082 4045 cathedra
3105 3990 3299 4045 Clu-isti
3324 4010 3337 4046 :
3362 3993 3482 4046 inde
3513 3992 3657 4047 lzedit

2072 4081 2214 4136 unde
2243 4081 2381 4134 mala
2407 4081 2559 4142 facit,
2590 4098 2693 4136 non
2723 4082 2861 4136 unde
2890 4082 3023 4135 bona
3055 4082 3198 4137 dicit.
3229 4083 3445 4138 Botrum
3470 4099 3652 4154 carpe,

2070 4171 2277 4240 Spinam
2317 4186 2465 4225 cave.
2512 4171 2688 4236 Bene,
2733 4173 2855 4241 quia
2901 4172 3263 4237 intellexistis;
3303 4173 3397 4227 sed
3439 4182 3658 4243 propter

2072 4262 2333 4317 tardiores
2357 4261 2530 4317 dicam
2562 4263 2661 4317 hoc
2686 4261 2825 4320 idem
2847 4264 3075 4334 planius.
3096 4264 3376 4331 Quomodo
3399 4265 3525 4331 dixi,
3554 4266 3657 4321 Bo-

2072 4361 2211 4407 trum
2238 4367 2424 4422 carpe,
2456 4352 2662 4422 spinam
2690 4368 2817 4407 cave
2837 4368 2850 4417 ;
2874 4368 2995 4407 cum
3026 4354 3280 4409 Dominus
3304 4354 3464 4422 dicat,
3486 4354 3663 4410 Num-

2070 4444 2192 4513 quid
2224 4442 2466 4513 colligunt
2509 4443 2571 4496 de
2611 4445 2771 4515 spinis
2815 4461 2995 4511 uvam,
3035 4456 3126 4499 aut
3169 4446 3232 4500 de
3283 4445 3478 4502 tribulis
3504 4448 3659 4516 ﬁcum

2073 4535 2185 4604 (Id.
2226 4551 2326 4601 vu,
2360 4533 2707 4604 16)?Verum
2742 4542 2824 4590 est
2865 4537 3121 4603 omnino;
3161 4544 3217 4593 et
3261 4547 3440 4593 tamen
3494 4540 3654 4593 etiam

2072 4640 2255 4679 verum
2310 4640 2409 4693 ego
2437 4625 2576 4690 dixi,
2611 4612 2830 4680 Botrum
2876 4641 3037 4697 carpe
3057 4670 3070 4693 ,
3099 4630 3303 4697 spinam
3341 4645 3490 4685 cave.
3519 4630 3655 4697 Quia

2075 4717 2259 4771 botrus
2301 4715 2585 4785 aliquando
2630 4718 2698 4773 de
2745 4718 2923 4774 radice
2963 4721 3087 4774 vitis
3112 4730 3358 4788 exortus,
3388 4723 3579 4791 pendet
3605 4722 3659 4776 in

2074 4822 2223 4876 sepe,
2258 4808 2451 4861 crescit
2491 4809 2722 4877 palmes,
2756 4809 3007 4866 inseritur
3036 4812 3231 4883 spinis,
3266 4822 3319 4867 et
3348 4822 3521 4882 portat
3551 4814 3657 4868 fru-

2073 4909 2217 4953 ctum
2248 4898 2396 4967 spina
2423 4915 2530 4953 non
2557 4916 2732 4955 suum.
2763 4902 2877 4957 Non
2908 4905 3048 4958 enim
3077 4906 3281 4975 spinam
3308 4905 3426 4959 vitis
3452 4907 3655 4974 attulit,

2076 4990 2169 5043 sed
2204 4991 2372 5059 spinis
2412 4992 2612 5060 palmes
2643 4993 2898 5048 incubuit.
2931 4994 3049 5050 Noli
3080 4997 3407 5067 interrogare
3437 4997 3539 5053 nisi
3572 5014 3650 5054 ra-

2076 5084 2240 5138 dices.
2290 5084 2480 5151 Quasre
2529 5085 2763 5141 radicem
2806 5088 2974 5156 spina:
2996 5130 3010 5154 ,
3040 5098 3189 5143 extra
3220 5090 3423 5143 iuvenis
3446 5106 3475 5144 a
3497 5092 3613 5146 vite
3648 5142 3655 5146 .

2077 5190 2259 5243 quaere
2279 5175 2537 5245 originem
2564 5193 2700 5243 uvae,
2723 5178 2845 5231 vitis
2865 5176 3001 5233 hanc
3021 5179 3234 5248 protulit
3250 5194 3314 5232 ex
3337 5180 3537 5235 radice.
3562 5182 3657 5237 Ca-

2080 5267 2265 5321 thedra
2311 5282 2439 5337 ergo
2483 5269 2649 5340 Moysi
2696 5271 2816 5325 vitis
2859 5283 2972 5326 erat
3003 5291 3015 5326 :
3047 5273 3435 5327 Pharismorum
3484 5290 3662 5331 mores

2078 5361 2246 5429 spina:
2266 5371 2441 5416 erant.
2465 5362 2713 5417 Doctrina
2740 5380 2861 5417 vera
2889 5381 2982 5434 per
3004 5366 3189 5430 malos,
3214 5367 3416 5435 palmes
3437 5368 3486 5423 in
3511 5385 3660 5440 sepe,

2080 5453 2265 5509 botrus
2292 5454 2432 5509 inter
2456 5454 2655 5525 spinas.
2685 5456 2849 5512 Caute
2875 5456 2988 5527 lege
3019 5459 3057 5522 ’,
3084 5471 3151 5511 ne
3179 5457 3304 5513 dum
3337 5464 3530 5532 quteris
3552 5463 3659 5519 frui

2144 5633 2169 5704 ί,
2187 5631 2326 5704 aditi,
2347 5632 2504 5704 habet.
2528 5642 2593 5704 ⁸Μ
2623 5642 2750 5693 Mss,
2798 5634 2968 5704 habeat
2994 5650 3012 5687 :
3037 5652 3134 5702 quo
3164 5642 3458 5704 Signiﬁcatur
3491 5655 3668 5694 neces-

2079 5694 2204 5762 saria
2220 5696 2449 5762 Ecclesia:
2475 5698 2619 5762 etiam
2640 5694 3238 5762 mercenariorum'operav.

2152 5755 2261 5807 ’Sic
2283 5766 2385 5808 Mss.
2412 5769 2465 5813 At
2489 5761 2602 5813 editi
2630 5774 2641 5809 :
2676 5767 2862 5810 Latrum
2886 5754 3010 5808 inter
3031 5754 3191 5826 sputus
3217 5772 3349 5818 caute
3374 5765 3495 5826 lege,
3520 5799 3529 5813 .
