4102 6466
405 349 408 356 ·
448 325 581 381 1751

443 449 586 492 etum
603 477 622 502 ,
651 435 853 492 laceres
877 447 1130 488 manum:
1159 441 1213 487 et
1240 443 1360 486 cum
1385 427 1535 482 audis
1565 427 1700 481 bona
1729 425 2014 488 dicentem,

441 547 510 586 ne
539 528 762 583 imiteris
791 527 927 581 mala
951 524 1252 580 facientem.
1287 522 1414 587 Quae
1438 521 1611 573 dicunt
1643 518 1825 589 facile,
1859 516 2021 585 legite

445 634 574 675 uvas
601 636 614 671 :
639 633 753 688 qua:
776 627 942 670 autem
965 617 1188 687 faciunt,
1215 617 1378 683 facere
1410 611 1582 672 nolite,
1614 616 1797 661 cavete
1819 607 2019 675 Spinas.

444 711 617 764 Etiam
663 723 757 777 per
798 707 1155 760 mercenaries
1195 717 1377 755 vocem
1424 699 1649 769 pastoris
1687 697 1898 758 audite,
1929 695 2023 749 sed

445 799 606 850 nolite
631 811 751 850 esse
785 792 1134 856 mercenarii,
1179 805 1297 843 cum
1347 789 1461 842 sitis
1499 786 1736 840 membra
1777 783 2022 853 pastoris.

444 888 560 954 Ipse
588 896 764 940 autem
792 883 984 938 Paulus
1012 889 1228 936 sanctus
1254 877 1544 948 apostolus,
1575 875 1662 945 qui
1688 874 1841 937 dixit,
1876 891 1895 923 ι
1915 872 2024 926 Ne-

444 978 643 1030 minem
692 974 860 1028 habeo
908 972 997 1040 qui
1039 983 1291 1039 germane
1333 968 1399 1022 de
1437 967 1588 1020 vobis
1631 963 1888 1019 sollicitus
1918 963 2022 1026 sit;

443 1079 630 1118 omnes
657 1064 798 1117 enim
829 1076 920 1113 sua
950 1067 1230 1128 quaerunt,
1265 1072 1369 1110 non
1412 1071 1532 1125 quae
1570 1055 1695 1108 Jesu
1737 1052 1966 1131 Christi;
1998 1069 2018 1102 ι

443 1155 548 1206 alio
581 1153 700 1207 loco
742 1153 880 1205 inter
917 1149 1276 1202 mercenarius
1306 1147 1545 1214 filiosque
1571 1144 1922 1212 distinguens,
1945 1140 2026 1194 vi-

444 1243 566 1297 dete
602 1242 728 1311 quid
771 1241 961 1294 dixerit
988 1257 1001 1292 :
1033 1258 1051 1290 ι
1075 1237 1298 1304 Quidam
1329 1252 1424 1305 per
1449 1234 1699 1288 invidiam
1727 1241 1783 1288 et
1804 1241 2028 1287 conten-

446 1335 676 1397 ti0netn;
705 1331 917 1400 quidam
940 1345 1067 1384 vero
1092 1338 1148 1384 et
1180 1344 1274 1398 per
1298 1329 1492 1382 bonam
1521 1326 1851 1380 voluntatem
1871 1323 2029 1378 Chri-

443 1432 585 1476 stum
627 1421 949 1490 praedicant:
976 1420 1187 1489 quidam
1214 1435 1282 1473 ex
1305 1417 1595 1482 cbaritate,
1633 1417 1864 1469 scientes
1905 1414 2028 1483 quia

444 1512 501 1566 in
535 1511 899 1566 defensionem
932 1511 1198 1579 Evangelii
1225 1509 1430 1578 positus
1467 1522 1619 1571 sum;
1645 1505 1860 1576 quidam
1905 1518 2032 1558 vero

445 1612 500 1656 et
527 1617 622 1670 per
645 1602 1034 1656 contumaciam
1059 1601 1329 1654 Christum
1357 1599 1697 1662 anituntiant,
1729 1611 1836 1650 non
1863 1605 2030 1660 caste,

445 1691 814 1746 existimantes
833 1691 1223 1744 tribulationem
1239 1689 1485 1743 suscitari
1497 1687 1718 1741 vinculis
1731 1687 1881 1739 meis.
1898 1704 1915 1736 ι
1935 1684 2028 1738 Isti

446 1781 758 1834 mercenarii
778 1790 946 1843 erant,
963 1781 1124 1834 Paulo
1135 1779 1374 1848 apostolo
1388 1778 1712 1832 invidebant.
1743 1779 1918 1842 Quare
1964 1777 2038 1829 in-

447 1871 715 1937 videbant,
733 1871 830 1924 nisi
844 1871 964 1940 quia
977 1871 1284 1939 temporalia
1297 1870 1664 1939 requirebant?
1680 1868 1783 1923 Sed
1799 1867 1923 1938 quid
1943 1866 2037 1921 ad-

442 1961 649 2030 jungat,
665 1962 918 2016 attendite
939 1981 951 2014 :
971 1962 1106 2026 Quid
1115 1963 1278 2015 enim?
1291 1961 1425 2014 Dum
1441 1962 1577 2015 omni
1594 1960 1765 2025 modo,
1780 1961 1881 2012 sive
1892 1975 2037 2012 occa-

444 2053 604 2117 sione,
623 2053 722 2105 sive
750 2053 952 2105 veritate
965 2052 1189 2106 Christus
1210 2053 1556 2115 annuntietur;
1572 2060 1618 2103 et
1638 2051 1692 2103 in
1712 2052 1806 2102 hoc
1821 2048 2032 2118 gaudeo,

446 2141 536 2195 sed
559 2152 604 2195 et
630 2142 861 2212 gaudebo
902 2142 1156 2213 (Philipp.
1186 2159 1235 2206 ι,
1268 2143 1476 2212 15-18).
1506 2140 1716 2196 Veritas
1755 2149 1840 2194 est
1879 2139 2038 2193 Chri-

447 2241 602 2287 stus:
637 2235 834 2289 veritas
872 2250 900 2287 a
941 2237 1284 2290 mercenariis
1329 2233 1617 2289 occasione
1663 2230 2033 2294 annuntietur,

447 2327 644 2381 veritas
670 2342 698 2378 a
724 2328 845 2380 liliis
870 2329 1090 2380 veritate
1116 2326 1460 2380 annuntietur
1489 2343 1503 2378 :
1533 2324 1624 2378 lilii
1651 2336 1906 2378 aeternam
1935 2321 2037 2374 ha:-

449 2414 729 2469 reditatetn
781 2415 952 2470 Patris
1000 2416 1262 2484 patienter
1318 2422 1665 2483 exspectant,
1721 2411 2036 2467 mercenarii

450 2506 792 2574 temporalem
833 2507 1130 2560 mercedem
1178 2504 1524 2559 conducentis
1561 2503 1873 2557 festinanter
1908 2515 2038 2556 exo-

449 2603 601 2662 ptant
630 2612 644 2649 :
674 2597 802 2650 mihi
830 2597 1060 2650 humana
1089 2595 1281 2665 gloria,
1309 2596 1393 2649 cui
1425 2594 1781 2648 mercenarius
1803 2592 2040 2647 invidere

437 2683 629 2755 video,
661 2686 961 2752 minuatur;
992 2695 1047 2740 et
1089 2696 1263 2740 tamen
1308 2701 1405 2754 per
1448 2685 1654 2751 linguas
1678 2693 1731 2737 et
1761 2698 2039 2738 mercena-

449 2775 654 2830 riorum
701 2786 756 2831 et
798 2778 1024 2830 filiorum
1069 2777 1246 2830 divina
1291 2775 1486 2830 Christi
1513 2775 1679 2844 gloria
1715 2774 2037 2841 dilfametur,

447 2878 569 2919 cum
597 2881 698 2918 sive
721 2867 978 2920 occasione
995 2906 1011 2931 ,
1051 2869 1152 2920 sive
1196 2867 1401 2919 veritate
1431 2864 1662 2920 Christus
1691 2864 2036 2918 annmttietur.

523 2955 574 3008 7.
593 2954 830 3010 Vidimus
855 2956 944 3025 qui
965 2957 1033 3010 sit
1049 2957 1207 3011 etiam
1221 2955 1598 3010 mercenarius.
1617 2955 1748 3022 Quis
1766 2964 1849 3009 est
1865 2954 2038 3022 lupus,

448 3045 552 3100 nisi
573 3046 850 3102 diabolus?
881 3048 946 3102 Et
974 3047 1099 3118 quid
1127 3047 1326 3102 dictum
1347 3057 1430 3102 est
1449 3047 1518 3102 de
1541 3046 2043 3102 mercenarioitSum

448 3137 628 3190 viderit
664 3137 842 3206 lupum
863 3139 1132 3192 venientem
1152 3179 1168 3205 ,
1191 3139 1351 3208 fugit;
1380 3139 1497 3207 quia
1521 3155 1623 3192 non
1655 3148 1772 3192 sunt
1796 3139 1906 3207 ejus
1931 3153 2045 3192 oves

450 3227 797 3298 propriae,nec
821 3229 866 3282 ei
902 3245 1024 3282 cura
1054 3237 1126 3282 est
1154 3227 1218 3281 de
1247 3228 1436 3282 ovibus.
1472 3227 1739 3298 Numquid
1771 3228 1890 3282 talis
1930 3237 2045 3282 erat

449 3317 721 3386 apostolus
796 3318 1040 3373 Paulus?
1092 3318 1265 3372 Aosit.
1303 3318 1572 3388 Numquid
1629 3319 1748 3373 talis
1805 3319 2044 3373 Petrus?

450 3408 624 3462 Absit.
679 3407 942 3479 Numquid
996 3409 1128 3464 tales
1178 3410 1363 3464 caeteri
1410 3410 1682 3478 Apostoli,
1715 3408 2046 3480 exceptoJu-

455 3496 522 3550 da
567 3497 673 3553 tilio
705 3500 1038 3568 perditionis?
1097 3500 1268 3553 Absit.
1304 3501 1552 3554 Pastores
1594 3515 1721 3568 ergo
1774 3501 1886 3554 illi?
1921 3500 2045 3552 Pla-

452 3603 524 3642 ne
565 3599 823 3658 pastores.
869 3589 936 3643 Et
966 3589 1106 3644 unde
1159 3604 1293 3644 unus
1323 3591 1533 3660 pastor?
1565 3589 1680 3644 Jam
1705 3590 1836 3655 dixi,
1867 3599 2047 3661 pasto-

458 3695 566 3746 res,
596 3681 716 3750 quia
747 3681 984 3735 membra
1011 3682 1254 3750 pastoris.
1292 3679 1384 3735 lllo
1404 3682 1576 3751 capite
1605 3681 2045 3750 gaudebant,sub

454 3773 545 3829 illo
564 3775 736 3844 capite
757 3774 1146 3829 concordabant
1167 3814 1182 3839 ,
1210 3789 1316 3828 uno
1337 3775 1524 3843 spiritu
1551 3774 1603 3827 in
1632 3773 1783 3827 unius
1807 3775 2051 3843 corporis

454 3879 708 3935 compage
733 3865 980 3919 vivebant
1006 3879 1020 3917 :
1048 3877 1110 3917 ac
1157 3878 1253 3932 per
1277 3862 1380 3917 hoc
1408 3877 1595 3918 omnes
1622 3861 1690 3916 ad
1743 3878 1903 3916 unum
1946 3878 2043 3932 pa-

455 3966 656 4011 storem
694 3957 1043 4027 pertinebant.
1066 3956 1123 4011 Si
1144 3970 1270 4025 ergo
1294 3963 1552 4025 pastores,
1575 3971 1682 4010 non
1705 3955 2040 4020 mercenarii,

457 4062 623 4115 quare
662 4047 930 4116 fugiebant
953 4046 1166 4118 quando
1201 4045 1626 4115 persecutionem
1669 4044 2042 4114 patiebantur?

458 4137 678 4207 Expone
706 4137 892 4202 nobis,
918 4153 950 4190 o
985 4135 1226 4192 Domine.
1253 4135 1369 4189 Vidi
1401 4135 1452 4189 in
1478 4134 1712 4203 Epistula
1755 4133 2040 4204 fugientem

460 4227 679 4282 Paulum
709 4245 722 4280 :
754 4244 847 4297 per
873 4244 1078 4282 murum
1111 4228 1162 4281 in
1190 4235 1368 4296 sporta
1391 4225 1686 4280 submissus
1707 4233 1790 4279 est
1809 4265 1822 4288 ,
1852 4235 1910 4279 ut
1931 4240 2042 4279 rna-

461 4335 564 4373 nus
588 4319 948 4388 persequentis
975 4319 1223 4374 evaderet
1247 4318 1323 4391 (ll
1349 4315 1468 4373 Cor.
1499 4333 1554 4372 xt
1573 4359 1588 4384 ,
1617 4316 1732 4388 '53).
1763 4316 1876 4373 Non
1915 4331 2042 4388 ergo

462 4411 534 4465 illi
561 4426 686 4466 cura
714 4411 811 4464 fuit
832 4409 900 4464 de
920 4411 1127 4476 ovibus,
1157 4426 1288 4480 quas
1314 4411 1438 4480 lupo
1458 4410 1706 4464 veniente
1727 4407 2042 4465 deserebat?

460 4501 585 4558 Fuit
627 4502 798 4572 plane,
830 4503 924 4556 sed
961 4517 1052 4557 eas
1095 4502 1290 4572 pastori
1320 4503 1372 4556 in
1400 4502 1538 4558 ratio
1563 4502 1766 4556 sedenti
1793 4503 2043 4557 orationi-

462 4591 561 4645 bus
585 4591 992 4646 commendabat
1017 4610 1028 4644 :
1055 4607 1113 4646 se
1139 4605 1314 4646 autem
1345 4592 1553 4647 utilitati
1579 4607 1761 4647 earum
1795 4591 2044 4662 fugiendo

461 4682 734 4746 servabat,
761 4682 898 4736 sicut
921 4681 1151 4750 quodam
1178 4681 1295 4734 loco
1330 4682 1438 4747 ait,
1468 4680 1676 4737 Manere
1698 4683 1752 4736 in
1781 4700 1932 4737 carne
1954 4701 2044 4737 ne-

460 4772 728 4826 cessarium
758 4781 958 4841 propter
981 4789 1064 4825 vos
1088 4771 1346 4843 (Philipp.
1370 4789 1408 4838 t,
1430 4771 1548 4837 24).
1576 4773 1656 4826 Ab
1682 4773 1797 4842 ipso
1819 4790 2045 4844 namque

462 4873 674 4934 pastore
699 4879 886 4918 omnes
907 4863 1218 4928 audierant,
1263 4863 1324 4917 Si
1368 4881 1452 4917 vos
1491 4865 1733 4934 persecuti
1771 4866 1955 4936 fuerint
1992 4868 2045 4920 in

462 4971 566 5007 una
589 4954 803 5020 civitate,
834 4954 989 5024 fugite
1008 4955 1061 5006 in
1081 4955 1235 5006 aliam
1261 4953 1472 5024 (Matth.
1503 4969 1561 5020 ι,
1725 4955 1869 5009 llanc
1893 4955 2045 5010 nobis

464 5044 814 5112 quaestionem
855 5044 1106 5097 Dominus
1133 5044 1379 5113 dignetur
1403 5059 1694 5113 exponere.
1723 5045 1964 5112 Domine,
1989 5054 2045 5101 tu

463 5133 639 5187 dixisti
671 5134 750 5187 eis
781 5148 913 5202 quos
954 5132 1134 5188 fideles
1181 5143 1421 5202 pastores
1449 5150 1568 5190 esse
1597 5135 1778 5205 utique
1804 5137 2042 5200 volebas.

463 5237 596 5292 quos
625 5230 712 5276 tua
741 5222 981 5276 tncmbra
1011 5238 1132 5278 esse
1161 5222 1446 5288 formabas,
1479 5224 1541 5279 Si
1561 5241 1645 5277 vos
1670 5228 1913 5296 persecuti
1937 5227 2046 5296 fue-

463 5313 584 5378 rint,
600 5315 772 5384 fugite.
805 5314 1051 5384 lnjuriam
1074 5331 1199 5385 ergo
1226 5314 1329 5368 illis
1356 5313 1503 5380 facis,
1525 5317 1736 5386 quando
1761 5319 2047 5387 reprehen-

463 5403 549 5458 dis
595 5408 967 5473 merccnarios,
993 5407 1082 5477 qui
1123 5406 1304 5460 vident
1344 5406 1521 5475 lupum
1563 5407 1860 5462 venientem
1887 5416 1942 5463 et
1969 5408 2048 5462 fu-

465 5497 632 5566 giunt.
683 5497 948 5568 Rogamus
989 5499 1190 5554 indices
1232 5499 1383 5553 nobis
1425 5499 1554 5569 quid
1595 5499 1785 5555 habeat
1825 5500 2046 5556 altitudo

465 5590 774 5657 qumstionis
800 5605 813 5641 :
840 5591 1108 5660 pulsemus
1129 5633 1143 5658 ,
1171 5591 1340 5646 aderit
1363 5592 1450 5660 qui
1492 5591 1690 5660 aperiat
1717 5606 1775 5646 se
1799 5591 2047 5646 ostiarius

466 5681 587 5735 ostii
611 5729 624 5747 ,
656 5683 793 5753 quod
823 5694 904 5739 est
928 5685 1062 5755 ipse.

1374 316 1437 371 IN
1472 312 1752 371 JOANNIS
1791 308 2254 375 EVANGELIUM,
2292 307 2350 364 S.
2392 307 2755 366 AUGUSTINI

3605 311 3711 370 732

2196 421 2250 476 8.
2290 420 2418 488 Quis
2455 427 2538 474 est
2562 417 2956 486 mercenarius,
2985 418 3075 489 qui
3101 418 3242 474 videt
3268 417 3450 488 lupum
3483 420 3710 475 venien-

2127 522 2233 569 tem
2276 523 2332 568 et
2367 510 2533 582 fugit?
2557 511 2656 578 Qui
2683 525 2776 564 sua
2806 511 3012 580 quaerit,
3044 527 3148 566 non
3173 525 3293 581 qua:
3317 511 3443 566 Jesu
3467 509 3670 566 Christt
3697 529 3714 565 :

2128 612 2437 672 peccantem
2477 615 2580 654 non
2630 600 2797 654 lib'cre
2837 599 2996 654 audet
3027 615 3250 670 arguere
3280 599 3323 672 (l
3352 600 3484 654 Tim.
3511 617 3566 666 v,
3591 601 3716 672 ‘20).

2130 694 2266 748 Ecce
2307 692 2485 746 nescio
2524 691 2642 761 quis
2687 691 2952 760 peccavit,
2982 692 3216 760 graviter
3243 692 3516 761 peccavit;
3544 692 3728 746 incre-

2129 783 2331 853 pandus
2369 792 2450 835 est
2468 823 2482 846 ,
2512 781 3048 836 cxcommunicandus
3077 790 3160 835 est
3183 799 3196 834 :
3223 781 3316 836 sed
3345 781 3728 836 excommuni-

2129 882 2299 937 eatus,
2325 873 2568 927 inimicus
2596 873 2718 935 erit,
2753 871 3110 938 insidiabitur,
3141 873 3354 927 nocebit
3381 881 3726 942 cum-potue-

2135 961 2223 1015 rit.
2249 961 2367 1016 Jam
2392 963 2478 1014 ille
2504 962 2592 1030 qui
2621 976 2715 1014 sua
2740 961 2948 1030 quaerit,
2979 976 3084 1014 non
3109 977 3227 1030 qua:
3251 961 3378 1016 Jesu
3404 961 3622 1025 Christi,
3651 977 3725 1018 ne

2132 1050 2318 1119 perdat
2363 1050 2502 1118 quod
2546 1058 2798 1112 sectatur,
2827 1050 3072 1104 humanae
3097 1051 3341 1105 amicitia:
3367 1053 3727 1106 commodita-

2134 1148 2263 1204 tem,
2287 1147 2340 1193 et
2361 1139 2752 1193 inimicitiarum
2775 1139 3124 1193 humanarum
3142 1140 3376 1194 incurrat
3394 1141 3721 1204 molestiam,

2136 1239 2291 1294 tacet,
2311 1246 2414 1285 non
2433 1230 2668 1298 corripit.
2693 1232 2826 1285 Ecce
2844 1231 3000 1300 lupus
3023 1233 3109 1286 ovi
3129 1241 3310 1300 guttur
3337 1232 3722 1302 apprehendit:

2134 1319 2375 1374 diabolus
2395 1319 2532 1373 lideli
2546 1321 2856 1374 adulterium
2871 1322 3164 1390 persuasit;
3185 1330 3239 1376 tu
3253 1330 3412 1386 taces,
3429 1339 3534 1378 non
3547 1322 3728 1378 incre-

2134 1426 2230 1480 pas
2255 1428 2267 1462 :
2290 1427 2324 1465 ο
2353 1412 2698 1476 mercenarie,
2718 1413 2898 1480 lupum
2920 1413 3221 1466 venientem
3244 1413 3442 1478 vidisti,
3459 1421 3514 1468 et
3526 1413 3726 1484 fugisti.

2136 1503 2440 1572 Respondet
2456 1503 2588 1556 forte
2599 1511 2654 1556 et
2675 1503 2829 1556 dicit:
2854 1503 2992 1557 Ecce
3020 1503 3106 1557 hic
3121 1518 3260 1569 sum,
3280 1520 3384 1558 non
3409 1503 3536 1573 fugi.
3567 1505 3733 1574 Fugi-

2136 1593 2233 1658 sti,
2265 1594 2383 1663 quia
2407 1593 2654 1656 tacuisti;
2689 1593 3053 1663 tacuisti,quia
3083 1595 3322 1648 timuisti.
3352 1593 3492 1664 Fuga
3520 1596 3727 1660 animi,

2138 1685 2296 1736 timor
2334 1693 2434 1738 est.
2476 1683 2713 1752 Corpore
2741 1684 2968 1747 stetisti,
2997 1683 3186 1752 spiritu
3220 1683 3398 1754 fugisti
3424 1702 3437 1737 :
3463 1685 3603 1754 quod
3635 1687 3728 1740 ille

2138 1789 2245 1827 non
2267 1772 2492 1828 faciebat
2515 1775 2605 1843 qui
2633 1774 2844 1829 dicebat
2859 1815 2873 1838 ,
2895 1773 3009 1829 Etsi
3030 1791 3242 1846 corpore
3263 1776 3442 1831 absens
3461 1794 3597 1844 sum,
3618 1779 3729 1847 spi-

2137 1865 2241 1918 ritu
2268 1865 2522 1918 vobiscum
2550 1882 2664 1918 sum
2697 1863 2914 1938 (Coloss.
2939 1883 2974 1920 ll
2994 1909 3007 1931 ,
3030 1867 3108 1935 5).
3136 1867 3416 1935 Quomodo
3446 1869 3588 1923 enim
3619 1871 3732 1939 spi-

2139 1955 2244 2010 ritu
2278 1954 2512 2025 fugiebat
2533 1997 2548 2021 ,
2572 1956 2658 2025 qui
2685 1957 2844 2010 etiam
2871 1971 3096 2026 corpore
3121 1958 3315 2012 absens
3333 1999 3350 2022 ,
3379 1957 3732 2015 fornicatores

2140 2046 2330 2102 litteris
2354 2047 2642 2117 arguebat?
2664 2047 2988 2103 All‘ectiones
3017 2059 3212 2104 nostra:
3235 2058 3412 2104 motus
3429 2051 3731 2106 animorum

2139 2147 2282 2193 sunt.
2315 2139 2551 2203 Laetitia,
2583 2140 2744 2193 animi
2771 2140 3016 2205 diffusio;
3045 2141 3282 2205 tristitia,
3313 2143 3474 2196 animi
3508 2153 3730 2198 contra-

2138 2232 2246 2286 ctio
2270 2250 2282 2285 :
2308 2231 2569 2302 cupiditas
2589 2275 2604 2299 ,
2636 2233 2799 2287 animi
2841 2234 3168 2303 progressio;
3201 2236 3377 2300 timor,
3405 2237 3569 2290 animi
3609 2237 3731 2307 fuga

2139 2330 2242 2376 est.
2274 2321 2594 2377 Dill‘underis
2619 2323 2763 2378 enim
2794 2324 2993 2388 animo,
3023 2340 3144 2378 cum
3172 2324 3480 2391 delectaris;
3511 2337 3730 2382 contra-

2141 2414 2287 2470 heris
2332 2417 2509 2470 animo
2534 2457 2548 2479 ,
2595 2431 2718 2468 cum
2763 2415 3101 2470 molestaris:
3131 2416 3465 2486 progrederis
3505 2419 3686 2474 animo
3710 2461 3728 2483 ,

2141 2520 2260 2559 cum
2291 2506 2532 2574 appetis;
2576 2504 2711 2575 fugis
2750 2506 2964 2571 animo,
3003 2520 3122 2558 cum
3167 2508 3378 2561 metuis.
3411 2508 3548 2563 Ecce
3578 2509 3726 2566 unde

2122 2593 2232 2648 "ille
2255 2595 2614 2648 mercenarius
2635 2594 2747 2648 viso
2773 2594 2896 2662 lupo
2917 2594 3110 2648 dicitur
3129 2593 3332 2664 fugere.
3355 2594 3567 2662 Quare?
3591 2591 3750 2662 (,[uia~

2142 2701 2243 2738 non
2268 2693 2339 2738 est
2363 2685 2408 2736 ei
2437 2700 2561 2736 cura
2587 2684 2648 2737 de
2667 2683 2860 2738 ovibus.
2884 2683 3060 2750 Quare
3089 2701 3190 2738 non
3214 2695 3287 2739 est
3315 2688 3357 2740 ei
3377 2703 3505 2740 cura
3528 2688 3592 2742 de
3617 2690 3733 2742 ovi-

2142 2775 2276 2828 bus?
2305 2774 2437 2840 Quia
2465 2776 2802 2829 mercenarius
2839 2783 2930 2828 est.
2963 2774 3098 2841 Quid
3117 2785 3230 2841 est,
3259 2781 3598 2834 mercenarius
3619 2781 3734 2835 est?

2143 2865 2510 2935 Temporalem
2540 2864 2837 2919 mercedem
2859 2879 3130 2934 quaerens,
3159 2874 3214 2920 et
3235 2867 3287 2920 in
3307 2866 3468 2922 domo
3494 2869 3545 2922 in
3575 2878 3736 2925 teter-

2105 3029 2109 3031 _
2144 2972 2270 3011 num
2306 2971 2411 3009 non
2441 2955 2699 3010 habitabit
2728 2957 2768 3008 ¹.
2796 2955 2930 3010 Sunt
2968 2955 3056 3010 hic
3097 2956 3271 3011 adhuc
3311 2957 3632 3027 quaerenda,
3676 2969 3736 3015 et

2143 3045 2474 3102 discutienda
2514 3045 2785 3100 vobiscum
2805 3086 2821 3111 ,
2849 3045 2946 3100 sed
2983 3060 3208 3101 onerare
3237 3063 3332 3102 vos
3357 3063 3462 3104 non
3491 3058 3574 3103 est
3596 3065 3733 3104 con-

2145 3139 2268 3194 silii.
2302 3137 2576 3192 Dominica
2602 3137 2744 3191 enim
2771 3137 2971 3191 cibaria
3009 3138 3284 3193 conservis
3326 3139 3727 3206 ministramus;

2145 3229 2199 3284 in
2229 3227 2437 3299 pascuis
2462 3226 2743 3282 dominicis
2769 3241 2895 3281 oves
2921 3227 3222 3295 pascimus,
3261 3236 3316 3282 et
3357 3229 3515 3283 simul
3555 3233 3735 3300 pasci-

2145 3337 2284 3376 mur.
2312 3320 2462 3375 Sicut
2491 3335 2596 3374 non
2625 3327 2708 3372 est
2730 3317 3029 3388 negandum
3057 3319 3198 3388 quod
3228 3321 3586 3375 necessarium
3616 3331 3732 3388 est,

2145 3411 2225 3465 sic
2251 3427 2355 3464 non
2380 3418 2462 3465 est
2489 3424 2582 3463 cor
2609 3409 2876 3462 inlirmum
2905 3409 3083 3478 pabuli
3128 3409 3463 3466 multitudine
3503 3427 3738 3483 praegra-

2150 3503 2397 3557 vandum.
2434 3500 2551 3558 Non
2595 3501 2666 3556 sit
2705 3516 2833 3571 ergo
2869 3501 3156 3556 molestum
3202 3502 3460 3558 Charitati
3504 3511 3732 3569 vestrae,

2147 3593 2269 3663 quia
2298 3591 2474 3648 omnia
2495 3607 2612 3662 qua:
2635 3592 2721 3646 hic
2739 3591 2914 3646 adhuc
2935 3591 3269 3648 discutienda
3297 3593 3547 3660 arbitror,
3571 3593 3736 3650 hodie

2146 3701 2252 3740 non
2289 3684 2555 3738 discutio:
2585 3683 2679 3738 sed
2707 3684 2896 3738 iterum
2940 3685 3092 3739 nobis
3121 3687 3141 3717 ¹
3173 3685 3225 3739 in
3265 3685 3478 3740 nomine
3521 3685 3736 3740 Domini

2145 3775 2334 3830 diebus
2377 3773 2633 3829 reddendi
2676 3775 2939 3828 sermonis
2967 3775 3156 3830 eadem
3200 3776 3358 3830 lectio
3400 3776 3732 3843 reeitabitur,

2145 3876 2200 3922 et
2225 3867 2546 3938 diligentius,
2575 3866 2667 3921 illo
2694 3867 2996 3934 adiuvante,
3025 3868 3354 3923 tractabitur.

2621 3977 3028 4034 TliAC'I‘ATUS
3066 3979 3270 4034 XLVII.

2145 4093 2220 4148 Ab
2245 4109 2300 4146 eo
2320 4097 2455 4162 quod
2477 4091 2720 4160 scriptum
2741 4099 2832 4153 est,
2862 4090 2975 4160 Ego
2998 4105 3114 4144 sum
3144 4100 3321 4160 pastor
3346 4091 3531 4156 bonus,
3564 4101 3616 4148 et
3637 4107 3736 4148 co-

2214 4196 2412 4253 gnosco
2437 4195 2568 4235 oves
2593 4195 2765 4246 meas,
2793 4189 2914 4243 etc.,
2938 4197 3098 4251 usque
3116 4181 3184 4234 ad
3205 4182 3260 4235 id
3278 4224 3294 4249 ,
3323 4181 3586 4252 Numquid
3616 4182 3736 4239 dte-

2214 4273 2450 4327 monium
2499 4278 2671 4341 potest
2717 4285 2980 4326 caecorum
3022 4272 3205 4326 oculos
3227 4273 3473 4342 aperire?
3510 4271 3639 4344 Cap.
3673 4287 3736 4341 x,

2230 4363 2265 4433 ψ
2291 4401 2305 4414 .
2334 4361 2520 4416 M-ﬂl.

2217 4475 2268 4528 l.
2307 4471 2410 4540 Qui
2439 4485 2743 4526 sermonem
2786 4470 2880 4526 Dei
2929 4471 3095 4526 nostri
3136 4486 3240 4525 non
3279 4473 3451 4527 solum
3480 4472 3731 4543 libenter,

2146 4564 2240 4619 sed
2261 4565 2419 4617 etiam
2449 4562 2732 4632 diligenter
2757 4561 2973 4627 auditis,
3003 4562 3369 4630 promissionis
3395 4575 3588 4617 nostra:
3613 4579 3733 4633 pro-

2145 4657 2230 4710 cul
2271 4656 2430 4710 dubio
2472 4653 2808 4708 meministis.
2843 4654 2955 4722 Ipsa
2986 4654 3180 4723 quippe
3221 4655 3379 4708 lectio
3427 4656 3734 4726 evangelica

2144 4759 2200 4803 et
2231 4747 2388 4802 hodie
2417 4746 2550 4801 lecta
2580 4756 2661 4803 est
2681 4787 2696 4813 ,
2729 4761 2846 4815 qua:
2880 4747 3018 4800 lecta
3058 4746 3231 4800 fuerat
3274 4747 3515 4815 proximo
3559 4747 3740 4802 domi-

2147 4839 2267 4892 nico
2292 4839 2377 4892 die
2403 4853 2416 4888 :
2445 4848 2722 4906 propterea
2751 4839 2999 4906 quoniam
3026 4838 3076 4891 in
3107 4838 3418 4908 quibusdam
3445 4840 3736 4894 necessita-

2148 4929 2288 4982 tibus
2314 4927 2574 4980 immorati
2596 4967 2612 4991 ,
2645 4943 2751 4980 non
2784 4927 3051 4995 potuimus
3078 4929 3255 4981 omnia
3298 4927 3568 4983 discutere
3609 4945 3731 4998 quas

2147 5019 2336 5073 vestris
2361 5018 2602 5072 sensibus
2629 5017 2974 5072 debebamus.
3002 5017 3232 5073 Proinde
3279 5033 3397 5088 qua:
3438 5020 3546 5088 jam
3590 5020 3730 5074 dicta

2147 5120 2306 5178 atque
2332 5117 2550 5162 tractata
2595 5116 2750 5172 sunt,
2785 5107 2942 5161 hodie
2970 5122 3074 5160 non
3105 5108 3426 5177 quaerimus;
3455 5123 3520 5162 ne
3556 5107 3735 5163 adhuc

2148 5200 2333 5253 eadem
2360 5197 2665 5266 repetendo,
2699 5199 2763 5251 ad
2792 5198 2878 5252 illa
2900 5215 3019 5268 quae
3049 5199 3280 5253 nondum
3301 5199 3444 5255 dicta
3468 5208 3592 5254 sunt
3618 5215 3733 5269 pcr-

2152 5291 2335 5345 venire
2363 5290 2580 5343 minime
2623 5290 3010 5358 permittamur.
3050 5288 3228 5344 Nostis
3263 5290 3375 5359 jam
3421 5290 3473 5344 in
3515 5291 3732 5348 nomine

2151 5383 2355 5437 Domini
2381 5383 2469 5451 qui
2495 5383 2564 5436 sit
2583 5381 2754 5435 bonus
2781 5389 2980 5450 pastor,
2999 5389 3053 5434 et
3077 5381 3524 5450 quemadmodum
3553 5389 3709 5450 pasto

2149 5485 2236 5528 res
2264 5473 2389 5527 boni
2411 5471 2647 5526 membra
2675 5472 2783 5525 sint
2805 5471 2920 5540 ejus
2939 5513 2956 5536 ,
2993 5481 3046 5525 et
3088 5471 3206 5526 ideo
3234 5479 3417 5541 pastor
3444 5471 3513 5525 sit
3543 5485 3681 5529 unus
3710 5485 3729 5528 :

2145 5572 2152 5575 ’
2213 5589 2228 5619 ί
2256 5594 2321 5635 tta
2345 5593 2417 5634 Er.
2443 5586 2588 5656 Lugd.
2616 5595 2732 5656 von.
2761 5594 2811 5636 et
2833 5594 2961 5646 I.ov.,
2986 5585 3176 5650 quierit,
3203 5595 3248 5640 et
3267 5587 3319 5640 in
3345 5587 3477 5641 denu
3513 5587 3563 5640 in
3583 5594 3732 5640 etcr-

2150 5661 2264 5698 num
2281 5661 2371 5696 non
2388 5648 2606 5697 nuniebit.
2673 5654 2726 5695 Μ.

2216 5712 2236 5741 ⁸
2261 5717 2387 5760 155..
2415 5708 2554 5758 vobis.
