4102 6480
355 317 487 378 9735

342 430 513 488 nostis
552 430 645 501 qui
689 429 760 485 sit
801 427 1160 485 mercenarius
1199 427 1481 494 ferendus;
1507 428 1627 498 quis
1654 430 1842 497 lupus,
1868 437 1923 483 et

339 518 504 585 fures,
536 533 592 575 et
618 520 853 576 latrones
880 519 1129 584 cavendi;
1179 535 1299 588 qua:
1343 521 1450 574 sint
1498 520 1823 590 oves,qu
1853 520 1922 575 sit

336 610 533 665 ostium
563 626 669 680 quo
693 619 749 666 et
777 625 905 665 oves
935 609 1301 680 ingrediuntur
1323 616 1379 663 et
1414 619 1621 678 pastor;
1655 610 1921 679 quomodo

335 702 403 756 sit
430 701 806 771 intelligendus
826 702 1074 757 ostiarius
1096 718 1109 753 :
1132 701 1300 755 nostis
1322 701 1481 754 etiam
1507 702 1757 770 quoniam
1779 702 1921 770 quis-

335 796 453 862 quis
482 809 590 847 non
616 808 712 863 per
734 794 928 847 ostium
953 794 1268 858 intraverit,
1299 792 1382 846 fur
1425 801 1509 848 est
1550 801 1601 846 et
1630 793 1786 857 latro,
1819 808 1918 847 nec

334 886 483 939 venit
506 886 607 946 nisi
636 894 691 937 ut
716 884 936 949 luretur,
960 892 1014 937 et
1032 883 1267 946 occidat,
1290 892 1344 937 et
1364 883 1567 951 perdat.
1593 883 1715 937 [huc
1741 883 1916 937 omnia

331 975 513 1042 dicta,
564 975 906 1039 sufﬁcienter,
953 984 1205 1043 quantum
1254 973 1501 1027 existimo
1530 1014 1544 1038 ,
1598 980 1917 1042 pertractata

330 1080 476 1120 sum.
510 1066 676 1120 Hodie
704 1066 960 1119 debemus
982 1064 1184 1123 dicere.
1212 1073 1466 1132 quantum
1492 1063 1709 1131 adjuvat
1737 1064 1917 1116 Domi-

331 1174 431 1211 nus
467 1156 736 1229 (quooiam
760 1158 872 1225 ipse
902 1156 1056 1211 Jesus
1084 1155 1326 1209 Christus
1370 1154 1603 1209 salvator
1644 1164 1827 1210 noster
1861 1166 1917 1211 et

331 1256 601 1316 pastorem
631 1262 690 1301 se
718 1261 838 1301 esse
865 1246 1016 1312 dixit,
1044 1254 1100 1298 et
1118 1245 1333 1306 ostium,
1356 1254 1409 1299 et
1430 1254 1692 1312 pastorem
1713 1245 1911 1301 bonum

330 1337 463 1390 dixit
492 1338 689 1391 intrare
714 1352 810 1406 per
834 1336 1074 1405 ostium),
1102 1335 1367 1404 quomodo
1406 1336 1519 1404 ipse
1554 1351 1653 1404 per
1678 1337 1911 1406 seipsum

330 1428 509 1481 intret.
535 1427 594 1481 Si
623 1428 763 1480 enim
793 1442 950 1481 nemo
976 1436 1155 1496 pastor
1180 1426 1350 1480 bonus
1390 1437 1500 1491 est,
1547 1428 1648 1479 nisi
1690 1427 1778 1495 qui
1820 1441 1913 1495 per

329 1520 526 1574 ostium
566 1520 745 1579 intrat,
777 1527 831 1572 et
873 1518 986 1585 ipse
1014 1526 1094 1570 est
1133 1516 1395 1585 praecipue
1424 1525 1602 1584 pastor
1642 1518 1833 1583 bonus,
1859 1524 1913 1570 et

329 1611 444 1680 ipse
474 1620 557 1664 est
579 1612 770 1664 ostium
792 1626 807 1675 ;
832 1610 1124 1678 intelligere
1144 1624 1248 1661 non
1275 1622 1509 1676 possum,
1541 1608 1639 1662 nisi
1661 1617 1716 1662 et
1739 1609 1910 1678 ipsum

330 1714 424 1769 per
444 1701 681 1769 seipsum
712 1700 778 1752 ad
807 1713 936 1754 oves
962 1713 1084 1752 suas
1114 1698 1329 1759 intrare,
1356 1708 1409 1751 et
1429 1712 1611 1750 vocem
1639 1713 1787 1752 suam
1808 1698 1911 1753 illis

326 1791 455 1845 dare
486 1802 542 1845 ut
570 1800 859 1861 sequantur
895 1806 1038 1855 eum,
1073 1805 1271 1858 easque
1298 1790 1554 1843 intrantes
1578 1799 1632 1844 et
1656 1802 1911 1848 exeuntes

328 1898 520 1952 pascua
549 1882 806 1946 invenire,
835 1882 973 1950 quod
1001 1889 1082 1935 est
1109 1881 1212 1933 vita
1241 1888 1459 1934 aeterna.

394 1972 450 2025 2.
483 1971 601 2026 Cito
638 1987 765 2042 ergo
793 1971 934 2026 dico.
964 1971 1076 2040 Ego
1104 1986 1347 2039 quwrens
1383 1971 1579 2024 intrare
1616 1970 1683 2024 ad
1718 1987 1830 2037 vos,
1860 1973 1911 2026 id

324 2065 495 2118 estad
526 2080 621 2118 cor
640 2072 894 2126 vestrum,
922 2062 1191 2118 Christum
1222 2063 1449 2133 przedico
1480 2081 1491 2115 :
1523 2064 1568 2117 si
1597 2064 1737 2117 aliud
1775 2080 1914 2133 pne-

326 2156 524 2222 dicem,
552 2172 647 2226 per
665 2158 823 2210 aliam
847 2165 1054 2227 partem
1082 2157 1314 2211 conabor
1339 2155 1645 2210 ascendere.
1674 2156 1912 2211 Christus

327 2246 505 2316 itaque
532 2246 661 2299 mihi
684 2247 843 2315 janua
869 2256 950 2301 est
976 2246 1039 2299 ad
1062 2262 1185 2307 vos;
1209 2261 1305 2315 per
1327 2245 1593 2299 Christum
1624 2247 1782 2309 intro,
1808 2263 1912 2303 non

330 2337 396 2390 ad
440 2337 675 2407 parietes
705 2348 907 2391 vestros
927 2378 942 2400 ,
977 2336 1071 2391 sed
1107 2336 1172 2389 ad
1202 2336 1362 2390 corda
1392 2347 1584 2390 vestra.
1628 2337 1732 2390 Per
1758 2337 1913 2391 Chri-

324 2439 467 2485 stum
512 2431 685 2496 intro,
709 2430 981 2484 Christum
1014 2428 1066 2483 in
1098 2445 1182 2483 me
1221 2428 1445 2482 libenter
1467 2429 1708 2482 audistis.
1740 2430 1915 2496 Quare

325 2521 595 2576 Christum
624 2522 678 2575 in
718 2536 801 2577 me
838 2521 1066 2575 libenter
1102 2520 1353 2574 audistis?
1391 2520 1520 2586 Quia
1551 2534 1679 2573 oves
1717 2521 1915 2574 Christi

322 2614 478 2679 estis,
506 2613 763 2682 sanguine
786 2612 979 2667 Christi
1002 2611 1289 2681 comparati
1314 2613 1460 2664 estis.
1487 2612 1783 2680 Agnoscitis
1807 2627 1918 2681 pre-

326 2705 457 2757 tium
486 2712 721 2757 vestrum
768 2718 781 2755 :
813 2702 953 2771 quod
999 2717 1103 2756 non
1142 2717 1171 2754 a
1209 2717 1295 2755 me
1330 2700 1517 2766 datur,
1563 2703 1657 2756 sed
1699 2719 1791 2770 per
1830 2717 1917 2755 me

323 2793 666 2863 prtedicatur.
706 2793 799 2847 llle
828 2793 1024 2862 quippe
1053 2794 1218 2854 emit,
1248 2791 1337 2860 qui
1381 2793 1669 2859 pretiosum
1699 2792 1914 2860 sangui-

323 2900 447 2938 nem
482 2882 621 2938 fudit
653 2901 666 2937 :
700 2884 964 2953 pretiosus
993 2883 1207 2953 sanguis
1249 2891 1331 2935 est
1357 2882 1497 2935 illius
1535 2882 1649 2935 sine
1678 2891 1913 2951 peccato.

323 2976 475 3032 Fecit
492 2985 670 3030 tamen
695 2976 808 3045 ipse
832 2976 993 3031 etiam
1015 2990 1229 3029 suorum
1257 2974 1573 3043 sanguinem
1600 2974 1913 3043 pretiosum,

324 3082 422 3136 pro
451 3067 649 3137 quibus
685 3066 833 3120 dedit
867 3066 1138 3135 sanguinis
1175 3066 1403 3134 pretium
1433 3082 1447 3117 :
1479 3079 1600 3118 nam
1625 3065 1670 3118 si
1700 3080 1916 3121 suorum

323 3160 641 3228 sanguinem
690 3172 795 3212 non
838 3157 1037 3212 faceret
1083 3157 1412 3227 pretiosum,
1457 3172 1560 3209 non
1616 3156 1912 3223 diceretur,

325 3247 564 3304 Pretiosa
582 3250 635 3303 in
656 3257 920 3318 conspectu
942 3248 1147 3300 Domini
1167 3263 1299 3300 mors
1314 3257 1597 3300 sanctorum
1614 3249 1721 3313 eius
1741 3246 1911 3317 (Psal.

321 3358 449 3409 ειν,
472 3341 595 3413 15).
626 3342 804 3411 Itaque
828 3342 987 3395 etiam
1010 3340 1147 3410 quod
1169 3340 1261 3404 ait,
1295 3338 1483 3393 Pastor
1510 3339 1665 3392 bonus
1693 3340 1914 3392 animam

322 3449 469 3486 suam
515 3433 659 3502 ponit
700 3449 792 3502 pro
819 3430 1019 3493 ovibus,
1062 3446 1167 3483 non
1211 3431 1324 3497 ipse
1367 3444 1504 3482 unus
1534 3429 1636 3483 hoc
1666 3429 1789 3483 fecit
1816 3446 1830 3482 :
1862 3439 1915 3484 et

325 3532 507 3578 tamen
535 3524 580 3577 si
602 3523 676 3576 illi
699 3522 785 3591 qui
810 3520 1046 3576 fecerunt
1073 3519 1309 3574 membra
1336 3520 1450 3587 ejus
1469 3528 1611 3581 sunt,
1638 3520 1774 3573 idem
1803 3520 1914 3587 ipse

323 3628 465 3667 unus
494 3612 598 3667 hoc
627 3613 767 3666 fecit.
802 3611 918 3680 lpse
946 3610 1089 3664 enim
1116 3612 1284 3678 potuit
1314 3608 1487 3663 facere
1512 3609 1627 3662 sine
1653 3610 1789 3673 illis;
1814 3610 1912 3678 ipsi

322 3705 440 3759 sine
466 3704 559 3757 illo
596 3702 736 3756 unde
775 3707 1094 3771 potuerunt,
1121 3715 1242 3753 eum
1282 3698 1394 3767 ipse
1419 3699 1639 3761 dixerit,
1685 3698 1810 3753 Sine
1836 3715 1914 3752 me

322 3795 453 3847 nihil
478 3795 683 3862 potestis
712 3797 875 3863 facere
905 3791 923 3862 (
940 3790 1097 3844 Joun.
1124 3806 1211 3853 xv,
1243 3788 1333 3861 5)?
1364 3789 1498 3842 lline
1524 3798 1700 3842 autem
1728 3798 1911 3845 osten-

321 3883 501 3937 dimus
530 3883 670 3953 quod
698 3892 753 3937 et
776 3881 867 3935 alii
896 3881 1135 3946 fecerint,
1165 3880 1283 3950 quia
1312 3880 1422 3949 ipse
1450 3879 1723 3947 apostolus
1746 3879 1909 3933 Joan-

322 3990 445 4040 nes,
472 3975 561 4043 qui
595 3973 699 4029 hoc
726 3972 867 4044 quod
890 3972 1112 4026 audistis
1141 3971 1479 4039 Evangelium
1506 3970 1827 4041 prtedicavit,
1856 3971 1907 4025 in

323 4066 563 4135 Epistola
594 4080 689 4119 sua
729 4064 862 4118 dixit
890 4082 903 4117 :
935 4064 1079 4119 Sicut
1116 4061 1340 4116 Christus
1379 4078 1471 4131 pro
1513 4061 1653 4114 nobis
1687 4061 1911 4114 animam

322 4173 469 4210 suam
507 4156 708 4228 posuit,
748 4155 822 4209 sic
849 4166 894 4208 et
926 4171 1016 4207 nos
1044 4152 1277 4207 debemus
1304 4152 1499 4206 animas
1542 4168 1632 4222 pro
1672 4152 1909 4221 fratribus

324 4263 513 4316 ponere
532 4246 551 4317 (
572 4247 587 4300 Ι
608 4245 765 4299 Joan.
789 4261 867 4311 ιιι⁹
892 4242 1009 4314 16).
1033 4242 1301 4309 Debemus,
1331 4243 1461 4296 dixit
1484 4259 1497 4307 ;
1527 4242 1792 4296 debitores
1813 4256 1909 4296 nos

321 4338 449 4394 fecit
476 4338 568 4409 qui
594 4337 796 4408 primus
817 4335 1072 4391 exhibuit.
1104 4333 1226 4388 Ideo
1251 4334 1477 4403 quodam
1508 4334 1626 4387 loco
1654 4333 1908 4402 scriptum

322 4440 406 4485 est
439 4449 451 4483 :
485 4430 549 4486 Si
588 4429 776 4483 sederis
814 4443 1010 4481 camare
1037 4426 1105 4477 ad
1129 4441 1352 4478 mensam
1380 4423 1621 4493 potentis,
1660 4423 1911 4489 sapienter

322 4524 551 4594 intellige
575 4538 689 4593 quae
724 4528 1049 4591 apponuntur
1090 4518 1175 4571 tibi
1203 4534 1221 4570 :
1250 4526 1297 4569 et
1338 4517 1473 4569 mitte
1504 4531 1710 4567 manum
1749 4525 1905 4577 tuam,

323 4617 486 4671 sciens
510 4616 630 4684 quia
650 4614 773 4667 talia
796 4624 842 4666 te
865 4620 1059 4681 Oportet
1080 4625 1368 4680 prtcparare
1385 4605 1572 4677 (Prov.
1591 4622 1746 4672 χχιιι,
1772 4607 1823 4669 l,
1850 4606 1906 4672 2,

322 4725 423 4762 sec.
450 4705 650 4778 LXX).
675 4704 855 4760 Mensa
877 4701 1107 4773 potentis
1128 4716 1245 4770 qua:
1267 4699 1354 4763 sit,
1380 4698 1577 4762 nostis;
1603 4697 1673 4751 ibi
1694 4708 1775 4752 est
1794 4712 1911 4751 cor-

320 4814 423 4868 pus
452 4806 507 4851 et
532 4796 745 4865 sanguis
769 4792 963 4850 Christi
988 4808 1002 4844 :
1030 4791 1119 4861 qui
1149 4789 1353 4844 accedit
1374 4789 1438 4843 ad
1466 4788 1621 4841 talem
1649 4803 1906 4853 mensam,

320 4897 598 4960 praeparet
635 4887 780 4942 talia.
831 4886 901 4940 Et
942 4883 1068 4955 quid
1109 4891 1232 4948 est,
1281 4890 1544 4951 pra-paret
1583 4880 1737 4933 talia?
1769 4880 1908 4945 Quo-

317 4980 477 5033 modo
510 4979 618 5050 ipse
636 4994 729 5049 pro
756 4976 898 5030 nobis
920 4975 1142 5027 animam
1167 4989 1311 5026 suam
1338 4971 1518 5040 posuit,
1544 4971 1615 5023 sic
1639 4981 1682 5023 et
1710 4987 1799 5023 nos
1824 4969 1912 5023 de-

318 5072 520 5135 bemus,
546 5069 612 5123 ad
640 5066 1000 5148 aediﬁcandam
1026 5063 1233 5134 plebem
1255 5072 1309 5116 et
1329 5061 1665 5115 asserendam
1690 5060 1844 5113 tidem
1869 5060 1907 5124 ί,

321 5164 526 5216 animos
564 5176 655 5231 pro
693 5157 934 5231 fratribus
965 5172 1166 5227 ponere.
1206 5152 1330 5207 Ideo
1356 5152 1512 5206 Petro
1541 5168 1695 5220 quem
1738 5150 1911 5205 facere

320 5253 539 5307 volebat
568 5261 837 5321 pastorem
874 5248 1100 5312 bonum,
1141 5261 1243 5299 non
1279 5246 1330 5297 in
1372 5244 1487 5312 ipso
1530 5242 1708 5307 Petro,
1740 5241 1832 5296 sed
1858 5242 1909 5294 in

322 5358 554 5411 corpore
578 5357 676 5397 suo
696 5341 769 5394 ait
791 5358 805 5394 :
832 5337 1000 5402 Petre,
1026 5354 1165 5390 amas
1187 5335 1300 5388 me?
1321 5350 1467 5405 pasce
1487 5349 1599 5386 oves
1619 5347 1771 5383 meas.
1800 5329 1912 5385 Hoc

324 5433 521 5498 semel,
542 5432 645 5486 hoc
669 5432 881 5497 iterum,
903 5429 1004 5483 hoc
1024 5426 1182 5482 tertio
1201 5440 1369 5495 usque
1393 5424 1456 5477 ad
1479 5424 1594 5492 ejus
1624 5421 1908 5475 tristitiam.

326 5523 403 5579 Et
430 5538 551 5578 eum
583 5530 785 5577 tantum
815 5522 1194 5589 interrogasset
1236 5516 1509 5578 Dominus,
1547 5520 1800 5582 quantum
1827 5511 1910 5565 in-

396 5662 416 5693 ι
441 5668 560 5774 ueste.“
571 5660 795 5785 ιιιθιὲἓιιθ
817 5671 914 5710 non
950 5657 1151 5718 habent,
1191 5653 1257 5708 ad
1287 5649 1626 5718 adiﬁcandam
1656 5646 1839 5714 plebem
1868 5653 1915 5701 et

396 5736 465 5773 ser
561 5734 641 5772 mn
734 5734 829 5772 em.

328 5734 641 5774 asserendam
661 5734 829 5774 naem.

1450 314 1861 370 TRACTATUS
1902 315 2101 371 XLVII.
2148 319 2374 377 CAPUT
2413 323 2475 379 Χ.

3455 343 3592 400 1751

2032 434 2399 502 terrogandnm
2419 450 2538 493 esse
2562 437 2833 506 judicavit,
2858 450 2912 496 ut
2940 452 3021 499 ter
3038 448 3376 506 conﬁteretur
3400 456 3484 525 qui
3512 467 3591 510 tor

2029 532 2331 589 negaverat,
2364 535 2417 580 et
2439 526 2488 581 ei
2528 543 2650 581 suas
2673 546 2800 585 oves
2827 536 3113 600 pascendas
3142 540 3295 593 tertio
3320 556 3593 600 commeo-

2026 610 2231 676 dasset;
2260 616 2333 669 ait
2359 618 2454 683 illi,
2485 616 2607 673 Cum
2619 623 2798 690 junior
2822 640 2968 690 esses,
3000 629 3229 699 cingebas
3250 641 3314 697 te,
3353 645 3396 687 et
3423 640 3571 691 ambu

2028 702 2166 755 [abas
2190 705 2275 756 ubi
2301 706 2496 761 volebas
2520 725 2540 761 :
2568 726 2679 762 cum
2695 722 2862 765 autent
2891 720 3133 784 senueris,
3164 726 3394 777 extendes
3421 742 3600 782 manus

2025 801 2157 858 tuas,
2185 803 2233 847 et
2256 794 2383 848 alter
2402 807 2449 850 te
2465 798 2645 868 cinget,
2669 811 2715 853 et
2739 803 2883 856 ducet
2907 822 3004 874 quo
3029 817 3081 860 tu
3110 826 3207 863 non
3230 813 3320 865 vis.
3344 814 3407 868 Et
3433 831 3601 886 expo-

2026 882 2131 951 suit
2163 883 2492 953 Evangelista
2534 889 2659 955 quid
2703 891 2954 949 Dominus
2988 896 3179 952 dixerit
3219 917 3231 951 :
3282 901 3392 955 Hoc
3428 882 3593 958 autem

2026 972 2222 1041 inquit,
2251 975 2379 1029 dixit
2397 1017 2412 1042 ,
2440 979 2734 1048 signiﬁcans
2769 1000 2868 1051 qua
2894 998 3051 1039 morte
3074 990 3440 1057 ulari/icaturus
3477 1009 3602 1051 esset

2022 1062 2187 1118 Deum
2225 1065 2412 1139 (Joan.
2458 1084 2584 1132 χχι,
2635 1071 2864 1145 l5-l9).
2903 1075 2982 1129 Ad
3031 1077 3132 1131 hoc
3165 1095 3291 1149 ergo
3329 1087 3598 1151 pertinet,

2024 1152 2188 1207 Pasce
2209 1171 2323 1210 oves
2353 1173 2530 1211 meas:
2556 1169 2613 1214 ut
2642 1177 2805 1230 ponas
2832 1167 3060 1221 animam
3105 1178 3244 1223 tuam
3274 1186 3370 1240 pro
3407 1175 3596 1230 ovibus

2020 1246 2175 1302 meis.

2091 1338 2143 1390 5.
2172 1337 2288 1392 Jam
2320 1338 2444 1394 illud
2469 1342 2609 1410 quod
2635 1344 2728 1407 ait,
2763 1346 2906 1399 Sicut
2933 1349 3067 1401 novit
3106 1366 3183 1403 me
3211 1350 3367 1406 Pater
3384 1396 3399 1417 ,
3426 1364 3472 1408 et
3499 1373 3591 1426 ego

2018 1441 2236 1494 agnosco
2268 1427 2492 1496 Patrem,
2520 1432 2637 1501 quis
2679 1436 2883 1489 nescit?
2911 1437 3027 1503 Ipse
3055 1440 3195 1493 enim
3229 1446 3464 1510 agnoscit
3493 1447 3594 1499 Pa-

2020 1523 2155 1569 trem
2188 1533 2281 1586 per
2305 1533 2384 1582 se,
2412 1536 2511 1574 nos
2540 1537 2632 1590 per
2654 1524 2820 1578 illum.
2848 1526 2976 1591 Quia
3001 1529 3110 1597 ipse
3137 1546 3231 1599 per
3258 1546 3315 1586 se
3335 1538 3589 1603 agnoscit,

2020 1608 2263 1663 novimus
2292 1628 2305 1664 :
2331 1612 2452 1680 quia
2482 1622 2535 1666 et
2559 1629 2654 1668 nos
2678 1630 2775 1685 per
2805 1617 2971 1682 illum,
3000 1620 3158 1674 etiam
3194 1624 3294 1676 hoc
3317 1626 3595 1693 novimus;

2018 1700 2139 1768 quia
2160 1701 2337 1755 ethoc
2363 1716 2457 1770 per
2481 1704 2630 1757 illum
2658 1707 2919 1761 novimus.
2941 1708 3057 1776 lpse
3082 1711 3222 1764 enim
3243 1714 3410 1767 dixit:
3436 1716 3598 1770 Deum

2019 1805 2163 1843 nemo
2184 1792 2307 1845 vidit
2329 1809 2568 1860 unquam,
2596 1796 2693 1848 nisi
2712 1798 2995 1866 unigenitus
3021 1798 3188 1854 Filius
3213 1804 3297 1869 qui
3319 1814 3391 1858 est
3409 1807 3461 1858 in
3485 1809 3600 1860 sinu

2020 1879 2233 1945 Patris;
2272 1883 2381 1952 ipse
2425 1888 2673 1939 enarravit
2712 1884 2828 1957 (Id.
2863 1904 2909 1951 ι,
2940 1890 3061 1958 18).
3107 1891 3249 1961 Ergo
3276 1902 3330 1946 et
3368 1911 3465 1949 nos
3508 1914 3601 1966 per

2020 1971 2212 2040 ipsum,
2244 1976 2433 2043 quibus
2474 1980 2763 2033 enarravit.
2805 1979 2934 2033 Item
2962 1982 3084 2036 alibi
3114 1985 3187 2036 ait
3218 2001 3232 2036 :
3264 1983 3430 2040 Nemo
3459 1991 3595 2044 novit

2018 2062 2228 2129 Filium,
2268 2067 2365 2120 nisi
2396 2068 2579 2136 Pater;
2608 2090 2765 2143 neque
2800 2076 3003 2132 Patrem
3024 2081 3285 2149 quisquam
3314 2086 3469 2150 novit,
3500 2084 3578 2136 nis

2020 2153 2206 2221 Filius,
2233 2166 2280 2210 et
2303 2159 2385 2212 cui
2416 2162 2626 2217 voluerit
2651 2164 2820 2221 Filius
2855 2172 3074 2225 revelare
3106 2172 3125 2241 (
3149 2173 3334 2227 Matth.
3356 2191 3432 2241 ιι,
3459 2176 3529 2231 27
3551 2179 3593 2248 ).

2019 2244 2166 2301 Sicut
2191 2263 2318 2318 ergo
2349 2251 2458 2319 ipse
2498 2268 2596 2321 per
2630 2272 2689 2309 se
2714 2260 2861 2313 novit
2888 2261 3095 2316 Patrem
3115 2303 3130 2328 ,
3170 2280 3266 2320 nos
3291 2276 3469 2321 autem
3499 2244 3593 2336 per

2023 2335 2167 2389 illum
2195 2339 2438 2394 novimus
2471 2342 2714 2410 Patrem;
2742 2348 2818 2400 sic
2854 2349 3012 2403 intrat
3037 2352 3087 2404 in
3115 2354 3253 2407 ovile
3282 2370 3376 2425 per
3403 2335 3601 2411 semet-

2022 2428 2213 2495 ipsum,
2241 2438 2295 2483 et
2316 2445 2411 2484 nos
2438 2448 2532 2501 per
2558 2434 2751 2503 ipsum.
2776 2437 2978 2493 Ostium
3000 2441 3307 2500 dicebamus
3334 2462 3429 2515 per
3450 2447 3604 2502 Chri-

2022 2525 2160 2571 stum
2195 2534 2291 2573 nos
2322 2521 2517 2577 habere
2541 2525 2607 2577 ad
2638 2541 2759 2591 vos;
2782 2531 2983 2597 quare?
3006 2532 3135 2597 Quia
3168 2534 3433 2590 Christum
3465 2555 3601 2608 pra:-

2023 2607 2279 2664 dicamus.
2323 2612 2430 2667 Nos
2475 2615 2741 2671 Christum
2793 2621 3177 2689 praedicamus;
3226 2634 3282 2699 et
3332 2607 3595 2698 ideoper

2022 2701 2215 2754 ostium
2242 2702 2520 2759 intramus.
2551 2706 2792 2763 Christus
2817 2722 2994 2767 autem
3023 2714 3292 2771 Christum
3321 2719 3593 2789 pra-dicat,

2022 2792 2142 2859 quia
2184 2793 2413 2863 seipsum
2443 2798 2726 2865 prmdicat;
2771 2812 2826 2856 et
2864 2803 2984 2858 ideo
3022 2816 3203 2876 pastor
3243 2824 3339 2878 per
3364 2811 3598 2883 seipsum

2024 2882 2203 2937 intrat.
2232 2884 2433 2939 Lumen
2462 2902 2581 2941 cum
2603 2890 2704 2943 alia
2729 2903 2990 2948 monstrat
3015 2912 3132 2965 qua:
3165 2898 3410 2954 videntur
3436 2882 3488 2955 in
3519 2904 3603 2956 lu-

2024 2971 2200 3037 mine,
2252 2977 2504 3044 numqnid
2545 2980 2723 3048 aliquo
2752 2982 2855 3036 alio
2898 2984 3099 3055 indiget
3139 2996 3199 3042 ut
3240 2995 3601 3046 monstretur?

2023 3061 2225 3117 Lumen
2254 3081 2381 3134 ergo
2405 3077 2457 3121 et
2484 3068 2583 3121 alia
2609 3070 2939 3126 demonstrat
2967 3084 3016 3128 et
3047 3077 3298 3145 seipsum.
3327 3078 3604 3147 Quaecum-

2023 3168 2125 3222 que
2152 3156 2510 3225 intelligimus,
2541 3162 2809 3217 intellectu
2840 3165 3214 3236 intelligimus;
3242 3180 3295 3224 et
3321 3171 3491 3241 ipsum
3522 3174 3606 3227 io-

2025 3248 2290 3303 tellectum
2320 3252 2475 3315 unde,
2509 3254 2610 3307 nisi
2633 3255 2918 3321 intellectu,
2947 3257 3320 3329 intelligimus?
3340 3262 3605 3334 Numquid

2021 3339 2098 3392 sic
2123 3340 2276 3395 oculo
2303 3345 2478 3398 carnis
2506 3352 2559 3398 et
2578 3345 2681 3399 alia
2708 3348 2856 3402 vides
2883 3357 2936 3402 et
2958 3350 3167 3417 ipsum?
3190 3351 3442 3418 Quamvis
3462 3357 3603 3410 enim

2021 3429 2235 3483 videant
2264 3431 2505 3489 homines
2524 3437 2692 3490 oculis
2717 3438 2847 3505 suis,
2877 3455 2981 3494 non
3014 3450 3185 3496 tamen
3217 3444 3398 3500 vident
3422 3449 3608 3503 oculos

2020 3534 2166 3574 suos.
2204 3521 2398 3576 Oculus
2436 3526 2612 3579 carnis
2639 3528 2739 3581 alia
2768 3528 2947 3596 videt,
2988 3545 3045 3584 se
3071 3548 3174 3585 non
3202 3544 3377 3603 potest
3404 3554 3419 3592 :
3447 3539 3606 3592 intel-

2021 3612 2188 3667 lectus
2222 3625 2398 3669 autem
2426 3625 2481 3671 et
2514 3618 2615 3670 alia
2649 3619 2927 3690 intelligit,
2960 3630 3013 3676 et
3043 3624 3296 3691 seipsum.
3324 3626 3605 3691 Quomodo

2018 3705 2317 3759 intellectus
2353 3706 2495 3760 videt
2546 3722 2636 3771 se,
2687 3710 2766 3764 sic
2819 3718 2873 3764 et
2924 3712 3163 3767 Christus
3211 3718 3463 3785 praedicat
3520 3735 3602 3774 se.

2017 3795 2076 3849 Si
2115 3797 2368 3863 praadicat
2410 3811 2469 3851 se
2489 3838 2504 3862 ,
2549 3807 2602 3852 et
2631 3801 2968 3866 praedicando
2996 3803 3156 3858 intrat
3184 3806 3248 3858 ad
3280 3816 3331 3861 te
3354 3849 3368 3872 ,
3415 3823 3511 3877 per
3538 3827 3598 3865 se

2018 3887 2179 3940 intrat
2217 3886 2284 3940 ad
2322 3895 2393 3941 te.
2443 3889 2505 3941 Et
2541 3888 2607 3942 ad
2655 3889 2864 3944 Patrem
2923 3892 3035 3961 ipse
3077 3901 3159 3947 est
3199 3897 3429 3961 ostium;
3479 3902 3602 3968 quia

2016 3992 2124 4032 non
2163 3986 2246 4033 est
2288 3993 2391 4047 qua
2430 3980 2669 4034 veniatur
2708 3981 2774 4034 ad
2818 3982 3069 4049 Patrem,
3113 3984 3212 4039 nisi
3256 4002 3351 4055 per
3405 3987 3599 4056 ipsum.

2017 4066 2168 4123 Unus
2209 4068 2350 4122 enim
2386 4069 2524 4122 Deus
2552 4080 2606 4123 et
2630 4086 2771 4127 unus
2798 4072 3061 4127 mediator
3096 4076 3187 4130 Dei
3218 4086 3272 4130 et
3296 4077 3603 4145 hominum,

2016 4157 2179 4212 homo
2203 4157 2446 4213 Christus
2466 4158 2622 4214 Jesus
2644 4160 2830 4230 (lTim.
2858 4177 2915 4226 ιι,
2939 4162 3017 4233 5).
3037 4163 3212 4219 Verbo
3238 4168 3397 4221 multa
3426 4170 3604 4224 dicun-

2018 4258 2105 4303 tur
2136 4266 2149 4303 :
2183 4249 2299 4304 hare
2325 4250 2437 4318 ipsa
2483 4266 2602 4319 qua:
2627 4251 2756 4318 dixi,
2802 4253 2985 4321 utique
3011 4255 3174 4309 verbo
3203 4256 3332 4311 dixi.
3359 4258 3415 4313 Si
3444 4261 3601 4314 velim

2016 4338 2196 4393 dicere
2220 4340 2481 4409 et.ipsum
2513 4340 2764 4407 verbum,
2802 4343 2944 4397 unde
2971 4343 3121 4410 dico,
3163 4346 3264 4401 nisi
3291 4349 3493 4404 verbo?
3523 4353 3601 4405 Ae

2016 4444 2111 4498 per
2136 4430 2236 4484 hoc
2262 4445 2357 4501 per
2384 4431 2601 4485 verbum
2632 4443 2686 4485 et
2721 4433 2820 4487 alia
2853 4434 3119 4500 dicuntur,
3172 4452 3291 4507 qme
3329 4455 3434 4494 non
3476 4453 3604 4496 sunt

2016 4522 2157 4591 quod
2180 4523 2428 4589 verbum;
2457 4532 2511 4577 et
2537 4524 2707 4592 ipsum
2745 4526 2964 4580 verbum
3000 4528 3105 4582 diei
3136 4546 3238 4583 non
3270 4540 3465 4599 potest,
3500 4535 3601 4587 nisi

2016 4630 2112 4683 per
2153 4615 2391 4668 verbum.
2432 4615 2730 4684 Adjuvaute
2768 4617 2991 4673 Domino
3023 4623 3279 4690 exemplis
3312 4624 3603 4678 abundavi-

2017 4719 2154 4758 mus.
2188 4705 2386 4759 Tenete
2419 4721 2545 4775 ergo
2569 4705 2837 4774 quomodo
2878 4709 3131 4765 Dominus
3167 4712 3325 4766 Jesus
3353 4715 3600 4771 Christus

2017 4805 2070 4849 et
2097 4796 2289 4849 osﬁum
2321 4797 2409 4861 sit,
2445 4805 2499 4850 et
2534 4806 2718 4866 pastor
2748 4817 2761 4853 :
2792 4801 2985 4855 osﬁum
3014 4804 3291 4872 pandendo
3316 4822 3394 4871 se,
3422 4817 3601 4876 pastor

2017 4886 2262 4939 intrando
2289 4903 2382 4955 per
2406 4903 2481 4941 se.
2513 4888 2580 4942 Et
2602 4889 2837 4958 quidem,
2872 4891 3083 4960 fratres,
3108 4896 3249 4963 quod
3288 4907 3468 4965 pastor
3493 4908 3593 4964 est,

2017 4975 2163 5030 dedit
2185 4986 2240 5031 et
2260 4978 2512 5033 membris
2540 4981 2652 5035 suis
2678 4997 2691 5034 :
2726 4998 2846 5035 nam
2873 4993 2930 5037 et
2951 4984 3141 5041 Petrus
3162 4997 3357 5056 pastor,
3387 4999 3442 5043 et
3463 4989 3600 5045 Pau-

2018 5068 2101 5122 lus
2128 5078 2332 5139 pastor,
2371 5079 2427 5125 et
2453 5073 2631 5128 caeteri
2676 5075 2914 5145 Apostoli
2944 5086 3202 5147 pastores,
3234 5086 3291 5132 et
3325 5080 3445 5134 boni
3487 5083 3599 5151 epi-

2018 5161 2162 5229 scopi
2193 5170 2452 5228 pastores.
2482 5161 2689 5218 Ostium
2717 5181 2844 5219 vero
2872 5183 3028 5221 nemo
3055 5180 3295 5223 nostrum
3335 5186 3394 5224 se
3429 5172 3557 5227 dicit
3589 5188 3604 5236 ;

2018 5249 2120 5304 hoc
2146 5251 2245 5305 sibi
2272 5252 2383 5321 ipse
2408 5256 2681 5324 preprium
2724 5259 2909 5323 tenuit,
2951 5275 3054 5329 qua
3093 5261 3287 5315 intrent
3316 5277 3463 5319 oves.
3493 5266 3599 5321 De-

2018 5341 2178 5411 nique
2216 5341 2411 5396 Paulus
2452 5345 2724 5411 apostolus
2766 5347 2888 5401 boni
2920 5351 3143 5417 pastoris
3184 5351 3436 5420 implebat
3475 5356 3596 5409 olli—

2018 5433 2181 5498 cium,
2222 5432 2433 5502 quando
2459 5433 2729 5490 Christum
2756 5439 3068 5507 pra-dicabat
3086 5482 3102 5508 ,
3131 5442 3250 5511 quia
3284 5460 3377 5512 per
3403 5447 3597 5501 ostium

2020 5520 2266 5575 intrabat.
2294 5523 2363 5575 At
2393 5522 2480 5576 ubi
2523 5538 2651 5579 oves
2688 5526 3093 5597 indiseiplinatte
3117 5543 3393 5601 cmperunt
3422 5533 3598 5591 facere

2019 5611 2324 5674 schismata.
2351 5624 2404 5669 et
2427 5616 2529 5669 alia
2550 5617 2683 5672 oStia
2710 5617 2809 5674 sibi
2840 5635 3055 5689 ponere,
3084 5640 3187 5679 non
3214 5643 3314 5694 quo
3342 5628 3600 5684 intrarent

2018 5714 2078 5760 ut
2103 5718 2569 5776 congregarentur,
2600 5709 2691 5763 sed
2722 5726 2822 5780 qua
2865 5726 3100 5771 errarent
3129 5727 3187 5771 ut
3212 5702 3596 5779 dividerentur.
