4030 6514
472 336 613 394 1733
1415 333 1482 389 ΙΝ
1517 328 1796 388 lO.-\NNIS
1835 323 2306 383 EVANGELIUM.
2349 327 2413 384 S.
2450 328 2817 387 AUGUSTINI

387 499 419 522 ,ι
467 451 730 517 dicentes,
757 448 867 514 alii,
902 446 1014 522 Ego
1037 464 1150 502 sum
1179 445 1372 509 Pauli;
1413 447 1522 511 alii,
1552 443 1663 515 Ego
1690 458 1804 496 sum
1828 440 2012 510 Ceplue
2035 455 2054 503 ;

464 503 1106 612 Apollogalii,
1148 537 1259 610 Ego
1299 503 1484 592 Cliristi
1509 503 1541 588 ἐ
1583 503 1941 605 expavescens
1983 529 2051 583 ad

3606 331 3747 390 {736

2167 449 2220 494 et
2247 439 2381 509 lapis
2408 441 2678 512 angularia
2703 451 2785 497 est
2807 443 3065 504 Christus,
3095 449 3148 494 ct
3174 448 3356 510 patros
3377 449 3458 495 est
3477 439 3745 506 Christus,

2161 539 2216 583 et
2235 545 2402 600 agnus
2427 543 2508 586 est
2528 531 2792 596 Christus,
2819 541 2874 586 et
2893 533 2978 587 leo
3002 540 3084 586 est
3101 531 3361 584 Christus.
3387 531 3556 598 Quam
3581 531 3747 585 multa

459 648 558 688 eos
584 634 675 703 qui
701 631 966 697 dixerunt,
1001 631 1109 702 Ego
1146 647 1256 684 sum
1303 627 1491 690 Pauli,
1523 634 1771 691 tanquam
1815 624 2051 678 clamans

466 725 532 778 ad
564 739 721 790 oves,
751 725 952 778 Misera:
975 764 988 784 ,
1019 738 1121 792 qua
1153 721 1274 774 itis?
1303 734 1406 772 non
1447 734 1564 771 sum
1605 717 1799 770 ostium
1830 732 1843 767 :
1878 713 2052 767 Num-

465 820 586 888 quid
616 816 834 879 Paulus,
864 816 1048 884 inquit,
1073 831 1163 883 pro
1185 813 1318 866 vobis
1345 811 1622 878 cruci/imus
1647 819 1716 863 est
1733 809 1758 861 .9
1781 817 1868 860 aut
1891 807 1942 860 in
1963 822 2057 859 no-

467 911 601 962 mine
629 907 784 962 Pauli
811 906 1050 975 baptizati
1076 905 1193 958 estis
1221 903 1272 973 (ι
1294 902 1410 957 Cor.
1443 918 1480 966 ι,
1511 901 1596 963 12,
1625 901 1768 969 15)?
1798 898 1896 966 Qui
1925 910 2053 951 vero

468 1002 736 1065 dicebant,
771 999 881 1068 Ego
905 1014 1015 1050 sum
1040 997 1243 1058 Clu-isti,
1276 998 1585 1048 invenerant
1611 992 1825 1046 ostium.

539 1093 594 1146 4.
628 1092 703 1145 De
730 1105 834 1144 uno
861 1100 1036 1142 autem
1064 1087 1190 1140 ovili
1217 1096 1268 1140 et
1299 1099 1402 1138 uno
1434 1092 1663 1152 pastore,
1687 1082 1796 1151 jam
1837 1079 2050 1150 quidem

467 1183 681 1238 assidue
701 1181 882 1236 soletis
903 1179 1088 1234 audire
1118 1197 1130 1232 :
1156 1179 1376 1232 multum
1404 1177 1544 1230 enim
1565 1173 2053 1228 commendavimus

469 1291 636 1329 unum
680 1273 840 1335 ovile,
884 1272 1232 1340 praedicantes
1262 1250 1546 1333 unitatem:
1578 1277 1638 1322 ut
1667 1283 1759 1337 per
1787 1266 2054 1320 Christum

467 1380 658 1420 ιιιιιιιεε
683 1379 812 1418 ονεε
849 1362 1267 1432 ingrederentur,
1313 1369 1366 1414 et
1397 1360 1653 1412 Donatum
1683 1357 1822 1410 nulla
1862 1369 2054 1424 seque-

467 1469 632 1512 retur.
659 1456 1034 1510 Verumtamen
1058 1453 1196 1506 unde
1218 1452 1319 1518 hoc
1339 1450 1549 1520 proprie
1568 1449 1760 1502 dixerit
1783 1447 2053 1510 Dominus,

469 1549 600 1601 satis
619 1553 860 1615 apparet.
890 1543 1229 1614 Loquebatur
1253 1543 1393 1596 enim
1421 1539 1560 1611 apud
1597 1539 1834 1602 Judacos,
1863 1537 2058 1589 missus

470 1647 648 1692 autem
677 1636 850 1691 fuerat
885 1635 950 1689 ad
980 1639 1122 1703 ipsos
1143 1632 1376 1697 Judteos,
1421 1647 1526 1685 non
1560 1639 1773 1699 propter
1796 1627 2054 1698 quosdam

471 1729 688 1783 immani
717 1727 840 1780 odio
867 1728 1162 1795 pertinaces
1193 1734 1249 1780 et
1287 1731 1684 1794 perseverantes
1710 1723 1760 1775 in
1801 1719 2053 1784 tenebris,

471 1823 567 1878 sed
606 1832 820 1893 propter
852 1822 1110 1892 quosdam
1153 1820 1203 1872 in
1249 1819 1360 1886 ipsa
1403 1826 1560 1885 gente
1596 1825 1727 1881 quas
1764 1811 1893 1865 dicit
1931 1823 2058 1864 oves

471 1928 596 1966 suas
621 1931 635 1965 :
666 1912 733 1967 de
756 1912 947 1982 quibus
971 1911 1061 1976 ait,
1097 1908 1213 1962 Non
1240 1923 1352 1961 sum
1375 1906 1558 1959 missus
1595 1903 1692 1956 nisi
1718 1902 1784 1953 ad
1810 1917 1921 1954 oves
1945 1914 2058 1968 qua:

475 2003 728 2073 perierunt
750 2004 927 2055 domus
947 2000 1112 2054 Israel
1131 2000 1148 2068 (
1164 1997 1349 2050 Matth.
1380 2011 1473 2059 xv,
1494 1994 1618 2064 24).
1641 1993 1873 2047 Noverat
1899 1989 2057 2044 etiam

475 2111 570 2150 eos
597 2095 648 2149 in
673 2093 822 2149 turba
852 2094 1157 2155 furentium,
1181 2099 1235 2144 et
1261 2087 1582 2158 pncvidebat
1609 2085 1660 2138 in
1689 2098 1816 2152 pace
1845 2081 2060 2135 creden-

472 2187 626 2240 tium.
654 2185 789 2252 Quid
817 2196 897 2239 cst
927 2199 1072 2253 ergo,
1106 2182 1226 2235 Non
1252 2196 1363 2233 sum
1389 2179 1571 2231 missus
1597 2175 1696 2228 nisi
1723 2174 1791 2226 ad
1811 2189 1924 2226 oves
1946 2187 2061 2240 quae

475 2277 727 2347 perierunt
763 2276 939 2328 damus
977 2271 1177 2334 Israel;
1218 2270 1320 2323 nisi
1363 2269 1486 2338 quia
1526 2267 1861 2335 praesentiam
1909 2276 2057 2314 suam

473 2368 805 2438 corporalem
835 2383 940 2420 non
963 2364 1202 2420 exhibuit
1225 2362 1324 2415 nisi
1359 2359 1550 2428 populo
1582 2356 1778 2412 Israel?
1808 2355 1886 2408 Ad
1912 2353 2060 2409 Gen-

477 2468 559 2513 tes
603 2473 707 2511 non
750 2456 984 2525 perrexit
1014 2455 1145 2523 ipse,
1187 2452 1279 2506 sed
1318 2450 1503 2504 misit:
1534 2447 1600 2501 ad
1639 2446 1887 2517 populum
1933 2460 2060 2498 vero

475 2548 638 2602 Israel
669 2556 722 2600 et
765 2545 937 2609 misit,
966 2552 1022 2598 et
1047 2544 1189 2598 venit
1232 2543 1377 2611 ipse;
1408 2547 1465 2592 ut
1491 2542 1580 2608 qui
1609 2536 2057 2599 contemnebant,

475 2639 649 2708 majus
667 2637 925 2706 judicium
959 2642 1260 2696 sumerent,
1289 2631 1410 2701 quia
1444 2641 1495 2684 et
1538 2629 1817 2698 praesentia
1853 2637 1934 2681 est
1961 2625 2062 2678 illis

474 2730 730 2786 exhibita.
781 2727 898 2796 Ipse
928 2726 1183 2780 Dominus
1213 2725 1280 2778 ibi
1313 2723 1438 2786 fuit,
1489 2721 1558 2775 ibi
1608 2729 1831 2773 matrem
1860 2717 2058 2784 elegit;

475 2822 549 2876 ibi
575 2820 804 2889 concipi,
845 2819 918 2872 ibi
959 2818 1126 2883 nasci,
1173 2816 1247 2870 ibi
1277 2814 1586 2884 sanguinem
1618 2811 1838 2865 fundere
1865 2809 2057 2873 voluit;

473 2911 545 2968 ibi
572 2921 696 2967 sunt
719 2913 736 2943 ¹
786 2910 1001 2980 vestigia
1028 2909 1164 2978 ejus,
1194 2908 1350 2962 modo
1375 2906 1680 2970 adorantur,
1705 2904 1793 2958 ubi
1837 2902 2063 2957 novissi-

477 3019 566 3060 me
594 3005 760 3070 stetit,
787 3001 927 3058 unde
959 3000 1198 3056 ascendit
1224 3000 1276 3054 in
1305 2999 1500 3054 coelum
1530 3015 1543 3050 :
1573 2997 1639 3052 ad
1665 2997 1863 3052 Gentes
1885 3005 2062 3050 autem

472 3096 641 3150 misit.

546 3189 602 3243 5.
623 3187 726 3244 Sed
753 3185 891 3242 forte
915 3185 1105 3256 aliquis
1118 3184 1431 3249 arbitratur,
1459 3183 1705 3252 quoniam
1729 3197 1833 3235 non
1860 3181 1972 3250 ipse
1997 3177 2064 3233 ad

476 3295 577 3334 nos
601 3279 764 3345 venit,
807 3279 900 3334 sed
932 3279 1076 3332 misit
1103 3277 1170 3331 ad
1198 3291 1295 3330 nos
1315 3317 1330 3340 ,
1363 3291 1468 3328 non
1513 3289 1611 3329 nos
1639 3273 1853 3329 audisse
1877 3287 2062 3327 vocem

475 3372 664 3442 ipsius,
698 3371 791 3426 sed
829 3385 1013 3426 vocem
1043 3384 1228 3424 eorum
1259 3382 1393 3437 quos
1433 3367 1594 3422 misit.
1626 3367 1810 3431 Absit;
1840 3366 2067 3435 pellatur

477 3465 578 3516 ista
605 3463 853 3532 cogitatio
879 3462 948 3517 de
970 3462 1219 3516 cordibus
1239 3459 1432 3514 vestris
1461 3477 1474 3512 :
1505 3468 1558 3513 et
1582 3459 1632 3512 in
1665 3458 1744 3512 his
1770 3472 1904 3528 quos
1925 3456 2068 3510 misit

479 3551 594 3622 ipse
613 3563 748 3608 erat.
779 3553 954 3621 Ipsum
984 3551 1207 3605 Paulum
1236 3551 1357 3603 audi
1382 3565 1539 3619 quem
1571 3548 1746 3614 misit;
1778 3547 1845 3600 ad
1867 3547 2067 3603 Gentes

478 3644 621 3698 enim
657 3645 923 3714 pra'cipue
965 3643 1184 3696 Paulum
1225 3642 1371 3696 misit
1406 3641 1704 3709 apostolum
1739 3649 1830 3694 :et
1855 3640 1926 3692 ait
1955 3639 2068 3708 ipse

478 3735 676 3790 Paulus
698 3745 902 3790 terrens
925 3750 1030 3788 non
1046 3733 1112 3789 de
1133 3748 1210 3796 se,
1235 3732 1329 3788 sed
1351 3732 1416 3786 de
1438 3732 1549 3798 illo,
1573 3731 1652 3784 An
1672 3732 1820 3784 vultis
1843 3731 2070 3799 accipere

478 3827 873 3896 experimentum
916 3829 1026 3896 ejus
1059 3826 1146 3898 qui
1175 3825 1229 3878 in
1265 3841 1346 3878 me
1379 3823 1598 3894 loquitur
1636 3819 1823 3876 Christi
1845 3821 1924 3892 (II
1949 3820 2066 3874 Cor.

479 3933 595 3980 xm,
618 3918 726 3988 δη
751 3917 946 3972 Audite
971 3927 1024 3971 et
1047 3917 1220 3986 ipsum
1245 3916 1546 3970 Dominum.
1589 3913 1657 3968 Et
1685 3915 1814 3967 alias
1840 3929 1952 3966 oves
1977 3913 2070 3966 Ita-

480 4008 594 4070 bco,
625 4008 678 4062 id
704 4018 805 4071 est,
838 4008 890 4062 in
920 4007 1177 4063 Gentibus
1201 4025 1215 4060 :
1243 4023 1356 4077 qua:
1376 4024 1476 4061 non
1505 4017 1620 4060 sunt
1640 4007 1704 4060 de
1733 4006 1826 4059 hoc
1853 4004 1991 4070 ovili,
2017 4004 2070 4058 id

483 4105 566 4150 est
588 4096 656 4150 de
678 4097 874 4164 ,pOpulo
894 4095 1061 4150 Israel
1084 4114 1098 4149 :
1123 4105 1318 4164 oportet
1336 4112 1416 4148 me
1433 4105 1480 4150 et
1503 4096 1618 4149 illas
1637 4095 1905 4148 adducere.
1930 4093 2071 4162 Ergo

483 4195 540 4240 et
579 4200 677 4255 per
703 4200 830 4240 suos
873 4202 978 4240 non
1007 4186 1144 4240 alter
1181 4185 1412 4239 adducit.
1447 4186 1635 4240 Adhuc
1671 4185 1792 4239 audi
1831 4201 1848 4238 :
1888 4183 2072 4238 Vocem

485 4291 649 4329 meum
668 4275 890 4329 audient.
919 4275 1056 4329 Ecce
1084 4284 1139 4329 et
1173 4290 1268 4343 per
1294 4288 1420 4328 suos
1445 4275 1557 4344 ipse
1600 4275 1833 4343 loquitur
1851 4315 1866 4341 ,
1895 4284 1949 4329 et
1979 4289 2073 4343 per

483 4383 580 4424 eos
607 4382 741 4440 quos
779 4368 938 4423 mittit
959 4383 1064 4422 vox
1089 4367 1206 4436 ejus
1231 4367 1464 4421 auditur.
1511 4367 1578 4422 Ut
1603 4367 1668 4421 sit
1697 4385 1853 4421 unum
1877 4370 2004 4424 ovile
2027 4382 2073 4426 et

485 4477 618 4516 unus
657 4470 846 4531 pastor.
877 4460 1094 4515 Duobus
1135 4459 1252 4514 istis
1293 4458 1543 4529 gregibus
1581 4469 1828 4530 tanquam
1869 4460 2073 4518 duobus

487 4553 812 4621 parietibus,
844 4552 1017 4608 factus
1042 4561 1125 4606 est
1164 4552 1300 4622 lapis
1323 4553 1590 4621 angularis
1615 4553 1634 4624 (
1656 4551 1846 4623 Epiros.
1877 4569 1930 4620 ιι,
1976 4556 2073 4610 11-

485 4645 558 4700 22
578 4648 618 4715 ).
650 4645 789 4715 Ergo
821 4654 878 4701 et
917 4645 1110 4700 ostium
1149 4653 1269 4709 εει,
1304 4653 1358 4699 et
1390 4645 1524 4714 lapis
1548 4647 1814 4716 angularis
1850 4663 1865 4702 :
1897 4649 2074 4704 omnia

487 4752 584 4808 per
620 4737 1041 4800 similitudinem,
1075 4735 1208 4790 nihil
1235 4735 1422 4791 horum
1450 4738 1681 4807 proprie.

558 4829 614 4884 6.
640 4829 759 4884 lam
793 4830 935 4884 enim
970 4829 1116 4894 dixi,
1151 4839 1207 4884 et
1226 4831 1592 4885 commendavi
1616 4832 1979 4903 vehementer,
2022 4843 2076 4890 et

487 4920 579 4990 qui
619 4921 836 4990 capiunt
861 4920 1100 4991 sapiunt,
1141 4921 1248 4975 imo
1272 4927 1360 4991 qui
1390 4923 1602 4992 sapiunt
1625 4926 1871 4994 capiunt;
1903 4938 1956 4982 et
1985 4929 2075 4998 qui

490 5011 724 5066 nondum
757 5013 1026 5068 intellectu
1065 5015 1293 5083 sapiunt,
1329 5015 1432 5070 ﬁde
1460 5026 1670 5071 teneant
1711 5021 1849 5089 quod
1876 5022 2074 5077 intelli-

489 5115 618 5171 gere
662 5105 896 5159 nondum
948 5115 1190 5175 possunt.
1237 5106 1341 5161 Per
1396 5108 1790 5165 similitudinem
1836 5112 2076 5168 Christus

492 5196 658 5250 multa
683 5205 764 5251 est
787 5213 905 5267 qua:
933 5213 1025 5267 per
1053 5199 1426 5268 proprietatem
1456 5215 1560 5253 non
1582 5210 1682 5255 est.
1708 5202 1810 5258 Per
1835 5205 2077 5259 similitu-

493 5285 673 5342 dinem
705 5298 760 5343 et
787 5289 940 5344 Petra
967 5299 1050 5345 est
1085 5289 1361 5358 Christus,
1389 5299 1444 5345 et
1481 5293 1673 5346 ostium
1703 5303 1784 5349 est
1810 5295 2070 5362 Christus,

559 5440 575 5471 ι
615 5443 933 5510 ιιρνειιὶειιεεε
968 5454 1170 5497 ιιιοιιειιι
1205 5447 1379 5506 omitti,
1419 5449 1498 5498 hic
1545 5456 1686 5510 sunt,
1727 5453 1776 5501 in
1819 5453 2010 5506 duobus
2047 5472 2078 5510 e

493 5512 595 5574 suis
615 5509 741 5574 Mss_.;
761 5512 815 5574 at.
846 5505 894 5574 i_n
920 5510 1334 5574 nostrisomuihus
1351 5505 1614 5574 reperitur.
1663 5505 1803 5564 Porro
1844 5517 1909 5566 de
1946 5505 2078 5568 ωινίί

599 5565 818 5636 vestigiis
857 5569 913 5636 ιιι
937 5568 1106 5636 oliveti
1145 5565 1492 5636 montehuino
1538 5575 1783 5636 impressis
1803 5565 2080 5633 mentio—fit

496 5627 639 5701 fallit?!
660 5626 712 5701 ill
739 5626 863 5701 libro
881 5629 949 5701 _de
972 5633 1100 5701 Locis
1121 5633 1364 5701 ltebraicis
1384 5635 1516 5701 inter,
1541 5626 1812 5701 llieronymi
1835 5626 2001 5701 opera,
2026 5626 2079 5694 Si

493 5685 616 5764 apud
641 5687 932 5764 ﬁlictiamnde
964 5696 1234 5764 nominibus
1252 5760 1261 5764 _
1278 5699 1555 5764 Iocorumjn
1580 5685 1701 5764 Actis
1717 5685 2075 5764 itpbs't'oiér'ﬁiil

495 5753 617 5799 item
640 5749 687 5797 iu
709 5749 888 5811 Sulpitii
911 5758 1074 5804 Severi
1099 5757 1291 5808 historia
1313 5772 1464 5820 sacra,
1492 5759 1572 5808 lib.
1597 5760 1640 5810 ‘2.

2161 635 2257 689 per
2285 621 2680 688 similitudines,
2712 634 2766 678 et
2790 625 2912 688 alia,
2942 640 3059 694 quas
3086 638 3506 679 commemorare
3530 624 3746 696 longum

2160 717 2270 769 cst!
2300 716 2354 770 Si
2378 727 2552 771 autem
2577 719 2808 786 propriet
2825 731 2923 772 ιιεε
2944 717 3195 772 discutias
3216 731 3390 771 rerum
3420 733 3554 787 quas
3568 719 3751 774 videro

2160 808 2458 871 consuesti;
2489 823 2586 862 nec
2613 817 2760 878 petra
2783 820 2883 870 est,
2906 811 3026 878 quia
3053 808 3216 863 durus
3239 819 3293 863 et
3317 810 3432 864 sine
3459 825 3618 865 sensu
3643 827 3751 866 non

2159 908 2279 961 est;
2313 915 2411 954 nec
2435 901 2628 954 ostium
2659 909 2770 964 est,
2801 901 2923 970 quia
2964 899 3115 954 faber
3150 915 3272 954 eum
3310 916 3413 954 non
3462 901 3622 966 fecit;
3651 916 3755 956 nec

2159 988 2294 1056 lapis
2319 991 2586 1059 angularis
2615 999 2720 1055 est,
2753 991 2874 1060 quia
2907 1005 3012 1044 non
3041 999 3124 1044 est
3150 990 3502 1046 abstructore
3526 1006 3754 1060 compo-

2159 1079 2326 1143 situs;
2357 1096 2455 1136 nec
2500 1091 2680 1150 pastor
2716 1090 2821 1147 est,
2852 1083 2975 1151 quia
3021 1091 3205 1137 custos
3232 1083 3409 1137 ovium
3450 1083 3756 1154 quadrupe-

2159 1169 2285 1224 dum
2325 1187 2431 1224 non
2466 1180 2578 1236 est;
2613 1187 2711 1227 nec
2754 1173 2836 1228 leo
2880 1181 2992 1237 est,
3045 1174 3169 1243 quia
3203 1173 3315 1227 fera
3356 1190 3458 1228 non
3487 1184 3610 1240 est;
3651 1190 3756 1230 nec

2159 1275 2326 1331 agnus
2355 1271 2456 1325 est,
2487 1263 2608 1332 quia
2634 1267 2810 1331 jpecus
2850 1279 2954 1318 non
3001 1274 3103 1319 est.
3137 1266 3324 1320 Omnia
3360 1281 3488 1336 ergo
3526 1267 3624 1320 ista
3657 1282 3756 1337 per

2160 1354 2582 1410 similitudinem.
2631 1356 2769 1424 Quid
2811 1372 2938 1426 ergo
2982 1359 3238 1427 pmprie?
3271 1356 3336 1412 In
3364 1358 3614 1428 principio
3644 1367 3758 1414 erat

2170 1443 2406 1509 Verbum,
2435 1457 2482 1500 et
2511 1446 2728 1501 Verbum
2755 1459 2862 1502 erat
2884 1451 3023 1519 apud
3045 1450 3229 1519 Deum,
3257 1461 3303 1505 et
3328 1450 3466 1507 Deus
3490 1462 3596 1506 erat
3627 1451 3758 1505 Ver-

2160 1534 2294 1588 bum.
2326 1536 2462 1602 Quid
2493 1537 2559 1592 de
2589 1538 2802 1593 homine
2843 1541 2933 1608 qui
2963 1541 3238 1608 apparuit?
3266 1540 3334 1594 Et
3386 1540 3606 1595 Verbum
3634 1558 3758 1596 caro

2161 1624 2352 1693 factum
2373 1637 2465 1689 est,
2499 1636 2544 1680 et
2569 1628 2807 1682 habitavit
2837 1630 2890 1682 in
2916 1630 3056 1684 nobis
3086 1630 3277 1702 (Joan.
3301 1649 3340 1696 ι,
3365 1635 3416 1693 1,
3447 1633 3513 1686 14

2233 1722 2286 1775 7.
2309 1723 2444 1775 Audi
2466 1733 2518 1777 et
2540 1732 2749 1777 caetera.
2779 1723 3055 1794 Propterea
3078 1742 3155 1778 me
3173 1723 3330 1780 Pater
3348 1726 3531 1797 diligit,
3548 1726 3758 1797 inquit;

2160 1813 2281 1883 quia
2306 1830 2396 1883 ego
2429 1831 2559 1877 pono
2597 1817 2819 1868 animum
2859 1833 3049 1882 meam,
3080 1827 3136 1870 ut
3171 1818 3354 1871 iterum
3388 1835 3583 1872 sumam
3620 1835 3757 1874 eam.

2161 1903 2298 1968 Quid
2343 1903 2455 1957 ait?
2485 1903 2763 1974 Propterea
2789 1923 2869 1959 me
2899 1905 3056 1960 Pater
3083 1908 3247 1979 diligit
3274 1924 3293 1962 :
3312 1909 3434 1978 quia
3465 1911 3672 1964 morior
3699 1919 3764 1964 ut

2161 2008 2433 2064 resurgam
2467 1993 2562 2067 (a).
2603 1996 2733 2049 Cum
2763 2011 2955 2066 magno
2982 1998 3122 2051 enim
3155 1997 3391 2066 pondere
3420 1997 3618 2053 dictum
3645 2007 3758 2064 est,

2160 2101 2251 2155 ego
2273 2101 2291 2137 :
2317 2086 2446 2150 Quia
2473 2102 2564 2156 ego
2591 2103 2725 2158 pono
2749 2127 2763 2151 ,
2797 2088 2994 2157 inquit,
3026 2105 3157 2158 pono
3187 2089 3408 2142 animam
3437 2105 3599 2144 meam
3622 2130 3638 2156 ,
3666 2106 3762 2160 ego

2163 2192 2315 2245 pono.
2341 2175 2476 2242 Quid
2506 2185 2611 2242 εει,
2642 2193 2733 2248 ego
2763 2178 2941 2246 pono?
2969 2179 3078 2249 Ego
3116 2178 3258 2232 illam
3291 2194 3431 2249 pono
3458 2198 3472 2233 :
3503 2196 3607 2235 non
3639 2181 3764 2250 glo-

2162 2266 2368 2320 rientur
2394 2266 2562 2322 Judaei
2585 2285 2600 2333 ;
2627 2270 2817 2324 saevire
2857 2279 3180 2338 potuerunt,
3210 2281 3524 2340 potestatem
3558 2271 3766 2327 habere

2162 2373 2270 2411 nun
2299 2367 2583 2426 potuerunt
2605 2376 2618 2412 ε
2643 2361 2863 2414 saeviant
2885 2369 3140 2430 quantum
3172 2371 3430 2431 possunt;
3461 2363 3504 2417 si
3530 2378 3630 2432 ego
3662 2379 3767 2416 no-

2164 2448 2314 2503 luero
2345 2451 2574 2503 animam
2619 2466 2790 2504 meam
2821 2466 3020 2520 ponere
3041 2493 3056 2517 ,
3081 2451 3207 2522 quid
3249 2451 3520 2506 smvicndo
3563 2453 3764 2507 facturi

2163 2539 2331 2592 sunt?
2369 2539 2484 2594 Una
2533 2541 2885 2610 responsione
2929 2542 3178 2610 prostrati
3225 2543 3629 2613 suutzquando
3675 2543 3765 2598 eis

2163 2627 2361 2684 dictum
2386 2639 2489 2696 est,
2523 2629 2680 2694 Quem
2723 2631 2989 2701 queritis?
3017 2632 3294 2695 dixerunt,
3334 2630 3548 2696 Iesum;
3593 2641 3647 2688 et
3684 2632 3767 2688 ait

2164 2722 2262 2785 cis,
2293 2720 2408 2792 Ego
2435 2738 2585 2776 sum:
2607 2723 2863 2777 redierunt
2890 2734 3022 2778 retro
3042 2764 3057 2790 ,
3079 2734 3128 2778 et
3153 2726 3439 2779 ceciderunt
3460 2724 3570 2799 (Id.
3599 2743 3763 2793 xvm,

2165 2814 2310 2883 4-6).
2339 2814 2436 2881 Qui
2463 2815 2772 2870 ceciderunt
2790 2816 2854 2870 ad
2879 2833 3035 2870 unam
3057 2833 3242 2873 vocem
3266 2818 3459 2873 Christi
3485 2821 3762 2885 morituri,

2165 2904 2290 2973 quid
2322 2905 2515 2960 facient
2555 2907 2652 2961 sub
2682 2923 2813 2963 voce
2849 2907 3176 2977 judicaturi?
3208 2909 3345 2979 Ego,
3373 2925 3496 2980 ego,
3516 2910 3764 2979 inquam,

2167 3011 2300 3066 pono
2327 2997 2548 3050 animum
2576 3014 2738 3051 meam
2757 3039 2772 3065 ,
2799 3007 2853 3051 ut
2891 3000 3071 3052 iterum
3111 3016 3305 3053 sumam
3335 3017 3466 3054 eam.
3497 2999 3611 3054 Non
3641 3002 3767 3071 glo-

2167 3087 2374 3142 rientur
2387 3087 2579 3155 Judaai,
2597 3090 2748 3159 quasi
2767 3091 3171 3159 prmvaluerint;
3197 3092 3309 3160 ipse
3329 3091 3503 3160 posuit
3525 3093 3768 3147 animam

2167 3193 2340 3237 suam.
2371 3178 2485 3250 Ego
2513 3171 2755 3246 dormivi,
2782 3180 2929 3236 dicit.
2960 3181 3136 3236 Nostis
3162 3183 3432 3237 PSaImum
3459 3199 3472 3235 :
3495 3181 3609 3254 Ego
3633 3185 3770 3238 dor-

2167 3271 2287 3323 mivi
2305 3312 2319 3337 ,
2343 3279 2389 3323 et
2412 3287 2642 3324 somnum
2667 3273 2809 3342 cepi;
2835 3281 2881 3325 et
2911 3273 3200 3338 exsurrexi,
3233 3275 3469 3342 quoniam
3512 3273 3770 3328 Dominus

2169 3362 2405 3432 suscipiet
2430 3360 2704 3432 me(Psal.
2729 3378 2785 3417 ιιι
2810 3403 2823 3427 ,
2849 3361 2926 3433 6).
2976 3363 3131 3417 Modo
3166 3362 3406 3417 Psalmus
3433 3363 3548 3433 ipse.
3590 3364 3771 3420 lectus

2170 3463 2272 3519 est,
2304 3456 2464 3510 modo
2491 3455 2788 3511 audivimus
2812 3473 2825 3510 :
2854 3454 2967 3527 Ego
2991 3456 3232 3520 dormivi,
3269 3464 3316 3509 et
3343 3472 3574 3510 somnum
3613 3457 3770 3526 cepi;

2169 3557 2219 3602 et
2245 3549 2506 3603 exsurrexi
2525 3590 2542 3616 ,
2573 3549 2812 3619 quoniam
2842 3549 3088 3603 Dominus
3111 3550 3345 3619 suscipiet
3374 3566 3469 3603 me.
3493 3548 3629 3616 Quid
3655 3559 3769 3614 est,

2169 3638 2284 3712 Ego
2309 3640 2566 3696 dormivi?
2601 3641 2733 3709 Quia
2758 3641 2920 3706 volui,
2952 3641 3197 3696 dormivi.
3223 3640 3359 3708 Quid
3385 3649 3484 3704 est,
3509 3642 3772 3696 dormivi?

2173 3734 2411 3789 Mortuus
2437 3749 2576 3789 sum.
2607 3734 2794 3788 Nonne
2822 3733 3093 3799 dormivit,
3124 3734 3211 3803 qui
3241 3733 3454 3804 quando
3483 3733 3672 3798 voluit,
3698 3734 3772 3791 de

2174 3825 2418 3895 sepulcro
2448 3833 2696 3895 tanquam
2735 3824 2802 3879 de
2852 3825 2990 3879 lecto
3027 3824 3296 3878 surrexit?
3333 3823 3436 3879 Sed
3463 3832 3606 3878 amat
3633 3824 3774 3880 dare

2173 3917 2394 3985 gloriam
2424 3916 2587 3980 Patri,
2621 3927 2676 3969 ut
2696 3931 2793 3970 nos
2829 3915 3056 3970 aediﬁcet
3079 3915 3301 3986 gloriam
3330 3915 3458 3970 dare
3500 3915 3770 3972 Creatori.

2174 4006 2306 4062 Nam
2336 4007 2477 4078 quod
2508 4007 2744 4073 addidit,
2789 4007 3076 4073 exsurrexi,
3109 4007 3343 4078 quoniam
3362 4005 3611 4060 Dominus
3648 4023 3774 4062 sus-

2174 4099 2324 4167 cipiet
2379 4115 2494 4165 me;
2524 4099 2721 4168 putatis
2757 4097 2842 4152 hic
2879 4097 3028 4168 quasi
3056 4099 3301 4153 virtutem
3333 4097 3448 4167 ejus
3477 4095 3770 4167 defecisse,

2177 4198 2236 4242 ut
2261 4205 2353 4259 per
2380 4199 2699 4259 potestatem
2721 4205 2870 4244 suam
2895 4191 3026 4244 mori
3049 4191 3297 4259 potuerit,
3323 4205 3417 4259 per
3441 4199 3772 4260 pmestatem

2176 4293 2324 4333 suam
2349 4294 2625 4350 resurgere
2645 4296 2749 4335 non
2770 4281 3028 4350 potuerit?
3048 4283 3134 4336 Sic
3149 4281 3289 4335 enim
3307 4282 3551 4338 videntur
3568 4297 3775 4339 sonare

2179 4369 2339 4423 verba
2370 4386 2473 4424 non
2506 4371 2758 4426 intentius
2789 4371 3055 4426 intellecta
3078 4413 3094 4438 ,
3127 4370 3238 4444 Ego
3267 4373 3516 4439 dormivi;
3555 4373 3607 4428 id
3639 4383 3734 4428 est
3753 4415 3772 4442 ,

2177 4469 2299 4538 quia
2325 4469 2487 4534 volui,
2509 4469 2756 4523 dormivi.
2788 4466 2856 4522 Et
2882 4469 3138 4523 exsurreri
3152 4485 3172 4522 :
3187 4468 3393 4538 quare?
3422 4468 3552 4534 Quia
3576 4467 3775 4522 Domi-

2179 4578 2274 4614 nus
2296 4561 2529 4630 suscipiet
2549 4576 2643 4614 me.
2673 4559 2808 4626 Quid
2830 4560 2991 4625 enim,
3013 4568 3066 4614 tu
3091 4575 3120 4612 a
3149 4559 3320 4628 teipso
3349 4573 3625 4628 resurgere
3654 4575 3772 4615 nol‘

2168 4654 2431 4709 valeres?
2462 4653 2517 4708 Si
2543 4669 2647 4707 non
2677 4654 2904 4718 valeres,
2936 4669 3040 4706 non
3070 4652 3308 4720 diceres,
3340 4651 3642 4707 Polestalem
3674 4653 3776 4706 ha-

2182 4746 2269 4799 beo
2298 4743 2517 4814 ponendi
2539 4745 2759 4796 animam
2786 4760 2946 4796 meam
2965 4784 2980 4809 ,
3013 4753 3057 4796 et
3087 4753 3376 4814 potestatem
3397 4745 3552 4797 habeo
3581 4744 3778 4798 iterum

2180 4835 2411 4890 sumendi
2446 4852 2577 4890 eam.
2610 4835 2745 4888 Audi
2774 4835 2876 4889 alio
2917 4835 3034 4889 loco
3060 4835 3109 4887 in
3140 4834 3423 4903 Evangelio
3445 4876 3457 4894 .
3497 4833 3618 4905 quia
3658 4849 3778 4890 non

2182 4925 2353 4979 solum
2385 4925 2541 4979 Pater
2564 4927 2835 4979 suscitavit
2861 4924 3048 4978 Filium
3070 4965 3083 4986 .
3112 4923 3205 4978 sed
3235 4927 3392 4979 etiam
3425 4925 3589 4978 Filius
3619 4927 3780 4995 seip-

2182 5029 2321 5068 sum.
2349 5015 2559 5082 Solvite,
2585 5015 2770 5084 inquit,
2795 5017 3029 5086 templum
3053 5015 3164 5079 hoc,
3189 5017 3304 5069 etin
3326 5015 3490 5069 triduo
3514 5017 3781 5072 suscitabo

2180 5106 2330 5160 illud.
2373 5107 2440 5160 Et
2467 5107 2796 5177 Evangelista
2822 5125 2833 5160 :
2865 5105 2976 5160 Hoc
3019 5117 3186 5160 autem
3209 5150 3224 5171 ,
3255 5107 3443 5176 inquit,
3472 5106 3666 5160 dicebat
3713 5109 3782 5163 de

2184 5199 2369 5267 templo
2395 5199 2617 5269 corporis
2641 5200 2720 5252 sui
2750 5197 2927 5267 (Joan.
2957 5215 2991 5252 ιι
3018 5240 3029 5258 ,
3057 5198 3122 5252 19
3141 5241 3154 5261 ,
3179 5198 3294 5268 21).
3337 5199 3447 5252 lloc
3474 5198 3614 5251 enim
3643 5213 3782 5253 sus-

2183 5291 2444 5346 citabatur
2463 5292 2602 5362 quod
2621 5291 2959 5346 moriebatur.
2979 5291 3107 5344 Nam
3132 5290 3359 5345 Verbum
3383 5305 3484 5344 non
3515 5300 3598 5346 est
3619 5305 3782 5345 mor-

2185 5390 2352 5446 tuum,
2385 5382 2558 5436 anima
2590 5383 2677 5436 illa
2709 5397 2814 5436 non
2839 5391 2921 5436 est
2945 5390 3169 5436 mortua.
3200 5381 3253 5436 Si
3282 5397 3379 5438 nec
3404 5391 3490 5436 tua
3517 5383 3780 5453 moritur,
3863 5430 3865 5433 .

2185 5473 2392 5528 Domini
2422 5474 2758 5529 moreretur?

2255 5564 2309 5618 8.
2351 5564 2500 5620 Unde
2525 5566 2633 5619 scio
2654 5607 2668 5631 ,
2701 5565 2873 5634 inquis
2897 5606 2912 5630 ,
2941 5565 2982 5617 si
3015 5580 3129 5619 mea
3177 5579 3282 5619 non
3323 5563 3586 5618 moritur?
3629 5566 3667 5619 A
3723 5574 3780 5621 te

2185 5670 2290 5710 non
2311 5654 2604 5719 occidatur,
2627 5666 2681 5710 et
2705 5672 2808 5710 non
2832 5657 3072 5709 moritur.
3099 5655 3374 5722 Quomodo
3394 5697 3408 5720 ,
3433 5657 3630 5727 inquis,
3667 5673 3779 5728 ego

2248 5768 2320 5831 (a)
2339 5776 2477 5818 Forte
2502 5769 2577 5819 hic
2599 5777 2681 5819 aut
2703 5777 2929 5828 superest
2950 5777 3030 5819 aut
3053 5768 3195 5818 deest
3217 5769 3449 5819 nonnihil.
