4102 6474
322 313 458 372 1737

317 443 536 502 possum
564 425 806 483 occidere
828 424 1056 479 animam
1085 422 1291 479 meam?
1328 421 1399 479 Ut
1440 421 1540 476 alia
1565 429 1778 491 peccata
1806 417 1895 475 in-

318 522 475 577 terim
506 530 731 585 taceam,
763 517 834 573 0s
862 516 994 587 quod
1014 517 1268 580 mentitur,
1298 513 1476 570 occidit
1502 515 1721 567 animum
1740 510 1897 581 (Sap.

316 627 354 675 ι,
379 610 494 679 11).
522 608 819 678 Quomodo,
848 608 1041 678 inquis,
1069 620 1288 662 securus
1314 621 1431 661 sum
1451 646 1466 671 ,
1493 604 1617 676 quia
1645 618 1753 660 non
1780 616 1900 659 mo-

316 703 496 757 ritur?
520 700 699 771 Ipsum
729 699 1010 754 Dominum
1048 698 1172 753 audi
1205 698 1415 753 dantem
1458 710 1614 752 servo
1640 694 1902 751 securita-

318 803 426 848 tem
450 810 464 847 :
496 791 672 847 Nolite
699 792 869 846 timere
904 806 989 845 eos
1016 789 1102 860 qui
1129 788 1363 843 occidunt
1401 804 1582 859 corpus
1601 828 1615 853 ,
1642 794 1690 841 et
1733 794 1906 858 postea

318 898 419 935 non
444 881 626 935 habent
650 881 771 953 quid
795 881 1006 951 faciant.
1034 879 1139 935 Sed
1166 880 1323 948 plane
1357 877 1483 947 quid
1520 877 1639 931 ait?
1666 875 1803 930 Eum
1841 876 1915 930 ti-

316 981 442 1027 mete
466 972 552 1043 qui
581 973 724 1026 habet
744 980 1034 1042 potestatem
1057 980 1106 1025 et
1134 985 1317 1039 corpus
1345 978 1391 1022 et
1427 967 1650 1022 animam
1676 965 1902 1021 occidere

313 1064 369 1117 in
404 1064 634 1134 gehenna
668 1060 882 1132 (Matth.
903 1061 1077 1128 x,28,
1100 1068 1146 1113 et
1166 1058 1294 1113 Luc.
1316 1074 1412 1122 xu,
1430 1059 1485 1122 4,
1505 1059 1581 1127 5).
1615 1057 1755 1113 Ecce
1780 1056 1903 1126 quia

321 1156 568 1221 mel-itur,
594 1167 718 1210 ecce
737 1154 859 1224 quia
886 1168 992 1208 non
1020 1152 1262 1208 moritur.
1281 1151 1414 1219 Quid
1429 1160 1512 1206 est
1548 1151 1680 1205 mori
1702 1148 1904 1220 ipsius?

317 1245 441 1315 quid
468 1255 549 1300 est
568 1243 704 1299 mori
727 1243 873 1299 carni
899 1242 1041 1297 tute?
1078 1242 1209 1298 Mori
1230 1243 1375 1297 carni
1406 1248 1533 1307 tua),
1554 1247 1637 1295 est
1661 1240 1905 1294 amittere

316 1336 480 1389 vitam
520 1340 675 1391 suam
705 1352 719 1388 :
747 1333 883 1388 mori
927 1332 1118 1387 animae
1156 1342 1300 1399 tum,
1332 1339 1418 1386 est
1456 1330 1701 1385 amittere
1741 1331 1903 1384 vitam

316 1440 489 1480 suam.
530 1424 647 1479 Vita
672 1423 847 1478 carnis
874 1431 1005 1489 tute,
1037 1421 1213 1476 anima
1256 1420 1504 1475 tuazvita
1547 1419 1738 1474 animae
1774 1426 1901 1485 tuae,

319 1515 459 1571 Deus
480 1525 621 1571 tuus.
646 1513 924 1583 Quomodo
943 1512 1169 1568 moritur
1189 1526 1315 1567 caro
1335 1512 1528 1567 amissa
1555 1511 1728 1565 anima
1748 1551 1763 1578 ,
1785 1525 1905 1581 qua:

325 1612 429 1665 vita
456 1619 539 1667 est
572 1611 728 1679 ejus;
760 1609 839 1664 sic
860 1607 1086 1663 moritur
1113 1606 1287 1661 anima
1315 1606 1511 1659 amisso
1539 1604 1669 1669 Deo,
1689 1603 1779 1673 qui
1800 1604 1905 1657 vita

317 1712 397 1758 est
422 1704 557 1772 ejus.
581 1701 738 1757 Certe
766 1715 892 1771 ergo
922 1699 1237 1754 immortalis
1263 1707 1347 1753 est
1371 1698 1567 1751 anima.
1609 1696 1773 1751 Plane
1801 1695 1903 1750 im-

318 1796 585 1861 mortalis,
614 1796 737 1866 quia
761 1796 886 1850 vivit
911 1800 966 1849 et
992 1803 1223 1855 mortua.
1264 1790 1419 1859 Quod
1447 1790 1591 1846 enim
1636 1788 1706 1845 de
1745 1789 1904 1844 vidua

317 1887 573 1944 deliciosa
601 1888 734 1943 dixit
773 1888 1057 1958 Apostolus
1079 1928 1094 1954 ,
1120 1886 1281 1942 etiam
1310 1886 1377 1942 de
1412 1885 1615 1950 anima,
1643 1884 1689 1939 si
1735 1884 1904 1939 Deum

317 1993 472 2032 suum
500 1978 757 2045 amiserit,
774 1978 877 2034 dici
908 1984 1117 2049 potest,
1158 1975 1341 2032 Vivens
1366 1983 1565 2029 mortua
1593 1983 1665 2029 est
1693 1973 1902 2048 (lTim.

316 2069 491 2141 v.6).

382 2162 439 2217 9.
479 2161 760 2229 Quomodo
805 2176 934 2233 ergo
962 2161 1111 2233 ponit
1144 2160 1377 2216 animam
1409 2174 1559 2215 suam
1605 2158 1905 2214 Dominus?

317 2256 552 2323 Fratres,
576 2272 877 2327 quaeramus
904 2256 1005 2312 hoc
1031 2256 1188 2327 paulo
1214 2254 1488 2309 attentius.
1527 2253 1643 2307 Non
1678 2267 1775 2307 nos
1812 2267 1902 2305 ar-

315 2355 422 2401 ctat
444 2347 577 2402 hora
605 2362 727 2417 quae
756 2347 892 2403 solet
918 2347 1004 2403 die
1029 2346 1296 2401 dominico
1324 2346 1375 2398 ιε
1404 2355 1557 2400 vacat
1581 2343 1735 2399 nobis
1756 2383 1773 2410 ,
1802 2342 1904 2397 hoc

316 2438 587 2493 lucrentur
609 2439 701 2508 qui
729 2437 796 2492 ad
821 2437 1039 2492 verbum
1071 2437 1163 2492 Dei
1189 2436 1349 2491 etiam
1373 2435 1462 2491 die
1488 2434 1746 2490 hodierna
1773 2447 1903 2487 con-

315 2530 553 2584 veniunt.
598 2528 781 2593 Pono,
830 2527 1032 2598 inquit,
1061 2527 1281 2581 animam
1313 2541 1495 2579 "team.
1535 2524 1667 2593 Quis
1712 2523 1903 2593 ponit?

314 2636 474 2690 quam
510 2620 749 2689 ponit’?
775 2618 914 2686 Quid
939 2626 1022 2673 est
1045 2616 1289 2673 Christus
1314 2616 1337 2669 ?
1374 2615 1609 2671 Verbum
1639 2624 1693 2670 et
1718 2613 1901 2668 homo.

314 2712 421 2766 Nec
445 2712 525 2766 sic
554 2712 715 2766 homo
737 2721 794 2765 ut
819 2711 931 2765 sola
955 2725 1081 2765 caro
1106 2727 1118 2763 :
1143 2709 1237 2764 sed
1262 2709 1384 2778 quia
1410 2708 1588 2771 homo,
1610 2714 1816 2762 constat
1837 2720 1904 2760 ex

315 2817 472 2857 carne
500 2810 558 2856 et
583 2802 757 2857 anima
783 2843 799 2869 ,
830 2809 973 2857 totus
1001 2810 1178 2856 autem
1216 2800 1377 2854 homo
1422 2798 1477 2853 in
1515 2797 1750 2853 Christo.
1788 2797 1902 2852 Non

315 2892 456 2946 enim
485 2901 688 2962 partem
712 2892 1032 2946 deteriorem
1063 2892 1403 2959 suscepisset,
1421 2898 1475 2943 et
1495 2897 1696 2959 partem
1719 2888 1905 2944 melio-

317 2997 426 3037 rem
452 2982 779 3039 deseruisset
804 3002 817 3038 :
845 2997 966 3053 pars
995 2982 1190 3053 quippe
1218 2979 1445 3035 hominis
1474 2980 1665 3035 melior
1684 2990 1767 3035 est
1791 2980 1903 3034 ani-

317 3089 401 3128 ma
428 3090 587 3145 quam
616 3089 829 3143 corpus.
870 3073 1002 3140 Quia
1033 3087 1162 3143 ergo
1198 3082 1337 3127 totus
1376 3071 1537 3126 homo
1574 3073 1627 3125 in
1668 3071 1900 3137 Christo,

316 3168 441 3237 quid
470 3176 556 3223 est
580 3166 867 3222 Christus?
902 3164 1153 3231 Verbum,
1184 3164 1395 3234 inquam
1421 3205 1436 3230 ,
1463 3172 1519 3219 et
1543 3163 1725 3218 homo.
1766 3163 1904 3232 Quid

317 3263 398 3311 est
422 3256 657 3312 Verbum
684 3264 739 3311 et
762 3254 961 3310 homo?
980 3254 1235 3320 Verbum,
1255 3254 1430 3308 anima
1455 3263 1509 3308 et
1528 3266 1675 3309 caro.
1703 3252 1904 3307 Tenete

318 3346 439 3409 hoc,
465 3344 592 3414 quia
624 3361 730 3399 non
761 3343 1044 3399 defuerunt
1070 3343 1306 3398 hmretici
1330 3351 1385 3398 et
1411 3343 1463 3398 in
1492 3345 1593 3397 ista
1620 3342 1901 3406 sententia,

317 3436 453 3504 pulsi
479 3435 693 3506 quidem
717 3436 825 3505 jam
847 3436 974 3490 olim
995 3450 1025 3490 a
1047 3435 1269 3491 veritate
1287 3435 1544 3490 catholica
1569 3451 1583 3489 :
1607 3433 1700 3489 sed
1728 3441 1903 3488 tamen

317 3538 374 3582 ut
399 3530 544 3584 fures
562 3538 617 3583 et
641 3528 873 3584 latrones
894 3542 999 3581 non
1020 3529 1278 3583 intrantes
1304 3541 1401 3597 per
1424 3527 1638 3592 ostium,
1663 3525 1903 3580 insidiari

314 3619 442 3672 ovili
470 3634 577 3673 non
602 3618 868 3673 desinunt.
896 3617 1290 3687 Apollinaristte
1329 3616 1563 3671 hmreticl
1598 3616 1724 3670 dicti
1757 3623 1901 3682 sunt,

315 3710 406 3778 qui
436 3710 549 3763 ausi
578 3719 702 3764 sunt
727 3708 1085 3780 dogmatizare
1112 3707 1254 3778 quod
1277 3705 1522 3762 Christus
1551 3720 1655 3759 non
1697 3706 1765 3758 sit
1801 3706 1901 3759 nisi

317 3798 553 3854 Verbum
587 3808 643 3855 et
686 3814 853 3853 caro:
885 3798 1115 3852 animam
1167 3796 1453 3851 humanam
1494 3809 1603 3849 non
1645 3809 1768 3849 eum
1811 3808 1902 3848 as-

316 3890 612 3959 sumpsisse
639 3887 980 3943 contendunt.
1020 3886 1151 3943 Nam
1178 3895 1235 3943 et
1254 3884 1415 3957 aliqui
1451 3898 1637 3940 eorum
1661 3881 1825 3939 fuisse
1847 3884 1904 3940 in

317 3982 536 4038 Christo
560 3983 789 4037 animam
808 4023 823 4049 ,
842 3998 1034 4053 negare
1049 3997 1157 4038 non
1172 3988 1478 4053 potuerunt.
1506 3978 1695 4036 Videte
1718 3978 1905 4034 absur-

315 4074 541 4129 ditatem
578 4083 633 4130 et
664 4074 922 4129 insaniam
954 4088 1058 4129 non
1087 4071 1381 4129 ferendam.
1420 4072 1667 4127 Animam
1694 4070 1907 4126 irratio-

318 4168 496 4222 nalem
519 4182 641 4222 eum
669 4167 869 4223 habere
897 4168 1195 4232 voluerunt,
1218 4164 1528 4221 rationalem
1544 4172 1899 4235 negaverunt:

315 4261 583 4316 dederunt
625 4260 673 4316 ei
703 4260 933 4315 animam
963 4260 1205 4330 pecoris,
1237 4258 1613 4314 subtraxerunt
1648 4256 1895 4312 hominis.

315 4352 422 4408 Sed
451 4352 528 4407 illi
552 4352 881 4407 abstulerunt
902 4350 1113 4407 Christo
1138 4349 1418 4415 rationem,
1440 4364 1547 4404 non
1568 4347 1797 4404 tenendo
1818 4362 1905 4403 ra-

317 4442 543 4496 tionem.
584 4442 737 4497 Absit
763 4441 864 4497 hoc
905 4457 937 4496 a
970 4441 1123 4497 nobis
1147 4481 1161 4505 ,
1190 4441 1242 4495 in
1274 4439 1377 4495 lide
1403 4439 1662 4495 catholica
1693 4438 1904 4495 nutritis

314 4541 477 4600 atque
508 4529 757 4585 fundatis.
801 4530 882 4585 Ex
923 4531 1023 4585 hac
1060 4544 1188 4600 ergo
1230 4529 1509 4585 occasione
1536 4528 1902 4583 admonuerim

316 4620 647 4675 Charitatetn
672 4628 926 4685 vestram,
956 4631 1018 4676 ut
1041 4620 1308 4691 quomodo
1331 4619 1694 4690 superioribus
1721 4617 1906 4674 lectio—

316 4710 478 4764 nibus
506 4710 633 4764 satis
662 4724 758 4765 vos
799 4711 1146 4765 instruximus
1187 4709 1442 4766 adversus
1483 4709 1814 4765 Sabellianos
1850 4718 1905 4765 et

316 4802 585 4868 Arianos;
617 4800 944 4857 Sabellianos
971 4803 1060 4872 qui
1088 4801 1309 4869 dicunt,
1340 4799 1461 4871 Ipse
1497 4809 1581 4857 est
1612 4801 1771 4857 Pater
1812 4802 1905 4872 qui

314 4894 523 4959 Filius;
563 4894 792 4949 Arianos
814 4895 903 4963 qui
926 4893 1128 4957 dicunt,
1157 4892 1317 4948 Aliud
1339 4900 1424 4948 est
1447 4892 1635 4959 Pater,
1662 4891 1803 4947 aliud
1824 4901 1906 4949 est

310 4982 505 5046 Filius,
536 4983 688 5051 quasi
716 4997 821 5036 non
850 4981 956 5036 sint
979 4981 1217 5051 ejusdem
1239 4981 1548 5037 substantiae
1574 4980 1732 5037 Pater
1748 4989 1801 5037 et
1816 4980 1902 5036 Fi-

309 5074 421 5127 lius
445 5090 459 5125 :
483 5072 832 5129 instruximus
857 5074 1038 5138 etiam,
1066 5083 1320 5144 quantum
1348 5073 1685 5140 meministis,
1713 5082 1770 5129 et
1792 5088 1905 5130 me-

308 5163 541 5222 minisse
585 5164 832 5233 debetis,
859 5174 1047 5221 contra
1088 5165 1368 5223 haereticos
1403 5164 1746 5221 Photinianos
1768 5204 1785 5233 ,
1813 5164 1905 5236 qui

378 5386 400 5418 ι
427 5385 659 5458 Αριιᾲιτι.
681 5387 829 5452 Lugd.
851 5393 903 5438 et
913 5394 1031 5437 Ven.
1054 5386 1136 5438 hic
1153 5386 1362 5447 additur,
1379 5384 1627 5438 Christus:
1644 5385 1774 5449 Apud
1791 5393 1901 5438 ιον.

378 5459 431 5497 x.
454 5446 690 5497 Christus.
709 5451 847 5497 uncis
874 5447 1149 5497 includitur.
1335 5457 1391 5497 Μ.

305 5459 431 5503 vox,
454 5447 690 5508 Christus,
709 5447 847 5499 uncis
874 5447 1149 5499 includitur.
1335 5457 1391 5499 Μ.
1681 5447 1693 5449 “

311 5577 349 5581 __
375 5511 400 5540 ³
422 5509 495 5559 sic
513 5512 667 5581 verba
679 5511 1031 5581 interpungere
1043 5523 1200 5581 Visum
1221 5516 1320 5581 est:
1333 5510 1516 5581 nonluti
1531 5510 1581 5559 in
1596 5510 1728 5581 prius
1742 5509 1905 5581 editis,

303 5576 708 5642 Ifon‘nosarctat
738 5569 857 5642 hora
877 5569 988 5642 qua;
1020 5571 1174 5642 solet,
1198 5571 1278 5642 die
1313 5570 1550 5642 dominico
1576 5569 1713 5642 uacat
1752 5569 1905 5642 nobis.

302 5630 444 5702 Quod
462 5633 600 5702 enim
619 5634 840 5702 proxime
862 5630 1244 5702 subjicitur,.hoc
1261 5633 1508 5702 luciferum:
1525 5632 1607 5695 qui
1627 5632 1691 5682 ad
1710 5630 1908 5682 verbum

308 5693 407 5741 Dei
426 5693 573 5742 etiam
600 5693 683 5743 die
700 5693 933 5744 hodierna
953 5693 1252 5751 conveniunt,
1275 5697 1391 5744 satis
1416 5693 1591 5745 indicat
1626 5706 1907 5745 sermonem

303 5753 408 5802 alio
432 5763 610 5817 praeter
632 5757 921 5805 dominicum
941 5757 1023 5805 die
1044 5757 1191 5806 fuisse
1212 5757 1439 5806 habitum.

640 5838 862 5898 Sancr.
897 5842 1169 5899 Aecusr.
1211 5839 1314 5897 lll.

1428 305 1696 363 TRACTA
1714 302 1834 360 Γιὸ
1874 298 2082 359 XLVII.
2123 300 2352 360 CAPUT
2390 300 2475 360 Χ-

3449 312 3591 372 1738

2010 419 2181 478 solum
2205 413 2475 475 hominem
2499 416 2768 476 Christum
2800 417 2917 478 sine
2944 418 3056 477 Deo
3095 435 3216 480 esse
3242 422 3494 483 dixerunt
3521 428 3539 461 ³
3569 444 3588 495 ;

2008 503 2196 567 contra
2218 509 2555 576 Manichaeos,
2581 508 2671 580 qui
2698 510 2873 567 solum
2903 511 3021 567 sine
3049 512 3265 570 homine
3291 514 3461 573 Deum
3484 535 3498 571 :
3521 534 3593 577 ex

2009 599 2113 656 hac
2155 599 2434 656 occasione
2474 598 2543 655 de
2587 599 2763 654 anima
2812 600 3138 658 instruamus
3176 617 3271 661 vos
3308 613 3363 661 et
3404 617 3589 664 contra

2009 690 2443 760 Apollinaristas,
2470 690 2561 760 qui
2604 689 2787 745 dicunt
2809 690 3091 747 Dominum
3126 701 3369 751 nostrum
3405 696 3593 755 Jesum

2009 781 2278 839 Christum
2304 795 2410 837 non
2434 782 2684 840 habuisse
2706 784 2937 840 animam
2966 784 3272 852 humanam,
3292 787 3346 843 id
3371 799 3454 846 est
3476 792 3592 849 ani-

2008 872 2152 931 mam
2179 875 2511 940 rationalem,
2542 875 2772 931 animam
2797 876 3199 949 intelligentem,
3228 880 3482 951 animam,
3511 883 3594 939 in-

2008 979 2189 1036 quam,
2208 967 2264 1021 in
2282 980 2385 1037 qua
2404 965 2661 1021 distamus
2681 981 2712 1021 a
2734 981 2944 1041 pecore,
2963 968 3103 1039 quod
3124 968 3368 1027 homines
3383 987 3590 1030 sumus.

2081 1054 2169 1111 10.
2208 1054 2487 1123 Quomodo
2514 1068 2641 1127 ergo
2667 1056 2755 1113 hic
2793 1057 2925 1113 dixit
2968 1059 3220 1117 Dominus
3242 1103 3258 1129 ,
3282 1059 3594 1120 Potestatem

2010 1145 2167 1201 habeo
2194 1147 2412 1216 ponendi
2435 1149 2656 1226 animum
2684 1151 2889 1205 meum?
2916 1149 3045 1217 Quis
3072 1153 3220 1223 ponit
3241 1155 3474 1212 animam
3493 1200 3509 1226 ,
3537 1168 3595 1216 et

2008 1233 2199 1292 iterum
2229 1238 2391 1292 sumit
2416 1223 2533 1294 eam
2560 1239 2583 1293 ?
2619 1238 2860 1295 Christus
2887 1256 2953 1296 ex
2977 1256 3044 1298 eo
3068 1243 3208 1313 quod
3234 1245 3462 1304 Verbum
3484 1223 3591 1318 est,

2008 1328 2156 1396 ponit
2179 1327 2430 1394 animam,
2460 1337 2514 1384 et
2538 1330 2699 1384 sumit
2726 1345 2842 1386 eam
2873 1332 3106 1389 iterum?
3129 1336 3212 1391 An
3250 1352 3318 1393 ex
3354 1354 3421 1395 eo
3448 1341 3591 1412 quod

2007 1416 2184 1471 anima
2209 1416 2439 1473 humana
2466 1427 2547 1473 est
2568 1459 2583 1483 ,
2613 1420 2726 1489 ipsa
2763 1435 2823 1477 se
2849 1422 3035 1491 ponit,
3064 1432 3119 1480 et
3159 1426 3350 1483 iterum
3386 1430 3501 1500 ipsa
3528 1447 3592 1489 se

2007 1508 2209 1562 sumit?
2236 1509 2318 1563 An
2347 1525 2415 1565 ex
2437 1525 2502 1565 eo
2530 1511 2674 1581 quod
2702 1526 2828 1567 caro
2856 1522 2973 1581 est,
3008 1530 3134 1572 caro
3158 1518 3389 1576 animam
3417 1522 3589 1592 ponit,

2006 1607 2071 1655 et
2089 1600 2279 1655 iterum
2301 1601 2507 1657 sumit?
2544 1603 2668 1659 Tria
2690 1607 2961 1676 proposui,
2978 1609 3156 1665 omnia
3183 1622 3589 1686 pertractemus,

2006 1698 2063 1747 et
2085 1691 2188 1747 hoc
2223 1692 2477 1763 eligamus
2503 1695 2647 1765 quod
2687 1698 2972 1754 conveniat
3012 1702 3210 1771 regula:
3238 1706 3492 1764 veritatis.
3531 1709 3592 1767 St

2006 1782 2151 1837 enim
2197 1783 2526 1854 dixerimus,
2557 1786 2679 1857 quia
2720 1786 2955 1845 Verbum
3003 1789 3101 1846 Dei
3150 1794 3326 1862 posuit
3358 1797 3590 1856 animam

2007 1863 2178 1938 suam,
2200 1881 2256 1929 et
2274 1873 2466 1930 iterum
2483 1876 2712 1947 sumpsit
2733 1891 2851 1933 eam
2870 1894 2886 1947 ;
2911 1881 3253 1939 metuendum
3272 1896 3355 1941 est
3380 1901 3448 1942 ne
3466 1892 3594 1945 sub-

2008 1964 2169 2021 intret
2184 1979 2343 2035 prava
2363 1967 2635 2038 cogitatio,
2652 1977 2707 2025 et
2725 1968 2931 2026 dicatur
2950 1972 3102 2029 nobis
3120 1992 3134 2027 :
3150 1974 3291 2048 Ergo
3309 1977 3519 2050 aliquan
3532 1979 3594 2036 lo

2007 2057 2181 2112 anima
2209 2057 2295 2113 illa
2323 2067 2567 2129 separata
2592 2067 2678 2116 est
2702 2075 2734 2115 a
2754 2057 2950 2129 Verbo,
2974 2072 3027 2119 et
3054 2065 3338 2136 aliquando
3356 2069 3586 2128 Verbum

2007 2146 2161 2215 illud,
2190 2163 2255 2205 ex
2286 2164 2393 2219 quo
2418 2150 2651 2220 suscepit
2674 2152 2905 2208 animam
2931 2154 3074 2210 illam
3090 2196 3107 2225 ,
3129 2155 3230 2212 fuit
3250 2158 3366 2215 sine
3388 2161 3589 2220 animt.

2009 2237 2177 2294 Video
2204 2240 2345 2294 enim
2388 2238 2553 2296 fuisse
2596 2241 2714 2297 sine
2740 2244 2913 2300 anima
2939 2243 3171 2303 humana
3206 2248 3468 2321 Verbum,
3492 2255 3591 2311 set'

2008 2344 2129 2384 cum
2159 2330 2211 2385 in
2240 2331 2499 2401 principio
2522 2341 2638 2388 erat
2667 2333 2900 2389 Verbum
2920 2377 2935 2403 ,
2963 2345 3018 2392 et
3051 2338 3284 2395 Verbum
3311 2352 3428 2398 erat
3448 2344 3593 2416 apud

2009 2423 2198 2489 Deum,
2230 2432 2282 2478 et
2308 2424 2447 2480 Deus
2476 2434 2592 2480 erat
2633 2425 2885 2483 Verbum.
2924 2428 3005 2484 Ex
3031 2445 3138 2500 quo
3183 2433 3325 2490 enirn
3362 2435 3592 2493 Verbum

2008 2529 2135 2568 caro
2165 2515 2357 2570 factum
2382 2525 2484 2583 est,
2515 2525 2571 2571 ut
2601 2516 2865 2573 habitaret
2888 2517 2942 2573 in
2970 2520 3124 2577 nobis
3147 2521 3385 2594 (Joan.t,
3406 2527 3458 2593 1,
3477 2527 3591 2602 lt),

2007 2611 2066 2659 ct
2090 2615 2369 2676 susceptus
2396 2616 2479 2661 est
2515 2622 2545 2661 a
2574 2606 2751 2664 Verbo
2787 2608 2948 2663 homo
2970 2651 2986 2677 ,
3017 2610 3069 2665 id
3113 2621 3195 2668 est
3233 2622 3375 2672 totus
3407 2616 3590 2687 homo,

2009 2695 2182 2750 anima
2213 2706 2265 2751 et
2291 2710 2448 2761 caro;
2480 2697 2606 2767 quid
2627 2698 2748 2753 fecit
2770 2701 2966 2769 passio,
2996 2702 3123 2771 quid
3151 2702 3274 2759 fecit
3298 2722 3466 2773 mors,
3490 2709 3596 2766 nisi

2008 2802 2202 2856 corpus
2241 2787 2308 2842 ab
2350 2788 2523 2842 anima
2564 2790 2875 2856 separavit?
2915 2792 3158 2848 Animam
3204 2810 3330 2851 vero
3356 2811 3388 2851 a
3420 2797 3596 2854 Verbo

2008 2895 2115 2935 non
2135 2880 2417 2949 separavit.
2439 2880 2493 2936 Si
2516 2881 2658 2935 enim
2681 2891 2921 2938 mortuus
2944 2891 3028 2937 est
3048 2884 3322 2954 Dominus,
3341 2887 3450 2943 imo
3469 2889 3592 2959 quia

2007 2978 2250 3027 mortuus
2276 2980 2361 3026 est
2384 2971 2680 3037 Dominus;
2726 2980 2965 3027 mortuus
2999 2982 3083 3029 est
3123 2976 3264 3030 enim
3299 2992 3396 3048 pro
3437 2978 3595 3035 nobis

2008 3061 2063 3117 in
2099 3076 2291 3128 cruce;
2320 3061 2437 3118 sine
2472 3061 2636 3118 dubio
2662 3077 2789 3118 caro
2817 3063 2982 3132 ipsius
3009 3066 3297 3135 exspiravit
3320 3069 3550 3125 animam
3574 3087 3590 3124 :

2007 3154 2076 3210 ad
2101 3164 2308 3224 tempus
2335 3155 2585 3225 exiguum
2609 3154 2786 3210 anima
2814 3154 3053 3211 deseruit
3087 3172 3301 3214 carnem
3319 3201 3333 3223 ,
3374 3162 3467 3216 sed
3507 3179 3595 3218 re-

2008 3246 2205 3302 deunte
2224 3247 2399 3301 anima
2424 3255 2866 3301 resurrecturum.
2893 3247 2936 3302 A
2960 3247 3136 3303 Verbo
3162 3260 3339 3306 autem
3362 3255 3593 3311 animam

2007 3346 2304 3408 separatam
2326 3351 2444 3393 esse
2465 3352 2569 3393 non
2588 3337 2731 3393 dico.
2754 3337 2997 3394 Latronis
3016 3340 3208 3394 animae
3229 3341 3361 3397 dixit
3383 3362 3399 3399 :
3427 3344 3596 3402 Hodie

2006 3444 2202 3482 mecum
2239 3428 2335 3483 eris
2372 3428 2425 3482 in
2463 3428 2702 3499 paradiso
2741 3426 2893 3500 (Luc.
2918 3445 3082 3495 xxm,
3104 3429 3218 3502 45).
3249 3432 3486 3490 Fidelem
3514 3438 3595 3493 la-

2009 3519 2178 3574 tronis
2214 3519 2444 3573 animam
2490 3533 2598 3574 non
2641 3518 2952 3587 deserebat,
2983 3529 3037 3577 et
3075 3520 3356 3580 deserebat
3395 3540 3545 3582 suam
3570 3529 3597 3583 ἲ

2008 3610 2161 3664 Absit
2190 3627 2204 3664 :
2235 3609 2327 3664 sed
2358 3608 2498 3664 illius
2540 3618 2599 3664 nt
2635 3609 2891 3665 Dominus
2918 3610 3234 3677 custodivit,
3277 3628 3428 3669 suam
3466 3633 3595 3672 vero

2008 3702 2431 3771 inseparabiliter
2465 3700 2668 3756 habuit.
2707 3701 2764 3756 Si
2800 3711 2977 3757 autem
3007 3702 3299 3761 dixerimus
3323 3707 3444 3777 quia
3480 3710 3595 3780 ipsa

2006 3808 2067 3850 se
2087 3794 2261 3849 anima
2281 3793 2476 3864 posuit,
2501 3801 2556 3849 et
2579 3794 2769 3850 iterum
2792 3795 2903 3865 ipsa
2924 3810 2984 3851 se
3003 3797 3248 3866 sumpsit,
3273 3797 3596 3857 absurdissi-

1994 3901 2130 3965 .mus
2171 3901 2359 3942 sensus
2399 3895 2482 3941 est
2524 3903 2538 3939 :
2583 3902 2689 3941 non
2718 3887 2863 3942 enim
2890 3902 3009 3958 quae
3037 3903 3071 3944 a
3095 3888 3276 3947 Verbo
3329 3907 3438 3948 non
3476 3906 3595 3950 erat

2006 3986 2285 4049 separata,
2326 3992 2356 4032 a
2405 3978 2579 4049 scipsa
2618 3985 2829 4048 poterat
2864 3980 3119 4049 separari.

2081 4071 2169 4126 11.
2200 4069 2445 4125 Dicamus
2464 4082 2593 4138 ergo
2617 4076 2673 4123 et
2695 4068 2835 4138 quod
2861 4085 3045 4124 verum
3070 4079 3174 4139 est,
3199 4079 3255 4128 et
3276 4073 3418 4142 quod
3438 4073 3594 4131 facile

2009 4162 2230 4232 intelligi
2263 4169 2453 4231 potest.
2494 4160 2631 4215 Ecce
2664 4158 2824 4214 homo
2852 4159 3075 4229 quilibet
3113 4175 3219 4217 non
3249 4173 3498 4220 constans
3525 4181 3592 4222 ex

2008 4251 2187 4307 Verbo
2210 4259 2264 4306 et
2291 4250 2467 4306 anima
2496 4259 2551 4305 et
2572 4263 2755 4314 carne,
2785 4248 2880 4305 sed
2907 4265 2971 4304 ex
2998 4250 3173 4305 anima
3214 4261 3268 4308 et
3293 4269 3453 4311 carne
3481 4273 3496 4312 :
3522 4257 3593 4313 de

2008 4344 2114 4400 isto
2165 4344 2380 4398 homine
2429 4343 2815 4413 interrogemus
2853 4342 3120 4410 quomodo
3158 4354 3318 4413 ponat
3356 4348 3591 4404 animam

2008 4451 2160 4492 suam
2187 4435 2503 4506 quicumque
2532 4432 2712 4487 homo.
2755 4434 2834 4485 An
2872 4432 3009 4488 forte
3055 4434 3230 4489 nullus
3256 4435 3417 4493 homo
3444 4454 3595 4509 poni.

2008 4527 2240 4582 animam
2270 4541 2419 4582 suam
2444 4525 2469 4578 ‘l
2506 4526 2666 4581 Potes
2694 4525 2823 4578 mihi
2848 4525 3026 4582 dicere
3051 4542 3068 4583 :
3091 4526 3278 4584 Nullus
3306 4530 3467 4587 homo
3495 4535 3591 4587 ha-

2009 4618 2101 4674 bet
2154 4625 2465 4686 potcstatem
2516 4629 2716 4685 ponere
2762 4616 2992 4669 animam
3050 4633 3239 4684 suam,
3295 4628 3351 4675 et
3396 4622 3590 4677 iterum

2009 4721 2222 4766 sumere
2245 4722 2386 4762 eam.
2409 4706 2614 4760 Ponere
2637 4706 2866 4760 animam
2890 4722 3038 4761 suam
3066 4709 3166 4764 nisi
3199 4721 3381 4780 posset
3405 4712 3587 4780 homo,

2011 4814 2118 4854 non
2145 4798 2346 4854 diceret
2367 4796 2600 4852 Joannes
2623 4796 2895 4867 apostolus
2912 4837 2928 4863 ,
2954 4798 3099 4853 Sicut
3126 4798 3355 4857 Christus
3377 4819 3469 4872 pro
3494 4822 3586 4857 no-

2010 4889 2087 4945 bis
2109 4891 2332 4943 animant
2359 4903 2506 4941 suam
2536 4889 2720 4957 posuit,
2746 4888 2819 4943 sic
2838 4897 2885 4943 et
2910 4904 3000 4943 nos
3025 4889 3258 4945 debemus
3278 4892 3476 4950 animas
3501 4911 3598 4961 pro

2013 4982 2253 5055 fratribus
2277 4997 2461 5051 ponere
2487 4980 2532 5053 (ι
2550 4979 2706 5036 Joan.
2730 4997 2805 5046 Ill,
2828 4982 2939 5052 16).
2966 4982 3105 5053 Ergo
3130 4992 3185 5041 et
3202 4984 3356 5042 nobis
3374 4986 3495 5042 licet
3518 4988 3599 5061 (si

2011 5084 2067 5131 et
2096 5090 2195 5131 nos
2222 5074 2538 5144 impleamur
2556 5074 2750 5129 virtute
2774 5074 2960 5143 ipsius,
2978 5074 3101 5146 quia
3114 5076 3233 5133 sine
3251 5075 3343 5135 illo
3361 5076 3491 5133 nihil
3516 5079 3595 5134 fa-

2011 5181 2135 5223 cere
2165 5165 2468 5238 possumus)
2504 5179 2704 5238 ponere
2728 5180 2824 5235 pro
2860 5163 3113 5221 fratribus
3133 5172 3336 5224 animas
3358 5176 3588 5226 nostras.

2011 5256 2236 5326 Quando
2262 5265 2467 5329 martyr
2503 5256 2726 5327 quilibet
2751 5263 2966 5311 sanctus
2997 5257 3177 5326 posui“.
3199 5271 3295 5327 pro
3339 5262 3590 5319 fratribus

2012 5348 2246 5404 animam
2269 5362 2451 5413 suam,
2477 5347 2597 5418 quis
2624 5348 2829 5417 posuit,
2857 5353 2912 5401 et
2952 5360 3107 5416 quam
3137 5346 3355 5415 posuit?
3396 5347 3512 5408 Hoc
3545 5351 3591 5405 si
3617 5399 3619 5402 ι

2012 5437 2455 5504 intellexerimus,
2473 5436 2545 5492 ibi
2560 5434 2855 5491 videbimus
2869 5433 3314 5505 quemadmodum
3336 5451 3367 5492 a
3384 5440 3593 5495 Christo
3617 5421 3620 5426 ’

2012 5530 2214 5590 dictum
2236 5532 2335 5599 sit,
2366 5529 2675 5587 Potestatem
2714 5528 2872 5582 habeo
2900 5527 3120 5599 ponendi
3141 5527 3363 5583 animam
3405 5545 3588 5584 meum.

2018 5694 2095 5805 De‘
2120 5702 2297 5745 omnes
2316 5698 2444 5754 mss,
2462 5687 2703 5742 Christum
2725 5700 2824 5740 esse
2851 5685 3082 5737 dixerim:
3108 5697 3127 5737 :
3157 5698 3251 5736 nec
3272 5685 3471 5748 habent,
3496 5656 3623 5738 sine-

2086 5768 2131 5805 ο.

2086 5768 2131 5807 ο.

2739 5831 3356 5911 (Ὀιήτμιαηιε-εἰηᾳ.)
