  <div class='ocr_page' id='page_1' title='image "/cluster/home/n/w/nwhite01/storage/ocr_20150623/35/hvd.32044015706302/219.png"; bbox 0 0 4030 6482; ppageno 0'>
   <div class='ocr_carea' id='block_1_1' title="bbox 504 321 654 377">
    <p class='ocr_par' dir='ltr' id='par_1_1' title="bbox 504 321 654 377">
     <span class='ocr_line' id='line_1_1' title="bbox 504 321 654 377; baseline 0.013 -2"><span class='ocrx_word' id='word_1_1' title='bbox 504 321 654 377; x_wconf 69' lang='grc' dir='ltr'><strong>’ΠΞΟ</strong></span> 
     </span>
    </p>
   </div>
   <div class='ocr_carea' id='block_1_2' title="bbox 512 415 2084 504">
    <p class='ocr_par' dir='ltr' id='par_1_2' title="bbox 512 415 2084 504">
     <span class='ocr_line' id='line_1_2' title="bbox 512 415 2084 504; baseline -0.017 -10"><span class='ocrx_word' id='word_1_2' title='bbox 512 440 554 494; x_wconf 76' lang='lat' dir='ltr'><strong>tl</strong></span> <span class='ocrx_word' id='word_1_3' title='bbox 587 439 764 498; x_wconf 90' lang='lat' dir='ltr'><strong>homo,</strong></span> <span class='ocrx_word' id='word_1_4' title='bbox 798 442 1010 504; x_wconf 87' lang='lat' dir='ltr'><strong>paratus</strong></span> <span class='ocrx_word' id='word_1_5' title='bbox 1035 443 1093 484; x_wconf 88' lang='lat' dir='ltr'><strong>es</strong></span> <span class='ocrx_word' id='word_1_6' title='bbox 1122 441 1218 499; x_wconf 89' lang='lat' dir='ltr'><strong>pro</strong></span> <span class='ocrx_word' id='word_1_7' title='bbox 1255 423 1464 479; x_wconf 99' lang='lat' dir='ltr'><strong>Christo</strong></span> <span class='ocrx_word' id='word_1_8' title='bbox 1509 418 1640 474; x_wconf 90' lang='lat' dir='ltr'><strong>mori</strong></span> <span class='ocrx_word' id='word_1_9' title='bbox 1669 419 1690 470; x_wconf 89' lang='lat'><strong>?</strong></span> <span class='ocrx_word' id='word_1_10' title='bbox 1722 417 1940 471; x_wconf 85' lang='lat' dir='ltr'><strong>Paratus</strong></span> <span class='ocrx_word' id='word_1_11' title='bbox 1962 455 1975 474; x_wconf 85' lang='lat'><strong>,</strong></span> <span class='ocrx_word' id='word_1_12' title='bbox 2003 415 2084 469; x_wconf 85' lang='lat' dir='ltr'><strong>in-</strong></span> 
     </span>
    </p>
   </div>
   <div class='ocr_carea' id='block_1_3' title="bbox 511 505 2083 599">
    <p class='ocr_par' dir='ltr' id='par_1_3' title="bbox 511 505 2083 599">
     <span class='ocr_line' id='line_1_3' title="bbox 511 505 2083 599; baseline -0.013 -18"><span class='ocrx_word' id='word_1_13' title='bbox 511 529 644 599; x_wconf 90' lang='lat' dir='ltr'><strong>quit.</strong></span> <span class='ocrx_word' id='word_1_14' title='bbox 683 527 863 581; x_wconf 85' lang='lat' dir='ltr'><strong>Dicam</strong></span> <span class='ocrx_word' id='word_1_15' title='bbox 894 523 995 577; x_wconf 89' lang='lat' dir='ltr'><strong>hoc</strong></span> <span class='ocrx_word' id='word_1_16' title='bbox 1033 520 1150 574; x_wconf 90' lang='lat' dir='ltr'><strong>aliis</strong></span> <span class='ocrx_word' id='word_1_17' title='bbox 1177 516 1367 572; x_wconf 74' lang='lat' dir='ltr'><strong>verbis.</strong></span> <span class='ocrx_word' id='word_1_18' title='bbox 1409 514 1627 566; x_wconf 85' lang='lat' dir='ltr'><strong>Paratus</strong></span> <span class='ocrx_word' id='word_1_19' title='bbox 1657 523 1715 564; x_wconf 90' lang='lat' dir='ltr'><strong>es</strong></span> <span class='ocrx_word' id='word_1_20' title='bbox 1742 523 1836 576; x_wconf 90' lang='lat' dir='ltr'><strong>pro</strong></span> <span class='ocrx_word' id='word_1_21' title='bbox 1871 505 2083 599; x_wconf 88' lang='lat' dir='ltr'><strong>Christo</strong></span> 
     </span>
    </p>
   </div>
   <div class='ocr_carea' id='block_1_4' title="bbox 509 598 2083 682">
    <p class='ocr_par' dir='ltr' id='par_1_4' title="bbox 509 598 2083 682">
     <span class='ocr_line' id='line_1_4' title="bbox 509 598 2083 682; baseline -0.015 -9"><span class='ocrx_word' id='word_1_22' title='bbox 509 598 740 673; x_wconf 78' lang='lat' dir='ltr'><strong>animam</strong></span> <span class='ocrx_word' id='word_1_23' title='bbox 771 625 910 670; x_wconf 89' lang='lat' dir='ltr'><strong>tuam</strong></span> <span class='ocrx_word' id='word_1_24' title='bbox 940 609 1181 682; x_wconf 85' lang='lat' dir='ltr'><strong>ponere?</strong></span> <span class='ocrx_word' id='word_1_25' title='bbox 1219 607 1287 661; x_wconf 87' lang='lat' dir='ltr'><strong>Et</strong></span> <span class='ocrx_word' id='word_1_26' title='bbox 1321 603 1387 658; x_wconf 89' lang='lat' dir='ltr'><strong>ad</strong></span> <span class='ocrx_word' id='word_1_27' title='bbox 1417 603 1513 657; x_wconf 89' lang='lat' dir='ltr'><strong>ista</strong></span> <span class='ocrx_word' id='word_1_28' title='bbox 1541 601 1700 654; x_wconf 83' lang='lat' dir='ltr'><strong>verba</strong></span> <span class='ocrx_word' id='word_1_29' title='bbox 1729 600 1808 655; x_wconf 90' lang='lat' dir='ltr'><strong>sic</strong></span> <span class='ocrx_word' id='word_1_30' title='bbox 1838 598 1964 652; x_wconf 88' lang='lat' dir='ltr'><strong>mihi</strong></span> <span class='ocrx_word' id='word_1_31' title='bbox 1993 610 2083 651; x_wconf 85' lang='lat' dir='ltr'><strong>re-</strong></span> 
     </span>
    </p>
   </div>
   <div class='ocr_carea' id='block_1_5' title="bbox 509 687 2086 778">
    <p class='ocr_par' dir='ltr' id='par_1_5' title="bbox 509 687 2086 778">
     <span class='ocr_line' id='line_1_5' title="bbox 509 687 2086 778; baseline -0.015 -15"><span class='ocrx_word' id='word_1_32' title='bbox 509 706 755 778; x_wconf 86' lang='lat' dir='ltr'><strong>spondet,</strong></span> <span class='ocrx_word' id='word_1_33' title='bbox 784 705 1005 758; x_wconf 90' lang='lat' dir='ltr'><strong>Paratus</strong></span> <span class='ocrx_word' id='word_1_34' title='bbox 1045 714 1200 762; x_wconf 89' lang='lat' dir='ltr'><strong>sum;</strong></span> <span class='ocrx_word' id='word_1_35' title='bbox 1248 692 1514 767; x_wconf 82' lang='lat' dir='ltr'><strong>quomodo</strong></span> <span class='ocrx_word' id='word_1_36' title='bbox 1561 690 1687 745; x_wconf 87' lang='lat' dir='ltr'><strong>mihi</strong></span> <span class='ocrx_word' id='word_1_37' title='bbox 1735 687 2086 759; x_wconf 88' lang='lat' dir='ltr'><strong>responderat</strong></span> 
     </span>
    </p>
   </div>
   <div class='ocr_carea' id='block_1_6' title="bbox 509 785 2086 862">
    <p class='ocr_par' dir='ltr' id='par_1_6' title="bbox 509 785 2086 862">
     <span class='ocr_line' id='line_1_6' title="bbox 509 785 2086 862; baseline -0.012 -9"><span class='ocrx_word' id='word_1_38' title='bbox 509 814 630 854; x_wconf 86' lang='lat' dir='ltr'><strong>eum</strong></span> <span class='ocrx_word' id='word_1_39' title='bbox 656 797 909 862; x_wconf 86' lang='lat' dir='ltr'><strong>dicerem,</strong></span> <span class='ocrx_word' id='word_1_40' title='bbox 956 794 1173 847; x_wconf 88' lang='lat' dir='ltr'><strong>Paratus</strong></span> <span class='ocrx_word' id='word_1_41' title='bbox 1197 803 1254 842; x_wconf 89' lang='lat' dir='ltr'><strong>es</strong></span> <span class='ocrx_word' id='word_1_42' title='bbox 1293 785 1448 842; x_wconf 90' lang='lat' dir='ltr'><strong>mori.</strong></span> <span class='ocrx_word' id='word_1_43' title='bbox 1491 785 1600 838; x_wconf 91' lang='lat' dir='ltr'><strong>lloe</strong></span> <span class='ocrx_word' id='word_1_44' title='bbox 1625 797 1751 852; x_wconf 77' lang='lat' dir='ltr'><strong>ergo</strong></span> <span class='ocrx_word' id='word_1_45' title='bbox 1778 791 1858 837; x_wconf 89' lang='lat' dir='ltr'><strong>est</strong></span> <span class='ocrx_word' id='word_1_46' title='bbox 1889 794 2086 851; x_wconf 85' lang='lat' dir='ltr'><strong>ponere</strong></span> 
     </span>
    </p>
   </div>
   <div class='ocr_carea' id='block_1_7' title="bbox 510 871 2086 958">
    <p class='ocr_par' dir='ltr' id='par_1_7' title="bbox 510 871 2086 958">
     <span class='ocr_line' id='line_1_7' title="bbox 510 871 2086 958; baseline -0.012 -16"><span class='ocrx_word' id='word_1_47' title='bbox 510 891 762 953; x_wconf 88' lang='lat' dir='ltr'><strong>animam,</strong></span> <span class='ocrx_word' id='word_1_48' title='bbox 781 885 920 958; x_wconf 91' lang='lat' dir='ltr'><strong>quod</strong></span> <span class='ocrx_word' id='word_1_49' title='bbox 940 893 1018 940; x_wconf 92' lang='lat' dir='ltr'><strong>est</strong></span> <span class='ocrx_word' id='word_1_50' title='bbox 1038 881 1189 937; x_wconf 92' lang='lat' dir='ltr'><strong>mori.</strong></span> <span class='ocrx_word' id='word_1_51' title='bbox 1220 879 1325 936; x_wconf 98' lang='lat' dir='ltr'><strong>Sed</strong></span> <span class='ocrx_word' id='word_1_52' title='bbox 1347 893 1442 949; x_wconf 91' lang='lat' dir='ltr'><strong>pro</strong></span> <span class='ocrx_word' id='word_1_53' title='bbox 1460 891 1564 948; x_wconf 88' lang='lat' dir='ltr'><strong>quo</strong></span> <span class='ocrx_word' id='word_1_54' title='bbox 1585 876 1656 930; x_wconf 86' lang='lat' dir='ltr'><strong>ibi</strong></span> <span class='ocrx_word' id='word_1_55' title='bbox 1677 882 1758 930; x_wconf 89' lang='lat' dir='ltr'><strong>est</strong></span> <span class='ocrx_word' id='word_1_56' title='bbox 1776 871 2086 928; x_wconf 87' lang='lat' dir='ltr'><strong>certamen?</strong></span> 
     </span>
    </p>
   </div>
   <div class='ocr_carea' id='block_1_8' title="bbox 509 963 2082 1042">
    <p class='ocr_par' dir='ltr' id='par_1_8' title="bbox 509 963 2082 1042">
     <span class='ocr_line' id='line_1_8' title="bbox 509 963 2082 1042; baseline -0.013 -6"><span class='ocrx_word' id='word_1_57' title='bbox 509 980 706 1036; x_wconf 84' lang='lat' dir='ltr'><strong>Omnes</strong></span> <span class='ocrx_word' id='word_1_58' title='bbox 727 978 869 1034; x_wconf 89' lang='lat' dir='ltr'><strong>enim</strong></span> <span class='ocrx_word' id='word_1_59' title='bbox 895 974 1137 1030; x_wconf 80' lang='lat' dir='ltr'><strong>homines</strong></span> <span class='ocrx_word' id='word_1_60' title='bbox 1160 969 1372 1042; x_wconf 83' lang='lat' dir='ltr'><strong>quando</strong></span> <span class='ocrx_word' id='word_1_61' title='bbox 1398 968 1712 1030; x_wconf 89' lang='lat' dir='ltr'><strong>moriuntur,</strong></span> <span class='ocrx_word' id='word_1_62' title='bbox 1739 973 1943 1036; x_wconf 90' lang='lat' dir='ltr'><strong>ponunt</strong></span> <span class='ocrx_word' id='word_1_63' title='bbox 1966 963 2082 1017; x_wconf 83' lang='lat' dir='ltr'><strong>ani-</strong></span> 
     </span>
    </p>
   </div>
   <div class='ocr_carea' id='block_1_9' title="bbox 511 1057 2086 1136">
    <p class='ocr_par' dir='ltr' id='par_1_9' title="bbox 511 1057 2086 1136">
     <span class='ocr_line' id='line_1_9' title="bbox 511 1057 2086 1136; baseline -0.01 -11"><span class='ocrx_word' id='word_1_64' title='bbox 511 1086 650 1126; x_wconf 87' lang='lat' dir='ltr'><strong>mam</strong></span> <span class='ocrx_word' id='word_1_65' title='bbox 677 1086 692 1136; x_wconf 92' lang='lat'><strong>;</strong></span> <span class='ocrx_word' id='word_1_66' title='bbox 725 1068 816 1124; x_wconf 85' lang='lat' dir='ltr'><strong>sed</strong></span> <span class='ocrx_word' id='word_1_67' title='bbox 845 1083 947 1122; x_wconf 93' lang='lat' dir='ltr'><strong>non</strong></span> <span class='ocrx_word' id='word_1_68' title='bbox 978 1079 1162 1120; x_wconf 91' lang='lat' dir='ltr'><strong>omnes</strong></span> <span class='ocrx_word' id='word_1_69' title='bbox 1191 1079 1288 1134; x_wconf 93' lang='lat' dir='ltr'><strong>pro</strong></span> <span class='ocrx_word' id='word_1_70' title='bbox 1313 1061 1526 1116; x_wconf 91' lang='lat' dir='ltr'><strong>Christo</strong></span> <span class='ocrx_word' id='word_1_71' title='bbox 1553 1066 1772 1129; x_wconf 91' lang='lat' dir='ltr'><strong>ponunt.</strong></span> <span class='ocrx_word' id='word_1_72' title='bbox 1819 1057 1886 1111; x_wconf 86' lang='lat' dir='ltr'><strong>Et</strong></span> <span class='ocrx_word' id='word_1_73' title='bbox 1927 1070 2086 1112; x_wconf 92' lang='lat' dir='ltr'><strong>nemo</strong></span> 
     </span>
    </p>
   </div>
   <div class='ocr_carea' id='block_1_10' title="bbox 513 1149 2088 1252">
    <p class='ocr_par' dir='ltr' id='par_1_10' title="bbox 513 1149 2088 1252">
     <span class='ocr_line' id='line_1_10' title="bbox 513 1149 2088 1252; baseline -0.009 -38"><span class='ocrx_word' id='word_1_74' title='bbox 513 1161 671 1214; x_wconf 86' lang='lat' dir='ltr'><strong>habet</strong></span> <span class='ocrx_word' id='word_1_75' title='bbox 695 1165 1005 1228; x_wconf 88' lang='lat' dir='ltr'><strong>potestatem</strong></span> <span class='ocrx_word' id='word_1_76' title='bbox 1030 1169 1242 1209; x_wconf 86' lang='lat' dir='ltr'><strong>sumere</strong></span> <span class='ocrx_word' id='word_1_77' title='bbox 1266 1153 1405 1222; x_wconf 90' lang='lat' dir='ltr'><strong>quod</strong></span> <span class='ocrx_word' id='word_1_78' title='bbox 1436 1151 1668 1252; x_wconf 47' lang='lat' dir='ltr'><strong>posuerit</strong></span> <span class='ocrx_word' id='word_1_79' title='bbox 1694 1168 1706 1203; x_wconf 91' lang='lat'>:</span> <span class='ocrx_word' id='word_1_80' title='bbox 1731 1149 1974 1204; x_wconf 75' lang='lat' dir='ltr'><strong>Christus</strong></span> <span class='ocrx_word' id='word_1_81' title='bbox 1992 1163 2088 1241; x_wconf 38' lang='lat' dir='ltr'><strong>all-.-</strong></span> 
     </span>
    </p>
   </div>
   <div class='ocr_carea' id='block_1_11' title="bbox 511 1232 2086 1319">
    <p class='ocr_par' dir='ltr' id='par_1_11' title="bbox 511 1232 2086 1319">
     <span class='ocr_line' id='line_1_11' title="bbox 511 1232 2086 1319; baseline -0.009 -14"><span class='ocrx_word' id='word_1_82' title='bbox 511 1261 616 1306; x_wconf 84' lang='lat' dir='ltr'><strong>tem</strong></span> <span class='ocrx_word' id='word_1_83' title='bbox 645 1259 697 1305; x_wconf 90' lang='lat' dir='ltr'><strong>et</strong></span> <span class='ocrx_word' id='word_1_84' title='bbox 730 1263 824 1319; x_wconf 92' lang='lat' dir='ltr'><strong>pro</strong></span> <span class='ocrx_word' id='word_1_85' title='bbox 852 1247 1003 1300; x_wconf 87' lang='lat' dir='ltr'><strong>nobis</strong></span> <span class='ocrx_word' id='word_1_86' title='bbox 1031 1245 1224 1315; x_wconf 80' lang='lat' dir='ltr'><strong>posuit.</strong></span> <span class='ocrx_word' id='word_1_87' title='bbox 1253 1252 1308 1298; x_wconf 90' lang='lat' dir='ltr'><strong>et</strong></span> <span class='ocrx_word' id='word_1_88' title='bbox 1332 1242 1540 1312; x_wconf 84' lang='lat' dir='ltr'><strong>quando</strong></span> <span class='ocrx_word' id='word_1_89' title='bbox 1557 1232 1732 1294; x_wconf 66' lang='lat' dir='ltr'><strong>&#39;i&#39;oluit</strong></span> <span class='ocrx_word' id='word_1_90' title='bbox 1752 1282 1767 1306; x_wconf 92' lang='lat'><strong>,</strong></span> <span class='ocrx_word' id='word_1_91' title='bbox 1794 1243 1968 1310; x_wconf 85' lang='lat' dir='ltr'><strong>posuit</strong></span> <span class='ocrx_word' id='word_1_92' title='bbox 1993 1254 2008 1302; x_wconf 93' lang='lat'><strong>;</strong></span> <span class='ocrx_word' id='word_1_93' title='bbox 2032 1232 2086 1292; x_wconf 82' lang='lat' dir='ltr'><strong>et</strong></span> 
     </span>
    </p>
   </div>
   <div class='ocr_carea' id='block_1_12' title="bbox 508 1329 2082 1411">
    <p class='ocr_par' dir='ltr' id='par_1_12' title="bbox 508 1329 2082 1411">
     <span class='ocr_line' id='line_1_12' title="bbox 508 1329 2082 1411; baseline -0.01 -15"><span class='ocrx_word' id='word_1_94' title='bbox 508 1341 718 1411; x_wconf 83' lang='lat' dir='ltr'><strong>quando</strong></span> <span class='ocrx_word' id='word_1_95' title='bbox 745 1339 928 1401; x_wconf 89' lang='lat' dir='ltr'><strong>voluit,</strong></span> <span class='ocrx_word' id='word_1_96' title='bbox 959 1336 1202 1404; x_wconf 86' lang='lat' dir='ltr'><strong>sumpsit.</strong></span> <span class='ocrx_word' id='word_1_97' title='bbox 1247 1335 1449 1388; x_wconf 82' lang='lat' dir='ltr'><strong>Ponere</strong></span> <span class='ocrx_word' id='word_1_98' title='bbox 1490 1345 1618 1401; x_wconf 78' lang='lat' dir='ltr'><strong>ergo</strong></span> <span class='ocrx_word' id='word_1_99' title='bbox 1649 1331 1878 1384; x_wconf 89' lang='lat' dir='ltr'><strong>animam</strong></span> <span class='ocrx_word' id='word_1_100' title='bbox 1900 1370 1914 1392; x_wconf 92' lang='lat'><strong>,</strong></span> <span class='ocrx_word' id='word_1_101' title='bbox 1948 1329 2082 1381; x_wconf 91' lang='lat' dir='ltr'><strong>mori</strong></span> 
     </span>
    </p>
   </div>
   <div class='ocr_carea' id='block_1_13' title="bbox 507 1418 2084 1500">
    <p class='ocr_par' dir='ltr' id='par_1_13' title="bbox 507 1418 2084 1500">
     <span class='ocr_line' id='line_1_13' title="bbox 507 1418 2084 1500; baseline -0.013 -11"><span class='ocrx_word' id='word_1_102' title='bbox 507 1443 610 1489; x_wconf 90' lang='lat' dir='ltr'><strong>est.</strong></span> <span class='ocrx_word' id='word_1_103' title='bbox 649 1432 738 1487; x_wconf 90' lang='lat' dir='ltr'><strong>Sic</strong></span> <span class='ocrx_word' id='word_1_104' title='bbox 783 1439 836 1484; x_wconf 91' lang='lat' dir='ltr'><strong>et</strong></span> <span class='ocrx_word' id='word_1_105' title='bbox 880 1427 1151 1500; x_wconf 82' lang='lat' dir='ltr'><strong>apostolus</strong></span> <span class='ocrx_word' id='word_1_106' title='bbox 1178 1425 1362 1479; x_wconf 88' lang='lat' dir='ltr'><strong>Petrus</strong></span> <span class='ocrx_word' id='word_1_107' title='bbox 1389 1421 1612 1476; x_wconf 91' lang='lat' dir='ltr'><strong>Domino</strong></span> <span class='ocrx_word' id='word_1_108' title='bbox 1641 1420 1806 1479; x_wconf 86' lang='lat' dir='ltr'><strong>dixit,</strong></span> <span class='ocrx_word' id='word_1_109' title='bbox 1853 1418 2084 1470; x_wconf 78' lang='lat' dir='ltr'><strong>Animam</strong></span> 
     </span>
    </p>
   </div>
   <div class='ocr_carea' id='block_1_14' title="bbox 509 1512 2085 1594">
    <p class='ocr_par' dir='ltr' id='par_1_14' title="bbox 509 1512 2085 1594">
     <span class='ocr_line' id='line_1_14' title="bbox 509 1512 2085 1594; baseline -0.013 -13"><span class='ocrx_word' id='word_1_110' title='bbox 509 1543 672 1581; x_wconf 78' lang='lat' dir='ltr'><strong>meam</strong></span> <span class='ocrx_word' id='word_1_111' title='bbox 712 1540 804 1594; x_wconf 88' lang='lat' dir='ltr'><strong>pro</strong></span> <span class='ocrx_word' id='word_1_112' title='bbox 835 1534 882 1577; x_wconf 89' lang='lat' dir='ltr'><strong>te</strong></span> <span class='ocrx_word' id='word_1_113' title='bbox 913 1537 1094 1590; x_wconf 85' lang='lat' dir='ltr'><strong>ponam</strong></span> <span class='ocrx_word' id='word_1_114' title='bbox 1125 1517 1297 1587; x_wconf 83' lang='lat' dir='ltr'><strong>(Jomt.</strong></span> <span class='ocrx_word' id='word_1_115' title='bbox 1330 1530 1455 1580; x_wconf 83' lang='lat' dir='ltr'><strong>xm,</strong></span> <span class='ocrx_word' id='word_1_116' title='bbox 1479 1513 1567 1584; x_wconf 76' lang='lat'><strong>57)</strong></span> <span class='ocrx_word' id='word_1_117' title='bbox 1595 1529 1607 1564; x_wconf 93' lang='lat'><strong>:</strong></span> <span class='ocrx_word' id='word_1_118' title='bbox 1641 1512 1690 1565; x_wconf 92' lang='lat' dir='ltr'><strong>id</strong></span> <span class='ocrx_word' id='word_1_119' title='bbox 1736 1517 1848 1574; x_wconf 51' lang='lat' dir='ltr'><strong>est,</strong></span> <span class='ocrx_word' id='word_1_120' title='bbox 1893 1523 1990 1578; x_wconf 88' lang='lat' dir='ltr'><strong>pro</strong></span> <span class='ocrx_word' id='word_1_121' title='bbox 2035 1517 2085 1562; x_wconf 91' lang='lat' dir='ltr'><strong>te</strong></span> 
     </span>
    </p>
   </div>
   <div class='ocr_carea' id='block_1_15' title="bbox 509 1600 2082 1676">
    <p class='ocr_par' dir='ltr' id='par_1_15' title="bbox 509 1600 2082 1676">
     <span class='ocr_line' id='line_1_15' title="bbox 509 1600 2082 1676; baseline -0.013 -4"><span class='ocrx_word' id='word_1_122' title='bbox 509 1618 726 1672; x_wconf 91' lang='lat' dir='ltr'><strong>moriar.</strong></span> <span class='ocrx_word' id='word_1_123' title='bbox 766 1612 921 1668; x_wconf 88' lang='lat' dir='ltr'><strong>Carni</strong></span> <span class='ocrx_word' id='word_1_124' title='bbox 952 1612 1054 1665; x_wconf 90' lang='lat' dir='ltr'><strong>hoc</strong></span> <span class='ocrx_word' id='word_1_125' title='bbox 1080 1609 1248 1664; x_wconf 89' lang='lat' dir='ltr'><strong>tribue</strong></span> <span class='ocrx_word' id='word_1_126' title='bbox 1273 1624 1288 1676; x_wconf 69' lang='grc' dir='ltr'>ς</span> <span class='ocrx_word' id='word_1_127' title='bbox 1316 1620 1439 1660; x_wconf 90' lang='lat' dir='ltr'><strong>caro</strong></span> <span class='ocrx_word' id='word_1_128' title='bbox 1468 1601 1613 1674; x_wconf 83' lang='lat' dir='ltr'><strong>ponit</strong></span> <span class='ocrx_word' id='word_1_129' title='bbox 1652 1600 1881 1654; x_wconf 89' lang='lat' dir='ltr'><strong>animam</strong></span> <span class='ocrx_word' id='word_1_130' title='bbox 1909 1613 2082 1664; x_wconf 91' lang='lat' dir='ltr'><strong>suam,</strong></span> 
     </span>
    </p>
   </div>
   <div class='ocr_carea' id='block_1_16' title="bbox 506 1697 2086 1762">
    <p class='ocr_par' dir='ltr' id='par_1_16' title="bbox 506 1697 2086 1762">
     <span class='ocr_line' id='line_1_16' title="bbox 506 1697 2086 1762; baseline -0.012 1"><span class='ocrx_word' id='word_1_131' title='bbox 506 1717 563 1762; x_wconf 86' lang='lat' dir='ltr'><strong>ct</strong></span> <span class='ocrx_word' id='word_1_132' title='bbox 585 1721 712 1762; x_wconf 90' lang='lat' dir='ltr'><strong>caro</strong></span> <span class='ocrx_word' id='word_1_133' title='bbox 737 1705 926 1759; x_wconf 89' lang='lat' dir='ltr'><strong>iterum</strong></span> <span class='ocrx_word' id='word_1_134' title='bbox 955 1701 1115 1755; x_wconf 87' lang='lat' dir='ltr'><strong>sumit</strong></span> <span class='ocrx_word' id='word_1_135' title='bbox 1151 1713 1306 1760; x_wconf 84' lang='lat' dir='ltr'><strong>eam;</strong></span> <span class='ocrx_word' id='word_1_136' title='bbox 1337 1711 1442 1749; x_wconf 92' lang='lat' dir='ltr'><strong>non</strong></span> <span class='ocrx_word' id='word_1_137' title='bbox 1488 1703 1662 1748; x_wconf 85' lang='lat' dir='ltr'><strong>tamen</strong></span> <span class='ocrx_word' id='word_1_138' title='bbox 1701 1706 1793 1746; x_wconf 91' lang='lat' dir='ltr'><strong>sua</strong></span> <span class='ocrx_word' id='word_1_139' title='bbox 1825 1697 2086 1759; x_wconf 85' lang='lat' dir='ltr'><strong>potestate</strong></span> 
     </span>
    </p>
   </div>
   <div class='ocr_carea' id='block_1_17' title="bbox 509 1787 2086 1864">
    <p class='ocr_par' dir='ltr' id='par_1_17' title="bbox 509 1787 2086 1864">
     <span class='ocr_line' id='line_1_17' title="bbox 509 1787 2086 1864; baseline -0.013 -10"><span class='ocrx_word' id='word_1_140' title='bbox 509 1813 663 1863; x_wconf 91' lang='lat' dir='ltr'><strong>caro,</strong></span> <span class='ocrx_word' id='word_1_141' title='bbox 693 1795 787 1852; x_wconf 89' lang='lat' dir='ltr'><strong>sed</strong></span> <span class='ocrx_word' id='word_1_142' title='bbox 833 1801 1091 1864; x_wconf 86' lang='lat' dir='ltr'><strong>potestate</strong></span> <span class='ocrx_word' id='word_1_143' title='bbox 1133 1787 1475 1843; x_wconf 83' lang='lat' dir='ltr'><strong>iuhahitantis</strong></span> <span class='ocrx_word' id='word_1_144' title='bbox 1507 1799 1718 1840; x_wconf 90' lang='lat' dir='ltr'><strong>carnem</strong></span> <span class='ocrx_word' id='word_1_145' title='bbox 1746 1801 1757 1836; x_wconf 94' lang='lat'><strong>:</strong></span> <span class='ocrx_word' id='word_1_146' title='bbox 1786 1797 1910 1837; x_wconf 90' lang='lat' dir='ltr'><strong>caro</strong></span> <span class='ocrx_word' id='word_1_147' title='bbox 1958 1795 2086 1850; x_wconf 77' lang='lat' dir='ltr'><strong>ergo</strong></span> 
     </span>
    </p>
   </div>
   <div class='ocr_carea' id='block_1_18' title="bbox 509 1871 2083 1959">
    <p class='ocr_par' dir='ltr' id='par_1_18' title="bbox 509 1871 2083 1959">
     <span class='ocr_line' id='line_1_18' title="bbox 509 1871 2083 1959; baseline -0.011 -17"><span class='ocrx_word' id='word_1_148' title='bbox 509 1889 660 1959; x_wconf 84' lang='lat' dir='ltr'><strong>ponit</strong></span> <span class='ocrx_word' id='word_1_149' title='bbox 701 1886 930 1940; x_wconf 83' lang='lat' dir='ltr'><strong>animant</strong></span> <span class='ocrx_word' id='word_1_150' title='bbox 965 1897 1115 1936; x_wconf 86' lang='lat' dir='ltr'><strong>suam</strong></span> <span class='ocrx_word' id='word_1_151' title='bbox 1156 1877 1497 1947; x_wconf 83' lang='lat' dir='ltr'><strong>exSpirando.</strong></span> <span class='ocrx_word' id='word_1_152' title='bbox 1538 1874 1671 1929; x_wconf 89' lang='lat' dir='ltr'><strong>Vide</strong></span> <span class='ocrx_word' id='word_1_153' title='bbox 1700 1873 1870 1942; x_wconf 81' lang='lat' dir='ltr'><strong>ipsum</strong></span> <span class='ocrx_word' id='word_1_154' title='bbox 1904 1871 2083 1925; x_wconf 75' lang='lat' dir='ltr'><strong>Domi~</strong></span> 
     </span>
    </p>
   </div>
   <div class='ocr_carea' id='block_1_19' title="bbox 510 1964 2086 2036">
    <p class='ocr_par' dir='ltr' id='par_1_19' title="bbox 510 1964 2086 2036">
     <span class='ocr_line' id='line_1_19' title="bbox 510 1964 2086 2036; baseline -0.011 -4"><span class='ocrx_word' id='word_1_155' title='bbox 510 1993 636 2032; x_wconf 89' lang='lat' dir='ltr'><strong>num</strong></span> <span class='ocrx_word' id='word_1_156' title='bbox 669 1977 721 2030; x_wconf 89' lang='lat' dir='ltr'><strong>in</strong></span> <span class='ocrx_word' id='word_1_157' title='bbox 749 1988 940 2036; x_wconf 89' lang='lat' dir='ltr'><strong>cruce;</strong></span> <span class='ocrx_word' id='word_1_158' title='bbox 974 1971 1104 2026; x_wconf 86' lang='lat' dir='ltr'><strong>Sitio</strong></span> <span class='ocrx_word' id='word_1_159' title='bbox 1149 1969 1276 2023; x_wconf 82' lang='lat' dir='ltr'><strong>dixit</strong></span> <span class='ocrx_word' id='word_1_160' title='bbox 1309 1986 1322 2022; x_wconf 92' lang='lat'><strong>:</strong></span> <span class='ocrx_word' id='word_1_161' title='bbox 1351 1967 1424 2022; x_wconf 87' lang='lat' dir='ltr'><strong>illi</strong></span> <span class='ocrx_word' id='word_1_162' title='bbox 1454 1965 1544 2036; x_wconf 88' lang='lat' dir='ltr'><strong>qui</strong></span> <span class='ocrx_word' id='word_1_163' title='bbox 1572 1964 1790 2019; x_wconf 88' lang='lat' dir='ltr'><strong>aderant</strong></span> <span class='ocrx_word' id='word_1_164' title='bbox 1820 1964 2086 2016; x_wconf 90' lang='lat' dir='ltr'><strong>tinxerunt</strong></span> 
     </span>
    </p>
   </div>
   <div class='ocr_carea' id='block_1_20' title="bbox 511 2055 2085 2139">
    <p class='ocr_par' dir='ltr' id='par_1_20' title="bbox 511 2055 2085 2139">
     <span class='ocr_line' id='line_1_20' title="bbox 511 2055 2085 2139; baseline -0.011 -16"><span class='ocrx_word' id='word_1_165' title='bbox 511 2069 786 2139; x_wconf 81' lang='lat' dir='ltr'><strong>spongiam</strong></span> <span class='ocrx_word' id='word_1_166' title='bbox 814 2067 865 2120; x_wconf 94' lang='lat' dir='ltr'><strong>in</strong></span> <span class='ocrx_word' id='word_1_167' title='bbox 897 2073 1067 2126; x_wconf 86' lang='lat' dir='ltr'><strong>aceto,</strong></span> <span class='ocrx_word' id='word_1_168' title='bbox 1091 2061 1435 2129; x_wconf 80' lang='lat' dir='ltr'><strong>alligaverunt</strong></span> <span class='ocrx_word' id='word_1_169' title='bbox 1461 2055 1724 2118; x_wconf 89' lang='lat' dir='ltr'><strong>arundini,</strong></span> <span class='ocrx_word' id='word_1_170' title='bbox 1743 2062 1797 2109; x_wconf 90' lang='lat' dir='ltr'><strong>et</strong></span> <span class='ocrx_word' id='word_1_171' title='bbox 1823 2067 2085 2124; x_wconf 85' lang='lat' dir='ltr'><strong>apposue-</strong></span> 
     </span>
    </p>
   </div>
   <div class='ocr_carea' id='block_1_21' title="bbox 510 2144 2087 2226">
    <p class='ocr_par' dir='ltr' id='par_1_21' title="bbox 510 2144 2087 2226">
     <span class='ocr_line' id='line_1_21' title="bbox 510 2144 2087 2226; baseline -0.012 -12"><span class='ocrx_word' id='word_1_172' title='bbox 510 2168 632 2214; x_wconf 89' lang='lat' dir='ltr'><strong>runt</strong></span> <span class='ocrx_word' id='word_1_173' title='bbox 653 2158 732 2212; x_wconf 93' lang='lat' dir='ltr'><strong>ori</strong></span> <span class='ocrx_word' id='word_1_174' title='bbox 752 2157 895 2226; x_wconf 87' lang='lat' dir='ltr'><strong>ejus;</strong></span> <span class='ocrx_word' id='word_1_175' title='bbox 919 2152 1059 2223; x_wconf 93' lang='lat' dir='ltr'><strong>quod</strong></span> <span class='ocrx_word' id='word_1_176' title='bbox 1081 2165 1199 2204; x_wconf 90' lang='lat' dir='ltr'><strong>cum</strong></span> <span class='ocrx_word' id='word_1_177' title='bbox 1222 2149 1532 2217; x_wconf 86' lang='lat' dir='ltr'><strong>accepisset,</strong></span> <span class='ocrx_word' id='word_1_178' title='bbox 1557 2147 1649 2210; x_wconf 86' lang='lat' dir='ltr'><strong>ait,</strong></span> <span class='ocrx_word' id='word_1_179' title='bbox 1677 2144 1962 2213; x_wconf 75' lang='lat' dir='ltr'><strong>Perfectum</strong></span> <span class='ocrx_word' id='word_1_180' title='bbox 1983 2151 2087 2195; x_wconf 82' lang='lat' dir='ltr'><strong>est:</strong></span> 
     </span>
    </p>
   </div>
   <div class='ocr_carea' id='block_1_22' title="bbox 508 2237 2088 2324">
    <p class='ocr_par' dir='ltr' id='par_1_22' title="bbox 508 2237 2088 2324">
     <span class='ocr_line' id='line_1_22' title="bbox 508 2237 2088 2324; baseline -0.013 -16"><span class='ocrx_word' id='word_1_181' title='bbox 508 2252 634 2324; x_wconf 88' lang='lat' dir='ltr'><strong>quid</strong></span> <span class='ocrx_word' id='word_1_182' title='bbox 655 2259 757 2316; x_wconf 88' lang='lat' dir='ltr'><strong>est,</strong></span> <span class='ocrx_word' id='word_1_183' title='bbox 785 2249 1068 2319; x_wconf 75' lang='lat' dir='ltr'><strong>Perfectum</strong></span> <span class='ocrx_word' id='word_1_184' title='bbox 1095 2254 1163 2298; x_wconf 86' lang='lat' dir='ltr'><strong>est</strong></span> <span class='ocrx_word' id='word_1_185' title='bbox 1187 2243 1210 2296; x_wconf 87' lang='lat'><strong><em>?</em></strong></span> <span class='ocrx_word' id='word_1_186' title='bbox 1231 2241 1449 2311; x_wconf 79' lang='lat' dir='ltr'><strong>impleta</strong></span> <span class='ocrx_word' id='word_1_187' title='bbox 1471 2248 1596 2294; x_wconf 89' lang='lat' dir='ltr'><strong>sunt</strong></span> <span class='ocrx_word' id='word_1_188' title='bbox 1620 2237 1796 2290; x_wconf 89' lang='lat' dir='ltr'><strong>omnia</strong></span> <span class='ocrx_word' id='word_1_189' title='bbox 1823 2251 1939 2304; x_wconf 75' lang='lat' dir='ltr'><strong>qua:</strong></span> <span class='ocrx_word' id='word_1_190' title='bbox 1963 2242 2088 2288; x_wconf 89' lang='lat' dir='ltr'><strong>ante</strong></span> 
     </span>
    </p>
   </div>
   <div class='ocr_carea' id='block_1_23' title="bbox 510 2326 2090 2402">
    <p class='ocr_par' dir='ltr' id='par_1_23' title="bbox 510 2326 2090 2402">
     <span class='ocr_line' id='line_1_23' title="bbox 510 2326 2090 2402; baseline -0.014 -4"><span class='ocrx_word' id='word_1_191' title='bbox 510 2351 735 2398; x_wconf 89' lang='lat' dir='ltr'><strong>mortem</strong></span> <span class='ocrx_word' id='word_1_192' title='bbox 767 2342 936 2393; x_wconf 80' lang='lat' dir='ltr'><strong>futura</strong></span> <span class='ocrx_word' id='word_1_193' title='bbox 962 2337 1026 2391; x_wconf 89' lang='lat' dir='ltr'><strong>de</strong></span> <span class='ocrx_word' id='word_1_194' title='bbox 1056 2338 1140 2389; x_wconf 91' lang='lat' dir='ltr'><strong>me</strong></span> <span class='ocrx_word' id='word_1_195' title='bbox 1169 2333 1374 2387; x_wconf 87' lang='lat' dir='ltr'><strong>fuerant</strong></span> <span class='ocrx_word' id='word_1_196' title='bbox 1395 2329 1725 2402; x_wconf 87' lang='lat' dir='ltr'><strong>prepltetala.</strong></span> <span class='ocrx_word' id='word_1_197' title='bbox 1753 2327 1821 2380; x_wconf 88' lang='lat' dir='ltr'><strong>Et</strong></span> <span class='ocrx_word' id='word_1_198' title='bbox 1845 2326 1964 2395; x_wconf 87' lang='lat' dir='ltr'><strong>quia</strong></span> <span class='ocrx_word' id='word_1_199' title='bbox 1995 2339 2090 2395; x_wconf 80' lang='lat' dir='ltr'><strong>po-</strong></span> 
     </span>
    </p>
   </div>
   <div class='ocr_carea' id='block_1_24' title="bbox 512 2421 2086 2502">
    <p class='ocr_par' dir='ltr' id='par_1_24' title="bbox 512 2421 2086 2502">
     <span class='ocr_line' id='line_1_24' title="bbox 512 2421 2086 2502; baseline -0.013 -9"><span class='ocrx_word' id='word_1_200' title='bbox 512 2446 754 2494; x_wconf 88' lang='lat' dir='ltr'><strong>testatem</strong></span> <span class='ocrx_word' id='word_1_201' title='bbox 776 2434 1006 2491; x_wconf 82' lang='lat' dir='ltr'><strong>habebat</strong></span> <span class='ocrx_word' id='word_1_202' title='bbox 1021 2429 1232 2502; x_wconf 87' lang='lat' dir='ltr'><strong>quando</strong></span> <span class='ocrx_word' id='word_1_203' title='bbox 1252 2428 1409 2482; x_wconf 87' lang='lat' dir='ltr'><strong>vellet</strong></span> <span class='ocrx_word' id='word_1_204' title='bbox 1423 2422 1653 2496; x_wconf 89' lang='lat' dir='ltr'><strong>ponendi</strong></span> <span class='ocrx_word' id='word_1_205' title='bbox 1669 2421 1898 2476; x_wconf 89' lang='lat' dir='ltr'><strong>animam</strong></span> <span class='ocrx_word' id='word_1_206' title='bbox 1915 2434 2086 2485; x_wconf 90' lang='lat' dir='ltr'><strong>suam;</strong></span> 
     </span>
    </p>
   </div>
   <div class='ocr_carea' id='block_1_25' title="bbox 509 2510 2089 2599">
    <p class='ocr_par' dir='ltr' id='par_1_25' title="bbox 509 2510 2089 2599">
     <span class='ocr_line' id='line_1_25' title="bbox 509 2510 2089 2599; baseline -0.014 -15"><span class='ocrx_word' id='word_1_207' title='bbox 509 2537 853 2599; x_wconf 85' lang='lat' dir='ltr'><strong>posteaquam</strong></span> <span class='ocrx_word' id='word_1_208' title='bbox 881 2523 1032 2587; x_wconf 81' lang='lat' dir='ltr'><strong>dixit,</strong></span> <span class='ocrx_word' id='word_1_209' title='bbox 1059 2520 1343 2591; x_wconf 78' lang='lat' dir='ltr'><strong>Perfectum</strong></span> <span class='ocrx_word' id='word_1_210' title='bbox 1369 2525 1462 2581; x_wconf 81' lang='lat' dir='ltr'><strong>est,</strong></span> <span class='ocrx_word' id='word_1_211' title='bbox 1487 2514 1609 2584; x_wconf 90' lang='lat' dir='ltr'><strong>quid</strong></span> <span class='ocrx_word' id='word_1_212' title='bbox 1631 2512 1704 2566; x_wconf 89' lang='lat' dir='ltr'><strong>ait</strong></span> <span class='ocrx_word' id='word_1_213' title='bbox 1724 2510 2089 2580; x_wconf 78' lang='lat' dir='ltr'><strong>Evangelista?</strong></span> 
     </span>
    </p>
   </div>
   <div class='ocr_carea' id='block_1_26' title="bbox 514 2599 2086 2683">
    <p class='ocr_par' dir='ltr' id='par_1_26' title="bbox 514 2599 2086 2683">
     <span class='ocr_line' id='line_1_26' title="bbox 514 2599 2086 2683; baseline -0.013 -11"><span class='ocrx_word' id='word_1_214' title='bbox 514 2617 581 2672; x_wconf 74' lang='lat' dir='ltr'><strong>Et</strong></span> <span class='ocrx_word' id='word_1_215' title='bbox 608 2618 846 2671; x_wconf 87' lang='lat' dir='ltr'><strong>inclinato</strong></span> <span class='ocrx_word' id='word_1_216' title='bbox 876 2613 1038 2683; x_wconf 80' lang='lat' dir='ltr'><strong>capite</strong></span> <span class='ocrx_word' id='word_1_217' title='bbox 1078 2609 1286 2664; x_wconf 78' lang='lat' dir='ltr'><strong>tradidit</strong></span> <span class='ocrx_word' id='word_1_218' title='bbox 1318 2606 1565 2676; x_wconf 85' lang='lat' dir='ltr'><strong>Spiritum</strong></span> <span class='ocrx_word' id='word_1_219' title='bbox 1591 2601 1699 2674; x_wconf 85' lang='lat' dir='ltr'><strong>(Id.</strong></span> <span class='ocrx_word' id='word_1_220' title='bbox 1729 2617 1818 2656; x_wconf 84' lang='lat' dir='ltr'><strong>xtx</strong></span> <span class='ocrx_word' id='word_1_221' title='bbox 1837 2643 1851 2666; x_wconf 94' lang='lat'><strong>,</strong></span> <span class='ocrx_word' id='word_1_222' title='bbox 1873 2599 2086 2668; x_wconf 72' lang='lat'><strong>28-50).</strong></span> 
     </span>
    </p>
   </div>
   <div class='ocr_carea' id='block_1_27' title="bbox 511 2689 2090 2775">
    <p class='ocr_par' dir='ltr' id='par_1_27' title="bbox 511 2689 2090 2775">
     <span class='ocr_line' id='line_1_27' title="bbox 511 2689 2090 2775; baseline -0.014 -12"><span class='ocrx_word' id='word_1_223' title='bbox 511 2708 625 2763; x_wconf 82' lang='lat' dir='ltr'><strong>Hoc</strong></span> <span class='ocrx_word' id='word_1_224' title='bbox 651 2715 734 2762; x_wconf 87' lang='lat' dir='ltr'><strong>est</strong></span> <span class='ocrx_word' id='word_1_225' title='bbox 760 2719 958 2775; x_wconf 89' lang='lat' dir='ltr'><strong>ponere</strong></span> <span class='ocrx_word' id='word_1_226' title='bbox 983 2701 1233 2755; x_wconf 90' lang='lat' dir='ltr'><strong>animam.</strong></span> <span class='ocrx_word' id='word_1_227' title='bbox 1273 2695 1429 2750; x_wconf 87' lang='lat' dir='ltr'><strong>Modo</strong></span> <span class='ocrx_word' id='word_1_228' title='bbox 1457 2693 1543 2748; x_wconf 92' lang='lat' dir='ltr'><strong>hic</strong></span> <span class='ocrx_word' id='word_1_229' title='bbox 1571 2690 1805 2747; x_wconf 88' lang='lat' dir='ltr'><strong>attendat</strong></span> <span class='ocrx_word' id='word_1_230' title='bbox 1850 2689 2090 2744; x_wconf 77' lang='lat' dir='ltr'><strong>Charitas</strong></span> 
     </span>
    </p>
   </div>
   <div class='ocr_carea' id='block_1_28' title="bbox 511 2782 2091 2864">
    <p class='ocr_par' dir='ltr' id='par_1_28' title="bbox 511 2782 2091 2864">
     <span class='ocr_line' id='line_1_28' title="bbox 511 2782 2091 2864; baseline -0.014 -9"><span class='ocrx_word' id='word_1_231' title='bbox 511 2808 707 2855; x_wconf 80' lang='lat' dir='ltr'><strong>vestra.</strong></span> <span class='ocrx_word' id='word_1_232' title='bbox 732 2797 987 2852; x_wconf 80' lang='lat' dir='ltr'><strong>Inclinato</strong></span> <span class='ocrx_word' id='word_1_233' title='bbox 1007 2794 1170 2864; x_wconf 87' lang='lat' dir='ltr'><strong>capite</strong></span> <span class='ocrx_word' id='word_1_234' title='bbox 1195 2789 1403 2845; x_wconf 82' lang='lat' dir='ltr'><strong>tradidit</strong></span> <span class='ocrx_word' id='word_1_235' title='bbox 1421 2788 1672 2858; x_wconf 77' lang='lat' dir='ltr'><strong>spiritum.</strong></span> <span class='ocrx_word' id='word_1_236' title='bbox 1698 2785 1828 2853; x_wconf 84' lang='lat' dir='ltr'><strong>Quis</strong></span> <span class='ocrx_word' id='word_1_237' title='bbox 1845 2782 2091 2838; x_wconf 86' lang='lat' dir='ltr'><strong>tradidit?</strong></span> 
     </span>
    </p>
   </div>
   <div class='ocr_carea' id='block_1_29' title="bbox 511 2875 2088 2966">
    <p class='ocr_par' dir='ltr' id='par_1_29' title="bbox 511 2875 2088 2966">
     <span class='ocr_line' id='line_1_29' title="bbox 511 2875 2088 2966; baseline -0.015 -15"><span class='ocrx_word' id='word_1_238' title='bbox 511 2909 670 2966; x_wconf 88' lang='lat' dir='ltr'><strong>quem</strong></span> <span class='ocrx_word' id='word_1_239' title='bbox 697 2891 954 2949; x_wconf 87' lang='lat' dir='ltr'><strong>tradidit?</strong></span> <span class='ocrx_word' id='word_1_240' title='bbox 977 2889 1230 2959; x_wconf 86' lang='lat' dir='ltr'><strong>Spiritum</strong></span> <span class='ocrx_word' id='word_1_241' title='bbox 1263 2883 1496 2947; x_wconf 89' lang='lat' dir='ltr'><strong>tradidit,</strong></span> <span class='ocrx_word' id='word_1_242' title='bbox 1526 2895 1652 2936; x_wconf 90' lang='lat' dir='ltr'><strong>caro</strong></span> <span class='ocrx_word' id='word_1_243' title='bbox 1681 2879 1826 2933; x_wconf 91' lang='lat' dir='ltr'><strong>illum</strong></span> <span class='ocrx_word' id='word_1_244' title='bbox 1855 2875 2088 2931; x_wconf 88' lang='lat' dir='ltr'><strong>tradidit.</strong></span> 
     </span>
    </p>
   </div>
   <div class='ocr_carea' id='block_1_30' title="bbox 511 2970 2091 3054">
    <p class='ocr_par' dir='ltr' id='par_1_30' title="bbox 511 2970 2091 3054">
     <span class='ocr_line' id='line_1_30' title="bbox 511 2970 2091 3054; baseline -0.013 -13"><span class='ocrx_word' id='word_1_245' title='bbox 511 2986 646 3054; x_wconf 83' lang='lat' dir='ltr'><strong>Quid</strong></span> <span class='ocrx_word' id='word_1_246' title='bbox 675 2991 776 3050; x_wconf 90' lang='lat' dir='ltr'><strong>est,</strong></span> <span class='ocrx_word' id='word_1_247' title='bbox 805 2998 928 3039; x_wconf 91' lang='lat' dir='ltr'><strong>caro</strong></span> <span class='ocrx_word' id='word_1_248' title='bbox 959 2981 1106 3035; x_wconf 90' lang='lat' dir='ltr'><strong>illum</strong></span> <span class='ocrx_word' id='word_1_249' title='bbox 1127 2976 1383 3033; x_wconf 86' lang='lat' dir='ltr'><strong>tradidit?</strong></span> <span class='ocrx_word' id='word_1_250' title='bbox 1404 2973 1539 3029; x_wconf 90' lang='lat' dir='ltr'><strong>Caro</strong></span> <span class='ocrx_word' id='word_1_251' title='bbox 1567 2973 1715 3028; x_wconf 88' lang='lat' dir='ltr'><strong>illum</strong></span> <span class='ocrx_word' id='word_1_252' title='bbox 1745 2970 1940 3036; x_wconf 86' lang='lat' dir='ltr'><strong>emisit,</strong></span> <span class='ocrx_word' id='word_1_253' title='bbox 1966 2983 2091 3024; x_wconf 91' lang='lat' dir='ltr'><strong>caro</strong></span> 
     </span>
    </p>
   </div>
   <div class='ocr_carea' id='block_1_31' title="bbox 476 3061 2090 3142">
    <p class='ocr_par' dir='ltr' id='par_1_31' title="bbox 476 3061 2090 3142">
     <span class='ocr_line' id='line_1_31' title="bbox 476 3061 2090 3142; baseline -0.014 -11"><span class='ocrx_word' id='word_1_254' title='bbox 476 3119 490 3138; x_wconf 89' lang='lat'><strong>.</strong></span> <span class='ocrx_word' id='word_1_255' title='bbox 515 3077 662 3131; x_wconf 86' lang='lat' dir='ltr'><strong>illum</strong></span> <span class='ocrx_word' id='word_1_256' title='bbox 691 3072 998 3142; x_wconf 80' lang='lat' dir='ltr'><strong>exspiravit.</strong></span> <span class='ocrx_word' id='word_1_257' title='bbox 1039 3068 1162 3124; x_wconf 84' lang='lat' dir='ltr'><strong>ideo</strong></span> <span class='ocrx_word' id='word_1_258' title='bbox 1190 3066 1336 3121; x_wconf 88' lang='lat' dir='ltr'><strong>enim</strong></span> <span class='ocrx_word' id='word_1_259' title='bbox 1377 3063 1572 3118; x_wconf 88' lang='lat' dir='ltr'><strong>dicitur</strong></span> <span class='ocrx_word' id='word_1_260' title='bbox 1606 3061 1910 3130; x_wconf 85' lang='lat' dir='ltr'><strong>exspirare,</strong></span> <span class='ocrx_word' id='word_1_261' title='bbox 1942 3071 2090 3112; x_wconf 80' lang='lat' dir='ltr'><strong>extra</strong></span> 
     </span>
    </p>
   </div>
   <div class='ocr_carea' id='block_1_32' title="bbox 515 3150 2088 3239">
    <p class='ocr_par' dir='ltr' id='par_1_32' title="bbox 515 3150 2088 3239">
     <span class='ocr_line' id='line_1_32' title="bbox 515 3150 2088 3239; baseline -0.014 -15"><span class='ocrx_word' id='word_1_262' title='bbox 515 3167 759 3239; x_wconf 86' lang='lat' dir='ltr'><strong>spiritum</strong></span> <span class='ocrx_word' id='word_1_263' title='bbox 806 3164 937 3218; x_wconf 77' lang='lat' dir='ltr'><strong>fieri.</strong></span> <span class='ocrx_word' id='word_1_264' title='bbox 971 3157 1248 3229; x_wconf 86' lang='lat' dir='ltr'><strong>Quomodo</strong></span> <span class='ocrx_word' id='word_1_265' title='bbox 1294 3165 1377 3211; x_wconf 87' lang='lat' dir='ltr'><strong>est</strong></span> <span class='ocrx_word' id='word_1_266' title='bbox 1412 3154 1690 3219; x_wconf 80' lang='lat' dir='ltr'><strong>exsulare,</strong></span> <span class='ocrx_word' id='word_1_267' title='bbox 1733 3161 1882 3206; x_wconf 85' lang='lat' dir='ltr'><strong>extra</strong></span> <span class='ocrx_word' id='word_1_268' title='bbox 1919 3150 2088 3204; x_wconf 86' lang='lat' dir='ltr'><strong>solum</strong></span> 
     </span>
    </p>
   </div>
   <div class='ocr_carea' id='block_1_33' title="bbox 516 3242 2086 3324">
    <p class='ocr_par' dir='ltr' id='par_1_33' title="bbox 516 3242 2086 3324">
     <span class='ocr_line' id='line_1_33' title="bbox 516 3242 2086 3324; baseline -0.014 -9"><span class='ocrx_word' id='word_1_269' title='bbox 516 3260 629 3314; x_wconf 81' lang='lat' dir='ltr'><strong>ﬁeri</strong></span> <span class='ocrx_word' id='word_1_270' title='bbox 655 3273 670 3324; x_wconf 93' lang='lat'><strong>;</strong></span> <span class='ocrx_word' id='word_1_271' title='bbox 700 3256 1022 3320; x_wconf 77' lang='lat' dir='ltr'><strong>exorbitare,</strong></span> <span class='ocrx_word' id='word_1_272' title='bbox 1050 3261 1196 3306; x_wconf 86' lang='lat' dir='ltr'><strong>extra</strong></span> <span class='ocrx_word' id='word_1_273' title='bbox 1242 3249 1468 3304; x_wconf 80' lang='lat' dir='ltr'><strong>orbitam</strong></span> <span class='ocrx_word' id='word_1_274' title='bbox 1509 3245 1621 3300; x_wconf 82' lang='lat' dir='ltr'><strong>ﬁeri</strong></span> <span class='ocrx_word' id='word_1_275' title='bbox 1652 3262 1665 3298; x_wconf 93' lang='lat'>:</span> <span class='ocrx_word' id='word_1_276' title='bbox 1695 3244 1771 3298; x_wconf 87' lang='lat' dir='ltr'><strong>sic</strong></span> <span class='ocrx_word' id='word_1_277' title='bbox 1796 3242 2086 3311; x_wconf 81' lang='lat' dir='ltr'><strong>exspirare,</strong></span> 
     </span>
    </p>
   </div>
   <div class='ocr_carea' id='block_1_34' title="bbox 513 3332 2092 3418">
    <p class='ocr_par' dir='ltr' id='par_1_34' title="bbox 513 3332 2092 3418">
     <span class='ocr_line' id='line_1_34' title="bbox 513 3332 2092 3418; baseline -0.015 -13"><span class='ocrx_word' id='word_1_278' title='bbox 513 3359 659 3406; x_wconf 80' lang='lat' dir='ltr'><strong>extra</strong></span> <span class='ocrx_word' id='word_1_279' title='bbox 691 3347 931 3418; x_wconf 78' lang='lat' dir='ltr'><strong>Spiritum</strong></span> <span class='ocrx_word' id='word_1_280' title='bbox 960 3343 1104 3404; x_wconf 84' lang='lat' dir='ltr'><strong>ﬁeri;</strong></span> <span class='ocrx_word' id='word_1_281' title='bbox 1134 3340 1224 3410; x_wconf 91' lang='lat' dir='ltr'><strong>qui</strong></span> <span class='ocrx_word' id='word_1_282' title='bbox 1253 3338 1470 3408; x_wconf 86' lang='lat' dir='ltr'><strong>spiritus</strong></span> <span class='ocrx_word' id='word_1_283' title='bbox 1493 3336 1665 3390; x_wconf 86' lang='lat' dir='ltr'><strong>anima</strong></span> <span class='ocrx_word' id='word_1_284' title='bbox 1687 3342 1787 3389; x_wconf 92' lang='lat' dir='ltr'><strong>est.</strong></span> <span class='ocrx_word' id='word_1_285' title='bbox 1809 3332 1942 3388; x_wconf 89' lang='lat' dir='ltr'><strong>Cum</strong></span> <span class='ocrx_word' id='word_1_286' title='bbox 1964 3347 2092 3400; x_wconf 82' lang='lat' dir='ltr'><strong>ergo</strong></span> 
     </span>
    </p>
   </div>
   <div class='ocr_carea' id='block_1_35' title="bbox 512 3424 2090 3497">
    <p class='ocr_par' dir='ltr' id='par_1_35' title="bbox 512 3424 2090 3497">
     <span class='ocr_line' id='line_1_35' title="bbox 512 3424 2090 3497; baseline -0.013 0"><span class='ocrx_word' id='word_1_287' title='bbox 512 3441 620 3497; x_wconf 87' lang='lat' dir='ltr'><strong>exit</strong></span> <span class='ocrx_word' id='word_1_288' title='bbox 643 3437 816 3492; x_wconf 91' lang='lat' dir='ltr'><strong>anima</strong></span> <span class='ocrx_word' id='word_1_289' title='bbox 844 3451 874 3490; x_wconf 91' lang='lat' dir='ltr'><strong>a</strong></span> <span class='ocrx_word' id='word_1_290' title='bbox 903 3446 1086 3497; x_wconf 89' lang='lat' dir='ltr'><strong>carne,</strong></span> <span class='ocrx_word' id='word_1_291' title='bbox 1111 3439 1164 3485; x_wconf 88' lang='lat' dir='ltr'><strong>et</strong></span> <span class='ocrx_word' id='word_1_292' title='bbox 1192 3435 1431 3484; x_wconf 88' lang='lat' dir='ltr'><strong>remanet</strong></span> <span class='ocrx_word' id='word_1_293' title='bbox 1458 3441 1582 3481; x_wconf 91' lang='lat' dir='ltr'><strong>caro</strong></span> <span class='ocrx_word' id='word_1_294' title='bbox 1609 3426 1724 3479; x_wconf 89' lang='lat' dir='ltr'><strong>sine</strong></span> <span class='ocrx_word' id='word_1_295' title='bbox 1749 3424 1944 3488; x_wconf 87' lang='lat' dir='ltr'><strong>anima,</strong></span> <span class='ocrx_word' id='word_1_296' title='bbox 1969 3431 2090 3476; x_wconf 90' lang='lat' dir='ltr'><strong>tunc</strong></span> 
     </span>
    </p>
   </div>
   <div class='ocr_carea' id='block_1_36' title="bbox 513 3513 2090 3600">
    <p class='ocr_par' dir='ltr' id='par_1_36' title="bbox 513 3513 2090 3600">
     <span class='ocr_line' id='line_1_36' title="bbox 513 3513 2090 3600; baseline -0.014 -14"><span class='ocrx_word' id='word_1_297' title='bbox 513 3532 674 3586; x_wconf 89' lang='lat' dir='ltr'><strong>homo</strong></span> <span class='ocrx_word' id='word_1_298' title='bbox 700 3531 902 3600; x_wconf 87' lang='lat' dir='ltr'><strong>ponere</strong></span> <span class='ocrx_word' id='word_1_299' title='bbox 932 3525 1161 3578; x_wconf 89' lang='lat' dir='ltr'><strong>animam</strong></span> <span class='ocrx_word' id='word_1_300' title='bbox 1189 3521 1400 3581; x_wconf 89' lang='lat' dir='ltr'><strong>dicitur.</strong></span> <span class='ocrx_word' id='word_1_301' title='bbox 1440 3515 1662 3584; x_wconf 88' lang='lat' dir='ltr'><strong>Quando</strong></span> <span class='ocrx_word' id='word_1_302' title='bbox 1696 3514 1938 3570; x_wconf 90' lang='lat' dir='ltr'><strong>Christus</strong></span> <span class='ocrx_word' id='word_1_303' title='bbox 1976 3513 2090 3566; x_wconf 88' lang='lat' dir='ltr'><strong>ani-</strong></span> 
     </span>
    </p>
   </div>
   <div class='ocr_carea' id='block_1_37' title="bbox 509 3604 2091 3689">
    <p class='ocr_par' dir='ltr' id='par_1_37' title="bbox 509 3604 2091 3689">
     <span class='ocr_line' id='line_1_37' title="bbox 509 3604 2091 3689; baseline -0.013 -13"><span class='ocrx_word' id='word_1_304' title='bbox 509 3636 656 3676; x_wconf 90' lang='lat' dir='ltr'><strong>mam</strong></span> <span class='ocrx_word' id='word_1_305' title='bbox 705 3615 924 3689; x_wconf 75' lang='lat' dir='ltr'><strong>posuit?</strong></span> <span class='ocrx_word' id='word_1_306' title='bbox 972 3611 1197 3682; x_wconf 82' lang='lat' dir='ltr'><strong>Quando</strong></span> <span class='ocrx_word' id='word_1_307' title='bbox 1244 3610 1474 3665; x_wconf 81' lang='lat' dir='ltr'><strong>Verbum</strong></span> <span class='ocrx_word' id='word_1_308' title='bbox 1523 3606 1708 3661; x_wconf 88' lang='lat' dir='ltr'><strong>voluit.</strong></span> <span class='ocrx_word' id='word_1_309' title='bbox 1759 3604 2091 3674; x_wconf 89' lang='lat' dir='ltr'><strong>Principatns</strong></span> 
     </span>
    </p>
   </div>
   <div class='ocr_carea' id='block_1_38' title="bbox 509 3692 2092 3768">
    <p class='ocr_par' dir='ltr' id='par_1_38' title="bbox 509 3692 2092 3768">
     <span class='ocr_line' id='line_1_38' title="bbox 509 3692 2092 3768; baseline -0.013 -2"><span class='ocrx_word' id='word_1_310' title='bbox 509 3711 654 3766; x_wconf 80' lang='lat' dir='ltr'><strong>enim</strong></span> <span class='ocrx_word' id='word_1_311' title='bbox 683 3709 733 3761; x_wconf 92' lang='lat' dir='ltr'><strong>in</strong></span> <span class='ocrx_word' id='word_1_312' title='bbox 765 3705 942 3762; x_wconf 88' lang='lat' dir='ltr'><strong>Verbo</strong></span> <span class='ocrx_word' id='word_1_313' title='bbox 965 3713 1078 3759; x_wconf 81' lang='lat' dir='ltr'><strong>erat</strong></span> <span class='ocrx_word' id='word_1_314' title='bbox 1105 3719 1118 3766; x_wconf 90' lang='lat'><strong>;</strong></span> <span class='ocrx_word' id='word_1_315' title='bbox 1151 3699 1220 3754; x_wconf 88' lang='lat' dir='ltr'><strong>ibi</strong></span> <span class='ocrx_word' id='word_1_316' title='bbox 1243 3706 1476 3768; x_wconf 86' lang='lat' dir='ltr'><strong>potestas</strong></span> <span class='ocrx_word' id='word_1_317' title='bbox 1500 3704 1615 3751; x_wconf 90' lang='lat' dir='ltr'><strong>erat</strong></span> <span class='ocrx_word' id='word_1_318' title='bbox 1635 3692 1847 3764; x_wconf 90' lang='lat' dir='ltr'><strong>quando</strong></span> <span class='ocrx_word' id='word_1_319' title='bbox 1872 3701 2092 3764; x_wconf 88' lang='lat' dir='ltr'><strong>poneret</strong></span> 
     </span>
    </p>
   </div>
   <div class='ocr_carea' id='block_1_39' title="bbox 501 3793 1522 3864">
    <p class='ocr_par' dir='ltr' id='par_1_39' title="bbox 501 3793 1522 3864">
     <span class='ocr_line' id='line_1_39' title="bbox 501 3793 1522 3864; baseline -0.016 -6"><span class='ocrx_word' id='word_1_320' title='bbox 501 3815 638 3857; x_wconf 73' lang='lat' dir='ltr'><strong>caro</strong></span> <span class='ocrx_word' id='word_1_321' title='bbox 662 3799 913 3862; x_wconf 87' lang='lat' dir='ltr'><strong>animam,</strong></span> <span class='ocrx_word' id='word_1_322' title='bbox 945 3804 999 3851; x_wconf 91' lang='lat' dir='ltr'><strong>et</strong></span> <span class='ocrx_word' id='word_1_323' title='bbox 1023 3793 1234 3864; x_wconf 71' lang='lat' dir='ltr'><strong>quando</strong></span> <span class='ocrx_word' id='word_1_324' title='bbox 1271 3799 1522 3845; x_wconf 88' lang='lat' dir='ltr'><strong>sumeret.</strong></span> 
     </span>
    </p>
   </div>
   <div class='ocr_carea' id='block_1_40' title="bbox 591 3877 2088 3960">
    <p class='ocr_par' dir='ltr' id='par_1_40' title="bbox 591 3877 2088 3960">
     <span class='ocr_line' id='line_1_40' title="bbox 591 3877 2088 3960; baseline -0.012 -13"><span class='ocrx_word' id='word_1_325' title='bbox 591 3892 678 3947; x_wconf 72' lang='grc'><strong>12.</strong></span> <span class='ocrx_word' id='word_1_326' title='bbox 719 3891 774 3946; x_wconf 85' lang='lat' dir='ltr'><strong>Si</strong></span> <span class='ocrx_word' id='word_1_327' title='bbox 805 3904 932 3960; x_wconf 75' lang='lat' dir='ltr'><strong>ergo</strong></span> <span class='ocrx_word' id='word_1_328' title='bbox 975 3901 1100 3943; x_wconf 91' lang='lat' dir='ltr'><strong>caro</strong></span> <span class='ocrx_word' id='word_1_329' title='bbox 1145 3885 1373 3938; x_wconf 85' lang='lat' dir='ltr'><strong>animam</strong></span> <span class='ocrx_word' id='word_1_330' title='bbox 1406 3879 1600 3950; x_wconf 87' lang='lat' dir='ltr'><strong>posuit,</strong></span> <span class='ocrx_word' id='word_1_331' title='bbox 1632 3879 1896 3948; x_wconf 89' lang='lat' dir='ltr'><strong>quomodo</strong></span> <span class='ocrx_word' id='word_1_332' title='bbox 1933 3877 2088 3932; x_wconf 89' lang='lat' dir='ltr'><strong>Chri-</strong></span> 
     </span>
    </p>
   </div>
   <div class='ocr_carea' id='block_1_41' title="bbox 515 3968 2089 4046">
    <p class='ocr_par' dir='ltr' id='par_1_41' title="bbox 515 3968 2089 4046">
     <span class='ocr_line' id='line_1_41' title="bbox 515 3968 2089 4046; baseline -0.011 -9"><span class='ocrx_word' id='word_1_333' title='bbox 515 3992 630 4038; x_wconf 85' lang='lat' dir='ltr'><strong>stus</strong></span> <span class='ocrx_word' id='word_1_334' title='bbox 671 3981 898 4034; x_wconf 87' lang='lat' dir='ltr'><strong>animam</strong></span> <span class='ocrx_word' id='word_1_335' title='bbox 933 3975 1143 4046; x_wconf 83' lang='lat' dir='ltr'><strong>posuit?</strong></span> <span class='ocrx_word' id='word_1_336' title='bbox 1185 3974 1298 4028; x_wconf 71' lang='lat' dir='ltr'><strong>Non</strong></span> <span class='ocrx_word' id='word_1_337' title='bbox 1344 3973 1483 4026; x_wconf 89' lang='lat' dir='ltr'><strong>enim</strong></span> <span class='ocrx_word' id='word_1_338' title='bbox 1523 3985 1647 4024; x_wconf 88' lang='lat' dir='ltr'><strong>caro</strong></span> <span class='ocrx_word' id='word_1_339' title='bbox 1687 3968 1972 4023; x_wconf 80' lang='lat' dir='ltr'><strong>Christus?</strong></span> <span class='ocrx_word' id='word_1_340' title='bbox 2018 3968 2089 4020; x_wconf 88' lang='lat' dir='ltr'><strong>Ita</strong></span> 
     </span>
    </p>
   </div>
   <div class='ocr_carea' id='block_1_42' title="bbox 502 4058 2088 4141">
    <p class='ocr_par' dir='ltr' id='par_1_42' title="bbox 502 4058 2088 4141">
     <span class='ocr_line' id='line_1_42' title="bbox 502 4058 2088 4141; baseline -0.009 -16"><span class='ocrx_word' id='word_1_341' title='bbox 502 4073 692 4141; x_wconf 84' lang='lat' dir='ltr'><strong>plane,</strong></span> <span class='ocrx_word' id='word_1_342' title='bbox 722 4077 772 4123; x_wconf 90' lang='lat' dir='ltr'><strong>et</strong></span> <span class='ocrx_word' id='word_1_343' title='bbox 796 4081 920 4120; x_wconf 90' lang='lat' dir='ltr'><strong>caro</strong></span> <span class='ocrx_word' id='word_1_344' title='bbox 944 4065 1201 4128; x_wconf 89' lang='lat' dir='ltr'><strong>Christus,</strong></span> <span class='ocrx_word' id='word_1_345' title='bbox 1225 4073 1281 4117; x_wconf 88' lang='lat' dir='ltr'><strong>et</strong></span> <span class='ocrx_word' id='word_1_346' title='bbox 1300 4061 1474 4115; x_wconf 89' lang='lat' dir='ltr'><strong>anima</strong></span> <span class='ocrx_word' id='word_1_347' title='bbox 1494 4060 1753 4122; x_wconf 91' lang='lat' dir='ltr'><strong>Christus,</strong></span> <span class='ocrx_word' id='word_1_348' title='bbox 1785 4071 1839 4113; x_wconf 88' lang='lat' dir='ltr'><strong>et.</strong></span> <span class='ocrx_word' id='word_1_349' title='bbox 1860 4058 2088 4112; x_wconf 86' lang='lat' dir='ltr'><strong>Verbtnn</strong></span> 
     </span>
    </p>
   </div>
   <div class='ocr_carea' id='block_1_43' title="bbox 507 4147 2092 4216">
    <p class='ocr_par' dir='ltr' id='par_1_43' title="bbox 507 4147 2092 4216">
     <span class='ocr_line' id='line_1_43' title="bbox 507 4147 2092 4216; baseline -0.008 -1"><span class='ocrx_word' id='word_1_350' title='bbox 507 4160 763 4216; x_wconf 69' lang='lat' dir='ltr'><strong>Christus</strong></span> <span class='ocrx_word' id='word_1_351' title='bbox 795 4174 808 4209; x_wconf 76' lang='grc' dir='ltr'><strong>ε</strong></span> <span class='ocrx_word' id='word_1_352' title='bbox 837 4171 936 4210; x_wconf 90' lang='lat' dir='ltr'><strong>nec</strong></span> <span class='ocrx_word' id='word_1_353' title='bbox 965 4163 1138 4207; x_wconf 88' lang='lat' dir='ltr'><strong>tamen</strong></span> <span class='ocrx_word' id='word_1_354' title='bbox 1163 4153 1258 4205; x_wconf 90' lang='lat' dir='ltr'><strong>tria</strong></span> <span class='ocrx_word' id='word_1_355' title='bbox 1300 4151 1412 4203; x_wconf 75' lang='lat' dir='ltr'><strong>lucc</strong></span> <span class='ocrx_word' id='word_1_356' title='bbox 1441 4159 1546 4204; x_wconf 84' lang='lat' dir='ltr'><strong>tres</strong></span> <span class='ocrx_word' id='word_1_357' title='bbox 1588 4147 1804 4212; x_wconf 89' lang='lat' dir='ltr'><strong>Christi,</strong></span> <span class='ocrx_word' id='word_1_358' title='bbox 1835 4147 1927 4202; x_wconf 89' lang='lat' dir='ltr'><strong>sed</strong></span> <span class='ocrx_word' id='word_1_359' title='bbox 1957 4164 2092 4203; x_wconf 91' lang='lat' dir='ltr'><strong>unus</strong></span> 
     </span>
    </p>
   </div>
   <div class='ocr_carea' id='block_1_44' title="bbox 499 4240 2090 4311">
    <p class='ocr_par' dir='ltr' id='par_1_44' title="bbox 499 4240 2090 4311">
     <span class='ocr_line' id='line_1_44' title="bbox 499 4240 2090 4311; baseline -0.008 -5"><span class='ocrx_word' id='word_1_360' title='bbox 499 4251 782 4306; x_wconf 74' lang='lat' dir='ltr'><strong>Christus.</strong></span> <span class='ocrx_word' id='word_1_361' title='bbox 829 4246 1108 4301; x_wconf 86' lang='lat' dir='ltr'><strong>Hominem</strong></span> <span class='ocrx_word' id='word_1_362' title='bbox 1156 4245 1441 4311; x_wconf 80' lang='lat' dir='ltr'><strong>interroga,</strong></span> <span class='ocrx_word' id='word_1_363' title='bbox 1487 4242 1646 4302; x_wconf 89' lang='lat' dir='ltr'><strong>et.dc</strong></span> <span class='ocrx_word' id='word_1_364' title='bbox 1673 4241 1840 4310; x_wconf 85' lang='lat' dir='ltr'><strong>teipse</strong></span> <span class='ocrx_word' id='word_1_365' title='bbox 1865 4240 1946 4296; x_wconf 80' lang='lat' dir='ltr'><strong>fac</strong></span> <span class='ocrx_word' id='word_1_366' title='bbox 1973 4256 2090 4311; x_wconf 80' lang='lat' dir='ltr'><strong>gra-</strong></span> 
     </span>
    </p>
   </div>
   <div class='ocr_carea' id='block_1_45' title="bbox 511 4329 2093 4406">
    <p class='ocr_par' dir='ltr' id='par_1_45' title="bbox 511 4329 2093 4406">
     <span class='ocr_line' id='line_1_45' title="bbox 511 4329 2093 4406; baseline -0.006 -11"><span class='ocrx_word' id='word_1_367' title='bbox 511 4342 637 4396; x_wconf 91' lang='lat' dir='ltr'><strong>dum</strong></span> <span class='ocrx_word' id='word_1_368' title='bbox 678 4339 744 4394; x_wconf 87' lang='lat' dir='ltr'><strong>ad</strong></span> <span class='ocrx_word' id='word_1_369' title='bbox 786 4352 850 4392; x_wconf 89' lang='lat' dir='ltr'><strong>ea</strong></span> <span class='ocrx_word' id='word_1_370' title='bbox 879 4350 998 4406; x_wconf 88' lang='lat' dir='ltr'><strong>qu:e</strong></span> <span class='ocrx_word' id='word_1_371' title='bbox 1041 4349 1199 4404; x_wconf 89' lang='lat' dir='ltr'><strong>supra</strong></span> <span class='ocrx_word' id='word_1_372' title='bbox 1231 4342 1281 4386; x_wconf 90' lang='lat' dir='ltr'><strong>te</strong></span> <span class='ocrx_word' id='word_1_373' title='bbox 1309 4340 1452 4397; x_wconf 84' lang='lat' dir='ltr'><strong>sunt,</strong></span> <span class='ocrx_word' id='word_1_374' title='bbox 1482 4341 1535 4385; x_wconf 90' lang='lat' dir='ltr'><strong>et</strong></span> <span class='ocrx_word' id='word_1_375' title='bbox 1562 4331 1606 4385; x_wconf 88' lang='lat' dir='ltr'><strong>si</strong></span> <span class='ocrx_word' id='word_1_376' title='bbox 1637 4329 1870 4385; x_wconf 91' lang='lat' dir='ltr'><strong>nondum</strong></span> <span class='ocrx_word' id='word_1_377' title='bbox 1899 4331 2093 4386; x_wconf 87' lang='lat' dir='ltr'><strong>intelli-</strong></span> 
     </span>
    </p>
   </div>
   <div class='ocr_carea' id='block_1_46' title="bbox 504 4421 2092 4502">
    <p class='ocr_par' dir='ltr' id='par_1_46' title="bbox 504 4421 2092 4502">
     <span class='ocr_line' id='line_1_46' title="bbox 504 4421 2092 4502; baseline -0.004 -17"><span class='ocrx_word' id='word_1_378' title='bbox 504 4430 717 4502; x_wconf 70' lang='lat' dir='ltr'><strong>genda,</strong></span> <span class='ocrx_word' id='word_1_379' title='bbox 768 4428 955 4482; x_wconf 90' lang='lat' dir='ltr'><strong>saltem</strong></span> <span class='ocrx_word' id='word_1_380' title='bbox 1001 4423 1284 4479; x_wconf 87' lang='lat' dir='ltr'><strong>credenda.</strong></span> <span class='ocrx_word' id='word_1_381' title='bbox 1326 4421 1600 4488; x_wconf 87' lang='lat' dir='ltr'><strong>Quomodo</strong></span> <span class='ocrx_word' id='word_1_382' title='bbox 1647 4430 1728 4477; x_wconf 88' lang='lat' dir='ltr'><strong>est</strong></span> <span class='ocrx_word' id='word_1_383' title='bbox 1769 4423 1910 4476; x_wconf 90' lang='lat' dir='ltr'><strong>enim</strong></span> <span class='ocrx_word' id='word_1_384' title='bbox 1956 4438 2092 4478; x_wconf 91' lang='lat' dir='ltr'><strong>unus</strong></span> 
     </span>
    </p>
   </div>
   <div class='ocr_carea' id='block_1_47' title="bbox 513 4513 2093 4585">
    <p class='ocr_par' dir='ltr' id='par_1_47' title="bbox 513 4513 2093 4585">
     <span class='ocr_line' id='line_1_47' title="bbox 513 4513 2093 4585; baseline -0.004 -9"><span class='ocrx_word' id='word_1_385' title='bbox 513 4527 674 4576; x_wconf 91' lang='lat' dir='ltr'><strong>homo</strong></span> <span class='ocrx_word' id='word_1_386' title='bbox 699 4520 874 4575; x_wconf 88' lang='lat' dir='ltr'><strong>anima</strong></span> <span class='ocrx_word' id='word_1_387' title='bbox 903 4525 957 4572; x_wconf 94' lang='lat' dir='ltr'><strong>et</strong></span> <span class='ocrx_word' id='word_1_388' title='bbox 982 4529 1211 4585; x_wconf 89' lang='lat' dir='ltr'><strong>corpus;</strong></span> <span class='ocrx_word' id='word_1_389' title='bbox 1240 4514 1318 4570; x_wconf 89' lang='lat' dir='ltr'><strong>sic</strong></span> <span class='ocrx_word' id='word_1_390' title='bbox 1343 4528 1478 4568; x_wconf 90' lang='lat' dir='ltr'><strong>unus</strong></span> <span class='ocrx_word' id='word_1_391' title='bbox 1502 4514 1742 4568; x_wconf 89' lang='lat' dir='ltr'><strong>Christus</strong></span> <span class='ocrx_word' id='word_1_392' title='bbox 1767 4513 1998 4569; x_wconf 91' lang='lat' dir='ltr'><strong>Verbum</strong></span> <span class='ocrx_word' id='word_1_393' title='bbox 2039 4523 2093 4570; x_wconf 89' lang='lat' dir='ltr'><strong>et</strong></span> 
     </span>
    </p>
   </div>
   <div class='ocr_carea' id='block_1_48' title="bbox 514 4606 2093 4678">
    <p class='ocr_par' dir='ltr' id='par_1_48' title="bbox 514 4606 2093 4678">
     <span class='ocr_line' id='line_1_48' title="bbox 514 4606 2093 4678; baseline -0.002 -12"><span class='ocrx_word' id='word_1_394' title='bbox 514 4613 698 4668; x_wconf 87' lang='lat' dir='ltr'><strong>homo.</strong></span> <span class='ocrx_word' id='word_1_395' title='bbox 733 4610 919 4665; x_wconf 86' lang='lat' dir='ltr'><strong>Videte</strong></span> <span class='ocrx_word' id='word_1_396' title='bbox 962 4607 1086 4678; x_wconf 91' lang='lat' dir='ltr'><strong>quid</strong></span> <span class='ocrx_word' id='word_1_397' title='bbox 1125 4607 1370 4674; x_wconf 85' lang='lat' dir='ltr'><strong>dixerim,</strong></span> <span class='ocrx_word' id='word_1_398' title='bbox 1415 4615 1470 4661; x_wconf 88' lang='lat' dir='ltr'><strong>et</strong></span> <span class='ocrx_word' id='word_1_399' title='bbox 1495 4606 1789 4677; x_wconf 80' lang='lat' dir='ltr'><strong>intelligite.</strong></span> <span class='ocrx_word' id='word_1_400' title='bbox 1822 4608 2008 4662; x_wconf 81' lang='lat' dir='ltr'><strong>Anima</strong></span> <span class='ocrx_word' id='word_1_401' title='bbox 2039 4617 2093 4663; x_wconf 85' lang='lat' dir='ltr'><strong>et</strong></span> 
     </span>
    </p>
   </div>
   <div class='ocr_carea' id='block_1_49' title="bbox 513 4697 2092 4772">
    <p class='ocr_par' dir='ltr' id='par_1_49' title="bbox 513 4697 2092 4772">
     <span class='ocr_line' id='line_1_49' title="bbox 513 4697 2092 4772; baseline -0.001 -15"><span class='ocrx_word' id='word_1_402' title='bbox 513 4718 708 4772; x_wconf 90' lang='lat' dir='ltr'><strong>corpus</strong></span> <span class='ocrx_word' id='word_1_403' title='bbox 733 4701 853 4756; x_wconf 83' lang='lat' dir='ltr'><strong>du.e</strong></span> <span class='ocrx_word' id='word_1_404' title='bbox 899 4714 988 4754; x_wconf 90' lang='lat' dir='ltr'><strong>res</strong></span> <span class='ocrx_word' id='word_1_405' title='bbox 1029 4706 1172 4763; x_wconf 87' lang='lat' dir='ltr'><strong>sttnt,</strong></span> <span class='ocrx_word' id='word_1_406' title='bbox 1216 4697 1309 4753; x_wconf 90' lang='lat' dir='ltr'><strong>sed</strong></span> <span class='ocrx_word' id='word_1_407' title='bbox 1338 4704 1486 4752; x_wconf 82' lang='lat' dir='ltr'><strong>‘unus</strong></span> <span class='ocrx_word' id='word_1_408' title='bbox 1531 4697 1690 4752; x_wconf 91' lang='lat' dir='ltr'><strong>homo</strong></span> <span class='ocrx_word' id='word_1_409' title='bbox 1720 4717 1731 4752; x_wconf 90' lang='lat'><strong>:</strong></span> <span class='ocrx_word' id='word_1_410' title='bbox 1761 4699 1992 4753; x_wconf 89' lang='lat' dir='ltr'><strong>Verbum</strong></span> <span class='ocrx_word' id='word_1_411' title='bbox 2039 4710 2092 4755; x_wconf 90' lang='lat' dir='ltr'><strong>et</strong></span> 
     </span>
    </p>
   </div>
   <div class='ocr_carea' id='block_1_50' title="bbox 516 4787 2092 4860">
    <p class='ocr_par' dir='ltr' id='par_1_50' title="bbox 516 4787 2092 4860">
     <span class='ocr_line' id='line_1_50' title="bbox 516 4787 2092 4860; baseline -0.004 -11"><span class='ocrx_word' id='word_1_412' title='bbox 516 4795 679 4849; x_wconf 83' lang='lat' dir='ltr'><strong>homo</strong></span> <span class='ocrx_word' id='word_1_413' title='bbox 716 4792 840 4847; x_wconf 72' lang='lat' dir='ltr'><strong>dua:</strong></span> <span class='ocrx_word' id='word_1_414' title='bbox 865 4805 952 4846; x_wconf 89' lang='lat' dir='ltr'><strong>res</strong></span> <span class='ocrx_word' id='word_1_415' title='bbox 980 4799 1119 4852; x_wconf 89' lang='lat' dir='ltr'><strong>sunt,</strong></span> <span class='ocrx_word' id='word_1_416' title='bbox 1146 4789 1240 4844; x_wconf 89' lang='lat' dir='ltr'><strong>sed</strong></span> <span class='ocrx_word' id='word_1_417' title='bbox 1269 4804 1406 4844; x_wconf 91' lang='lat' dir='ltr'><strong>unus</strong></span> <span class='ocrx_word' id='word_1_418' title='bbox 1423 4787 1689 4843; x_wconf 83' lang='lat' dir='ltr'><strong>Christus.</strong></span> <span class='ocrx_word' id='word_1_419' title='bbox 1721 4789 1861 4860; x_wconf 84' lang='lat' dir='ltr'><strong>Ergo</strong></span> <span class='ocrx_word' id='word_1_420' title='bbox 1898 4791 1962 4844; x_wconf 92' lang='lat' dir='ltr'><strong>de</strong></span> <span class='ocrx_word' id='word_1_421' title='bbox 1994 4789 2092 4844; x_wconf 86' lang='lat' dir='ltr'><strong>lto-</strong></span> 
     </span>
    </p>
   </div>
   <div class='ocr_carea' id='block_1_51' title="bbox 512 4880 2091 4956">
    <p class='ocr_par' dir='ltr' id='par_1_51' title="bbox 512 4880 2091 4956">
     <span class='ocr_line' id='line_1_51' title="bbox 512 4880 2091 4956; baseline -0.002 -15"><span class='ocrx_word' id='word_1_422' title='bbox 512 4887 661 4942; x_wconf 90' lang='lat' dir='ltr'><strong>mine</strong></span> <span class='ocrx_word' id='word_1_423' title='bbox 685 4899 883 4956; x_wconf 72' lang='lat' dir='ltr'><strong>quazre.</strong></span> <span class='ocrx_word' id='word_1_424' title='bbox 914 4881 1014 4939; x_wconf 86' lang='lat' dir='ltr'><strong>Ubi</strong></span> <span class='ocrx_word' id='word_1_425' title='bbox 1041 4889 1124 4938; x_wconf 90' lang='lat' dir='ltr'><strong>est</strong></span> <span class='ocrx_word' id='word_1_426' title='bbox 1150 4881 1344 4936; x_wconf 83' lang='lat' dir='ltr'><strong>Paulus</strong></span> <span class='ocrx_word' id='word_1_427' title='bbox 1371 4880 1640 4949; x_wconf 88' lang='lat' dir='ltr'><strong>apostolus</strong></span> <span class='ocrx_word' id='word_1_428' title='bbox 1669 4880 1863 4935; x_wconf 82' lang='lat' dir='ltr'><strong>modo?</strong></span> <span class='ocrx_word' id='word_1_429' title='bbox 1890 4881 1944 4937; x_wconf 91' lang='lat' dir='ltr'><strong>Si</strong></span> <span class='ocrx_word' id='word_1_430' title='bbox 1973 4883 2091 4951; x_wconf 90' lang='lat' dir='ltr'><strong>quis</strong></span> 
     </span>
    </p>
   </div>
   <div class='ocr_carea' id='block_1_52' title="bbox 515 4974 2089 5052">
    <p class='ocr_par' dir='ltr' id='par_1_52' title="bbox 515 4974 2089 5052">
     <span class='ocr_line' id='line_1_52' title="bbox 515 4974 2089 5052; baseline -0.004 -15"><span class='ocrx_word' id='word_1_431' title='bbox 515 4981 855 5052; x_wconf 89' lang='lat' dir='ltr'><strong>respondeat,</strong></span> <span class='ocrx_word' id='word_1_432' title='bbox 885 4979 940 5032; x_wconf 85' lang='lat' dir='ltr'><strong>In</strong></span> <span class='ocrx_word' id='word_1_433' title='bbox 967 4978 1148 5048; x_wconf 87' lang='lat' dir='ltr'><strong>requie</strong></span> <span class='ocrx_word' id='word_1_434' title='bbox 1167 4991 1286 5030; x_wconf 91' lang='lat' dir='ltr'><strong>cum</strong></span> <span class='ocrx_word' id='word_1_435' title='bbox 1312 4974 1560 5037; x_wconf 86' lang='lat' dir='ltr'><strong>Christo;</strong></span> <span class='ocrx_word' id='word_1_436' title='bbox 1588 4991 1769 5031; x_wconf 86' lang='lat' dir='ltr'><strong>verum</strong></span> <span class='ocrx_word' id='word_1_437' title='bbox 1791 4975 1934 5030; x_wconf 90' lang='lat' dir='ltr'><strong>dicit.</strong></span> <span class='ocrx_word' id='word_1_438' title='bbox 1959 4975 2089 5031; x_wconf 78' lang='lat' dir='ltr'><strong>Item</strong></span> 
     </span>
    </p>
   </div>
   <div class='ocr_carea' id='block_1_53' title="bbox 519 5066 2090 5143">
    <p class='ocr_par' dir='ltr' id='par_1_53' title="bbox 519 5066 2090 5143">
     <span class='ocr_line' id='line_1_53' title="bbox 519 5066 2090 5143; baseline -0.003 -17"><span class='ocrx_word' id='word_1_439' title='bbox 519 5073 564 5126; x_wconf 90' lang='lat' dir='ltr'><strong>si</strong></span> <span class='ocrx_word' id='word_1_440' title='bbox 595 5073 714 5143; x_wconf 89' lang='lat' dir='ltr'><strong>quis</strong></span> <span class='ocrx_word' id='word_1_441' title='bbox 736 5069 1073 5141; x_wconf 88' lang='lat' dir='ltr'><strong>respondeat,</strong></span> <span class='ocrx_word' id='word_1_442' title='bbox 1100 5068 1284 5123; x_wconf 65' lang='lat' dir='ltr'><strong>Roma:</strong></span> <span class='ocrx_word' id='word_1_443' title='bbox 1310 5066 1361 5120; x_wconf 92' lang='lat' dir='ltr'><strong>in</strong></span> <span class='ocrx_word' id='word_1_444' title='bbox 1387 5066 1629 5137; x_wconf 80' lang='lat' dir='ltr'><strong>sopttlcro</strong></span> <span class='ocrx_word' id='word_1_445' title='bbox 1653 5084 1667 5131; x_wconf 88' lang='lat'><strong>;</strong></span> <span class='ocrx_word' id='word_1_446' title='bbox 1695 5075 1748 5121; x_wconf 91' lang='lat' dir='ltr'><strong>et</strong></span> <span class='ocrx_word' id='word_1_447' title='bbox 1774 5067 1885 5136; x_wconf 89' lang='lat' dir='ltr'><strong>ipse</strong></span> <span class='ocrx_word' id='word_1_448' title='bbox 1909 5082 2090 5122; x_wconf 85' lang='lat' dir='ltr'><strong>verum</strong></span> 
     </span>
    </p>
   </div>
   <div class='ocr_carea' id='block_1_54' title="bbox 513 5157 2094 5229">
    <p class='ocr_par' dir='ltr' id='par_1_54' title="bbox 513 5157 2094 5229">
     <span class='ocr_line' id='line_1_54' title="bbox 513 5157 2094 5229; baseline -0.003 -11"><span class='ocrx_word' id='word_1_449' title='bbox 513 5164 660 5221; x_wconf 88' lang='lat' dir='ltr'><strong>dicit.</strong></span> <span class='ocrx_word' id='word_1_450' title='bbox 689 5163 821 5218; x_wconf 90' lang='lat' dir='ltr'><strong>lllud</strong></span> <span class='ocrx_word' id='word_1_451' title='bbox 850 5162 980 5218; x_wconf 90' lang='lat' dir='ltr'><strong>mihi</strong></span> <span class='ocrx_word' id='word_1_452' title='bbox 1005 5161 1073 5217; x_wconf 90' lang='lat' dir='ltr'><strong>de</strong></span> <span class='ocrx_word' id='word_1_453' title='bbox 1101 5159 1296 5226; x_wconf 87' lang='lat' dir='ltr'><strong>anima,</strong></span> <span class='ocrx_word' id='word_1_454' title='bbox 1315 5157 1430 5214; x_wconf 91' lang='lat' dir='ltr'><strong>.hoc</strong></span> <span class='ocrx_word' id='word_1_455' title='bbox 1453 5159 1521 5213; x_wconf 91' lang='lat' dir='ltr'><strong>de</strong></span> <span class='ocrx_word' id='word_1_456' title='bbox 1548 5159 1664 5229; x_wconf 90' lang='lat' dir='ltr'><strong>ejus</strong></span> <span class='ocrx_word' id='word_1_457' title='bbox 1688 5175 1845 5214; x_wconf 86' lang='lat' dir='ltr'><strong>carne</strong></span> <span class='ocrx_word' id='word_1_458' title='bbox 1872 5175 2094 5229; x_wconf 87' lang='lat' dir='ltr'><strong>respon-</strong></span> 
     </span>
    </p>
   </div>
   <div class='ocr_carea' id='block_1_55' title="bbox 514 5249 2087 5320">
    <p class='ocr_par' dir='ltr' id='par_1_55' title="bbox 514 5249 2087 5320">
     <span class='ocr_line' id='line_1_55' title="bbox 514 5249 2087 5320; baseline 0 -12"><span class='ocrx_word' id='word_1_459' title='bbox 514 5255 629 5309; x_wconf 86' lang='lat' dir='ltr'><strong>det.</strong></span> <span class='ocrx_word' id='word_1_460' title='bbox 658 5253 767 5309; x_wconf 78' lang='lat' dir='ltr'><strong>Nee</strong></span> <span class='ocrx_word' id='word_1_461' title='bbox 796 5261 973 5310; x_wconf 85' lang='lat' dir='ltr'><strong>tamen</strong></span> <span class='ocrx_word' id='word_1_462' title='bbox 1003 5251 1121 5307; x_wconf 90' lang='lat' dir='ltr'><strong>ideo</strong></span> <span class='ocrx_word' id='word_1_463' title='bbox 1154 5250 1289 5305; x_wconf 91' lang='lat' dir='ltr'><strong>duos</strong></span> <span class='ocrx_word' id='word_1_464' title='bbox 1315 5249 1540 5306; x_wconf 90' lang='lat' dir='ltr'><strong>dicimus</strong></span> <span class='ocrx_word' id='word_1_465' title='bbox 1567 5251 1835 5320; x_wconf 85' lang='lat' dir='ltr'><strong>apostolos</strong></span> <span class='ocrx_word' id='word_1_466' title='bbox 1863 5251 2087 5319; x_wconf 86' lang='lat' dir='ltr'><strong>Paulos;</strong></span> 
     </span>
    </p>
   </div>
   <div class='ocr_carea' id='block_1_56' title="bbox 511 5340 2094 5415">
    <p class='ocr_par' dir='ltr' id='par_1_56' title="bbox 511 5340 2094 5415">
     <span class='ocr_line' id='line_1_56' title="bbox 511 5340 2094 5415; baseline 0.001 -18"><span class='ocrx_word' id='word_1_467' title='bbox 511 5359 682 5398; x_wconf 58' lang='lat' dir='ltr'><strong>«unum</strong></span> <span class='ocrx_word' id='word_1_468' title='bbox 709 5345 797 5414; x_wconf 86' lang='lat' dir='ltr'><strong>qui</strong></span> <span class='ocrx_word' id='word_1_469' title='bbox 825 5342 1108 5415; x_wconf 86' lang='lat' dir='ltr'><strong>requiescit</strong></span> <span class='ocrx_word' id='word_1_470' title='bbox 1137 5343 1187 5395; x_wconf 93' lang='lat' dir='ltr'><strong>in</strong></span> <span class='ocrx_word' id='word_1_471' title='bbox 1215 5340 1445 5403; x_wconf 88' lang='lat' dir='ltr'><strong>Christo,</strong></span> <span class='ocrx_word' id='word_1_472' title='bbox 1476 5341 1632 5394; x_wconf 92' lang='lat' dir='ltr'><strong>alium</strong></span> <span class='ocrx_word' id='word_1_473' title='bbox 1669 5342 1755 5410; x_wconf 91' lang='lat' dir='ltr'><strong>qui</strong></span> <span class='ocrx_word' id='word_1_474' title='bbox 1788 5341 1989 5410; x_wconf 85' lang='lat' dir='ltr'><strong>positus</strong></span> <span class='ocrx_word' id='word_1_475' title='bbox 2011 5352 2094 5399; x_wconf 91' lang='lat' dir='ltr'><strong>est</strong></span> 
     </span>
    </p>
   </div>
   <div class='ocr_carea' id='block_1_57' title="bbox 516 5431 2091 5503">
    <p class='ocr_par' dir='ltr' id='par_1_57' title="bbox 516 5431 2091 5503">
     <span class='ocr_line' id='line_1_57' title="bbox 516 5431 2091 5503; baseline 0.001 -17"><span class='ocrx_word' id='word_1_476' title='bbox 516 5434 570 5487; x_wconf 88' lang='lat' dir='ltr'><strong>in</strong></span> <span class='ocrx_word' id='word_1_477' title='bbox 613 5432 1171 5503; x_wconf 73' lang='lat' dir='ltr'><strong>sepulcrm-quamvis</strong></span> <span class='ocrx_word' id='word_1_478' title='bbox 1233 5431 1528 5501; x_wconf 87' lang='lat' dir='ltr'><strong>apostolum</strong></span> <span class='ocrx_word' id='word_1_479' title='bbox 1595 5431 1814 5486; x_wconf 90' lang='lat' dir='ltr'><strong>Paulum</strong></span> <span class='ocrx_word' id='word_1_480' title='bbox 1855 5431 2091 5488; x_wconf 89' lang='lat' dir='ltr'><strong>dicamus</strong></span> 
     </span>
    </p>
   </div>
   <div class='ocr_carea' id='block_1_58' title="bbox 516 5523 2091 5593">
    <p class='ocr_par' dir='ltr' id='par_1_58' title="bbox 516 5523 2091 5593">
     <span class='ocr_line' id='line_1_58' title="bbox 516 5523 2091 5593; baseline 0.002 -15"><span class='ocrx_word' id='word_1_481' title='bbox 516 5525 700 5580; x_wconf 81' lang='lat' dir='ltr'><strong>vivere</strong></span> <span class='ocrx_word' id='word_1_482' title='bbox 727 5526 778 5579; x_wconf 90' lang='lat' dir='ltr'><strong>in</strong></span> <span class='ocrx_word' id='word_1_483' title='bbox 803 5524 1032 5590; x_wconf 88' lang='lat' dir='ltr'><strong>Christo,</strong></span> <span class='ocrx_word' id='word_1_484' title='bbox 1065 5523 1416 5593; x_wconf 77' lang='lat' dir='ltr'><strong>eamdemque</strong></span> <span class='ocrx_word' id='word_1_485' title='bbox 1442 5524 1736 5592; x_wconf 87' lang='lat' dir='ltr'><strong>apostolum</strong></span> <span class='ocrx_word' id='word_1_486' title='bbox 1762 5525 1981 5580; x_wconf 82' lang='lat' dir='ltr'><strong>Paulum</strong></span> <span class='ocrx_word' id='word_1_487' title='bbox 2006 5525 2091 5581; x_wconf 92' lang='lat' dir='ltr'><strong>di-</strong></span> 
     </span>
    </p>
   </div>
   <div class='ocr_carea' id='block_1_59' title="bbox 520 5615 2088 5690">
    <p class='ocr_par' dir='ltr' id='par_1_59' title="bbox 520 5615 2088 5690">
     <span class='ocr_line' id='line_1_59' title="bbox 520 5615 2088 5690; baseline 0.001 -19"><span class='ocrx_word' id='word_1_488' title='bbox 520 5631 708 5671; x_wconf 88' lang='lat' dir='ltr'><strong>camus</strong></span> <span class='ocrx_word' id='word_1_489' title='bbox 733 5623 995 5671; x_wconf 87' lang='lat' dir='ltr'><strong>mortuum</strong></span> <span class='ocrx_word' id='word_1_490' title='bbox 1025 5615 1202 5686; x_wconf 83' lang='lat' dir='ltr'><strong>jacere</strong></span> <span class='ocrx_word' id='word_1_491' title='bbox 1243 5617 1294 5670; x_wconf 92' lang='lat' dir='ltr'><strong>in</strong></span> <span class='ocrx_word' id='word_1_492' title='bbox 1325 5615 1587 5686; x_wconf 89' lang='lat' dir='ltr'><strong>sepulcro.</strong></span> <span class='ocrx_word' id='word_1_493' title='bbox 1627 5615 1846 5671; x_wconf 82' lang='lat' dir='ltr'><strong>Moritur</strong></span> <span class='ocrx_word' id='word_1_494' title='bbox 1881 5618 2088 5690; x_wconf 89' lang='lat' dir='ltr'><strong>aliquis,</strong></span> 
     </span>
    </p>
   </div>
   <div class='ocr_carea' id='block_1_60' title="bbox 519 5703 2087 5777">
    <p class='ocr_par' dir='ltr' id='par_1_60' title="bbox 519 5703 2087 5777">
     <span class='ocr_line' id='line_1_60' title="bbox 519 5703 2087 5777; baseline 0.003 -17"><span class='ocrx_word' id='word_1_495' title='bbox 519 5706 761 5770; x_wconf 84' lang='lat' dir='ltr'><strong>dicimus,</strong></span> <span class='ocrx_word' id='word_1_496' title='bbox 792 5703 970 5761; x_wconf 85' lang='lat' dir='ltr'><strong>Bonus</strong></span> <span class='ocrx_word' id='word_1_497' title='bbox 992 5704 1172 5772; x_wconf 90' lang='lat' dir='ltr'><strong>homo,</strong></span> <span class='ocrx_word' id='word_1_498' title='bbox 1216 5706 1382 5762; x_wconf 83' lang='lat' dir='ltr'><strong>tidclis</strong></span> <span class='ocrx_word' id='word_1_499' title='bbox 1412 5705 1592 5775; x_wconf 85' lang='lat' dir='ltr'><strong>homo,</strong></span> <span class='ocrx_word' id='word_1_500' title='bbox 1624 5705 1676 5761; x_wconf 90' lang='lat' dir='ltr'><strong>in</strong></span> <span class='ocrx_word' id='word_1_501' title='bbox 1706 5720 1836 5777; x_wconf 89' lang='lat' dir='ltr'><strong>pace</strong></span> <span class='ocrx_word' id='word_1_502' title='bbox 1861 5717 1939 5764; x_wconf 88' lang='lat' dir='ltr'><strong>est</strong></span> <span class='ocrx_word' id='word_1_503' title='bbox 1966 5724 2087 5765; x_wconf 89' lang='lat' dir='ltr'><strong>cum</strong></span> 
     </span>
    </p>
   </div>
   <div class='ocr_carea' id='block_1_61' title="bbox 1452 299 2821 366">
    <p class='ocr_par' dir='ltr' id='par_1_61' title="bbox 1452 299 2821 366">
     <span class='ocr_line' id='line_1_61' title="bbox 1452 299 2821 366; baseline -0.005 -3"><span class='ocrx_word' id='word_1_504' title='bbox 1452 308 1515 363; x_wconf 76' lang='lat' dir='ltr'><strong>IN</strong></span> <span class='ocrx_word' id='word_1_505' title='bbox 1547 303 1820 363; x_wconf 79' lang='lat' dir='ltr'><strong>JOANNIS</strong></span> <span class='ocrx_word' id='word_1_506' title='bbox 1859 299 2318 366; x_wconf 82' lang='lat' dir='ltr'><strong>EVANGELIUM,</strong></span> <span class='ocrx_word' id='word_1_507' title='bbox 2363 299 2419 355; x_wconf 90' lang='lat' dir='ltr'><strong>S.</strong></span> <span class='ocrx_word' id='word_1_508' title='bbox 2460 299 2821 358; x_wconf 77' lang='lat' dir='ltr'><strong>AUGUSTINI</strong></span> 
     </span>
    </p>
   </div>
   <div class='ocr_carea' id='block_1_62' title="bbox 3631 302 3759 360">
    <p class='ocr_par' dir='ltr' id='par_1_62' title="bbox 3631 302 3759 360">
     <span class='ocr_line' id='line_1_62' title="bbox 3631 302 3759 360; baseline 0 0"><span class='ocrx_word' id='word_1_509' title='bbox 3631 302 3759 360; x_wconf 66' lang='grc'>1740</span> 
     </span>
    </p>
   </div>
   <div class='ocr_carea' id='block_1_63' title="bbox 2194 411 3767 484">
    <p class='ocr_par' dir='ltr' id='par_1_63' title="bbox 2194 411 3767 484">
     <span class='ocr_line' id='line_1_63' title="bbox 2194 411 3767 484; baseline 0.001 -14"><span class='ocrx_word' id='word_1_510' title='bbox 2194 412 2418 470; x_wconf 90' lang='lat' dir='ltr'><strong>Domino</strong></span> <span class='ocrx_word' id='word_1_511' title='bbox 2447 430 2461 468; x_wconf 90' lang='lat'><strong>:</strong></span> <span class='ocrx_word' id='word_1_512' title='bbox 2491 422 2545 468; x_wconf 78' lang='lat' dir='ltr'><strong>et</strong></span> <span class='ocrx_word' id='word_1_513' title='bbox 2569 413 2836 479; x_wconf 89' lang='lat' dir='ltr'><strong>continuo,</strong></span> <span class='ocrx_word' id='word_1_514' title='bbox 2876 411 3066 467; x_wconf 88' lang='lat' dir='ltr'><strong>Eamus</strong></span> <span class='ocrx_word' id='word_1_515' title='bbox 3093 412 3158 468; x_wconf 84' lang='lat' dir='ltr'><strong>ad</strong></span> <span class='ocrx_word' id='word_1_516' title='bbox 3185 411 3462 482; x_wconf 85' lang='lat' dir='ltr'><strong>exsequias</strong></span> <span class='ocrx_word' id='word_1_517' title='bbox 3489 412 3675 484; x_wconf 86' lang='lat' dir='ltr'><strong>ipsius,</strong></span> <span class='ocrx_word' id='word_1_518' title='bbox 3715 425 3767 472; x_wconf 86' lang='lat' dir='ltr'><strong>et</strong></span> 
     </span>
    </p>
   </div>
   <div class='ocr_carea' id='block_1_64' title="bbox 2190 501 3768 574">
    <p class='ocr_par' dir='ltr' id='par_1_64' title="bbox 2190 501 3768 574">
     <span class='ocr_line' id='line_1_64' title="bbox 2190 501 3768 574; baseline 0.003 -16"><span class='ocrx_word' id='word_1_519' title='bbox 2190 504 2509 572; x_wconf 83' lang='lat' dir='ltr'><strong>sepeliamus</strong></span> <span class='ocrx_word' id='word_1_520' title='bbox 2532 501 2702 558; x_wconf 92' lang='lat' dir='ltr'><strong>illum.</strong></span> <span class='ocrx_word' id='word_1_521' title='bbox 2731 503 2865 558; x_wconf 89' lang='lat' dir='ltr'><strong>Eum</strong></span> <span class='ocrx_word' id='word_1_522' title='bbox 2893 504 3192 573; x_wconf 91' lang='lat' dir='ltr'><strong>sepulturus</strong></span> <span class='ocrx_word' id='word_1_523' title='bbox 3220 518 3278 558; x_wconf 88' lang='lat' dir='ltr'><strong>es</strong></span> <span class='ocrx_word' id='word_1_524' title='bbox 3303 519 3458 571; x_wconf 88' lang='lat' dir='ltr'><strong>quem</strong></span> <span class='ocrx_word' id='word_1_525' title='bbox 3484 503 3594 574; x_wconf 90' lang='lat' dir='ltr'><strong>jam</strong></span> <span class='ocrx_word' id='word_1_526' title='bbox 3617 505 3768 562; x_wconf 80' lang='lat' dir='ltr'><strong>dixe-</strong></span> 
     </span>
    </p>
   </div>
   <div class='ocr_carea' id='block_1_65' title="bbox 2190 593 3768 667">
    <p class='ocr_par' dir='ltr' id='par_1_65' title="bbox 2190 593 3768 667">
     <span class='ocr_line' id='line_1_65' title="bbox 2190 593 3768 667; baseline 0.002 -18"><span class='ocrx_word' id='word_1_527' title='bbox 2190 608 2280 649; x_wconf 85' lang='lat' dir='ltr'><strong>ras</strong></span> <span class='ocrx_word' id='word_1_528' title='bbox 2305 595 2356 649; x_wconf 93' lang='lat' dir='ltr'><strong>in</strong></span> <span class='ocrx_word' id='word_1_529' title='bbox 2387 609 2516 664; x_wconf 88' lang='lat' dir='ltr'><strong>pace</strong></span> <span class='ocrx_word' id='word_1_530' title='bbox 2554 608 2673 650; x_wconf 89' lang='lat' dir='ltr'><strong>esse</strong></span> <span class='ocrx_word' id='word_1_531' title='bbox 2697 608 2817 649; x_wconf 92' lang='lat' dir='ltr'><strong>cum</strong></span> <span class='ocrx_word' id='word_1_532' title='bbox 2848 595 2956 649; x_wconf 89' lang='lat' dir='ltr'><strong>Deo</strong></span> <span class='ocrx_word' id='word_1_533' title='bbox 2983 611 2996 648; x_wconf 90' lang='lat'><strong>:</strong></span> <span class='ocrx_word' id='word_1_534' title='bbox 3029 609 3149 650; x_wconf 90' lang='lat' dir='ltr'><strong>cum</strong></span> <span class='ocrx_word' id='word_1_535' title='bbox 3175 593 3317 648; x_wconf 92' lang='lat' dir='ltr'><strong>aliud</strong></span> <span class='ocrx_word' id='word_1_536' title='bbox 3356 593 3425 648; x_wconf 88' lang='lat' dir='ltr'><strong>sit</strong></span> <span class='ocrx_word' id='word_1_537' title='bbox 3447 596 3621 650; x_wconf 91' lang='lat' dir='ltr'><strong>anima</strong></span> <span class='ocrx_word' id='word_1_538' title='bbox 3648 611 3768 667; x_wconf 61' lang='lat' dir='ltr'><strong>qua:</strong></span> 
     </span>
    </p>
   </div>
   <div class='ocr_carea' id='block_1_66' title="bbox 2192 685 3769 756">
    <p class='ocr_par' dir='ltr' id='par_1_66' title="bbox 2192 685 3769 756">
     <span class='ocr_line' id='line_1_66' title="bbox 2192 685 3769 756; baseline 0.003 -18"><span class='ocrx_word' id='word_1_539' title='bbox 2192 685 2565 741; x_wconf 89' lang='lat' dir='ltr'><strong>immortaliter</strong></span> <span class='ocrx_word' id='word_1_540' title='bbox 2596 686 2755 756; x_wconf 78' lang='lat' dir='ltr'><strong>viget,</strong></span> <span class='ocrx_word' id='word_1_541' title='bbox 2787 685 2926 741; x_wconf 91' lang='lat' dir='ltr'><strong>aliud</strong></span> <span class='ocrx_word' id='word_1_542' title='bbox 2963 699 3154 754; x_wconf 86' lang='lat' dir='ltr'><strong>corpus</strong></span> <span class='ocrx_word' id='word_1_543' title='bbox 3178 685 3319 755; x_wconf 89' lang='lat' dir='ltr'><strong>quod</strong></span> <span class='ocrx_word' id='word_1_544' title='bbox 3357 687 3769 756; x_wconf 84' lang='lat' dir='ltr'><strong>eorrttptibiliter</strong></span> 
     </span>
    </p>
   </div>
   <div class='ocr_carea' id='block_1_67' title="bbox 2186 774 3767 846">
    <p class='ocr_par' dir='ltr' id='par_1_67' title="bbox 2186 774 3767 846">
     <span class='ocr_line' id='line_1_67' title="bbox 2186 774 3767 846; baseline 0.002 -17"><span class='ocrx_word' id='word_1_545' title='bbox 2186 774 2346 844; x_wconf 83' lang='lat' dir='ltr'><strong>jacet.</strong></span> <span class='ocrx_word' id='word_1_546' title='bbox 2376 774 2481 831; x_wconf 92' lang='lat' dir='ltr'><strong>Sed</strong></span> <span class='ocrx_word' id='word_1_547' title='bbox 2508 791 2572 830; x_wconf 89' lang='lat' dir='ltr'><strong>ex</strong></span> <span class='ocrx_word' id='word_1_548' title='bbox 2597 791 2704 846; x_wconf 93' lang='lat' dir='ltr'><strong>quo</strong></span> <span class='ocrx_word' id='word_1_549' title='bbox 2728 776 3053 830; x_wconf 88' lang='lat' dir='ltr'><strong>consortium</strong></span> <span class='ocrx_word' id='word_1_550' title='bbox 3080 777 3256 830; x_wconf 89' lang='lat' dir='ltr'><strong>carnis</strong></span> <span class='ocrx_word' id='word_1_551' title='bbox 3282 785 3336 831; x_wconf 91' lang='lat' dir='ltr'><strong>et</strong></span> <span class='ocrx_word' id='word_1_552' title='bbox 3359 777 3550 831; x_wconf 83' lang='lat' dir='ltr'><strong>animae</strong></span> <span class='ocrx_word' id='word_1_553' title='bbox 3589 777 3767 832; x_wconf 83' lang='lat' dir='ltr'><strong>homi-</strong></span> 
     </span>
    </p>
   </div>
   <div class='ocr_carea' id='block_1_68' title="bbox 2192 866 3767 937">
    <p class='ocr_par' dir='ltr' id='par_1_68' title="bbox 2192 866 3767 937">
     <span class='ocr_line' id='line_1_68' title="bbox 2192 866 3767 937; baseline 0.001 -17"><span class='ocrx_word' id='word_1_554' title='bbox 2192 867 2273 920; x_wconf 87' lang='lat' dir='ltr'><strong>nis</strong></span> <span class='ocrx_word' id='word_1_555' title='bbox 2295 880 2487 921; x_wconf 90' lang='lat' dir='ltr'><strong>nomen</strong></span> <span class='ocrx_word' id='word_1_556' title='bbox 2517 867 2740 937; x_wconf 90' lang='lat' dir='ltr'><strong>accepit,</strong></span> <span class='ocrx_word' id='word_1_557' title='bbox 2764 866 2871 936; x_wconf 91' lang='lat' dir='ltr'><strong>jam</strong></span> <span class='ocrx_word' id='word_1_558' title='bbox 2896 875 2950 923; x_wconf 91' lang='lat' dir='ltr'><strong>et</strong></span> <span class='ocrx_word' id='word_1_559' title='bbox 2972 867 3233 937; x_wconf 77' lang='lat' dir='ltr'><strong>singultim</strong></span> <span class='ocrx_word' id='word_1_560' title='bbox 3258 874 3416 937; x_wconf 87' lang='lat' dir='ltr'><strong>atque</strong></span> <span class='ocrx_word' id='word_1_561' title='bbox 3441 875 3767 937; x_wconf 84' lang='lat' dir='ltr'><strong>separatum,</strong></span> 
     </span>
    </p>
   </div>
   <div class='ocr_carea' id='block_1_69' title="bbox 2191 955 3392 1011">
    <p class='ocr_par' dir='ltr' id='par_1_69' title="bbox 2191 955 3392 1011">
     <span class='ocr_line' id='line_1_69' title="bbox 2191 955 3392 1011; baseline 0 -3"><span class='ocrx_word' id='word_1_562' title='bbox 2191 956 2497 1010; x_wconf 91' lang='lat' dir='ltr'><strong>utrumlibet</strong></span> <span class='ocrx_word' id='word_1_563' title='bbox 2535 971 2717 1011; x_wconf 89' lang='lat' dir='ltr'><strong>eorum</strong></span> <span class='ocrx_word' id='word_1_564' title='bbox 2749 971 2940 1011; x_wconf 88' lang='lat' dir='ltr'><strong>nomen</strong></span> <span class='ocrx_word' id='word_1_565' title='bbox 2970 955 3198 1010; x_wconf 90' lang='lat' dir='ltr'><strong>hominis</strong></span> <span class='ocrx_word' id='word_1_566' title='bbox 3224 956 3392 1010; x_wconf 87' lang='lat' dir='ltr'><strong>tenuit</strong></span> 
     </span>
    </p>
   </div>
   <div class='ocr_carea' id='block_1_70' title="bbox 2263 1044 3764 1117">
    <p class='ocr_par' dir='ltr' id='par_1_70' title="bbox 2263 1044 3764 1117">
     <span class='ocr_line' id='line_1_70' title="bbox 2263 1044 3764 1117; baseline -0.001 -15"><span class='ocrx_word' id='word_1_567' title='bbox 2263 1048 2350 1102; x_wconf 77' lang='lat' dir='ltr'><strong>l5.</strong></span> <span class='ocrx_word' id='word_1_568' title='bbox 2391 1046 2557 1101; x_wconf 86' lang='lat' dir='ltr'><strong>Nemo</strong></span> <span class='ocrx_word' id='word_1_569' title='bbox 2599 1060 2725 1117; x_wconf 82' lang='lat' dir='ltr'><strong>ergo</strong></span> <span class='ocrx_word' id='word_1_570' title='bbox 2777 1046 2985 1112; x_wconf 89' lang='lat' dir='ltr'><strong>titubet,</strong></span> <span class='ocrx_word' id='word_1_571' title='bbox 3029 1045 3240 1115; x_wconf 89' lang='lat' dir='ltr'><strong>quando</strong></span> <span class='ocrx_word' id='word_1_572' title='bbox 3283 1044 3428 1100; x_wconf 90' lang='lat' dir='ltr'><strong>audit</strong></span> <span class='ocrx_word' id='word_1_573' title='bbox 3479 1045 3764 1100; x_wconf 88' lang='lat' dir='ltr'><strong>Dominum</strong></span> 
     </span>
    </p>
   </div>
   <div class='ocr_carea' id='block_1_71' title="bbox 2189 1136 3769 1202">
    <p class='ocr_par' dir='ltr' id='par_1_71' title="bbox 2189 1136 3769 1202">
     <span class='ocr_line' id='line_1_71' title="bbox 2189 1136 3769 1202; baseline -0.001 -11"><span class='ocrx_word' id='word_1_574' title='bbox 2189 1138 2406 1202; x_wconf 87' lang='lat' dir='ltr'><strong>dixisse,</strong></span> <span class='ocrx_word' id='word_1_575' title='bbox 2429 1136 2572 1191; x_wconf 88' lang='grc' dir='ltr'><strong>Ροηο</strong></span> <span class='ocrx_word' id='word_1_576' title='bbox 2592 1138 2810 1191; x_wconf 86' lang='lat' dir='ltr'><strong>animam</strong></span> <span class='ocrx_word' id='word_1_577' title='bbox 2831 1153 3012 1202; x_wconf 79' lang='lat' dir='ltr'><strong>nteant,</strong></span> <span class='ocrx_word' id='word_1_578' title='bbox 3035 1145 3081 1189; x_wconf 88' lang='lat' dir='ltr'><strong>et</strong></span> <span class='ocrx_word' id='word_1_579' title='bbox 3098 1137 3276 1190; x_wconf 84' lang='lat' dir='ltr'><strong>iterant</strong></span> <span class='ocrx_word' id='word_1_580' title='bbox 3293 1151 3434 1189; x_wconf 89' lang='lat' dir='ltr'><strong>sumo</strong></span> <span class='ocrx_word' id='word_1_581' title='bbox 3453 1152 3586 1190; x_wconf 89' lang='lat' dir='ltr'><strong>eam.</strong></span> <span class='ocrx_word' id='word_1_582' title='bbox 3613 1136 3769 1190; x_wconf 85' lang='lat' dir='ltr'><strong>Ponit</strong></span> 
     </span>
    </p>
   </div>
   <div class='ocr_carea' id='block_1_72' title="bbox 2189 1226 3769 1297">
    <p class='ocr_par' dir='ltr' id='par_1_72' title="bbox 2189 1226 3769 1297">
     <span class='ocr_line' id='line_1_72' title="bbox 2189 1226 3769 1297; baseline 0.001 -15"><span class='ocrx_word' id='word_1_583' title='bbox 2189 1243 2306 1282; x_wconf 89' lang='lat' dir='ltr'><strong>eam</strong></span> <span class='ocrx_word' id='word_1_584' title='bbox 2335 1242 2480 1293; x_wconf 88' lang='lat' dir='ltr'><strong>caro,</strong></span> <span class='ocrx_word' id='word_1_585' title='bbox 2513 1227 2608 1283; x_wconf 88' lang='lat' dir='ltr'><strong>sed</strong></span> <span class='ocrx_word' id='word_1_586' title='bbox 2637 1242 2702 1282; x_wconf 88' lang='lat' dir='ltr'><strong>ex</strong></span> <span class='ocrx_word' id='word_1_587' title='bbox 2732 1236 2995 1297; x_wconf 85' lang='lat' dir='ltr'><strong>potestate</strong></span> <span class='ocrx_word' id='word_1_588' title='bbox 3024 1226 3184 1283; x_wconf 89' lang='lat' dir='ltr'><strong>Verbi</strong></span> <span class='ocrx_word' id='word_1_589' title='bbox 3216 1245 3230 1281; x_wconf 92' lang='lat'><strong>:</strong></span> <span class='ocrx_word' id='word_1_590' title='bbox 3263 1226 3424 1282; x_wconf 85' lang='lat' dir='ltr'><strong>sumit</strong></span> <span class='ocrx_word' id='word_1_591' title='bbox 3463 1241 3582 1282; x_wconf 89' lang='lat' dir='ltr'><strong>eam</strong></span> <span class='ocrx_word' id='word_1_592' title='bbox 3607 1242 3769 1296; x_wconf 88' lang='lat' dir='ltr'><strong>caro,</strong></span> 
     </span>
    </p>
   </div>
   <div class='ocr_carea' id='block_1_73' title="bbox 2189 1318 3772 1390">
    <p class='ocr_par' dir='ltr' id='par_1_73' title="bbox 2189 1318 3772 1390">
     <span class='ocr_line' id='line_1_73' title="bbox 2189 1318 3772 1390; baseline 0 -16"><span class='ocrx_word' id='word_1_593' title='bbox 2189 1320 2283 1374; x_wconf 85' lang='lat' dir='ltr'><strong>sed</strong></span> <span class='ocrx_word' id='word_1_594' title='bbox 2330 1335 2395 1375; x_wconf 84' lang='lat' dir='ltr'><strong>ex</strong></span> <span class='ocrx_word' id='word_1_595' title='bbox 2441 1328 2702 1390; x_wconf 88' lang='lat' dir='ltr'><strong>potestate</strong></span> <span class='ocrx_word' id='word_1_596' title='bbox 2735 1318 2914 1375; x_wconf 87' lang='lat' dir='ltr'><strong>Verbi.</strong></span> <span class='ocrx_word' id='word_1_597' title='bbox 2961 1318 3031 1373; x_wconf 89' lang='lat' dir='ltr'><strong>Et</strong></span> <span class='ocrx_word' id='word_1_598' title='bbox 3074 1319 3188 1389; x_wconf 87' lang='lat' dir='ltr'><strong>ipse</strong></span> <span class='ocrx_word' id='word_1_599' title='bbox 3235 1319 3488 1374; x_wconf 90' lang='lat' dir='ltr'><strong>Dominus</strong></span> <span class='ocrx_word' id='word_1_600' title='bbox 3529 1319 3772 1375; x_wconf 90' lang='lat' dir='ltr'><strong>Christus</strong></span> 
     </span>
    </p>
   </div>
   <div class='ocr_carea' id='block_1_74' title="bbox 2188 1409 3772 1481">
    <p class='ocr_par' dir='ltr' id='par_1_74' title="bbox 2188 1409 3772 1481">
     <span class='ocr_line' id='line_1_74' title="bbox 2188 1409 3772 1481; baseline 0 -15"><span class='ocrx_word' id='word_1_601' title='bbox 2188 1412 2361 1467; x_wconf 89' lang='lat' dir='ltr'><strong>dictus</strong></span> <span class='ocrx_word' id='word_1_602' title='bbox 2379 1421 2461 1467; x_wconf 91' lang='lat' dir='ltr'><strong>est</strong></span> <span class='ocrx_word' id='word_1_603' title='bbox 2489 1412 2599 1467; x_wconf 89' lang='lat' dir='ltr'><strong>sola</strong></span> <span class='ocrx_word' id='word_1_604' title='bbox 2624 1425 2766 1466; x_wconf 90' lang='lat' dir='ltr'><strong>caro.</strong></span> <span class='ocrx_word' id='word_1_605' title='bbox 2791 1411 3090 1478; x_wconf 86' lang='lat' dir='ltr'><strong>Quomodo,</strong></span> <span class='ocrx_word' id='word_1_606' title='bbox 3115 1411 3302 1481; x_wconf 88' lang='lat' dir='ltr'><strong>inquit,</strong></span> <span class='ocrx_word' id='word_1_607' title='bbox 3322 1409 3558 1479; x_wconf 87' lang='lat' dir='ltr'><strong>probas?</strong></span> <span class='ocrx_word' id='word_1_608' title='bbox 3582 1409 3772 1466; x_wconf 87' lang='lat' dir='ltr'><strong>Audeo</strong></span> 
     </span>
    </p>
   </div>
   <div class='ocr_carea' id='block_1_75' title="bbox 2189 1499 3771 1568">
    <p class='ocr_par' dir='ltr' id='par_1_75' title="bbox 2189 1499 3771 1568">
     <span class='ocr_line' id='line_1_75' title="bbox 2189 1499 3771 1568; baseline 0 -13"><span class='ocrx_word' id='word_1_609' title='bbox 2189 1501 2387 1568; x_wconf 89' lang='lat' dir='ltr'><strong>dicere,</strong></span> <span class='ocrx_word' id='word_1_610' title='bbox 2413 1511 2470 1557; x_wconf 88' lang='lat' dir='ltr'><strong>et</strong></span> <span class='ocrx_word' id='word_1_611' title='bbox 2493 1503 2606 1556; x_wconf 87' lang='lat' dir='ltr'><strong>sola</strong></span> <span class='ocrx_word' id='word_1_612' title='bbox 2631 1516 2756 1556; x_wconf 88' lang='lat' dir='ltr'><strong>caro</strong></span> <span class='ocrx_word' id='word_1_613' title='bbox 2781 1500 2978 1556; x_wconf 86' lang='lat' dir='ltr'><strong>Christi</strong></span> <span class='ocrx_word' id='word_1_614' title='bbox 3009 1500 3181 1556; x_wconf 88' lang='lat' dir='ltr'><strong>dictus</strong></span> <span class='ocrx_word' id='word_1_615' title='bbox 3207 1510 3288 1555; x_wconf 90' lang='lat' dir='ltr'><strong>est</strong></span> <span class='ocrx_word' id='word_1_616' title='bbox 3333 1500 3596 1560; x_wconf 87' lang='lat' dir='ltr'><strong>Christus.</strong></span> <span class='ocrx_word' id='word_1_617' title='bbox 3635 1499 3771 1555; x_wconf 89' lang='lat' dir='ltr'><strong>Cre-</strong></span> 
     </span>
    </p>
   </div>
   <div class='ocr_carea' id='block_1_76' title="bbox 2189 1591 3771 1657">
    <p class='ocr_par' dir='ltr' id='par_1_76' title="bbox 2189 1591 3771 1657">
     <span class='ocr_line' id='line_1_76' title="bbox 2189 1591 3771 1657; baseline -0.001 -10"><span class='ocrx_word' id='word_1_618' title='bbox 2189 1592 2363 1648; x_wconf 92' lang='lat' dir='ltr'><strong>dimus</strong></span> <span class='ocrx_word' id='word_1_619' title='bbox 2385 1602 2528 1647; x_wconf 91' lang='lat' dir='ltr'><strong>certe</strong></span> <span class='ocrx_word' id='word_1_620' title='bbox 2570 1608 2674 1647; x_wconf 91' lang='lat' dir='ltr'><strong>non</strong></span> <span class='ocrx_word' id='word_1_621' title='bbox 2713 1593 2765 1646; x_wconf 91' lang='lat' dir='ltr'><strong>in</strong></span> <span class='ocrx_word' id='word_1_622' title='bbox 2805 1593 2976 1648; x_wconf 91' lang='lat' dir='ltr'><strong>solum</strong></span> <span class='ocrx_word' id='word_1_623' title='bbox 3021 1593 3186 1647; x_wconf 90' lang='lat' dir='ltr'><strong>Deum</strong></span> <span class='ocrx_word' id='word_1_624' title='bbox 3217 1591 3447 1657; x_wconf 88' lang='lat' dir='ltr'><strong>Patrem,</strong></span> <span class='ocrx_word' id='word_1_625' title='bbox 3490 1591 3583 1646; x_wconf 89' lang='lat' dir='ltr'><strong>sed</strong></span> <span class='ocrx_word' id='word_1_626' title='bbox 3623 1601 3677 1646; x_wconf 91' lang='lat' dir='ltr'><strong>et</strong></span> <span class='ocrx_word' id='word_1_627' title='bbox 3719 1593 3771 1646; x_wconf 92' lang='lat' dir='ltr'><strong>in</strong></span> 
     </span>
    </p>
   </div>
   <div class='ocr_carea' id='block_1_77' title="bbox 2190 1680 3768 1751">
    <p class='ocr_par' dir='ltr' id='par_1_77' title="bbox 2190 1680 3768 1751">
     <span class='ocr_line' id='line_1_77' title="bbox 2190 1680 3768 1751; baseline -0.003 -14"><span class='ocrx_word' id='word_1_628' title='bbox 2190 1682 2368 1737; x_wconf 85' lang='lat' dir='ltr'><strong>Jesum</strong></span> <span class='ocrx_word' id='word_1_629' title='bbox 2399 1683 2664 1737; x_wconf 83' lang='lat' dir='ltr'><strong>Christum</strong></span> <span class='ocrx_word' id='word_1_630' title='bbox 2709 1681 2899 1736; x_wconf 86' lang='lat' dir='ltr'><strong>Filium</strong></span> <span class='ocrx_word' id='word_1_631' title='bbox 2942 1680 3057 1751; x_wconf 89' lang='lat' dir='ltr'><strong>ejus</strong></span> <span class='ocrx_word' id='word_1_632' title='bbox 3100 1681 3312 1735; x_wconf 90' lang='lat' dir='ltr'><strong>unicum</strong></span> <span class='ocrx_word' id='word_1_633' title='bbox 3357 1681 3634 1734; x_wconf 89' lang='lat' dir='ltr'><strong>Dominum</strong></span> <span class='ocrx_word' id='word_1_634' title='bbox 3666 1696 3768 1735; x_wconf 80' lang='lat' dir='ltr'><strong>no-</strong></span> 
     </span>
    </p>
   </div>
   <div class='ocr_carea' id='block_1_78' title="bbox 2195 1771 3773 1840">
    <p class='ocr_par' dir='ltr' id='par_1_78' title="bbox 2195 1771 3773 1840">
     <span class='ocr_line' id='line_1_78' title="bbox 2195 1771 3773 1840; baseline -0.002 -12"><span class='ocrx_word' id='word_1_635' title='bbox 2195 1782 2363 1828; x_wconf 91' lang='lat' dir='ltr'><strong>strum</strong></span> <span class='ocrx_word' id='word_1_636' title='bbox 2396 1791 2410 1827; x_wconf 92' lang='lat'><strong>:</strong></span> <span class='ocrx_word' id='word_1_637' title='bbox 2439 1773 2598 1828; x_wconf 91' lang='lat' dir='ltr'><strong>modo</strong></span> <span class='ocrx_word' id='word_1_638' title='bbox 2629 1781 2792 1827; x_wconf 92' lang='lat' dir='ltr'><strong>totum</strong></span> <span class='ocrx_word' id='word_1_639' title='bbox 2824 1773 2953 1840; x_wconf 87' lang='lat' dir='ltr'><strong>dixi,</strong></span> <span class='ocrx_word' id='word_1_640' title='bbox 2986 1772 3039 1826; x_wconf 89' lang='lat' dir='ltr'><strong>in</strong></span> <span class='ocrx_word' id='word_1_641' title='bbox 3065 1771 3245 1828; x_wconf 83' lang='lat' dir='ltr'><strong>Jesum</strong></span> <span class='ocrx_word' id='word_1_642' title='bbox 3271 1771 3537 1827; x_wconf 89' lang='lat' dir='ltr'><strong>Christum</strong></span> <span class='ocrx_word' id='word_1_643' title='bbox 3577 1772 3773 1826; x_wconf 85' lang='lat' dir='ltr'><strong>Filium</strong></span> 
     </span>
    </p>
   </div>
   <div class='ocr_carea' id='block_1_79' title="bbox 2191 1861 3772 1939">
    <p class='ocr_par' dir='ltr' id='par_1_79' title="bbox 2191 1861 3772 1939">
     <span class='ocr_line' id='line_1_79' title="bbox 2191 1861 3772 1939; baseline -0.004 -19"><span class='ocrx_word' id='word_1_644' title='bbox 2191 1865 2306 1934; x_wconf 86' lang='lat' dir='ltr'><strong>ejus</strong></span> <span class='ocrx_word' id='word_1_645' title='bbox 2340 1864 2554 1918; x_wconf 91' lang='lat' dir='ltr'><strong>unicum</strong></span> <span class='ocrx_word' id='word_1_646' title='bbox 2586 1863 2866 1918; x_wconf 89' lang='lat' dir='ltr'><strong>Dominum</strong></span> <span class='ocrx_word' id='word_1_647' title='bbox 2893 1871 3158 1939; x_wconf 68' lang='lat' dir='ltr'><strong>nostrum.</strong></span> <span class='ocrx_word' id='word_1_648' title='bbox 3189 1861 3380 1916; x_wconf 87' lang='lat' dir='ltr'><strong>Totum</strong></span> <span class='ocrx_word' id='word_1_649' title='bbox 3413 1861 3483 1915; x_wconf 90' lang='lat' dir='ltr'><strong>ibi</strong></span> <span class='ocrx_word' id='word_1_650' title='bbox 3515 1861 3772 1932; x_wconf 74' lang='lat' dir='ltr'><strong>intelligo,</strong></span> 
     </span>
    </p>
   </div>
   <div class='ocr_carea' id='block_1_80' title="bbox 2190 1953 3776 2025">
    <p class='ocr_par' dir='ltr' id='par_1_80' title="bbox 2190 1953 3776 2025">
     <span class='ocr_line' id='line_1_80' title="bbox 2190 1953 3776 2025; baseline -0.002 -15"><span class='ocrx_word' id='word_1_651' title='bbox 2190 1965 2244 2010; x_wconf 88' lang='lat' dir='ltr'><strong>et</strong></span> <span class='ocrx_word' id='word_1_652' title='bbox 2285 1954 2538 2021; x_wconf 87' lang='lat' dir='ltr'><strong>Verbum,</strong></span> <span class='ocrx_word' id='word_1_653' title='bbox 2569 1963 2624 2009; x_wconf 90' lang='lat' dir='ltr'><strong>et</strong></span> <span class='ocrx_word' id='word_1_654' title='bbox 2648 1955 2901 2019; x_wconf 88' lang='lat' dir='ltr'><strong>animam,</strong></span> <span class='ocrx_word' id='word_1_655' title='bbox 2944 1963 2998 2011; x_wconf 86' lang='lat' dir='ltr'><strong>et</strong></span> <span class='ocrx_word' id='word_1_656' title='bbox 3033 1969 3270 2010; x_wconf 86' lang='lat' dir='ltr'><strong>carnem.</strong></span> <span class='ocrx_word' id='word_1_657' title='bbox 3298 1953 3406 2010; x_wconf 89' lang='lat' dir='ltr'><strong>Sed</strong></span> <span class='ocrx_word' id='word_1_658' title='bbox 3433 1954 3611 2025; x_wconf 89' lang='lat' dir='ltr'><strong>utique</strong></span> <span class='ocrx_word' id='word_1_659' title='bbox 3640 1969 3776 2009; x_wconf 75' lang='lat' dir='ltr'><strong>80n-</strong></span> 
     </span>
    </p>
   </div>
   <div class='ocr_carea' id='block_1_81' title="bbox 2193 2045 3778 2116">
    <p class='ocr_par' dir='ltr' id='par_1_81' title="bbox 2193 2045 3778 2116">
     <span class='ocr_line' id='line_1_81' title="bbox 2193 2045 3778 2116; baseline -0.001 -16"><span class='ocrx_word' id='word_1_660' title='bbox 2193 2047 2355 2102; x_wconf 83' lang='lat' dir='ltr'><strong>literis</strong></span> <span class='ocrx_word' id='word_1_661' title='bbox 2383 2048 2543 2102; x_wconf 90' lang='lat' dir='ltr'><strong>etiam</strong></span> <span class='ocrx_word' id='word_1_662' title='bbox 2590 2046 2717 2100; x_wconf 87' lang='lat' dir='ltr'><strong>illttd</strong></span> <span class='ocrx_word' id='word_1_663' title='bbox 2766 2045 2906 2116; x_wconf 86' lang='lat' dir='ltr'><strong>quod</strong></span> <span class='ocrx_word' id='word_1_664' title='bbox 2952 2047 3110 2101; x_wconf 87' lang='lat' dir='ltr'><strong>habet</strong></span> <span class='ocrx_word' id='word_1_665' title='bbox 3149 2046 3337 2102; x_wconf 90' lang='lat' dir='ltr'><strong>eadem</strong></span> <span class='ocrx_word' id='word_1_666' title='bbox 3367 2045 3516 2110; x_wconf 77' lang='lat' dir='ltr'><strong>fides,</strong></span> <span class='ocrx_word' id='word_1_667' title='bbox 3550 2046 3602 2100; x_wconf 93' lang='lat' dir='ltr'><strong>in</strong></span> <span class='ocrx_word' id='word_1_668' title='bbox 3647 2061 3778 2102; x_wconf 87' lang='lat' dir='ltr'><strong>eum</strong></span> 
     </span>
    </p>
   </div>
   <div class='ocr_carea' id='block_1_82' title="bbox 2190 2135 3774 2207">
    <p class='ocr_par' dir='ltr' id='par_1_82' title="bbox 2190 2135 3774 2207">
     <span class='ocr_line' id='line_1_82' title="bbox 2190 2135 3774 2207; baseline 0.001 -17"><span class='ocrx_word' id='word_1_669' title='bbox 2190 2137 2458 2190; x_wconf 90' lang='lat' dir='ltr'><strong>Christum</strong></span> <span class='ocrx_word' id='word_1_670' title='bbox 2506 2145 2557 2192; x_wconf 91' lang='lat' dir='ltr'><strong>te</strong></span> <span class='ocrx_word' id='word_1_671' title='bbox 2602 2135 2820 2192; x_wconf 81' lang='lat' dir='ltr'><strong>credere</strong></span> <span class='ocrx_word' id='word_1_672' title='bbox 2859 2137 2948 2206; x_wconf 89' lang='lat' dir='ltr'><strong>qui</strong></span> <span class='ocrx_word' id='word_1_673' title='bbox 2978 2136 3262 2191; x_wconf 81' lang='lat' dir='ltr'><strong>cruciﬁxus</strong></span> <span class='ocrx_word' id='word_1_674' title='bbox 3304 2144 3387 2192; x_wconf 88' lang='lat' dir='ltr'><strong>est</strong></span> <span class='ocrx_word' id='word_1_675' title='bbox 3413 2146 3467 2191; x_wconf 90' lang='lat' dir='ltr'><strong>et</strong></span> <span class='ocrx_word' id='word_1_676' title='bbox 3508 2137 3774 2207; x_wconf 89' lang='lat' dir='ltr'><strong>sepultus.</strong></span> 
     </span>
    </p>
   </div>
   <div class='ocr_carea' id='block_1_83' title="bbox 2194 2227 3781 2298">
    <p class='ocr_par' dir='ltr' id='par_1_83' title="bbox 2194 2227 3781 2298">
     <span class='ocr_line' id='line_1_83' title="bbox 2194 2227 3781 2298; baseline 0 -16"><span class='ocrx_word' id='word_1_677' title='bbox 2194 2227 2335 2298; x_wconf 82' lang='lat' dir='ltr'><strong>Ergo</strong></span> <span class='ocrx_word' id='word_1_678' title='bbox 2379 2229 2536 2282; x_wconf 87' lang='lat' dir='ltr'><strong>etiam</strong></span> <span class='ocrx_word' id='word_1_679' title='bbox 2565 2229 2828 2297; x_wconf 90' lang='lat' dir='ltr'><strong>sepultum</strong></span> <span class='ocrx_word' id='word_1_680' title='bbox 2857 2227 3122 2282; x_wconf 87' lang='lat' dir='ltr'><strong>Christum</strong></span> <span class='ocrx_word' id='word_1_681' title='bbox 3169 2242 3286 2282; x_wconf 90' lang='lat' dir='ltr'><strong>esse</strong></span> <span class='ocrx_word' id='word_1_682' title='bbox 3333 2242 3439 2282; x_wconf 90' lang='lat' dir='ltr'><strong>non</strong></span> <span class='ocrx_word' id='word_1_683' title='bbox 3480 2242 3642 2297; x_wconf 75' lang='lat' dir='ltr'><strong>negas</strong></span> <span class='ocrx_word' id='word_1_684' title='bbox 3677 2245 3690 2280; x_wconf 94' lang='lat'><strong>:</strong></span> <span class='ocrx_word' id='word_1_685' title='bbox 3725 2238 3781 2282; x_wconf 82' lang='lat' dir='ltr'><strong>et</strong></span> 
     </span>
    </p>
   </div>
   <div class='ocr_carea' id='block_1_84' title="bbox 2195 2319 3777 2389">
    <p class='ocr_par' dir='ltr' id='par_1_84' title="bbox 2195 2319 3777 2389">
     <span class='ocr_line' id='line_1_84' title="bbox 2195 2319 3777 2389; baseline -0.002 -15"><span class='ocrx_word' id='word_1_686' title='bbox 2195 2328 2368 2374; x_wconf 90' lang='lat' dir='ltr'><strong>tamen</strong></span> <span class='ocrx_word' id='word_1_687' title='bbox 2411 2320 2522 2373; x_wconf 91' lang='lat' dir='ltr'><strong>sola</strong></span> <span class='ocrx_word' id='word_1_688' title='bbox 2547 2334 2672 2374; x_wconf 90' lang='lat' dir='ltr'><strong>caro</strong></span> <span class='ocrx_word' id='word_1_689' title='bbox 2701 2321 2906 2389; x_wconf 90' lang='lat' dir='ltr'><strong>sepulta</strong></span> <span class='ocrx_word' id='word_1_690' title='bbox 2934 2329 3035 2375; x_wconf 91' lang='lat' dir='ltr'><strong>est.</strong></span> <span class='ocrx_word' id='word_1_691' title='bbox 3064 2319 3120 2374; x_wconf 87' lang='lat' dir='ltr'><strong>Si</strong></span> <span class='ocrx_word' id='word_1_692' title='bbox 3147 2320 3288 2374; x_wconf 89' lang='lat' dir='ltr'><strong>enim</strong></span> <span class='ocrx_word' id='word_1_693' title='bbox 3320 2328 3436 2375; x_wconf 80' lang='lat' dir='ltr'><strong>erat</strong></span> <span class='ocrx_word' id='word_1_694' title='bbox 3462 2319 3533 2374; x_wconf 92' lang='lat' dir='ltr'><strong>ibi</strong></span> <span class='ocrx_word' id='word_1_695' title='bbox 3558 2320 3740 2373; x_wconf 86' lang='lat' dir='ltr'><strong>anima</strong></span> <span class='ocrx_word' id='word_1_696' title='bbox 3763 2361 3777 2379; x_wconf 87' lang='lat'><strong>,</strong></span> 
     </span>
    </p>
   </div>
   <div class='ocr_carea' id='block_1_85' title="bbox 2194 2412 3782 2480">
    <p class='ocr_par' dir='ltr' id='par_1_85' title="bbox 2194 2412 3782 2480">
     <span class='ocr_line' id='line_1_85' title="bbox 2194 2412 3782 2480; baseline 0 -14"><span class='ocrx_word' id='word_1_697' title='bbox 2194 2427 2300 2467; x_wconf 92' lang='lat' dir='ltr'><strong>non</strong></span> <span class='ocrx_word' id='word_1_698' title='bbox 2343 2422 2456 2468; x_wconf 90' lang='lat' dir='ltr'><strong>erat</strong></span> <span class='ocrx_word' id='word_1_699' title='bbox 2484 2421 2722 2468; x_wconf 90' lang='lat' dir='ltr'><strong>mortuus</strong></span> <span class='ocrx_word' id='word_1_700' title='bbox 2751 2430 2763 2466; x_wconf 93' lang='lat'>:</span> <span class='ocrx_word' id='word_1_701' title='bbox 2791 2413 2837 2466; x_wconf 90' lang='lat' dir='ltr'><strong>si</strong></span> <span class='ocrx_word' id='word_1_702' title='bbox 2860 2422 3035 2466; x_wconf 87' lang='lat' dir='ltr'><strong>autem</strong></span> <span class='ocrx_word' id='word_1_703' title='bbox 3075 2427 3197 2468; x_wconf 91' lang='lat' dir='ltr'><strong>vera</strong></span> <span class='ocrx_word' id='word_1_704' title='bbox 3227 2426 3372 2466; x_wconf 92' lang='lat' dir='ltr'><strong>mors</strong></span> <span class='ocrx_word' id='word_1_705' title='bbox 3399 2420 3532 2477; x_wconf 87' lang='lat' dir='ltr'><strong>erat,</strong></span> <span class='ocrx_word' id='word_1_706' title='bbox 3573 2420 3632 2466; x_wconf 94' lang='lat' dir='ltr'><strong>ut</strong></span> <span class='ocrx_word' id='word_1_707' title='bbox 3658 2412 3782 2480; x_wconf 83' lang='lat' dir='ltr'><strong>ejus</strong></span> 
     </span>
    </p>
   </div>
   <div class='ocr_carea' id='block_1_86' title="bbox 2192 2501 3776 2573">
    <p class='ocr_par' dir='ltr' id='par_1_86' title="bbox 2192 2501 3776 2573">
     <span class='ocr_line' id='line_1_86' title="bbox 2192 2501 3776 2573; baseline 0 -16"><span class='ocrx_word' id='word_1_708' title='bbox 2192 2518 2316 2558; x_wconf 86' lang='lat' dir='ltr'><strong>vera</strong></span> <span class='ocrx_word' id='word_1_709' title='bbox 2358 2504 2427 2558; x_wconf 88' lang='lat' dir='ltr'><strong>sit</strong></span> <span class='ocrx_word' id='word_1_710' title='bbox 2454 2505 2793 2570; x_wconf 89' lang='lat' dir='ltr'><strong>resurrectio,</strong></span> <span class='ocrx_word' id='word_1_711' title='bbox 2840 2503 2955 2558; x_wconf 89' lang='lat' dir='ltr'><strong>sine</strong></span> <span class='ocrx_word' id='word_1_712' title='bbox 2985 2503 3159 2557; x_wconf 88' lang='lat' dir='ltr'><strong>anima</strong></span> <span class='ocrx_word' id='word_1_713' title='bbox 3189 2501 3360 2558; x_wconf 78' lang='lat' dir='ltr'><strong>fuerat</strong></span> <span class='ocrx_word' id='word_1_714' title='bbox 3405 2504 3455 2557; x_wconf 92' lang='lat' dir='ltr'><strong>in</strong></span> <span class='ocrx_word' id='word_1_715' title='bbox 3487 2503 3776 2573; x_wconf 81' lang='lat' dir='ltr'><strong>sepulcro;</strong></span> 
     </span>
    </p>
   </div>
   <div class='ocr_carea' id='block_1_87' title="bbox 2194 2593 3785 2665">
    <p class='ocr_par' dir='ltr' id='par_1_87' title="bbox 2194 2593 3785 2665">
     <span class='ocr_line' id='line_1_87' title="bbox 2194 2593 3785 2665; baseline -0.001 -15"><span class='ocrx_word' id='word_1_716' title='bbox 2194 2604 2250 2650; x_wconf 92' lang='lat' dir='ltr'><strong>et</strong></span> <span class='ocrx_word' id='word_1_717' title='bbox 2294 2605 2465 2649; x_wconf 90' lang='lat' dir='ltr'><strong>tamen</strong></span> <span class='ocrx_word' id='word_1_718' title='bbox 2510 2595 2749 2665; x_wconf 84' lang='lat' dir='ltr'><strong>sepultus</strong></span> <span class='ocrx_word' id='word_1_719' title='bbox 2789 2603 2872 2650; x_wconf 90' lang='lat' dir='ltr'><strong>est</strong></span> <span class='ocrx_word' id='word_1_720' title='bbox 2907 2595 3165 2650; x_wconf 90' lang='lat' dir='ltr'><strong>Christus.</strong></span> <span class='ocrx_word' id='word_1_721' title='bbox 3209 2595 3346 2664; x_wconf 75' lang='lat' dir='ltr'><strong>Ergo</strong></span> <span class='ocrx_word' id='word_1_722' title='bbox 3386 2593 3628 2650; x_wconf 84' lang='lat' dir='ltr'><strong>Christus</strong></span> <span class='ocrx_word' id='word_1_723' title='bbox 3661 2605 3785 2649; x_wconf 83' lang='lat' dir='ltr'><strong>erat</strong></span> 
     </span>
    </p>
   </div>
   <div class='ocr_carea' id='block_1_88' title="bbox 2194 2684 3778 2754">
    <p class='ocr_par' dir='ltr' id='par_1_88' title="bbox 2194 2684 3778 2754">
     <span class='ocr_line' id='line_1_88' title="bbox 2194 2684 3778 2754; baseline -0.003 -13"><span class='ocrx_word' id='word_1_724' title='bbox 2194 2687 2352 2741; x_wconf 89' lang='lat' dir='ltr'><strong>etiam</strong></span> <span class='ocrx_word' id='word_1_725' title='bbox 2380 2687 2496 2740; x_wconf 92' lang='lat' dir='ltr'><strong>sine</strong></span> <span class='ocrx_word' id='word_1_726' title='bbox 2521 2687 2694 2739; x_wconf 89' lang='lat' dir='ltr'><strong>anima</strong></span> <span class='ocrx_word' id='word_1_727' title='bbox 2719 2701 2864 2750; x_wconf 89' lang='lat' dir='ltr'><strong>caro,</strong></span> <span class='ocrx_word' id='word_1_728' title='bbox 2892 2686 3013 2754; x_wconf 88' lang='lat' dir='ltr'><strong>quia</strong></span> <span class='ocrx_word' id='word_1_729' title='bbox 3039 2701 3143 2740; x_wconf 92' lang='lat' dir='ltr'><strong>non</strong></span> <span class='ocrx_word' id='word_1_730' title='bbox 3171 2693 3252 2739; x_wconf 89' lang='lat' dir='ltr'><strong>est</strong></span> <span class='ocrx_word' id='word_1_731' title='bbox 3268 2685 3472 2754; x_wconf 87' lang='lat' dir='ltr'><strong>sepulta</strong></span> <span class='ocrx_word' id='word_1_732' title='bbox 3500 2684 3601 2739; x_wconf 90' lang='lat' dir='ltr'><strong>nisi</strong></span> <span class='ocrx_word' id='word_1_733' title='bbox 3625 2699 3778 2739; x_wconf 89' lang='lat' dir='ltr'><strong>caro.</strong></span> 
     </span>
    </p>
   </div>
   <div class='ocr_carea' id='block_1_89' title="bbox 2195 2773 3783 2845">
    <p class='ocr_par' dir='ltr' id='par_1_89' title="bbox 2195 2773 3783 2845">
     <span class='ocr_line' id='line_1_89' title="bbox 2195 2773 3783 2845; baseline -0.001 -15"><span class='ocrx_word' id='word_1_734' title='bbox 2195 2776 2349 2831; x_wconf 89' lang='lat' dir='ltr'><strong>Disce</strong></span> <span class='ocrx_word' id='word_1_735' title='bbox 2381 2777 2479 2829; x_wconf 92' lang='lat' dir='ltr'><strong>hoc</strong></span> <span class='ocrx_word' id='word_1_736' title='bbox 2505 2780 2666 2830; x_wconf 87' lang='lat' dir='ltr'><strong>ctiam</strong></span> <span class='ocrx_word' id='word_1_737' title='bbox 2697 2777 2747 2830; x_wconf 92' lang='lat' dir='ltr'><strong>in</strong></span> <span class='ocrx_word' id='word_1_738' title='bbox 2769 2776 3074 2845; x_wconf 88' lang='lat' dir='ltr'><strong>apostolicis</strong></span> <span class='ocrx_word' id='word_1_739' title='bbox 3100 2775 3297 2830; x_wconf 86' lang='lat' dir='ltr'><strong>verbis.</strong></span> <span class='ocrx_word' id='word_1_740' title='bbox 3332 2773 3442 2828; x_wconf 85' lang='lat' dir='ltr'><strong>Hoc</strong></span> <span class='ocrx_word' id='word_1_741' title='bbox 3464 2775 3662 2836; x_wconf 85' lang='lat' dir='ltr'><strong>sentite,</strong></span> <span class='ocrx_word' id='word_1_742' title='bbox 3695 2776 3783 2828; x_wconf 85' lang='lat' dir='ltr'><strong>iu-</strong></span> 
     </span>
    </p>
   </div>
   <div class='ocr_carea' id='block_1_90' title="bbox 2195 2865 3785 2937">
    <p class='ocr_par' dir='ltr' id='par_1_90' title="bbox 2195 2865 3785 2937">
     <span class='ocr_line' id='line_1_90' title="bbox 2195 2865 3785 2937; baseline 0 -17"><span class='ocrx_word' id='word_1_743' title='bbox 2195 2867 2330 2937; x_wconf 89' lang='lat' dir='ltr'><strong>quit,</strong></span> <span class='ocrx_word' id='word_1_744' title='bbox 2356 2869 2412 2921; x_wconf 89' lang='lat' dir='ltr'><strong>in</strong></span> <span class='ocrx_word' id='word_1_745' title='bbox 2433 2868 2588 2934; x_wconf 79' lang='lat' dir='ltr'><strong>vobis,</strong></span> <span class='ocrx_word' id='word_1_746' title='bbox 2610 2867 2744 2937; x_wconf 85' lang='lat' dir='ltr'><strong>quod</strong></span> <span class='ocrx_word' id='word_1_747' title='bbox 2767 2876 2813 2921; x_wconf 87' lang='lat' dir='ltr'><strong>et</strong></span> <span class='ocrx_word' id='word_1_748' title='bbox 2842 2867 2894 2921; x_wconf 88' lang='lat' dir='ltr'><strong>in</strong></span> <span class='ocrx_word' id='word_1_749' title='bbox 2915 2865 3116 2922; x_wconf 80' lang='lat' dir='ltr'><strong>Christo</strong></span> <span class='ocrx_word' id='word_1_750' title='bbox 3130 2867 3162 2920; x_wconf 85' lang='lat' dir='ltr'><strong><em>J</em></strong></span> <span class='ocrx_word' id='word_1_751' title='bbox 3169 2884 3254 2921; x_wconf 91' lang='lat' dir='ltr'><strong>esu</strong></span> <span class='ocrx_word' id='word_1_752' title='bbox 3276 2883 3296 2921; x_wconf 90' lang='lat'><strong><em>:</em></strong></span> <span class='ocrx_word' id='word_1_753' title='bbox 3314 2867 3400 2936; x_wconf 87' lang='lat' dir='ltr'><strong>qui</strong></span> <span class='ocrx_word' id='word_1_754' title='bbox 3413 2883 3524 2920; x_wconf 85' lang='lat' dir='ltr'><strong>cum</strong></span> <span class='ocrx_word' id='word_1_755' title='bbox 3538 2868 3589 2920; x_wconf 89' lang='lat' dir='ltr'><strong>in</strong></span> <span class='ocrx_word' id='word_1_756' title='bbox 3613 2869 3785 2936; x_wconf 66' lang='lat' dir='ltr'><strong>forata</strong></span> 
     </span>
    </p>
   </div>
   <div class='ocr_carea' id='block_1_91' title="bbox 2195 2957 3782 3028">
    <p class='ocr_par' dir='ltr' id='par_1_91' title="bbox 2195 2957 3782 3028">
     <span class='ocr_line' id='line_1_91' title="bbox 2195 2957 3782 3028; baseline -0.001 -16"><span class='ocrx_word' id='word_1_757' title='bbox 2195 2957 2290 3012; x_wconf 88' lang='lat' dir='ltr'><strong>Dei</strong></span> <span class='ocrx_word' id='word_1_758' title='bbox 2309 2969 2452 3025; x_wconf 80' lang='lat' dir='ltr'><strong>esset,</strong></span> <span class='ocrx_word' id='word_1_759' title='bbox 2481 2975 2581 3013; x_wconf 87' lang='lat' dir='ltr'><strong>non</strong></span> <span class='ocrx_word' id='word_1_760' title='bbox 2624 2960 2859 3025; x_wconf 87' lang='lat' dir='ltr'><strong>rapinam</strong></span> <span class='ocrx_word' id='word_1_761' title='bbox 2883 2959 3153 3013; x_wconf 81' lang='lat' dir='ltr'><strong>arbitratus</strong></span> <span class='ocrx_word' id='word_1_762' title='bbox 3174 2969 3244 3014; x_wconf 85' lang='lat' dir='ltr'><strong>est</strong></span> <span class='ocrx_word' id='word_1_763' title='bbox 3265 2975 3368 3012; x_wconf 88' lang='lat' dir='ltr'><strong>esse</strong></span> <span class='ocrx_word' id='word_1_764' title='bbox 3407 2958 3615 3028; x_wconf 69' lang='lat' dir='ltr'><strong>(aqualis</strong></span> <span class='ocrx_word' id='word_1_765' title='bbox 3643 2957 3782 3010; x_wconf 64' lang='lat' dir='ltr'><strong>Deo.</strong></span> 
     </span>
    </p>
   </div>
   <div class='ocr_carea' id='block_1_92' title="bbox 2195 3047 3782 3119">
    <p class='ocr_par' dir='ltr' id='par_1_92' title="bbox 2195 3047 3782 3119">
     <span class='ocr_line' id='line_1_92' title="bbox 2195 3047 3782 3119; baseline -0.001 -17"><span class='ocrx_word' id='word_1_766' title='bbox 2195 3048 2349 3115; x_wconf 87' lang='lat' dir='ltr'><strong>Quis,</strong></span> <span class='ocrx_word' id='word_1_767' title='bbox 2381 3050 2481 3104; x_wconf 88' lang='lat' dir='ltr'><strong>nisi</strong></span> <span class='ocrx_word' id='word_1_768' title='bbox 2506 3048 2748 3104; x_wconf 86' lang='lat' dir='ltr'><strong>Christus</strong></span> <span class='ocrx_word' id='word_1_769' title='bbox 2766 3049 2944 3115; x_wconf 88' lang='lat' dir='ltr'><strong>Jesus,</strong></span> <span class='ocrx_word' id='word_1_770' title='bbox 2975 3057 3227 3119; x_wconf 87' lang='lat' dir='ltr'><strong>quantum</strong></span> <span class='ocrx_word' id='word_1_771' title='bbox 3255 3049 3442 3102; x_wconf 90' lang='lat' dir='ltr'><strong>attinet</strong></span> <span class='ocrx_word' id='word_1_772' title='bbox 3465 3047 3530 3102; x_wconf 89' lang='lat' dir='ltr'><strong>ad</strong></span> <span class='ocrx_word' id='word_1_773' title='bbox 3555 3047 3607 3101; x_wconf 93' lang='lat' dir='ltr'><strong>id</strong></span> <span class='ocrx_word' id='word_1_774' title='bbox 3633 3050 3782 3117; x_wconf 54' lang='grc' dir='ltr'>(ιιιονι</span> 
     </span>
    </p>
   </div>
   <div class='ocr_carea' id='block_1_93' title="bbox 2195 3138 3786 3208">
    <p class='ocr_par' dir='ltr' id='par_1_93' title="bbox 2195 3138 3786 3208">
     <span class='ocr_line' id='line_1_93' title="bbox 2195 3138 3786 3208; baseline 0 -16"><span class='ocrx_word' id='word_1_775' title='bbox 2195 3150 2276 3193; x_wconf 89' lang='lat' dir='ltr'><strong>cst</strong></span> <span class='ocrx_word' id='word_1_776' title='bbox 2305 3140 2552 3200; x_wconf 79' lang='lat' dir='ltr'><strong>Verbum,</strong></span> <span class='ocrx_word' id='word_1_777' title='bbox 2588 3140 2727 3194; x_wconf 92' lang='lat' dir='ltr'><strong>Deus</strong></span> <span class='ocrx_word' id='word_1_778' title='bbox 2753 3139 2891 3208; x_wconf 90' lang='lat' dir='ltr'><strong>apud</strong></span> <span class='ocrx_word' id='word_1_779' title='bbox 2924 3138 3131 3192; x_wconf 88' lang='lat' dir='ltr'><strong>Deum?</strong></span> <span class='ocrx_word' id='word_1_780' title='bbox 3163 3139 3295 3194; x_wconf 88' lang='lat' dir='ltr'><strong>Vide</strong></span> <span class='ocrx_word' id='word_1_781' title='bbox 3323 3148 3496 3193; x_wconf 88' lang='lat' dir='ltr'><strong>autem</strong></span> <span class='ocrx_word' id='word_1_782' title='bbox 3524 3138 3666 3208; x_wconf 90' lang='lat' dir='ltr'><strong>quod</strong></span> <span class='ocrx_word' id='word_1_783' title='bbox 3696 3153 3786 3192; x_wconf 86' lang='lat' dir='ltr'><strong>sc-</strong></span> 
     </span>
    </p>
   </div>
   <div class='ocr_carea' id='block_1_94' title="bbox 2194 3230 3785 3301">
    <p class='ocr_par' dir='ltr' id='par_1_94' title="bbox 2194 3230 3785 3301">
     <span class='ocr_line' id='line_1_94' title="bbox 2194 3230 3785 3301; baseline 0 -18"><span class='ocrx_word' id='word_1_784' title='bbox 2194 3233 2372 3300; x_wconf 84' lang='lat' dir='ltr'><strong>quitur</strong></span> <span class='ocrx_word' id='word_1_785' title='bbox 2400 3249 2413 3284; x_wconf 91' lang='lat'>:</span> <span class='ocrx_word' id='word_1_786' title='bbox 2447 3230 2552 3285; x_wconf 85' lang='lat' dir='ltr'><strong>Sed</strong></span> <span class='ocrx_word' id='word_1_787' title='bbox 2593 3232 2913 3300; x_wconf 80' lang='lat' dir='ltr'><strong>semetipsum</strong></span> <span class='ocrx_word' id='word_1_788' title='bbox 2938 3231 3208 3284; x_wconf 77' lang='lat' dir='ltr'><strong>exinanivit</strong></span> <span class='ocrx_word' id='word_1_789' title='bbox 3237 3234 3452 3301; x_wconf 79' lang='lat' dir='ltr'><strong>formam</strong></span> <span class='ocrx_word' id='word_1_790' title='bbox 3487 3232 3616 3284; x_wconf 77' lang='lat' dir='ltr'><strong>servi</strong></span> <span class='ocrx_word' id='word_1_791' title='bbox 3633 3232 3785 3283; x_wconf 83' lang='lat' dir='ltr'><strong>acci-</strong></span> 
     </span>
    </p>
   </div>
   <div class='ocr_carea' id='block_1_95' title="bbox 2195 3320 3786 3392">
    <p class='ocr_par' dir='ltr' id='par_1_95' title="bbox 2195 3320 3786 3392">
     <span class='ocr_line' id='line_1_95' title="bbox 2195 3320 3786 3392; baseline 0.001 -20"><span class='ocrx_word' id='word_1_792' title='bbox 2195 3322 2334 3390; x_wconf 81' lang='lat' dir='ltr'><strong>piens</strong></span> <span class='ocrx_word' id='word_1_793' title='bbox 2355 3339 2374 3384; x_wconf 90' lang='lat'><strong>;</strong></span> <span class='ocrx_word' id='word_1_794' title='bbox 2396 3322 2447 3374; x_wconf 88' lang='lat' dir='ltr'><strong>in</strong></span> <span class='ocrx_word' id='word_1_795' title='bbox 2466 3320 2794 3374; x_wconf 84' lang='lat' dir='ltr'><strong>similitudine</strong></span> <span class='ocrx_word' id='word_1_796' title='bbox 2813 3321 3069 3373; x_wconf 82' lang='lat' dir='ltr'><strong>hominum</strong></span> <span class='ocrx_word' id='word_1_797' title='bbox 3091 3323 3274 3392; x_wconf 78' lang='lat' dir='ltr'><strong>factus,</strong></span> <span class='ocrx_word' id='word_1_798' title='bbox 3295 3331 3340 3374; x_wconf 86' lang='lat' dir='ltr'><strong>et</strong></span> <span class='ocrx_word' id='word_1_799' title='bbox 3361 3320 3530 3374; x_wconf 78' lang='lat' dir='ltr'><strong>habitu</strong></span> <span class='ocrx_word' id='word_1_800' title='bbox 3548 3321 3786 3374; x_wconf 74' lang='lat' dir='ltr'><strong>inventus</strong></span> 
     </span>
    </p>
   </div>
   <div class='ocr_carea' id='block_1_96' title="bbox 2196 3409 3788 3480">
    <p class='ocr_par' dir='ltr' id='par_1_96' title="bbox 2196 3409 3788 3480">
     <span class='ocr_line' id='line_1_96' title="bbox 2196 3409 3788 3480; baseline 0 -16"><span class='ocrx_word' id='word_1_801' title='bbox 2196 3420 2249 3464; x_wconf 88' lang='lat' dir='ltr'><strong>ut</strong></span> <span class='ocrx_word' id='word_1_802' title='bbox 2275 3412 2442 3464; x_wconf 81' lang='lat' dir='ltr'><strong>homo.</strong></span> <span class='ocrx_word' id='word_1_803' title='bbox 2487 3412 2546 3464; x_wconf 82' lang='lat' dir='ltr'><strong>Et</strong></span> <span class='ocrx_word' id='word_1_804' title='bbox 2576 3409 2676 3464; x_wconf 91' lang='lat' dir='ltr'><strong>hoc</strong></span> <span class='ocrx_word' id='word_1_805' title='bbox 2701 3411 2839 3480; x_wconf 91' lang='lat' dir='ltr'><strong>quis,</strong></span> <span class='ocrx_word' id='word_1_806' title='bbox 2871 3410 2972 3464; x_wconf 85' lang='lat' dir='ltr'><strong>nisi</strong></span> <span class='ocrx_word' id='word_1_807' title='bbox 3003 3411 3141 3465; x_wconf 91' lang='lat' dir='ltr'><strong>idem</strong></span> <span class='ocrx_word' id='word_1_808' title='bbox 3173 3411 3286 3480; x_wconf 88' lang='lat' dir='ltr'><strong>ipse</strong></span> <span class='ocrx_word' id='word_1_809' title='bbox 3308 3409 3553 3466; x_wconf 87' lang='lat' dir='ltr'><strong>Christus</strong></span> <span class='ocrx_word' id='word_1_810' title='bbox 3578 3410 3743 3466; x_wconf 81' lang='lat' dir='ltr'><strong>Jesns</strong></span> <span class='ocrx_word' id='word_1_811' title='bbox 3763 3412 3788 3464; x_wconf 80' lang='lat'><strong>?</strong></span> 
     </span>
    </p>
   </div>
   <div class='ocr_carea' id='block_1_97' title="bbox 2196 3500 3784 3569">
    <p class='ocr_par' dir='ltr' id='par_1_97' title="bbox 2196 3500 3784 3569">
     <span class='ocr_line' id='line_1_97' title="bbox 2196 3500 3784 3569; baseline -0.001 -13"><span class='ocrx_word' id='word_1_812' title='bbox 2196 3500 2300 3556; x_wconf 89' lang='lat' dir='ltr'><strong>Sed</strong></span> <span class='ocrx_word' id='word_1_813' title='bbox 2330 3501 2414 3554; x_wconf 91' lang='lat' dir='ltr'><strong>hic</strong></span> <span class='ocrx_word' id='word_1_814' title='bbox 2455 3501 2566 3569; x_wconf 90' lang='lat' dir='ltr'><strong>jam</strong></span> <span class='ocrx_word' id='word_1_815' title='bbox 2593 3501 2771 3554; x_wconf 90' lang='lat' dir='ltr'><strong>omnia</strong></span> <span class='ocrx_word' id='word_1_816' title='bbox 2799 3510 2940 3567; x_wconf 91' lang='lat' dir='ltr'><strong>sunt,</strong></span> <span class='ocrx_word' id='word_1_817' title='bbox 2972 3510 3026 3556; x_wconf 91' lang='lat' dir='ltr'><strong>et</strong></span> <span class='ocrx_word' id='word_1_818' title='bbox 3072 3501 3298 3556; x_wconf 76' lang='lat' dir='ltr'><strong>Verbum</strong></span> <span class='ocrx_word' id='word_1_819' title='bbox 3342 3501 3394 3555; x_wconf 87' lang='lat' dir='ltr'><strong>in</strong></span> <span class='ocrx_word' id='word_1_820' title='bbox 3422 3501 3590 3555; x_wconf 85' lang='lat' dir='ltr'><strong>forma</strong></span> <span class='ocrx_word' id='word_1_821' title='bbox 3635 3501 3736 3556; x_wconf 87' lang='lat' dir='ltr'><strong>Dei</strong></span> <span class='ocrx_word' id='word_1_822' title='bbox 3765 3542 3784 3567; x_wconf 86' lang='lat'><strong>,</strong></span> 
     </span>
    </p>
   </div>
   <div class='ocr_carea' id='block_1_98' title="bbox 2197 3590 3786 3661">
    <p class='ocr_par' dir='ltr' id='par_1_98' title="bbox 2197 3590 3786 3661">
     <span class='ocr_line' id='line_1_98' title="bbox 2197 3590 3786 3661; baseline 0.001 -17"><span class='ocrx_word' id='word_1_823' title='bbox 2197 3607 2313 3659; x_wconf 72' lang='lat' dir='ltr'><strong>qua:</strong></span> <span class='ocrx_word' id='word_1_824' title='bbox 2337 3592 2540 3661; x_wconf 86' lang='lat' dir='ltr'><strong>accepit</strong></span> <span class='ocrx_word' id='word_1_825' title='bbox 2562 3590 2784 3645; x_wconf 79' lang='lat' dir='ltr'><strong>formam</strong></span> <span class='ocrx_word' id='word_1_826' title='bbox 2807 3592 2944 3646; x_wconf 79' lang='lat' dir='ltr'><strong>servi</strong></span> <span class='ocrx_word' id='word_1_827' title='bbox 2971 3609 2985 3656; x_wconf 90' lang='lat'><strong>;</strong></span> <span class='ocrx_word' id='word_1_828' title='bbox 3013 3601 3066 3646; x_wconf 92' lang='lat' dir='ltr'><strong>et</strong></span> <span class='ocrx_word' id='word_1_829' title='bbox 3093 3591 3267 3645; x_wconf 87' lang='lat' dir='ltr'><strong>anima</strong></span> <span class='ocrx_word' id='word_1_830' title='bbox 3304 3601 3357 3646; x_wconf 91' lang='lat' dir='ltr'><strong>et</strong></span> <span class='ocrx_word' id='word_1_831' title='bbox 3382 3606 3506 3647; x_wconf 79' lang='lat' dir='ltr'><strong>Caro</strong></span> <span class='ocrx_word' id='word_1_832' title='bbox 3533 3593 3586 3647; x_wconf 89' lang='lat' dir='ltr'><strong>in</strong></span> <span class='ocrx_word' id='word_1_833' title='bbox 3608 3592 3786 3646; x_wconf 80' lang='lat' dir='ltr'><strong>forma</strong></span> 
     </span>
    </p>
   </div>
   <div class='ocr_carea' id='block_1_99' title="bbox 2197 3683 3783 3754">
    <p class='ocr_par' dir='ltr' id='par_1_99' title="bbox 2197 3683 3783 3754">
     <span class='ocr_line' id='line_1_99' title="bbox 2197 3683 3783 3754; baseline 0.001 -17"><span class='ocrx_word' id='word_1_834' title='bbox 2197 3684 2356 3747; x_wconf 80' lang='lat' dir='ltr'><strong>servi,</strong></span> <span class='ocrx_word' id='word_1_835' title='bbox 2375 3700 2492 3754; x_wconf 76' lang='lat' dir='ltr'><strong>qua:</strong></span> <span class='ocrx_word' id='word_1_836' title='bbox 2513 3694 2726 3754; x_wconf 87' lang='lat' dir='ltr'><strong>accepta</strong></span> <span class='ocrx_word' id='word_1_837' title='bbox 2757 3693 2839 3738; x_wconf 89' lang='lat' dir='ltr'><strong>est</strong></span> <span class='ocrx_word' id='word_1_838' title='bbox 2865 3699 2894 3740; x_wconf 91' lang='lat' dir='ltr'><strong>a</strong></span> <span class='ocrx_word' id='word_1_839' title='bbox 2923 3685 3089 3738; x_wconf 81' lang='lat' dir='ltr'><strong>forma</strong></span> <span class='ocrx_word' id='word_1_840' title='bbox 3126 3685 3236 3738; x_wconf 91' lang='lat' dir='ltr'><strong>Dei.</strong></span> <span class='ocrx_word' id='word_1_841' title='bbox 3269 3683 3569 3738; x_wconf 80' lang='lat' dir='ltr'><strong>Humiliavit</strong></span> <span class='ocrx_word' id='word_1_842' title='bbox 3589 3697 3783 3739; x_wconf 78' lang='lat' dir='ltr'><strong>semet-</strong></span> 
     </span>
    </p>
   </div>
   <div class='ocr_carea' id='block_1_100' title="bbox 2195 3775 3784 3847">
    <p class='ocr_par' dir='ltr' id='par_1_100' title="bbox 2195 3775 3784 3847">
     <span class='ocr_line' id='line_1_100' title="bbox 2195 3775 3784 3847; baseline 0.004 -19"><span class='ocrx_word' id='word_1_843' title='bbox 2195 3775 2382 3844; x_wconf 84' lang='lat' dir='ltr'><strong>ipsum,</strong></span> <span class='ocrx_word' id='word_1_844' title='bbox 2427 3779 2590 3847; x_wconf 75' lang='lat' dir='ltr'><strong>[actus</strong></span> <span class='ocrx_word' id='word_1_845' title='bbox 2635 3775 2865 3829; x_wconf 80' lang='lat' dir='ltr'><strong>obediens</strong></span> <span class='ocrx_word' id='word_1_846' title='bbox 2892 3792 3047 3844; x_wconf 81' lang='lat' dir='ltr'><strong>usque</strong></span> <span class='ocrx_word' id='word_1_847' title='bbox 3074 3778 3141 3828; x_wconf 87' lang='lat' dir='ltr'><strong>ad</strong></span> <span class='ocrx_word' id='word_1_848' title='bbox 3179 3785 3385 3829; x_wconf 87' lang='lat' dir='ltr'><strong>mortem</strong></span> <span class='ocrx_word' id='word_1_849' title='bbox 3416 3775 3677 3847; x_wconf 69' lang='lat' dir='ltr'><strong>(Philipp.</strong></span> <span class='ocrx_word' id='word_1_850' title='bbox 3711 3795 3784 3844; x_wconf 78' lang='lat' dir='ltr'><strong>tt,</strong></span> 
     </span>
    </p>
   </div>
   <div class='ocr_carea' id='block_1_101' title="bbox 2199 3865 3789 3937">
    <p class='ocr_par' dir='ltr' id='par_1_101' title="bbox 2199 3865 3789 3937">
     <span class='ocr_line' id='line_1_101' title="bbox 2199 3865 3789 3937; baseline 0.001 -17"><span class='ocrx_word' id='word_1_851' title='bbox 2199 3865 2341 3937; x_wconf 81' lang='lat'><strong>6-8).</strong></span> <span class='ocrx_word' id='word_1_852' title='bbox 2372 3865 2488 3920; x_wconf 85' lang='lat' dir='ltr'><strong>Jatn</strong></span> <span class='ocrx_word' id='word_1_853' title='bbox 2516 3866 2566 3919; x_wconf 91' lang='lat' dir='ltr'><strong>in</strong></span> <span class='ocrx_word' id='word_1_854' title='bbox 2594 3875 2764 3920; x_wconf 91' lang='lat' dir='ltr'><strong>morte</strong></span> <span class='ocrx_word' id='word_1_855' title='bbox 2806 3865 2918 3920; x_wconf 89' lang='lat' dir='ltr'><strong>sola</strong></span> <span class='ocrx_word' id='word_1_856' title='bbox 2953 3880 3076 3920; x_wconf 87' lang='lat' dir='ltr'><strong>caro</strong></span> <span class='ocrx_word' id='word_1_857' title='bbox 3103 3875 3186 3920; x_wconf 73' lang='lat' dir='ltr'><strong>est</strong></span> <span class='ocrx_word' id='word_1_858' title='bbox 3207 3881 3237 3919; x_wconf 94' lang='lat' dir='ltr'><strong>a</strong></span> <span class='ocrx_word' id='word_1_859' title='bbox 3266 3865 3462 3920; x_wconf 67' lang='lat' dir='ltr'><strong>Judzeis</strong></span> <span class='ocrx_word' id='word_1_860' title='bbox 3491 3866 3691 3926; x_wconf 86' lang='lat' dir='ltr'><strong>occisa.</strong></span> <span class='ocrx_word' id='word_1_861' title='bbox 3729 3869 3789 3922; x_wconf 84' lang='lat' dir='ltr'><strong>Si</strong></span> 
     </span>
    </p>
   </div>
   <div class='ocr_carea' id='block_1_102' title="bbox 2195 3955 3791 4027">
    <p class='ocr_par' dir='ltr' id='par_1_102' title="bbox 2195 3955 3791 4027">
     <span class='ocr_line' id='line_1_102' title="bbox 2195 3955 3791 4027; baseline 0 -16"><span class='ocrx_word' id='word_1_862' title='bbox 2195 3957 2338 4011; x_wconf 91' lang='lat' dir='ltr'><strong>enim</strong></span> <span class='ocrx_word' id='word_1_863' title='bbox 2378 3956 2652 4027; x_wconf 90' lang='lat' dir='ltr'><strong>discipulis</strong></span> <span class='ocrx_word' id='word_1_864' title='bbox 2696 3956 2847 4022; x_wconf 85' lang='lat' dir='ltr'><strong>dixit,</strong></span> <span class='ocrx_word' id='word_1_865' title='bbox 2878 3955 3053 4011; x_wconf 85' lang='lat' dir='ltr'><strong>Nolite</strong></span> <span class='ocrx_word' id='word_1_866' title='bbox 3088 3957 3259 4010; x_wconf 87' lang='lat' dir='ltr'><strong>timere</strong></span> <span class='ocrx_word' id='word_1_867' title='bbox 3304 3973 3386 4011; x_wconf 85' lang='lat' dir='ltr'><strong>eos</strong></span> <span class='ocrx_word' id='word_1_868' title='bbox 3425 3957 3510 4024; x_wconf 77' lang='lat' dir='ltr'><strong>qui</strong></span> <span class='ocrx_word' id='word_1_869' title='bbox 3540 3958 3791 4011; x_wconf 82' lang='lat' dir='ltr'><strong>occidunt</strong></span> 
     </span>
    </p>
   </div>
   <div class='ocr_carea' id='block_1_103' title="bbox 2197 4046 3786 4117">
    <p class='ocr_par' dir='ltr' id='par_1_103' title="bbox 2197 4046 3786 4117">
     <span class='ocr_line' id='line_1_103' title="bbox 2197 4046 3786 4117; baseline 0.003 -19"><span class='ocrx_word' id='word_1_870' title='bbox 2197 4062 2398 4117; x_wconf 83' lang='lat' dir='ltr'><strong>corpus,</strong></span> <span class='ocrx_word' id='word_1_871' title='bbox 2420 4047 2642 4100; x_wconf 87' lang='lat' dir='ltr'><strong>animam</strong></span> <span class='ocrx_word' id='word_1_872' title='bbox 2663 4055 2829 4101; x_wconf 88' lang='lat' dir='ltr'><strong>autem</strong></span> <span class='ocrx_word' id='word_1_873' title='bbox 2866 4063 2967 4101; x_wconf 84' lang='lat' dir='ltr'><strong>non</strong></span> <span class='ocrx_word' id='word_1_874' title='bbox 2996 4058 3202 4116; x_wconf 85' lang='lat' dir='ltr'><strong>possunt</strong></span> <span class='ocrx_word' id='word_1_875' title='bbox 3229 4046 3453 4100; x_wconf 87' lang='lat' dir='ltr'><strong>occidere</strong></span> <span class='ocrx_word' id='word_1_876' title='bbox 3475 4047 3689 4117; x_wconf 80' lang='lat' dir='ltr'><strong>(Matth.</strong></span> <span class='ocrx_word' id='word_1_877' title='bbox 3729 4066 3786 4114; x_wconf 16' lang='lat' dir='ltr'><strong>xc,</strong></span> 
     </span>
    </p>
   </div>
   <div class='ocr_carea' id='block_1_104' title="bbox 2195 4139 3791 4212">
    <p class='ocr_par' dir='ltr' id='par_1_104' title="bbox 2195 4139 3791 4212">
     <span class='ocr_line' id='line_1_104' title="bbox 2195 4139 3791 4212; baseline 0.003 -20"><span class='ocrx_word' id='word_1_878' title='bbox 2195 4139 2320 4208; x_wconf 74' lang='lat'><strong>28);</strong></span> <span class='ocrx_word' id='word_1_879' title='bbox 2354 4139 2605 4207; x_wconf 84' lang='lat' dir='ltr'><strong>numquid</strong></span> <span class='ocrx_word' id='word_1_880' title='bbox 2651 4139 2702 4193; x_wconf 93' lang='lat' dir='ltr'><strong>in</strong></span> <span class='ocrx_word' id='word_1_881' title='bbox 2749 4139 2862 4209; x_wconf 90' lang='lat' dir='ltr'><strong>ipso</strong></span> <span class='ocrx_word' id='word_1_882' title='bbox 2890 4148 3176 4208; x_wconf 85' lang='lat' dir='ltr'><strong>potuerunt</strong></span> <span class='ocrx_word' id='word_1_883' title='bbox 3219 4140 3338 4209; x_wconf 85' lang='lat' dir='ltr'><strong>plus</strong></span> <span class='ocrx_word' id='word_1_884' title='bbox 3382 4156 3539 4210; x_wconf 87' lang='lat' dir='ltr'><strong>quam</strong></span> <span class='ocrx_word' id='word_1_885' title='bbox 3582 4156 3791 4212; x_wconf 85' lang='lat' dir='ltr'><strong>corpus</strong></span> 
     </span>
    </p>
   </div>
   <div class='ocr_carea' id='block_1_105' title="bbox 2195 4228 3793 4290">
    <p class='ocr_par' dir='ltr' id='par_1_105' title="bbox 2195 4228 3793 4290">
     <span class='ocr_line' id='line_1_105' title="bbox 2195 4228 3793 4290; baseline 0.005 -8"><span class='ocrx_word' id='word_1_886' title='bbox 2195 4228 2479 4284; x_wconf 81' lang='lat' dir='ltr'><strong>occidere?</strong></span> <span class='ocrx_word' id='word_1_887' title='bbox 2521 4230 2590 4284; x_wconf 84' lang='lat' dir='ltr'><strong>Et</strong></span> <span class='ocrx_word' id='word_1_888' title='bbox 2637 4240 2810 4284; x_wconf 87' lang='lat' dir='ltr'><strong>tamen</strong></span> <span class='ocrx_word' id='word_1_889' title='bbox 2861 4245 3021 4286; x_wconf 90' lang='lat' dir='ltr'><strong>carne</strong></span> <span class='ocrx_word' id='word_1_890' title='bbox 3069 4230 3242 4285; x_wconf 89' lang='lat' dir='ltr'><strong>occisa</strong></span> <span class='ocrx_word' id='word_1_891' title='bbox 3284 4230 3526 4287; x_wconf 90' lang='lat' dir='ltr'><strong>Christus</strong></span> <span class='ocrx_word' id='word_1_892' title='bbox 3567 4235 3793 4290; x_wconf 81' lang='lat' dir='ltr'><strong>occisus</strong></span> 
     </span>
    </p>
   </div>
   <div class='ocr_carea' id='block_1_106' title="bbox 2196 4320 3791 4392">
    <p class='ocr_par' dir='ltr' id='par_1_106' title="bbox 2196 4320 3791 4392">
     <span class='ocr_line' id='line_1_106' title="bbox 2196 4320 3791 4392; baseline 0.003 -17"><span class='ocrx_word' id='word_1_893' title='bbox 2196 4329 2296 4375; x_wconf 88' lang='lat' dir='ltr'><strong>est.</strong></span> <span class='ocrx_word' id='word_1_894' title='bbox 2337 4320 2411 4375; x_wconf 88' lang='lat' dir='ltr'><strong>lta</strong></span> <span class='ocrx_word' id='word_1_895' title='bbox 2439 4336 2560 4376; x_wconf 93' lang='lat' dir='ltr'><strong>cum</strong></span> <span class='ocrx_word' id='word_1_896' title='bbox 2595 4335 2720 4376; x_wconf 89' lang='lat' dir='ltr'><strong>caro</strong></span> <span class='ocrx_word' id='word_1_897' title='bbox 2749 4321 2977 4376; x_wconf 87' lang='lat' dir='ltr'><strong>animam</strong></span> <span class='ocrx_word' id='word_1_898' title='bbox 3021 4325 3216 4392; x_wconf 89' lang='lat' dir='ltr'><strong>posuit,</strong></span> <span class='ocrx_word' id='word_1_899' title='bbox 3263 4320 3504 4379; x_wconf 89' lang='lat' dir='ltr'><strong>Christus</strong></span> <span class='ocrx_word' id='word_1_900' title='bbox 3542 4324 3791 4380; x_wconf 82' lang='lat' dir='ltr'><strong>animam</strong></span> 
     </span>
    </p>
   </div>
   <div class='ocr_carea' id='block_1_107' title="bbox 2196 4412 3786 4484">
    <p class='ocr_par' dir='ltr' id='par_1_107' title="bbox 2196 4412 3786 4484">
     <span class='ocr_line' id='line_1_107' title="bbox 2196 4412 3786 4484; baseline 0.002 -18"><span class='ocrx_word' id='word_1_901' title='bbox 2196 4412 2402 4480; x_wconf 77' lang='lat' dir='ltr'><strong>posuit;</strong></span> <span class='ocrx_word' id='word_1_902' title='bbox 2432 4420 2486 4467; x_wconf 91' lang='lat' dir='ltr'><strong>et</strong></span> <span class='ocrx_word' id='word_1_903' title='bbox 2510 4427 2630 4466; x_wconf 89' lang='lat' dir='ltr'><strong>eum</strong></span> <span class='ocrx_word' id='word_1_904' title='bbox 2659 4426 2802 4476; x_wconf 91' lang='lat' dir='ltr'><strong>caro,</strong></span> <span class='ocrx_word' id='word_1_905' title='bbox 2836 4420 2896 4466; x_wconf 92' lang='lat' dir='ltr'><strong>ut</strong></span> <span class='ocrx_word' id='word_1_906' title='bbox 2920 4422 3242 4480; x_wconf 76' lang='lat' dir='ltr'><strong>resurgeret,</strong></span> <span class='ocrx_word' id='word_1_907' title='bbox 3268 4413 3500 4468; x_wconf 88' lang='lat' dir='ltr'><strong>animam</strong></span> <span class='ocrx_word' id='word_1_908' title='bbox 3525 4417 3786 4484; x_wconf 88' lang='lat' dir='ltr'><strong>sumpsit,</strong></span> 
     </span>
    </p>
   </div>
   <div class='ocr_carea' id='block_1_108' title="bbox 2195 4502 3792 4574">
    <p class='ocr_par' dir='ltr' id='par_1_108' title="bbox 2195 4502 3792 4574">
     <span class='ocr_line' id='line_1_108' title="bbox 2195 4502 3792 4574; baseline 0.004 -17"><span class='ocrx_word' id='word_1_909' title='bbox 2195 4502 2436 4558; x_wconf 91' lang='lat' dir='ltr'><strong>Christus</strong></span> <span class='ocrx_word' id='word_1_910' title='bbox 2460 4503 2690 4557; x_wconf 89' lang='lat' dir='ltr'><strong>animam</strong></span> <span class='ocrx_word' id='word_1_911' title='bbox 2714 4503 2955 4574; x_wconf 75' lang='lat' dir='ltr'><strong>sumpsit.</strong></span> <span class='ocrx_word' id='word_1_912' title='bbox 2988 4503 3094 4560; x_wconf 89' lang='lat' dir='ltr'><strong>Nec</strong></span> <span class='ocrx_word' id='word_1_913' title='bbox 3119 4514 3295 4561; x_wconf 90' lang='lat' dir='ltr'><strong>tamen</strong></span> <span class='ocrx_word' id='word_1_914' title='bbox 3314 4513 3574 4574; x_wconf 79' lang='lat' dir='ltr'><strong>potestate</strong></span> <span class='ocrx_word' id='word_1_915' title='bbox 3595 4510 3792 4564; x_wconf 85' lang='lat' dir='ltr'><strong>carnis</strong></span> 
     </span>
    </p>
   </div>
   <div class='ocr_carea' id='block_1_109' title="bbox 2195 4592 3788 4666">
    <p class='ocr_par' dir='ltr' id='par_1_109' title="bbox 2195 4592 3788 4666">
     <span class='ocr_line' id='line_1_109' title="bbox 2195 4592 3788 4666; baseline 0.004 -19"><span class='ocrx_word' id='word_1_916' title='bbox 2195 4593 2297 4648; x_wconf 87' lang='lat' dir='ltr'><strong>hoc</strong></span> <span class='ocrx_word' id='word_1_917' title='bbox 2325 4592 2518 4648; x_wconf 84' lang='lat' dir='ltr'><strong>factum</strong></span> <span class='ocrx_word' id='word_1_918' title='bbox 2545 4601 2661 4657; x_wconf 91' lang='lat' dir='ltr'><strong>est;</strong></span> <span class='ocrx_word' id='word_1_919' title='bbox 2700 4592 2795 4648; x_wconf 89' lang='lat' dir='ltr'><strong>sed</strong></span> <span class='ocrx_word' id='word_1_920' title='bbox 2824 4593 2940 4662; x_wconf 89' lang='lat' dir='ltr'><strong>ejus</strong></span> <span class='ocrx_word' id='word_1_921' title='bbox 2961 4595 3049 4664; x_wconf 91' lang='lat' dir='ltr'><strong>qui</strong></span> <span class='ocrx_word' id='word_1_922' title='bbox 3089 4603 3142 4649; x_wconf 88' lang='lat' dir='ltr'><strong>et</strong></span> <span class='ocrx_word' id='word_1_923' title='bbox 3180 4596 3408 4650; x_wconf 89' lang='lat' dir='ltr'><strong>animam</strong></span> <span class='ocrx_word' id='word_1_924' title='bbox 3437 4606 3492 4651; x_wconf 90' lang='lat' dir='ltr'><strong>et</strong></span> <span class='ocrx_word' id='word_1_925' title='bbox 3513 4612 3743 4653; x_wconf 79' lang='lat' dir='ltr'><strong>carnem</strong></span> <span class='ocrx_word' id='word_1_926' title='bbox 3772 4641 3788 4666; x_wconf 93' lang='lat'><strong>,</strong></span> 
     </span>
    </p>
   </div>
   <div class='ocr_carea' id='block_1_110' title="bbox 2197 4681 3206 4754">
    <p class='ocr_par' dir='ltr' id='par_1_110' title="bbox 2197 4681 3206 4754">
     <span class='ocr_line' id='line_1_110' title="bbox 2197 4681 3206 4754; baseline -0.001 -17"><span class='ocrx_word' id='word_1_927' title='bbox 2197 4683 2284 4738; x_wconf 86' lang='lat' dir='ltr'><strong>ubi</strong></span> <span class='ocrx_word' id='word_1_928' title='bbox 2313 4683 2423 4737; x_wconf 58' lang='lat' dir='ltr'><strong>haec</strong></span> <span class='ocrx_word' id='word_1_929' title='bbox 2447 4681 2880 4752; x_wconf 87' lang='lat' dir='ltr'><strong>adimplerentur,</strong></span> <span class='ocrx_word' id='word_1_930' title='bbox 2903 4684 3206 4754; x_wconf 87' lang='lat' dir='ltr'><strong>assumpsit.</strong></span> 
     </span>
    </p>
   </div>
   <div class='ocr_carea' id='block_1_111' title="bbox 2267 4773 3798 4845">
    <p class='ocr_par' dir='ltr' id='par_1_111' title="bbox 2267 4773 3798 4845">
     <span class='ocr_line' id='line_1_111' title="bbox 2267 4773 3798 4845; baseline -0.003 -16"><span class='ocrx_word' id='word_1_931' title='bbox 2267 4774 2352 4829; x_wconf 73' lang='lat' dir='ltr'><strong>M.</strong></span> <span class='ocrx_word' id='word_1_932' title='bbox 2382 4773 2510 4839; x_wconf 81' lang='lat' dir='ltr'><strong>Hoc,</strong></span> <span class='ocrx_word' id='word_1_933' title='bbox 2541 4775 2730 4845; x_wconf 87' lang='lat' dir='ltr'><strong>inquit,</strong></span> <span class='ocrx_word' id='word_1_934' title='bbox 2748 4776 3036 4828; x_wconf 86' lang='lat' dir='ltr'><strong>mandatum</strong></span> <span class='ocrx_word' id='word_1_935' title='bbox 3055 4777 3224 4844; x_wconf 83' lang='lat' dir='ltr'><strong>accepi</strong></span> <span class='ocrx_word' id='word_1_936' title='bbox 3251 4793 3282 4829; x_wconf 94' lang='lat' dir='ltr'><strong>a</strong></span> <span class='ocrx_word' id='word_1_937' title='bbox 3311 4775 3462 4832; x_wconf 87' lang='lat' dir='ltr'><strong>Patre</strong></span> <span class='ocrx_word' id='word_1_938' title='bbox 3489 4795 3616 4832; x_wconf 87' lang='lat' dir='ltr'><strong>meo.</strong></span> <span class='ocrx_word' id='word_1_939' title='bbox 3646 4779 3798 4836; x_wconf 75' lang='lat' dir='ltr'><strong>Ver.</strong></span> 
     </span>
    </p>
   </div>
   <div class='ocr_carea' id='block_1_112' title="bbox 2197 4864 3792 4935">
    <p class='ocr_par' dir='ltr' id='par_1_112' title="bbox 2197 4864 3792 4935">
     <span class='ocr_line' id='line_1_112' title="bbox 2197 4864 3792 4935; baseline 0.006 -18"><span class='ocrx_word' id='word_1_940' title='bbox 2197 4864 2320 4918; x_wconf 89' lang='lat' dir='ltr'><strong>bum</strong></span> <span class='ocrx_word' id='word_1_941' title='bbox 2367 4882 2468 4918; x_wconf 89' lang='lat' dir='ltr'><strong>non</strong></span> <span class='ocrx_word' id='word_1_942' title='bbox 2519 4866 2678 4920; x_wconf 72' lang='lat' dir='ltr'><strong>verbo</strong></span> <span class='ocrx_word' id='word_1_943' title='bbox 2711 4867 2726 4896; x_wconf 76' lang='grc' dir='ltr'>ί</span> <span class='ocrx_word' id='word_1_944' title='bbox 2757 4867 2960 4935; x_wconf 87' lang='lat' dir='ltr'><strong>accepit</strong></span> <span class='ocrx_word' id='word_1_945' title='bbox 2988 4867 3316 4934; x_wconf 89' lang='lat' dir='ltr'><strong>mandatum,</strong></span> <span class='ocrx_word' id='word_1_946' title='bbox 3357 4868 3450 4924; x_wconf 89' lang='lat' dir='ltr'><strong>sed</strong></span> <span class='ocrx_word' id='word_1_947' title='bbox 3493 4870 3546 4924; x_wconf 90' lang='lat' dir='ltr'><strong>in</strong></span> <span class='ocrx_word' id='word_1_948' title='bbox 3601 4870 3792 4926; x_wconf 79' lang='lat' dir='ltr'><strong>Verbo</strong></span> 
     </span>
    </p>
   </div>
   <div class='ocr_carea' id='block_1_113' title="bbox 2198 4955 3789 5024">
    <p class='ocr_par' dir='ltr' id='par_1_113' title="bbox 2198 4955 3789 5024">
     <span class='ocr_line' id='line_1_113' title="bbox 2198 4955 3789 5024; baseline 0.006 -16"><span class='ocrx_word' id='word_1_949' title='bbox 2198 4955 2466 5024; x_wconf 80' lang='lat' dir='ltr'><strong>unigenito</strong></span> <span class='ocrx_word' id='word_1_950' title='bbox 2494 4955 2665 5010; x_wconf 88' lang='lat' dir='ltr'><strong>Patris</strong></span> <span class='ocrx_word' id='word_1_951' title='bbox 2689 4966 2772 5010; x_wconf 90' lang='lat' dir='ltr'><strong>est</strong></span> <span class='ocrx_word' id='word_1_952' title='bbox 2792 4971 2952 5012; x_wconf 88' lang='lat' dir='ltr'><strong>omne</strong></span> <span class='ocrx_word' id='word_1_953' title='bbox 2972 4958 3299 5014; x_wconf 86' lang='lat' dir='ltr'><strong>mandatum.</strong></span> <span class='ocrx_word' id='word_1_954' title='bbox 3321 4959 3453 5014; x_wconf 88' lang='lat' dir='ltr'><strong>Cum</strong></span> <span class='ocrx_word' id='word_1_955' title='bbox 3483 4971 3664 5016; x_wconf 90' lang='lat' dir='ltr'><strong>autem</strong></span> <span class='ocrx_word' id='word_1_956' title='bbox 3695 4963 3789 5016; x_wconf 73' lang='lat' dir='ltr'><strong>tli-</strong></span> 
     </span>
    </p>
   </div>
   <div class='ocr_carea' id='block_1_114' title="bbox 2197 5044 3793 5118">
    <p class='ocr_par' dir='ltr' id='par_1_114' title="bbox 2197 5044 3793 5118">
     <span class='ocr_line' id='line_1_114' title="bbox 2197 5044 3793 5118; baseline 0.005 -18"><span class='ocrx_word' id='word_1_957' title='bbox 2197 5048 2332 5101; x_wconf 91' lang='lat' dir='ltr'><strong>citur</strong></span> <span class='ocrx_word' id='word_1_958' title='bbox 2359 5044 2526 5101; x_wconf 82' lang='lat' dir='ltr'><strong>Filius</strong></span> <span class='ocrx_word' id='word_1_959' title='bbox 2549 5061 2580 5100; x_wconf 93' lang='lat' dir='ltr'><strong>a</strong></span> <span class='ocrx_word' id='word_1_960' title='bbox 2606 5046 2761 5102; x_wconf 88' lang='lat' dir='ltr'><strong>Patre</strong></span> <span class='ocrx_word' id='word_1_961' title='bbox 2786 5049 3026 5118; x_wconf 88' lang='lat' dir='ltr'><strong>accipere</strong></span> <span class='ocrx_word' id='word_1_962' title='bbox 3055 5049 3194 5118; x_wconf 92' lang='lat' dir='ltr'><strong>quod</strong></span> <span class='ocrx_word' id='word_1_963' title='bbox 3223 5049 3640 5106; x_wconf 88' lang='lat' dir='ltr'><strong>substantialitcr</strong></span> <span class='ocrx_word' id='word_1_964' title='bbox 3685 5055 3793 5108; x_wconf 77' lang='lat' dir='ltr'><strong>lia-</strong></span> 
     </span>
    </p>
   </div>
   <div class='ocr_carea' id='block_1_115' title="bbox 2196 5137 3796 5207">
    <p class='ocr_par' dir='ltr' id='par_1_115' title="bbox 2196 5137 3796 5207">
     <span class='ocr_line' id='line_1_115' title="bbox 2196 5137 3796 5207; baseline 0.004 -14"><span class='ocrx_word' id='word_1_965' title='bbox 2196 5138 2304 5201; x_wconf 87' lang='lat' dir='ltr'><strong>bet,</strong></span> <span class='ocrx_word' id='word_1_966' title='bbox 2337 5137 2603 5207; x_wconf 87' lang='lat' dir='ltr'><strong>quomodo</strong></span> <span class='ocrx_word' id='word_1_967' title='bbox 2629 5137 2826 5193; x_wconf 90' lang='lat' dir='ltr'><strong>dictum</strong></span> <span class='ocrx_word' id='word_1_968' title='bbox 2852 5150 2954 5207; x_wconf 88' lang='lat' dir='ltr'><strong>est,</strong></span> <span class='ocrx_word' id='word_1_969' title='bbox 2999 5139 3146 5196; x_wconf 84' lang='lat' dir='ltr'><strong>Sicut</strong></span> <span class='ocrx_word' id='word_1_970' title='bbox 3174 5141 3320 5196; x_wconf 78' lang='lat' dir='ltr'><strong>habet</strong></span> <span class='ocrx_word' id='word_1_971' title='bbox 3357 5140 3514 5197; x_wconf 84' lang='lat' dir='ltr'><strong>Pater</strong></span> <span class='ocrx_word' id='word_1_972' title='bbox 3540 5143 3703 5198; x_wconf 78' lang='lat' dir='ltr'><strong>vitam</strong></span> <span class='ocrx_word' id='word_1_973' title='bbox 3732 5146 3796 5200; x_wconf 80' lang='lat' dir='ltr'><strong>in</strong></span> 
     </span>
    </p>
   </div>
   <div class='ocr_carea' id='block_1_116' title="bbox 2197 5227 3798 5306">
    <p class='ocr_par' dir='ltr' id='par_1_116' title="bbox 2197 5227 3798 5306">
     <span class='ocr_line' id='line_1_116' title="bbox 2197 5227 3798 5306; baseline 0.006 -25"><span class='ocrx_word' id='word_1_974' title='bbox 2197 5227 2479 5296; x_wconf 86' lang='lat' dir='ltr'><strong>semetipso,</strong></span> <span class='ocrx_word' id='word_1_975' title='bbox 2525 5228 2598 5282; x_wconf 89' lang='lat' dir='ltr'><strong>sic</strong></span> <span class='ocrx_word' id='word_1_976' title='bbox 2641 5228 2777 5282; x_wconf 87' lang='lat' dir='ltr'><strong>dedit</strong></span> <span class='ocrx_word' id='word_1_977' title='bbox 2806 5228 2944 5282; x_wconf 81' lang='lat' dir='ltr'><strong>Filio</strong></span> <span class='ocrx_word' id='word_1_978' title='bbox 2990 5231 3172 5285; x_wconf 82' lang='lat' dir='ltr'><strong>habere</strong></span> <span class='ocrx_word' id='word_1_979' title='bbox 3215 5233 3366 5286; x_wconf 83' lang='lat' dir='ltr'><strong>vitam</strong></span> <span class='ocrx_word' id='word_1_980' title='bbox 3415 5233 3468 5287; x_wconf 81' lang='lat' dir='ltr'><strong>in</strong></span> <span class='ocrx_word' id='word_1_981' title='bbox 3510 5237 3798 5306; x_wconf 76' lang='lat' dir='ltr'><strong>sentetipso</strong></span> 
     </span>
    </p>
   </div>
   <div class='ocr_carea' id='block_1_117' title="bbox 2200 5316 3800 5394">
    <p class='ocr_par' dir='ltr' id='par_1_117' title="bbox 2200 5316 3800 5394">
     <span class='ocr_line' id='line_1_117' title="bbox 2200 5316 3800 5394; baseline 0.01 -26"><span class='ocrx_word' id='word_1_982' title='bbox 2200 5316 2373 5389; x_wconf 84' lang='lat' dir='ltr'><strong>(Joan.</strong></span> <span class='ocrx_word' id='word_1_983' title='bbox 2417 5333 2468 5384; x_wconf 82' lang='grc' dir='ltr'><strong>ν,</strong></span> <span class='ocrx_word' id='word_1_984' title='bbox 2497 5316 2609 5391; x_wconf 74' lang='grc'><strong>26),</strong></span> <span class='ocrx_word' id='word_1_985' title='bbox 2637 5333 2757 5374; x_wconf 86' lang='lat' dir='ltr'><strong>cum</strong></span> <span class='ocrx_word' id='word_1_986' title='bbox 2797 5319 2961 5376; x_wconf 87' lang='lat' dir='ltr'><strong>Filius</strong></span> <span class='ocrx_word' id='word_1_987' title='bbox 3006 5321 3117 5392; x_wconf 89' lang='lat' dir='ltr'><strong>ipse</strong></span> <span class='ocrx_word' id='word_1_988' title='bbox 3140 5322 3210 5378; x_wconf 91' lang='lat' dir='ltr'><strong>sit</strong></span> <span class='ocrx_word' id='word_1_989' title='bbox 3233 5323 3373 5391; x_wconf 75' lang='lat' dir='ltr'><strong>vita;</strong></span> <span class='ocrx_word' id='word_1_990' title='bbox 3406 5340 3508 5381; x_wconf 92' lang='lat' dir='ltr'><strong>non</strong></span> <span class='ocrx_word' id='word_1_991' title='bbox 3538 5333 3800 5394; x_wconf 77' lang='lat' dir='ltr'><strong>potestas</strong></span> 
     </span>
    </p>
   </div>
   <div class='ocr_carea' id='block_1_118' title="bbox 2199 5409 3797 5482">
    <p class='ocr_par' dir='ltr' id='par_1_118' title="bbox 2199 5409 3797 5482">
     <span class='ocr_line' id='line_1_118' title="bbox 2199 5409 3797 5482; baseline 0.008 -21"><span class='ocrx_word' id='word_1_992' title='bbox 2199 5409 2468 5474; x_wconf 90' lang='lat' dir='ltr'><strong>minuitur,</strong></span> <span class='ocrx_word' id='word_1_993' title='bbox 2499 5409 2591 5464; x_wconf 88' lang='lat' dir='ltr'><strong>sed</strong></span> <span class='ocrx_word' id='word_1_994' title='bbox 2617 5413 2889 5479; x_wconf 80' lang='lat' dir='ltr'><strong>generatio</strong></span> <span class='ocrx_word' id='word_1_995' title='bbox 2915 5412 3029 5481; x_wconf 88' lang='lat' dir='ltr'><strong>ejus</strong></span> <span class='ocrx_word' id='word_1_996' title='bbox 3049 5413 3361 5470; x_wconf 84' lang='lat' dir='ltr'><strong>ostenditur.</strong></span> <span class='ocrx_word' id='word_1_997' title='bbox 3393 5415 3651 5482; x_wconf 90' lang='lat' dir='ltr'><strong>Quoniam</strong></span> <span class='ocrx_word' id='word_1_998' title='bbox 3680 5419 3797 5473; x_wconf 87' lang='lat' dir='ltr'><strong>Pa-</strong></span> 
     </span>
    </p>
   </div>
   <div class='ocr_carea' id='block_1_119' title="bbox 2199 5499 3798 5573">
    <p class='ocr_par' dir='ltr' id='par_1_119' title="bbox 2199 5499 3798 5573">
     <span class='ocr_line' id='line_1_119' title="bbox 2199 5499 3798 5573; baseline 0.009 -22"><span class='ocrx_word' id='word_1_999' title='bbox 2199 5506 2281 5552; x_wconf 92' lang='lat' dir='ltr'><strong>ter</strong></span> <span class='ocrx_word' id='word_1_1000' title='bbox 2318 5513 2422 5552; x_wconf 91' lang='lat' dir='ltr'><strong>non</strong></span> <span class='ocrx_word' id='word_1_1001' title='bbox 2451 5499 2599 5569; x_wconf 88' lang='lat' dir='ltr'><strong>quasi</strong></span> <span class='ocrx_word' id='word_1_1002' title='bbox 2625 5500 2674 5554; x_wconf 91' lang='lat' dir='ltr'><strong>ei</strong></span> <span class='ocrx_word' id='word_1_1003' title='bbox 2715 5501 2821 5556; x_wconf 86' lang='lat' dir='ltr'><strong>lilio</strong></span> <span class='ocrx_word' id='word_1_1004' title='bbox 2847 5503 2934 5573; x_wconf 89' lang='lat' dir='ltr'><strong>qui</strong></span> <span class='ocrx_word' id='word_1_1005' title='bbox 2971 5504 3309 5573; x_wconf 79' lang='lat' dir='ltr'><strong>imperfectus</strong></span> <span class='ocrx_word' id='word_1_1006' title='bbox 3352 5514 3436 5560; x_wconf 90' lang='lat' dir='ltr'><strong>est</strong></span> <span class='ocrx_word' id='word_1_1007' title='bbox 3463 5515 3640 5571; x_wconf 84' lang='lat' dir='ltr'><strong>natus,</strong></span> <span class='ocrx_word' id='word_1_1008' title='bbox 3674 5511 3798 5566; x_wconf 83' lang='lat' dir='ltr'><strong>ali-</strong></span> 
     </span>
    </p>
   </div>
   <div class='ocr_carea' id='block_1_120' title="bbox 2199 5589 3797 5668">
    <p class='ocr_par' dir='ltr' id='par_1_120' title="bbox 2199 5589 3797 5668">
     <span class='ocr_line' id='line_1_120' title="bbox 2199 5589 3797 5668; baseline 0.009 -24"><span class='ocrx_word' id='word_1_1009' title='bbox 2199 5589 2326 5662; x_wconf 84' lang='lat' dir='ltr'><strong>quid</strong></span> <span class='ocrx_word' id='word_1_1010' title='bbox 2352 5591 2588 5659; x_wconf 87' lang='lat' dir='ltr'><strong>addidit;</strong></span> <span class='ocrx_word' id='word_1_1011' title='bbox 2619 5591 2713 5648; x_wconf 89' lang='lat' dir='ltr'><strong>sed</strong></span> <span class='ocrx_word' id='word_1_1012' title='bbox 2755 5595 2807 5649; x_wconf 91' lang='lat' dir='ltr'><strong>ei</strong></span> <span class='ocrx_word' id='word_1_1013' title='bbox 2835 5611 2993 5664; x_wconf 80' lang='lat' dir='ltr'><strong>queat</strong></span> <span class='ocrx_word' id='word_1_1014' title='bbox 3039 5595 3328 5667; x_wconf 80' lang='lat' dir='ltr'><strong>perlectum</strong></span> <span class='ocrx_word' id='word_1_1015' title='bbox 3353 5598 3558 5668; x_wconf 79' lang='lat' dir='ltr'><strong>genuit,</strong></span> <span class='ocrx_word' id='word_1_1016' title='bbox 3595 5604 3797 5658; x_wconf 84' lang='lat' dir='ltr'><strong>omnia</strong></span> 
     </span>
    </p>
   </div>
   <div class='ocr_carea' id='block_1_121' title="bbox 2262 5718 3700 5792">
    <p class='ocr_par' dir='ltr' id='par_1_121' title="bbox 2262 5718 3700 5792">
     <span class='ocr_line' id='line_1_121' title="bbox 2262 5718 3700 5792; baseline 0.01 -23"><span class='ocrx_word' id='word_1_1017' title='bbox 2262 5719 2281 5753; x_wconf 75' lang='grc' dir='ltr'><strong>ι</strong></span> <span class='ocrx_word' id='word_1_1018' title='bbox 2305 5718 2442 5782; x_wconf 76' lang='lat' dir='ltr'><strong>Editi,</strong></span> <span class='ocrx_word' id='word_1_1019' title='bbox 2464 5732 2556 5772; x_wconf 85' lang='lat' dir='ltr'><strong>non</strong></span> <span class='ocrx_word' id='word_1_1020' title='bbox 2577 5734 2607 5772; x_wconf 94' lang='lat' dir='ltr'><strong>a</strong></span> <span class='ocrx_word' id='word_1_1021' title='bbox 2629 5720 2784 5774; x_wconf 76' lang='lat' dir='ltr'><strong>verba.</strong></span> <span class='ocrx_word' id='word_1_1022' title='bbox 2809 5730 2913 5776; x_wconf 75' lang='lat' dir='ltr'><strong>Mss.</strong></span> <span class='ocrx_word' id='word_1_1023' title='bbox 2948 5740 3064 5776; x_wconf 80' lang='lat' dir='ltr'><strong>vero</strong></span> <span class='ocrx_word' id='word_1_1024' title='bbox 3095 5734 3260 5778; x_wconf 78' lang='lat' dir='ltr'><strong>carem</strong></span> <span class='ocrx_word' id='word_1_1025' title='bbox 3282 5729 3623 5792; x_wconf 66' lang='lat' dir='ltr'><strong>prmpositione</strong></span> <span class='ocrx_word' id='word_1_1026' title='bbox 3644 5745 3700 5784; x_wconf 84' lang='grc' dir='ltr'><strong>α.</strong></span> 
     </span>
    </p>
   </div>
  </div>
