4102 6476
284 359 415 421 Hb!

280 478 550 554 gignendo
569 475 732 534 dedit.
760 473 836 531 Ita
860 472 934 529 illi
961 472 1107 529 dedit
1138 486 1287 528 suam
1308 471 1681 541 mqualitatcm,
1706 484 1862 540 quem

282 591 388 631 non
419 571 606 644 genuit
649 569 983 640 inmqualcm.
1031 564 1135 622 Sed
1180 567 1293 619 haec
1326 565 1574 633 loquente
1606 564 1860 627 Domino,

282 665 537 735 quoltiam
568 663 654 717 lux
685 659 894 716 lueebat
917 659 971 714 in
998 657 1247 721 tenebris,
1274 665 1329 711 et
1357 656 1590 710 tenebrae
1615 669 1732 709 eam
1760 670 1865 708 non

283 750 1031 823 comprehendebant(Joan.t,
1052 747 1403 820 5),Disseusio
1428 747 1609 800 iterum
1638 746 1769 815 facta
1799 756 1871 800 est

283 850 414 901 inter
435 846 647 899 Judaros
661 853 862 912 propter
880 857 1130 896 sermones
1147 842 1258 893 hos.
1281 837 1524 891 Dicebant
1537 845 1704 890 autem
1724 834 1871 889 multi

287 957 347 994 es:
370 939 494 1009 ipsis
512 953 532 991 :
552 937 867 991 Darmonium
891 934 1116 999 habet,et
1139 931 1345 993 insanit;
1364 928 1486 1002 quid
1508 945 1621 981 eum
1645 928 1831 981 auditis
1847 927 1874 980 Ρ

289 1032 405 1084 Ista:
447 1028 657 1082 luerunt
681 1025 1013 1081 densissima:
1043 1022 1295 1079 tenebrat.
1326 1020 1428 1074 Alii
1447 1017 1674 1072 dicebant
1699 1032 1717 1071 :
1746 1015 1872 1070 licet:

286 1122 434 1178 verba
453 1138 557 1175 non
576 1128 690 1175 sunt
705 1118 1007 1174 dtemonium
1027 1114 1251 1170 habentis
1274 1132 1290 1176 ;
1313 1111 1554 1184 numquid
1569 1110 1817 1165 dwmoniu
1826 1126 1873 1161 m

287 1220 448 1283 potest
470 1226 717 1265 ausorum
743 1206 913 1262 oculos
935 1204 1175 1275 aperire?
1197 1202 1314 1259 Jam
1340 1204 1563 1257 istorum
1587 1201 1724 1255 oculi
1764 1212 1873 1254 cm-

290 1308 480 1372 perant
503 1298 719 1370 aperiri.

746 1406 1158 1465 TRACTA'I‘US
1194 1404 1424 1461 XLVIII.

292 1527 365 1581 Ab
401 1544 459 1580 eo
484 1527 617 1588 loco,
640 1526 800 1580 Facta
821 1531 945 1578 sunt
964 1520 1210 1577 Enetenia
1238 1521 1289 1573 in
1312 1516 1686 1589 Jerosolymis;
1721 1532 1877 1585 usque

362 1617 430 1669 ad
456 1616 530 1681 id,
571 1615 758 1670 Omnia
792 1622 968 1669 autem
1006 1624 1354 1681 quzecumque
1395 1608 1525 1662 dixit
1552 1607 1783 1660 Joannes
1808 1605 1876 1659 de

362 1708 486 1772 hoc,
512 1721 637 1761 vera
662 1714 814 1759 erant
836 1721 849 1756 :
873 1713 927 1759 et
952 1702 1103 1758 multi
1128 1700 1465 1755 crediderunt
1493 1698 1544 1751 in
1570 1712 1713 1751 cum.
1746 1694 1873 1765 Cap.

360 1815 419 1868 ι,
461 1799 496 1870 ᾗ
519 1840 535 1855 .
556 1797 747 1852 22-42.

366 1913 419 1967 I.
462 1909 616 1978 Quod
643 1910 750 1978 jam
780 1905 1147 1963 commendavi
1173 1903 1447 1960 Dilectioni
1475 1910 1688 1969 vestrae,
1717 1901 1878 1956 stabi—

296 2005 413 2059 liter
455 2000 762 2058 meminisse
805 1999 1035 2064 debetis,
1081 2004 1322 2052 sanctum
1359 1995 1616 2050 Joannem
1647 2007 1877 2061 evange-

296 2094 472 2149 listam
500 2092 646 2147 nolle
681 2105 778 2146 nos
802 2104 1016 2158 semper
1042 2089 1174 2141 lacte
1204 2086 1413 2152 nutriri,
1444 2084 1537 2139 sed
1564 2084 1733 2138 solido
1757 2082 1878 2137 cibo

295 2184 460 2239 vesci.
492 2182 743 2251 Quisquis
769 2189 945 2236 autem
972 2179 1038 2233 ad
1077 2175 1395 2232 sumendum
1434 2174 1661 2231 solidum
1700 2172 1875 2228 cibum

299 2274 443 2328 verbi
467 2274 561 2328 Dei
587 2272 759 2327 adhuc
784 2272 957 2326 minus
987 2270 1209 2325 idoneus
1234 2276 1335 2333 est,
1362 2267 1499 2323 lacte
1528 2265 1649 2321 ﬁdei
1678 2264 1877 2319 nutria-

296 2375 401 2431 tur,
420 2373 475 2419 et
488 2362 708 2418 verbum
723 2362 865 2434 quod
892 2360 1185 2431 intelligere
1198 2374 1303 2414 non
1322 2365 1515 2427 potest,
1533 2355 1753 2441 credere
1772 2370 1875 2409 non

296 2462 593 2510 cunctetur.
642 2452 801 2508 Fides
824 2452 966 2507 enim
1008 2451 1253 2506 meritum
1279 2457 1377 2514 est,
1421 2448 1717 2503 intellectus
1740 2460 1878 2515 pra:-

296 2548 483 2602 mium.
514 2545 575 2601 In
603 2548 717 2615 ipso
744 2546 925 2601 labore
948 2542 1254 2597 intentionis
1276 2539 1501 2595 desudat
1519 2538 1661 2592 acies
1685 2536 1880 2591 mentis

295 2647 514 2703 nostrae,
542 2646 602 2692 ut
626 2644 785 2706 ponat
812 2634 1104 2690 sordiculas
1131 2631 1337 2688 nebulae
1364 2631 1631 2696 humanm,
1659 2636 1713 2683 et
1736 2642 1881 2682 sere-

297 2739 455 2784 nctur
478 2728 547 2782 ad
576 2727 810 2783 Verbum
843 2726 953 2780 Dei.
982 2724 1099 2779 Non
1147 2738 1274 2793 ergo
1304 2728 1580 2787 recusetur
1619 2718 1788 2784 labor,
1834 2716 1879 2770 si

295 2819 452 2876 adest
474 2834 661 2873 amor:
690 2818 858 2872 nostis
896 2816 1037 2871 enim
1078 2815 1328 2885 quoniam
1370 2811 1462 2882 qui
1490 2818 1632 2866 amat
1670 2826 1776 2865 non
1806 2807 1880 2860 la-

297 2911 471 2964 borat.
515 2908 703 2964 Omnis
727 2908 870 2963 enim
914 2906 1061 2961 labor
1102 2920 1207 2959 non
1245 2903 1544 2959 amantibus
1580 2902 1753 2973 gravis
1777 2911 1878 2955 est.

298 3000 356 3055 Si
400 3009 579 3055 tantos
604 2998 813 3053 labores
835 3012 955 3052 cum
980 2996 1156 3051 avaris
1187 3002 1358 3066 portat
1383 2993 1665 3064 cupiditas,
1696 2991 1880 3047 nobis-

296 3107 419 3146 cum
459 3106 567 3146 non
596 3097 771 3160 portat
798 3087 1071 3145 charitas?

367 3183 423 3236 ἓ.
466 3182 808 3252 Evangelium
836 3180 1090 3235 intendite
1123 3197 1135 3233 :
1168 3177 1327 3232 Facta
1356 3187 1469 3233 sunt
1507 3187 1674 3231 autem
1699 3176 1880 3232 Enca-

299 3280 382 3330 nia
402 3278 455 3331 in
477 3275 830 3346 Jerosolgmis.
860 3273 1105 3328 Encamia
1133 3272 1386 3327 festivitas
1406 3279 1520 3327 erat
1538 3270 1883 3326 dedicationis

301 3370 502 3440 templi.
519 3368 703 3424 Grrce
715 3368 856 3420 enim
869 3373 1023 3420 καινὸν
1033 3363 1224 3419 dicitur
1239 3377 1431 3417 novum
1445 3360 1882 3432 quandocumque

301 3478 498 3517 novum
549 3459 746 3530 aliquid
803 3458 963 3513 fuerit
1009 3456 1349 3521 dedicatum,
1392 3453 1641 3507 Encznnia
1690 3466 1883 3508 vocan-

300 3568 386 3609 tur
404 3558 444 3607 ¹.
466 3554 584 3610 Jam
611 3564 661 3608 et
692 3567 821 3606 usus
838 3551 995 3605 habet
1020 3549 1121 3604 hoc
1142 3548 1359 3602 verbum
1393 3564 1406 3598 :
1435 3545 1480 3599 si
1504 3544 1624 3615 quis
1648 3559 1781 3598 nova
1809 3552 1885 3598 tu-

304 3651 419 3701 nica
437 3645 701 3704 induatur.
727 3642 1021 3697 encasniarc
1041 3640 1251 3695 dicitur.
1279 3638 1429 3692 Illum
1446 3636 1589 3692 enim
1613 3635 1752 3689 diem
1779 3649 1884 3703 quo

304 3737 560 3805 templum
602 3733 900 3788 dedicatum
932 3740 1034 3793 est,
1083 3729 1250 3785 Judzei
1294 3726 1601 3781 solemniter
1646 3724 1883 3780 celebra-

304 3828 435 3880 bant
468 3843 480 3877 :
512 3824 625 3893 ipse
667 3823 782 3877 dies
824 3820 991 3877 festus
1021 3818 1306 3889 agebatur,
1347 3830 1468 3870 cum
1505 3828 1567 3869 ea
1596 3829 1714 3886 quae
1751 3813 1885 3868 lecta

305 3923 455 3981 sant,
496 3915 703 3968 locutus
728 3918 815 3968 est
841 3910 1115 3965 Dominus.

378 4008 435 4060 5.
481 4004 655 4059 Hiems
697 4012 825 4058 erat.
872 4001 940 4056 Et
982 3999 1270 4055 ambulabat
1306 3998 1457 4055 Iesus
1502 3999 1556 4052 in
1602 3997 1787 4069 templo
1833 3998 1887 4051 in

308 4098 509 4165 porticu
533 4094 843 4150 Salomonis.
874 4092 1321 4149 Circumdederunt
1344 4106 1464 4161 ergo
1487 4105 1601 4143 eum
1630 4088 1823 4155 Judaei,
1841 4096 1887 4142 et

309 4190 544 4244 dicebant
560 4189 607 4242 ei
633 4204 651 4240 :
679 4167 949 4255 Quousque
970 4185 1189 4239 animam
1208 4194 1430 4237 nostram
1458 4182 1591 4236 tollis
1610 4182 1637 4236 ?
1664 4180 1726 4237 Si
1763 4190 1817 4235 tu
1837 4198 1888 4235 es

310 4278 565 4341 Christus,
590 4278 671 4331 dic
695 4277 836 4331 nobis
851 4276 1043 4347 palam.
1069 4273 1187 4332 Non
1208 4275 1481 4331 veritatem
1497 4272 1887 4339 desiderabant,

312 4368 408 4423 sed
458 4368 775 4423 calumniam
821 4372 1206 4438 praeparabant.
1242 4366 1418 4421 Hiems
1462 4372 1589 4429 erat,
1619 4371 1674 4420 et
1714 4362 1889 4434 frigidi

312 4467 474 4514 erant
504 4474 518 4511 :
546 4457 614 4513 ad
640 4458 786 4514 illum
827 4459 972 4515 enim
1007 4458 1244 4513 divinum
1272 4456 1447 4526 ignem
1474 4454 1726 4509 accedere
1756 4454 1890 4524 pigri

311 4555 490 4603 erant.
521 4547 629 4603 Sed
654 4547 907 4603 accedere
932 4556 1016 4603 est
1044 4545 1265 4602 credere
1286 4561 1303 4601 :
1324 4545 1413 4617 qui
1436 4545 1625 4613 credit,
1652 4546 1890 4612 accedit;

316 4640 409 4709 qui
441 4648 617 4709 negat,
657 4639 876 4694 recedit.
906 4639 1022 4694 Non
1045 4648 1289 4695 movetur
1313 4639 1489 4694 anima
1524 4638 1768 4710 pedibus,
1798 4639 1892 4695 sed

315 4729 618 4786 aﬁ‘ectibus.
662 4730 975 4802 Friguerant
996 4746 1028 4785 a
1056 4731 1304 4801 diligendi
1338 4730 1613 4799 charitate,
1643 4741 1697 4787 et
1736 4731 1895 4787 arde-

317 4823 452 4876 bant
475 4821 699 4878 nocendi
724 4822 1027 4892 cupiditate.
1056 4822 1235 4893 Longe
1262 4824 1500 4887 aberant,
1525 4832 1581 4880 et
1608 4824 1679 4879 ibi
1708 4832 1893 4879 erant:

315 4926 429 4966 non
456 4911 779 4967 accedebant
794 4911 1079 4975 credendo,
1106 4921 1160 4967 et
1178 4912 1489 4981 premebant
1510 4912 1894 4984 persequendo.

313 5001 643 5070 Qumrebant
690 5002 877 5057 audire
905 5016 936 5056 a
963 5000 1205 5067 Domino,
1236 5003 1346 5072 Ego
1388 5020 1504 5058 sum
1533 5002 1773 5059 Christus
1802 5020 1815 5056 :
1846 5012 1900 5059 et

317 5094 550 5146 fortasse
593 5091 664 5147 de
702 5090 916 5147 Christo
961 5092 1251 5147 secundum
1291 5093 1558 5149 hominem
1600 5094 1895 5165 sapiebant.

316 5181 753 5238 Praedicaverunt
788 5183 1065 5253 Propheta:
1100 5182 1366 5239 Christum
1395 5203 1410 5242 :
1435 5186 1528 5241 sed
1564 5186 1889 5243 divinitatem

319 5273 523 5330 Christi
546 5282 602 5329 et
628 5273 682 5328 in
715 5274 993 5345 Prophetis
1018 5282 1072 5331 et
1090 5275 1143 5331 in
1168 5276 1283 5346 ipso
1304 5277 1588 5350 Evangelia
1612 5294 1711 5335 nec
1736 5278 1903 5334 haare-

321 5365 419 5420 tici
460 5364 787 5436 intelligunt;
816 5374 1014 5437 quanto
1051 5367 1225 5422 minus
1249 5366 1442 5436 Judaei,
1485 5369 1734 5440 quamdiu
1759 5370 1906 5426 vela-

323 5470 456 5511 men
499 5465 584 5511 est
612 5470 771 5525 super
799 5470 894 5511 cor
938 5472 1123 5513 eorum
1170 5457 1253 5529 (ll
1281 5458 1397 5513 Cor.
1430 5473 1507 5525 nt,
1556 5458 1710 5530 i5)?
1740 5459 1904 5515 Deni-

326 5560 437 5618 que
492 5544 724 5616 quodam
785 5547 903 5604 loco
963 5549 1134 5607 sciens
1182 5549 1439 5607 Dominus
1496 5550 1653 5608 Jesus
1699 5566 1795 5607 eos
1838 5552 1907 5609 de

323 5636 545 5693 Christo
571 5637 866 5694 secundum
904 5639 1174 5698 hominem
1212 5656 1422 5714 sapere,
1472 5659 1591 5717 non,
1619 5644 1909 5703 secundum

396 5748 1051 5813 ιωηωωὼωαω.

1410 342 1818 406 TRAC'I‘ATUS
1856 341 2087 401 XLVIII.
2128 347 2348 406 CAPUT
2390 348 2454 404 Χ.

3407 353 3546 409 1742

1978 465 2163 532 Deum,
2191 464 2477 521 secundum
2502 464 2551 518 id
2582 463 2719 534 quod
2764 462 2921 518 homo
2950 476 3081 532 erat,
3122 482 3224 521 non
3251 468 3540 529 secundum

1976 553 2025 607 id
2052 554 2193 624 quod
2224 554 2362 608 Deus
2404 554 2561 609 etiam
2593 563 2865 624 assumpto
2909 553 3123 610 homine
3161 557 3505 625 permanebat
3528 600 3546 622 .

1973 644 2048 700 ait
2095 644 2196 699 illis
2229 662 2243 698 :
2277 644 2413 709 Quid
2440 644 2575 699 vobis
2619 645 2814 699 videtur
2859 645 2920 700 de
2947 644 3191 702 Christo?
3232 647 3375 720 cujus
3416 648 3554 717 ﬁlius

1974 737 2090 791 est?
2114 735 2519 804 Responderunt
2537 735 2825 791 secundum
2850 737 3204 807 opinationem
3231 752 3379 792 suam
3407 756 3420 791 :
3446 738 3553 793 Da-

1977 826 2075 880 vid.
2109 825 2199 882 Sic
2224 826 2363 880 enim
2392 826 2646 896 legerant,
2684 836 2740 883 et
2776 828 2877 882 hoc
2914 826 3084 882 solum
3114 827 3400 884 tenebant:
3428 830 3553 900 quia

1976 917 2304 973 divinitatem
2331 917 2447 987 ejus
2476 918 2737 988 legebant,
2778 919 2873 975 sed
2902 934 3007 973 non
3039 920 3417 990 intelligebant.
3446 922 3555 977 Do-

1977 1008 2152 1062 minus
2180 1016 2356 1063 autem
2381 1017 2438 1063 ut
2464 1023 2557 1062 eos
2588 1009 2934 1078 suspenderet
2960 1008 3027 1065 ad
3070 1011 3410 1081 qumrendam
3436 1012 3553 1082 ejus

1976 1099 2327 1165 divinitatem,
2381 1100 2533 1167 cujus
2585 1102 2993 1157 contemnebant
3034 1100 3417 1169 inﬁrmitatem,
3463 1118 3553 1158 re-

1982 1189 2195 1259 spondit
2220 1190 2297 1244 eis
2327 1208 2339 1242 :
2370 1190 2631 1255 Quomodo
2658 1206 2774 1262 ergo
2812 1190 2977 1245 David
3005 1193 3058 1247 in
3079 1193 3260 1261 spiritu
3285 1193 3407 1248 dicit
3442 1212 3556 1249 eum

1980 1278 2270 1345 Dominum,
2301 1280 2491 1347 dicens,
2520 1278 2661 1333 Dixit
2688 1279 2931 1336 Dominus
2958 1280 3177 1337 Domino
3200 1300 3329 1351 meo,
3370 1284 3502 1340 Sede
3522 1302 3557 1340 α

1978 1368 2168 1423 dextris
2211 1371 2353 1436 meis,
2390 1370 2547 1424 donec
2590 1388 2772 1441 ponam
2811 1372 3037 1427 inimicos
3083 1383 3192 1428 tuos
3231 1372 3321 1429 sub
3348 1376 3557 1446 pedibus

1978 1460 2114 1514 tuis?
2132 1460 2192 1514 Si
2215 1477 2331 1532 ergo
2352 1460 2517 1515 David
2539 1464 2591 1515 in
2611 1463 2789 1531 spiritu
2814 1463 2934 1516 dicit
2959 1480 3070 1518 eum
3098 1464 3386 1535 Dominum,
3428 1484 3557 1537 quo-

1980 1550 2129 1605 modo
2158 1551 2294 1621 ﬁlius
2318 1553 2427 1622 ejus
2450 1561 2523 1606 est
2551 1550 2762 1626 (Matth.
2791 1553 3126 1627 utubi-45)
3145 1555 3169 1610 ἲ
3188 1556 3302 1611 Non
3326 1558 3555 1628 negavit,

1980 1643 2074 1695 sed
2102 1640 2462 1711 interrogavit.
2492 1641 2569 1697 Ne
2591 1644 2707 1713 quis
2723 1643 2824 1698 huc
2845 1658 2964 1697 cum
2986 1644 3229 1710 audierit,
3252 1655 3400 1715 putet
3414 1646 3558 1721 quod

1984 1730 2235 1787 Dominus
2258 1733 2414 1787 Jesus
2442 1734 2712 1803 negaverit
2735 1749 2793 1788 se
2817 1731 2985 1787 ﬁlium
3012 1747 3129 1787 esse
3151 1734 3335 1788 David.
3366 1735 3559 1790 Filium

1981 1822 2145 1876 David
2167 1822 2419 1877 Dominus
2444 1824 2687 1879 Christus
2716 1825 2763 1878 si
2789 1838 2848 1880 se
2877 1834 3117 1894 negaret,
3146 1838 3317 1879 crocos
3338 1824 3414 1888 sic
3436 1840 3560 1880 eum

1982 1916 2283 1972 invocantes
2301 1932 2405 1972 non
2428 1917 2768 1973 illuminaret.
2796 1918 3079 1973 Transibat
3100 1918 3238 1972 enim
3254 1917 3558 1988 aliquando,

1981 2014 2033 2061 et
2060 2007 2165 2062 duo
2192 2010 2316 2063 ανοί
2342 2008 2587 2064 sedentes
2606 2009 2755 2079 juxta
2790 2011 2932 2065 viam
2965 2009 3325 2064 clamaverunt
3355 2028 3371 2066 :
3400 2008 3563 2064 Mise-

1980 2117 2087 2154 rere
2111 2102 2285 2167 nostri,
2328 2102 2404 2171 ﬁli
2434 2102 2615 2156 David.
2646 2102 2757 2169 Qua
2785 2118 2913 2159 voce
2936 2101 3135 2168 audita,
3164 2103 3409 2158 misertus
3436 2110 3559 2170 est;

1980 2194 2145 2259 stetit,
2170 2195 2394 2260 sanavit,
2419 2195 2596 2250 lumen
2617 2195 2760 2251 dedit
2794 2194 2904 2269 (Id.
2934 2210 3030 2259 xx,
3059 2193 3246 2267 50-54)
3271 2212 3287 2261 ;
3318 2195 3440 2265 quia
3465 2209 3563 2249 no-

1981 2303 2105 2342 men
2130 2288 2360 2357 agnovit.
2392 2288 2530 2342 Dicit
2551 2296 2605 2343 et
2627 2289 2896 2358 apostolus
2920 2287 3137 2353 Paulus,
3168 2287 3267 2351 Qui
3304 2290 3466 2359 factus
3488 2294 3562 2342 est

1980 2380 2027 2433 ei
2064 2395 2126 2433 ea:
2163 2379 2349 2433 semine
2374 2377 2540 2432 David
2580 2379 2856 2433 secundum
2880 2393 3083 2433 carnem
3108 2375 3281 2445 (Rom.
3309 2391 3349 2443 ι,
3376 2373 3431 2447 5)
3465 2392 3478 2429 :
3510 2383 3567 2431 et

1981 2471 2047 2526 ad
2075 2471 2431 2535 Timotheum,
2462 2471 2658 2525 Memor
2695 2480 2795 2525 esto
2832 2469 3007 2525 Jesum
3050 2465 3303 2522 Christum
3336 2482 3565 2522 resurre-

1979 2564 2113 2618 xisse
2137 2580 2169 2616 a
2197 2564 2405 2617 mortuis
2439 2578 2501 2616 ea
2526 2563 2711 2617 semine
2734 2560 2901 2616 David
2934 2559 3210 2617 secundum
3241 2557 3567 2629 Evangelium

1983 2671 2147 2708 meum
2173 2654 2254 2723 (ll
2275 2652 2410 2706 Tim.
2438 2669 2494 2719 ιι,
2522 2652 2615 2725 8).
2644 2651 2773 2721 Quia
2796 2652 2861 2707 de
2886 2653 3093 2708 semine
3122 2649 3279 2703 David
3305 2650 3566 2721 originem

1983 2744 2143 2799 Maria
2171 2748 2315 2815 virgo
2340 2744 2588 2811 ducebat,
2612 2743 2732 2797 inde
2759 2744 3012 2798 Dominus
3034 2741 3105 2797 de
3137 2738 3341 2797 semine
3369 2738 3557 2802 David.

2052 2837 2105 2891 4.
2148 2836 2258 2891 Hoc
2288 2849 2381 2905 pro
2407 2848 2598 2911 magno
2640 2832 2805 2887 Judaei
2835 2847 2865 2886 a
2893 2831 3110 2888 Christo
3136 2834 3466 2906 quaerebant,
3496 2844 3556 2892 ut

1983 2929 2027 2983 si
2055 2928 2274 2995 diceret,
2302 2928 2413 2998 Ego
2436 2943 2551 2981 sum
2572 2924 2839 2993 Christus,
2869 2922 3163 2981 secundum
3192 2926 3331 2997 quod
3366 2926 3443 2982 illi
3469 2941 3562 2982 so-

1985 3021 2093 3076 lum
2123 3021 2396 3091 sepiebant
2423 3019 2489 3074 de
2517 3018 2721 3074 semine
2745 3015 2932 3082 David,
2952 3018 3403 3075 calumniarentur
3420 3017 3565 3088 quod

1984 3113 2087 3169 sibi
2112 3121 2385 3182 arrogaret
2411 3111 2608 3181 regiam
2650 3118 2993 3179 potestatem.
3034 3109 3162 3164 Plus
3198 3118 3279 3163 est
3319 3108 3460 3178 quod
3486 3110 3593 3163 eis-

1986 3202 2262 3275 respondit
2300 3220 2314 3257 :
2346 3201 2423 3257 illi
2446 3200 2512 3257 de
2534 3201 2644 3255 ﬁlio
2666 3198 2831 3255 David
2843 3198 3094 3255 volebant
3123 3199 3453 3264 calumniari,
3477 3199 3566 3255 ille

1985 3295 2181 3351 Filium
2208 3295 2300 3349 Dei
2329 3309 2388 3349 se
2414 3308 2533 3349 esse
2559 3292 2849 3363 respondit.
2886 3292 2955 3347 Et
2988 3291 3292 3362 quomodo?
3317 3290 3510 3346 Audite
3536 3308 3557 3344 :

1988 3386 2266 3458 Respondit
2313 3386 2384 3439 eis
2425 3384 2575 3439 Iesus
2606 3401 2624 3439 :
2661 3383 2863 3455 Loquor
2902 3383 3060 3451 vobis,
3104 3393 3151 3438 et
3187 3400 3288 3438 non
3329 3384 3565 3449 creditis;

1986 3496 2141 3550 opera
2183 3494 2294 3549 quis
2321 3494 2410 3548 ego
2446 3477 2578 3549 {acia
2611 3477 2663 3530 in
2706 3474 2907 3529 nomine
2933 3474 3104 3529 Patris
3142 3476 3258 3541 mei,
3292 3474 3397 3529 haec
3422 3474 3567 3530 testi-

1987 3570 2212 3623 monium
2264 3566 2519 3637 perhibent
2563 3568 2625 3619 de
2671 3565 2906 3619 me:scd
2931 3580 3013 3618 vos
3043 3580 3142 3618 non
3181 3564 3402 3631 creditis,
3443 3564 3568 3635 quis

1987 3678 2086 3715 non
2108 3662 2223 3715 estis
2251 3676 2314 3714 ea:
2336 3660 2506 3713 ovibus
2530 3658 2669 3713 meis.
2692 3657 2811 3713 Jam
2837 3672 2997 3727 supra
3021 3657 3097 3726 (in
3123 3655 3292 3712 Tract.
3312 3656 3406 3727 45)
3428 3656 3567 3711 didi-

1987 3751 2136 3807 cistis
2155 3764 2275 3822 qute
2299 3750 2407 3805 sint
2424 3764 2551 3805 oves
2576 3757 2777 3804 :estote
2794 3762 2941 3804 oves.
2960 3747 3099 3803 Oves
3128 3746 3392 3802 credendo
3417 3756 3563 3817 sunt,

1988 3856 2114 3897 oves
2143 3848 2408 3910 pastorem
2431 3838 2700 3909 sequendo
2720 3849 2863 3902 sunt,
2890 3851 3017 3892 oves
3042 3836 3432 3908 redemptorem
3454 3853 3564 3894 non

1987 3928 2378 3986 contemnendo
2419 3937 2565 3996 sunt,
2610 3943 2737 3983 oves
2766 3942 2864 3998 per
2906 3928 3100 3984 ostium
3130 3926 3376 3984 intrando
3414 3935 3560 3998 sunt,

1989 4038 2117 4079 oves
2140 4020 2383 4077 exeundo
2428 4027 2484 4076 et
2530 4034 2723 4091 pascua
2770 4020 3089 4076 inveniendo
3131 4030 3275 4091 sunt,
3303 4037 3433 4077 oves
3455 4023 3564 4077 vita

1991 4121 2186 4168 interna
2229 4110 2547 4183 perlruendo
2589 4118 2731 4165 sunt.
2773 4109 3053 4178 Quomodo
3088 4128 3216 4183 ergo
3260 4112 3376 4167 istis
3403 4112 3562 4181 dixit,

1995 4203 2114 4257 Non
2139 4204 2254 4257 estis
2282 4219 2345 4257 ex
2373 4201 2541 4255 ovibus
2569 4200 2731 4255 meis?
2754 4200 2889 4269 Quia
2914 4201 3125 4257 videbat
3149 4217 3244 4257 eos
3271 4202 3335 4256 ad
3360 4202 3566 4274 sempi-

1995 4306 2199 4351 ternum
2229 4294 2496 4350 interitum
2532 4292 2955 4364 prmdestinatos,
2991 4308 3097 4349 non
3127 4294 3193 4349 ad
3218 4294 3380 4349 vitam
3405 4302 3567 4350 teter-

1997 4402 2119 4442 nam
2148 4386 2229 4440 sui
2257 4385 2528 4455 sanguinis
2555 4383 2726 4453 pretio
2746 4392 3099 4454 comparatos.

2065 4481 2119 4536 5.
2163 4477 2290 4533 Oves
2317 4492 2441 4532 mea:
2466 4493 2634 4530 vocem
2660 4492 2821 4531 meam
2854 4478 3083 4543 audiunt,
3127 4486 3171 4531 et
3197 4493 3438 4548 cognosco
3462 4495 3568 4546 eas,

1996 4580 2042 4626 et
2060 4578 2333 4641 sequuntur
2355 4584 2433 4622 me
2471 4582 2490 4621 :
2528 4576 2575 4621 et
2611 4583 2702 4638 ego
2739 4567 2891 4621 vitam
2932 4577 3171 4622 aeternam
3208 4569 3275 4623 do
3313 4570 3402 4625 eis.
3430 4570 3571 4625 Ecce

1996 4670 2120 4719 sunt
2143 4675 2356 4730 pascua.
2396 4659 2449 4714 Si
2476 4656 2734 4723 recolitis,
2753 4658 3004 4729 superius
3027 4658 3259 4727 dixerat,
3291 4659 3358 4713 Et
3400 4660 3571 4731 ingre-

2002 4751 2186 4818 dietur,
2216 4760 2261 4804 et
2284 4748 2581 4821 egredietur,
2599 4756 2647 4802 et
2671 4763 2861 4818 pascua
2878 4747 3109 4802 inveniet.
3136 4748 3362 4819 Ingressi
3386 4764 3570 4804 sumus

1999 4841 2298 4907 credendo,
2350 4837 2655 4910 egredimur
2702 4838 2999 4895 moriendo.
3043 4839 3147 4897 Sed
3185 4840 3449 4911 quomodo
3478 4856 3573 4911 per

2001 4934 2198 4989 ostium
2240 4932 2360 4988 ﬁdei
2390 4931 2610 5002 ingressi
2658 4946 2861 4994 sumus,
2882 4931 2960 4986 sic
3009 4930 3190 4986 ﬁdeles
3235 4931 3303 4986 de
3346 4945 3574 5001 corpore

2003 5036 2255 5078 exeamus
2282 5038 2297 5075 :
2324 5022 2402 5077 sic
2425 5022 2568 5078 enim
2598 5036 2692 5091 per
2713 5021 2887 5091 ipsum
2924 5020 3119 5077 ostium
3159 5020 3481 5092 egredimur,
3513 5031 3575 5077 ut

2005 5128 2201 5185 pascua
2237 5112 2474 5169 invenire
2500 5113 2784 5184 possimus.
2817 5110 2961 5165 Bona
2996 5126 3209 5182 pascua,
3236 5112 3341 5165 vita
3375 5120 3576 5167 aeterna

2004 5206 2242 5261 dicitur:
2282 5204 2355 5260 ibi
2385 5204 2528 5259 nulla
2563 5204 2727 5259 herba
2755 5202 2983 5270 arescit,
3020 5209 3186 5257 totum
3221 5202 3376 5269 viret,
3408 5210 3575 5258 totum

2006 5300 2167 5370 viget.
2198 5297 2348 5354 Solet
2374 5296 2612 5367 quaedam
2652 5295 2813 5352 herba
2851 5294 2954 5349 dici
2996 5308 3209 5363 semper
3254 5293 3411 5348 viva‘
3454 5311 3469 5349 :
3504 5294 3579 5351 ibi

2008 5391 2182 5446 solum
2205 5389 2383 5444 vivere
2421 5387 2706 5443 invenitur.
2738 5384 2903 5439 Vitam
2940 5394 3197 5449 retentam,
3225 5383 3417 5457 inquit,
3448 5384 3581 5440 dabo

2009 5481 2103 5548 eis,
2130 5480 2318 5536 ovibus
2355 5479 2509 5534 meis.
2551 5475 2661 5531 Vos
2686 5475 2981 5531 calumnias
3008 5481 3288 5545 propterea
3322 5476 3578 5546 quiet-itis,

2010 5571 2136 5642 quia
2159 5570 2230 5627 de
2248 5572 2353 5626 vita
2379 5567 2627 5642 praesenti
2656 5564 2917 5637 cogitatis.

2015 5702 2358 5814 “$133,153.,
2756 5708 2775 5747 :
2817 5696 2993 5749 dteitttr
3020 5697 3221 5760 amcis,
3254 5697 3437 5759 adeon,
3479 5698 3587 5748 sive
