4030 6470
499 320 640 378 1743

572 434 625 487 6.
669 429 735 484 Et
759 446 857 483 non
889 428 1114 499 peribunt
1143 426 1193 478 in
1222 433 1460 478 retentum
1486 436 1503 474 :
1529 416 1802 479 subaudis,
1828 423 2073 482 tanquam

501 524 579 579 eis
608 520 824 586 dixerit,
856 518 965 574 Vos
1004 516 1237 588 peribitis
1266 514 1318 568 iu
1352 522 1628 575 aeternum,
1664 507 1787 577 quia
1818 519 1919 558 non
1950 500 2078 556 estis

502 631 570 670 ex
589 613 776 669 ovibus
798 611 949 666 meis.
977 608 1096 663 Non
1124 607 1285 676 rapiet
1309 621 1392 658 eas
1407 603 1668 671 quisquam
1686 597 1746 651 de
1767 611 1918 649 manu
1942 606 2072 645 mea.

502 703 758 759 lnteutius
782 699 1005 770 accipite
1037 716 1049 752 :
1077 696 1230 750 Pater
1248 710 1388 748 meus
1417 692 1549 761 quod
1580 688 1714 743 dedit
1742 685 1884 749 mihi,
1912 682 2079 751 majus

504 806 575 852 est
604 794 851 849 omnibus.
874 791 1011 860 Quid
1041 797 1214 860 potest
1241 786 1434 856 lupus?
1472 782 1596 853 quid
1622 787 1794 850 potest
1827 776 1910 830 fur
1930 783 1983 830 et
2006 775 2077 826 la«

505 887 620 942 tro?
646 885 758 940 Non
780 883 1012 955 perdunt
1047 878 1148 933 nisi
1177 876 1248 931 ad
1269 874 1536 930 interitum
1561 869 1981 955 przrdestiuatos.
2006 863 2081 955 De

506 977 611 1032 illis
639 952 815 1030 autem
853 972 1060 1037 ovibus,
1107 967 1174 1023 de
1203 966 1393 1037 quibus
1429 964 1557 1019 dicit
1596 959 1897 1031 Apostolus,
1930 952 2081 1008 Novit

509 1066 755 1121 Dominus
781 1064 865 1132 qui
896 1070 1011 1117 sunt
1048 1060 1158 1130 ejus
1179 1057 1246 1127 (ll
1278 1055 1411 1110 Tim.
1444 1070 1499 1115 ιι,
1530 1052 1616 1122 19)
1636 1068 1649 1117 ;
1673 1060 1745 1114 et,
1785 1047 1922 1114 Quas
1948 1059 2080 1114 pra:-

507 1158 668 1223 scivit,
691 1157 827 1226 ipsos
852 1162 897 1207 et
926 1148 1295 1221 prwdestinavit
1313 1164 1331 1212 ;
1349 1161 1472 1217 quos
1496 1152 1661 1196 autem
1688 1135 2080 1211 praedestinavit,

506 1249 643 1317 ipsos
675 1224 722 1301 et
764 1244 988 1306 vocavit;
1014 1256 1137 1313 quos
1186 1246 1351 1291 autem
1388 1234 1612 1299 vocavit,
1648 1231 1763 1284 illos
1809 1236 1853 1282 et
1885 1224 2082 1297 justiﬁ-

505 1315 631 1391 eavit
648 1354 669 1403 ;
692 1351 815 1405 quos
844 1342 1006 1387 autem
1016 1328 1334 1402 justi/ienuit,
1356 1327 1490 1397 ipsos
1510 1334 1553 1378 et
1584 1320 1881 1394 gloriﬁcavit
1904 1315 2091 1405 (Rom.

508 1442 621 1491 vui,
650 1404 749 1493 29,
769 1422 859 1496 '50)
884 1443 896 1479 :
928 1423 995 1477 de
1021 1421 1208 1476 ovibus
1237 1419 1352 1473 istis
1380 1432 1479 1471 nec
1514 1416 1667 1483 lupus
1697 1414 1854 1481 rapit,
1886 1423 1984 1462 nec
2001 1404 2084 1463 fur

509 1518 661 1584 tollit,
712 1531 813 1572 nec
861 1516 996 1569 latro
1042 1511 1305 1567 interﬁcit.
1351 1509 1581 1565 Securus
1630 1514 1711 1560 est
1755 1503 1823 1558 de
1866 1513 2086 1555 numero

506 1624 713 1673 earum,
745 1607 833 1678 qui
864 1620 959 1676 pro
988 1606 1064 1660 cis
1092 1603 1237 1658 novit
1261 1599 1401 1672 quod
1430 1598 1597 1654 dedit.
1629 1596 1813 1650 Ethoc
1840 1589 2086 1662 estquod

508 1702 602 1767 ait,
636 1698 757 1753 Non
786 1697 946 1769 rapiet
973 1712 1057 1750 eas
1082 1694 1343 1764 quisquam
1373 1690 1435 1743 de
1459 1705 1611 1742 manu
1636 1700 1781 1739 mea:
1804 1684 1998 1739 ctitem
2020 1679 2087 1735 ad

509 1793 741 1853 Patrem,
776 1789 930 1844 Pater
957 1804 1093 1841 meus
1127 1785 1259 1855 quod
1293 1782 1430 1838 dedit
1462 1780 1603 1845 mihi,
1636 1777 1801 1847 majus
1829 1783 1899 1829 est
1923 1772 2088 1827 omni-

509 1883 619 1937 bus.
644 1880 779 1948 Quid
818 1878 965 1934 dedit
993 1878 1126 1931 Filio
1167 1876 1322 1929 Pater
1352 1872 1524 1940 majus
1562 1866 1845 1924 omnibus?
1885 1864 1951 1920 Ut
1978 1864 2089 1932 ipse

510 1972 593 2028 illi.
612 1979 755 2028 esset
783 1968 1082 2039 uuigeuitus
1112 1965 1293 2020 Filius.
1324 1962 1459 2029 Quid
1497 1969 1578 2015 est
1606 1972 1750 2028 ergo,
1782 1953 2089 2023 dedit?.jam

510 2065 737 2119 eratcui
778 2062 947 2125 daret,
998 2075 1064 2113 an
1105 2056 1369 2129 gignendo
1389 2054 1573 2109 dedit?
1612 2051 1743 2109 Nam
1784 2050 1827 2104 si
1865 2047 2090 2103 eratcui

509 2154 663 2209 daret
691 2160 749 2208 ut
789 2151 955 2205 Filius
991 2158 1151 2212 esset,
1197 2143 1482 2215 aliquando
1512 2151 1645 2209 erat,
1689 2148 1745 2194 et
1787 2136 1955 2192 Filius
1985 2149 2089 2190 non

510 2253 625 2300 erat
654 2261 667 2297 :
701 2242 853 2297 Absit
878 2249 935 2296 ut
959 2237 1242 2309 aliquando
1273 2236 1527 2291 Dominus
1561 2232 1802 2288 Christus
1833 2229 2007 2293 fuerit,
2038 2234 2093 2282 et

512 2334 678 2389 Filius
704 2348 811 2388 non
843 2332 1017 2387 fuerit.
1046 2331 1120 2385 De
1144 2328 1418 2383 nobishoc
1443 2324 1546 2380 dici
1569 2332 1741 2396 potest
1771 2340 1784 2380 :
1808 2318 2093 2391 aliquando

513 2427 607 2483 lilii
628 2426 904 2480 hominum
929 2437 1163 2487 eramus,
1192 2419 1283 2473 lilii
1312 2418 1404 2473 Dei
1433 2432 1539 2473 non
1569 2429 1802 2472 eramus.
1820 2412 1927 2467 Nos
1951 2412 2093 2466 enim

515 2518 652 2573 tilias
679 2517 770 2572 Dei
796 2516 961 2587 gratia
991 2512 1133 2576 fecit,
1167 2511 1313 2566 illum
1337 2518 1544 2576 natura,
1575 2508 1697 2578 quia
1720 2506 1787 2560 ita
1814 2513 1965 2558 natus
1989 2510 2091 2557 est.

516 2611 578 2666 Et
598 2625 701 2665 non
719 2617 803 2665 est
818 2616 874 2663 ut
889 2607 1055 2674 dicas,
1073 2604 1186 2660 Non
1204 2612 1317 2659 erat
1332 2610 1611 2671 antequam
1630 2607 1785 2654 natus
1798 2604 1911 2651 erat
1930 2612 1942 2649 :
1961 2610 2098 2649 nun-

513 2717 673 2771 quam
702 2699 844 2756 enim
869 2714 974 2753 non
1002 2704 1157 2751 natus
1201 2702 1336 2760 erat,
1363 2694 1452 2763 qui
1480 2691 1621 2746 Patri
1641 2697 1936 2745 coaeternus
1960 2694 2094 2741 erat.

513 2791 612 2859 Qui
632 2788 973 2861 sapitcapiat;
992 2786 1080 2857 qui
1099 2800 1203 2840 non
1224 2784 1365 2854 capit
1382 2781 1607 2848 credat‘,
1628 2779 1913 2845 nutriatur,
1941 2784 2098 2832 etca-

514 2883 640 2951 piet.
658 2880 886 2938 Verbum
902 2878 990 2934 Dei
1005 2890 1213 2946 semper
1224 2890 1343 2929 cum
1358 2874 1528 2938 Patre,
1545 2882 1817 2941 etsemper
1827 2868 2059 2924 Verbum
2079 2883 2093 2921 :

515 2988 569 3033 et
608 2976 728 3046 quia
760 2973 990 3029 Verbum
1013 3012 1029 3039 ,
1058 2969 1179 3025 ideo
1207 2967 1392 3024 Filius.
1423 2967 1646 3036 Semper
1673 2979 1800 3035 ergo
1815 2962 1999 3027 Filius,
2044 2970 2101 3016 et

510 3082 730 3136 semper
757 3063 998 3134 :equalis.
1032 3060 1147 3116 Non
1178 3058 1319 3115 enim
1350 3056 1661 3123 crescendo,
1706 3054 1801 3111 sed
1830 3052 2099 3109 nascendo

517 3156 737 3227 :equalis
761 3161 864 3220 est,
884 3151 977 3223 qui
1008 3165 1221 3221 semper
1245 3158 1401 3203 natus
1424 3156 1503 3203 est
1532 3147 1598 3201 de
1629 3146 1782 3200 Patre
1814 3144 2001 3211 Filius,
2030 3143 2097 3199 de

521 3248 628 3302 Deo
655 3248 814 3310 Deus,
842 3244 909 3299 de
937 3251 1136 3298 interno
1164 3250 1480 3297 coaeternus.
1514 3239 1668 3293 Pater
1696 3246 1872 3291 autem
1903 3250 2007 3291 non
2031 3236 2099 3291 de

520 3337 655 3392 Filio
690 3336 829 3391 Deus
864 3352 876 3387 :
910 3333 1077 3387 Filius
1108 3332 1182 3386 de
1226 3331 1382 3385 Patre
1424 3330 1595 3393 Deus;
1626 3327 1753 3387 ideo,
1782 3327 1938 3382 Pater
1963 3325 2098 3381 Filio

520 3426 781 3500 gignendo
826 3424 971 3480 dedit
1000 3432 1058 3478 ut
1084 3423 1225 3477 Deus
1252 3429 1415 3488 esset,
1443 3418 1705 3490 gignendo
1729 3418 1874 3473 dedit
1911 3427 1967 3472 ut
2000 3416 2099 3472 sibi

520 3527 818 3574 coaeternus
840 3523 1003 3584 esset,
1027 3512 1291 3586 gignendo
1316 3511 1463 3567 dedit
1485 3519 1541 3566 ut
1560 3510 1779 3581 aequalis
1805 3520 1965 3565 esset.
1989 3509 2103 3564 [loc

522 3607 763 3679 estquod
791 3606 962 3676 majus
997 3615 1079 3660 est
1109 3604 1373 3659 omnibus.
1404 3601 1682 3670 Quomodo
1706 3602 1809 3655 vita
1837 3602 2022 3667 Filius,
2049 3610 2102 3656 et

526 3702 724 3756 habens
751 3700 910 3753 vitam
958 3698 1159 3753 Filius?
1194 3696 1345 3763 Quod
1382 3696 1541 3750 habet
1570 3695 1672 3750 hoc
1712 3704 1793 3751 est
1826 3712 1838 3750 :
1869 3705 1925 3749 tu
1960 3693 2102 3749 aliud

524 3806 603 3860 es,
653 3790 795 3846 aliud
849 3789 1030 3845 habes.
1091 3788 1247 3843 Verbi
1296 3788 1485 3856 gratia,
1533 3785 1699 3841 habes
1752 3784 2102 3854 sapientiam;

527 3881 780 3953 numquid
810 3889 863 3935 ιιι
893 3896 950 3936 cs
976 3881 1087 3951 ipsa
1110 3878 1400 3948 sapientia?
1428 3878 1662 3949 Denique
1688 3878 1808 3948 quia
1839 3892 1942 3931 non
1970 3891 2029 3931 es
2052 3886 2105 3930 tu

528 3976 640 4044 ipse
660 3971 799 4042 quod
829 3970 1011 4030 habes.
1033 3971 1075 4023 si
1095 3970 1335 4024 amiseris
1353 3968 1493 4039 quod
1514 3968 1698 4033 habes,
1723 3969 1865 4022 redis
1887 3970 1907 3999 ⁸
1931 3976 1983 4020 ιιι
2000 3983 2107 4021 non

530 4065 727 4119 habeas
764 4080 777 4116 :
823 4073 877 4116 et
930 4060 1213 4130 aliquando
1254 4061 1513 4124 resumis,
1560 4060 1845 4128 aliquando
1884 4059 2104 4113 amittis.

529 4154 810 4223 Quomodo
837 4153 1021 4207 oculus
1039 4160 1220 4207 noster
1247 4168 1349 4205 non
1373 4152 1424 4205 in
1453 4153 1629 4221 seipso
1656 4152 1814 4206 habet
1840 4153 2108 4220 insepara-

532 4245 711 4301 biliter
735 4246 938 4309 lucem;
972 4244 1206 4313 aperitur
1239 4251 1291 4296 et
1317 4241 1478 4311 capit,
1511 4242 1772 4297 clauditur
1799 4252 1852 4297 et
1894 4244 2105 4296 amittit.

531 4338 646 4395 Non
674 4338 750 4392 sic
780 4346 863 4391 est
894 4336 1035 4391 Deus
1063 4334 1154 4389 Dei
1184 4333 1369 4398 Filius,
1409 4348 1512 4387 non
1535 4333 1611 4387 sic
1638 4343 1719 4388 est
1747 4334 1977 4389 Verbum
2005 4335 2108 4388 Pa-

536 4432 634 4487 tris
665 4447 681 4489 :
708 4446 813 4486 non
840 4430 917 4485 sic
944 4438 1025 4484 est
1060 4428 1290 4484 Verbum
1317 4427 1455 4498 quod
1488 4443 1591 4481 non
1619 4428 1858 4482 sonando
1899 4429 2106 4495 transit,

542 4526 633 4581 sed
654 4506 927 4579 nascendo
950 4529 1145 4579 manet.
1174 4521 1261 4577 Sic
1280 4520 1441 4576 habet
1466 4520 1800 4591 sapientiam,
1832 4530 1889 4575 ut
1910 4522 2022 4593 ipse
2044 4522 2113 4577 sit

540 4613 817 4684 sapientia,
850 4611 1109 4682 faciatque
1134 4611 1433 4681 sapientes;
1464 4610 1543 4666 sic
1569 4611 1727 4667 habet
1761 4612 1942 4679 vitam,
1972 4614 2114 4668 utsit

475 4711 488 4725 ‘
540 4706 653 4777 ipse
682 4705 808 4768 vita,
839 4703 1097 4773 iaciatque
1124 4702 1385 4758 viventes.
1416 4702 1526 4757 lloc
1562 4712 1644 4758 est
1671 4704 1811 4774 quod
1838 4706 2008 4775 majus
2032 4714 2115 4761 est

537 4796 803 4853 omnibus.
832 4794 1072 4849 Attendit
1096 4794 1329 4849 Joannes
1358 4794 1470 4863 ipse
1498 4796 1816 4865 evangelista
1839 4798 2034 4853 caelum
2060 4809 2116 4855 et

535 4902 759 4959 terram,
788 4890 973 4945 volens
996 4889 1174 4945 dicere
1202 4887 1268 4943 de
1298 4888 1433 4943 Filio
1459 4876 1585 4954 Dei;
1614 4890 1858 4956 attendit,
1887 4900 1941 4945 et
1966 4901 2111 4946 tran-

537 4983 765 5040 scendit.
805 4980 1068 5052 Cogitavit
1105 4994 1261 5050 supra
1288 4980 1481 5035 cazlum
1511 4980 1671 5035 millia
1702 4984 1966 5038 exercitus
1999 4984 2113 5036 Au-

538 5077 801 5146 gclorum,
843 5072 1091 5144 cogitavit
1135 5079 1189 5126 et
1229 5072 1556 5127 transcendit
1602 5074 1926 5140 universam,
1981 5075 2118 5129 sicut

542 5160 717 5235 aquila
756 5163 946 5229 nubes,
978 5162 1055 5219 sic
1089 5176 1183 5217 sua
1211 5171 1389 5218 mente
1417 5172 1716 5219 creaturam
1749 5183 1762 5221 :
1788 5166 2117 5221 transcendit

542 5270 732 5326 magna
759 5254 959 5321 omnia,
998 5253 1240 5324 pervenit
1263 5252 1332 5307 ad
1360 5252 1486 5308 illud
1517 5253 1657 5322 quod
1693 5254 1865 5324 majus
1887 5264 1969 5310 est
1998 5271 2117 5311 om-

544 5348 731 5413 nibus;
761 5356 816 5402 et
850 5346 1004 5413 dixit,
1030 5344 1099 5400 In
1118 5345 1363 5416 principio
1392 5354 1496 5399 erat
1534 5345 1744 5400 Verbum
1766 5345 1943 5419 (Joan.
1980 5349 2116 5419 1,1).

541 5435 649 5492 Sed
678 5436 801 5506 quia
845 5437 936 5491 ille
964 5436 1114 5506 cujus
1155 5444 1236 5491 est
1262 5435 1497 5491 Verbum
1537 5451 1643 5491 non
1688 5448 1770 5492 est
1810 5438 1876 5493 de
1920 5439 2115 5507 Verbo,

545 5527 782 5584 Verbum
811 5536 988 5583 autem
1014 5529 1080 5583 de
1101 5527 1294 5607 illoest
1317 5527 1467 5599 cujus
1494 5537 1577 5584 est
1591 5528 1854 5596 Verbum;
1886 5530 2004 5587 ideo
2023 5532 2115 5599 ait,

651 5667 828 5709 omnes
850 5666 975 5720 Mss.,
999 5658 1081 5721 qui
1102 5672 1192 5709 non
1214 5658 1339 5721 sapit
1360 5660 1543 5714 credat.

607 5722 721 5769 ‘s‘ic
743 5727 845 5768 Mss.
872 5728 924 5769 Αι
958 5722 1089 5779 editi,
1117 5722 1295 5773 reddis.
1570 5752 1581 5761 ο

1425 308 1486 362 IN
1527 304 1800 362 JOANNIS
1840 291 2302 360 EVANGELIUM,
2343 293 2398 350 S.
2443 294 2803 352 AUGUSTINI

3626 297 3766 355 1744

2192 407 2339 474 Quod
2359 408 2493 462 dedit
2523 409 2645 461 mihi
2668 407 2841 475 Pater,
2872 407 2922 463 id
2947 417 3047 471 est,
3080 419 3136 463 ut
3160 408 3261 464 sim
3290 408 3524 465 Verbum
3544 410 3684 481 ejus,
3707 422 3769 469 ut

2190 501 2289 555 sim
2320 499 2619 570 unigenitus
2635 499 2798 553 Filius
2822 499 2957 568 ejus,
2978 508 3036 553 ut
3056 500 3154 554 sim
3177 501 3432 570 splendor
3458 501 3594 557 lucis
3621 503 3761 573 ejus,

2188 592 2353 658 majus
2396 566 2468 645 est
2519 590 2764 644 omnibus.
2818 566 2961 657 Ideo,
2997 589 3163 645 Nemo
3207 566 3359 662 rapit,
3408 592 3603 662 inquit,
3650 566 3766 651 at;

2191 700 2325 751 meas
2363 687 2425 737 de
2452 699 2604 736 manu
2632 699 2760 736 mea.
2792 682 2955 737 Nemo
2985 692 3143 754 potest
3174 700 3353 754 rapere
3379 683 3443 739 de
3472 702 3629 740 manu
3659 685 3763 739 Pa.

2192 777 2281 829 tris
2304 776 2419 829 mei.

2266 864 2317 916 7.
2362 862 2440 917 De
2468 881 2619 918 manu
2650 882 2779 930 mea,
2809 867 2948 920 etde
2986 883 3137 921 manu
3167 865 3343 923 Patris
3367 868 3464 922 mei
3489 884 3508 922 :
3532 869 3657 939 quid
3688 878 3773 924 est

2193 954 2315 1022 hoc,
2369 954 2535 1009 Nemo
2578 956 2710 1025 rapit
2762 957 2822 1009 de
2869 973 3027 1012 manu
3074 974 3206 1023 mea,
3256 967 3329 1025 et,
3361 958 3525 1013 Nemo
3548 960 3684 1030 rapit
3709 960 3774 1015 de

2194 1062 2346 1099 manu
2368 1045 2541 1100 Patris
2568 1049 2701 1101 mei?
2724 1047 2908 1103 Utrum
2931 1064 3029 1103 una
3051 1064 3239 1103 manus
3259 1059 3340 1105 est
3360 1050 3533 1105 Patris
3555 1059 3610 1105 et
3628 1050 3769 1119 Filii,

2192 1150 2259 1191 an
2289 1136 2423 1192 forte
2458 1138 2569 1206 ipse
2598 1137 2761 1193 Filius
2790 1153 2978 1193 manus
3004 1148 3086 1194 est
3116 1140 3289 1195 Patris
3332 1141 3447 1195 sui?
3475 1141 3532 1195 Si
3554 1157 3771 1196 manum

2196 1227 2549 1297 intelligamus
2580 1237 2911 1297 potestatem,
2942 1246 3044 1285 una
3078 1240 3161 1285 est
3188 1231 3360 1286 Patris
3386 1241 3442 1287 et
3467 1232 3586 1286 Filii
3617 1243 3773 1302 pote-

2195 1326 2337 1383 stas;
2365 1318 2485 1388 quia
2506 1334 2607 1372 una
2628 1327 2709 1373 est
2728 1319 2975 1374 divinitas
3007 1340 3019 1375 :
3048 1322 3091 1376 si
3121 1331 3297 1378 autem
3324 1338 3541 1378 manum
3574 1324 3771 1381 intelli-

2194 1424 2400 1479 gamus,
2430 1410 2565 1465 sicut
2590 1409 2789 1464 dictum
2818 1421 2901 1466 est
2934 1428 3024 1481 per
3050 1413 3383 1483 prophetam,
3417 1414 3482 1467 Et
3507 1415 3776 1470 brachium

2199 1502 2410 1556 Domini
2426 1504 2507 1556 cui
2529 1504 2795 1558 revelatum
2813 1515 2881 1558 est
2898 1504 2947 1575 (1
2956 1522 3150 1572 sa.Lm,
3171 1508 3190 1561 Ι
3208 1508 3250 1575 )?
3268 1523 3456 1562 manus
3470 1510 3642 1565 Patris
3660 1511 3776 1582 ipse

2196 1604 2279 1650 est
2310 1595 2496 1650 Filius.
2518 1594 2667 1663 Quod
2694 1612 2796 1651 non
2821 1598 2888 1651 ita
2910 1598 3109 1652 dictum
3130 1607 3229 1663 est,
3251 1608 3496 1670 tanquam
3517 1602 3658 1657 Deus
3674 1602 3776 1657 ha-

2199 1684 2321 1739 beat
2343 1684 2622 1740 humanam
2654 1685 2896 1751 formam,
2916 1698 2967 1742 et
2983 1690 3135 1757 quasi
3151 1691 3387 1759 corporis
3402 1693 3661 1759 membra;
3682 1695 3776 1750 sed

2197 1777 2336 1846 quod
2370 1792 2463 1846 per
2488 1776 2661 1846 ipsum
2696 1778 2831 1833 facta
2858 1789 2981 1834 sunt
3012 1780 3208 1835 omnia.
3238 1782 3369 1837 Nam
3399 1784 3572 1839 solent
3590 1794 3646 1840 et
3674 1784 3776 1841 ho-

2200 1868 2370 1923 mines
2390 1868 2567 1923 dicere
2588 1882 2774 1923 manus
2800 1884 2923 1926 suas
2946 1885 3067 1927 esse
3085 1872 3217 1928 alios
3239 1872 3504 1939 homines,
3525 1892 3623 1945 per
3641 1891 3779 1946 quos

2200 1960 2395 2015 faciunt
2421 1960 2564 2031 quod
2588 1962 2789 2017 volunt.
2818 1963 3113 2033 Aliquando
3141 1972 3195 2019 et
3234 1965 3406 2035 ipsum
3433 1981 3569 2037 opus
3595 1966 3776 2022 homi-

2200 2053 2302 2117 nis,
2328 2068 2513 2107 manus
2535 2053 2765 2109 hominis
2790 2053 2982 2108 dicitur
3006 2055 3147 2125 quod
3170 2055 3227 2110 ﬁt
3246 2070 3341 2127 per
3357 2072 3573 2111 manum
3604 2057 3781 2112 :sicut

2202 2144 2395 2199 dicitur
2421 2145 2645 2216 quisque
2668 2159 2959 2217 agnoscere
2976 2162 3194 2202 manum
3222 2163 3396 2217 suam,
3416 2165 3537 2204 cum
3562 2150 3616 2204 id
3638 2150 3783 2220 quod

2202 2237 2412 2306 scripsit
2439 2238 2696 2306 agnoscit.
2740 2238 2871 2293 Cum
2914 2254 3042 2310 ergo
3067 2240 3246 2294 multis
3295 2239 3467 2295 modis
3496 2240 3657 2296 etiam
3686 2240 3787 2295 ho-

2203 2329 2361 2383 minis
2389 2328 2593 2413 dicatur
2614 2344 2822 2393 manus,
2845 2330 2934 2400 qui
2962 2331 3173 2400 proprie
3198 2346 3413 2385 manum
3438 2330 3600 2386 habet
3620 2330 3675 2407 in
3698 2330 3784 2386 sui

2204 2419 2442 2488 corporis
2468 2419 2749 2485 membris;
2790 2429 2986 2490 quanto
3013 2421 3180 2492 magis
3222 2437 3326 2476 non
3367 2436 3476 2477 uno
3502 2421 3664 2477 modo
3696 2421 3785 2475 in-

2196 2508 2544 2579 telligendum
2574 2518 2657 2565 est
2697 2525 2818 2565 cum
2864 2511 3055 2582 legitur
3099 2526 3287 2566 manus
3332 2513 3445 2578 Dei,
3475 2511 3560 2567 cui
3611 2511 3788 2566 lbrma

2204 2601 2446 2668 corporis
2468 2600 2608 2655 nulla
2626 2602 2740 2655 est?
2760 2601 2837 2655 Ac
2858 2617 2954 2671 per
2973 2601 3075 2658 hoc
3094 2603 3283 2658 melius
3305 2602 3407 2657 hoc
3425 2603 3541 2658 loco
3567 2616 3790 2657 manum

2206 2691 2377 2746 Patnis
2400 2700 2455 2747 et
2491 2693 2608 2747 Filii
2636 2694 2975 2763 intelligimus
3011 2704 3328 2764 potestatem
3353 2694 3523 2749 Patris
3547 2703 3600 2749 et
3626 2694 3786 2761 Filii;

2206 2796 2273 2836 ne
2297 2780 2431 2837 forte
2452 2797 2581 2837 cum
2609 2782 2695 2838 hic
2719 2798 2932 2837 manum
2964 2784 3137 2838 Patris
3166 2784 3335 2853 ipsum
3367 2783 3559 2838 Filium
3583 2784 3792 2839 dictum

2206 2874 2587 2943 acceperimus,
2631 2874 2848 2944 incipiat
2870 2875 3099 2930 carnalis
3134 2875 3384 2945 cogitatio
3421 2875 3579 2929 etiam
3618 2876 3793 2944 ipsius

2208 2964 2326 3018 Filii
2368 2980 2609 3034 quaerere
2647 2964 2861 3033 Filium,
2902 2980 3061 3036 quem
3091 2966 3335 3020 similiter
3376 2966 3558 3020 credat
3583 2965 3789 3021 Christi

2207 3073 2443 3115 manum.
2481 3058 2653 3129 Ergo,
2686 3057 2851 3113 Nemo
2880 3060 3015 3129 rapit
3044 3059 3106 3112 de
3126 3075 3279 3113 manu
3308 3056 3483 3113 Patris
3516 3058 3651 3123 mei;
3687 3058 3796 3113 hoc

2208 3162 2309 3220 est,
2333 3152 2500 3207 Nemo
2520 3152 2655 3223 rapit
2678 3152 2826 3206 mihi.

2285 3250 2338 3302 8.
2367 3247 2469 3302 Sed
2502 3262 2569 3301 ne
2599 3246 2735 3301 forte
2762 3246 2935 3302 adhuc
2962 3246 3177 3314 titubes,
3206 3246 3324 3301 audi
3354 3246 3478 3317 quid
3504 3245 3751 3315 sequitur
3779 3262 3797 3301 ι

2213 3339 2321 3410 Ego
2350 3348 2397 3392 et
2424 3337 2581 3392 Pater
2606 3355 2759 3391 unum
2800 3355 2989 3392 sumus.
3026 3338 3138 3393 lluc
3164 3354 3331 3407 usque
3359 3337 3527 3391 Judaei
3558 3336 3800 3392 tolerare

2212 3438 2497 3499 potuerunt
2524 3446 2536 3480 :
2565 3427 2866 3492 audierunt,
2898 3427 3009 3497 Ego
3050 3438 3097 3481 et
3142 3426 3297 3480 Pater
3335 3444 3488 3479 unum
3514 3442 3710 3491 sumus,
3740 3436 3803 3481 et

2212 3535 2318 3573 non
2344 3519 2702 3589 pertulerunt;
2733 3528 2787 3574 et
2812 3534 2959 3573 more
2988 3532 3086 3572 suo
3109 3518 3249 3583 duri,
3278 3517 3343 3571 ad
3372 3516 3576 3587 lapides
3597 3532 3802 3571 cucur-

2210 3619 2414 3665 rerunt.
2442 3609 2689 3664 Tuterunt
2716 3609 2932 3680 lapides,
2962 3617 3015 3662 ut
3054 3608 3337 3678 tapidarent
3358 3624 3493 3662 eum.
3531 3606 3803 3661 Dominus

2212 3703 2333 3773 quia
2380 3717 2486 3756 non
2527 3702 2824 3771 patiebatur
2862 3700 3003 3771 quod
3043 3701 3257 3755 nolebat
3304 3700 3431 3769 pati,
3460 3709 3514 3755 et
3562 3714 3668 3753 non
3712 3707 3804 3755 est

2213 3808 2401 3862 passus
2436 3793 2535 3846 nisi
2573 3792 2715 3862 quod
2742 3792 2910 3847 voluit
2938 3792 3065 3861 pati,
3094 3791 3265 3845 adhuc
3292 3805 3385 3845 eos
3426 3789 3659 3859 lapidare
3699 3803 3803 3843 cu-

2218 3886 2423 3954 pientes
2451 3884 2756 3953 alloquitur.
2800 3900 2820 3934 ι
2865 3883 3206 3938 Sustulerunt
3253 3881 3456 3952 lapides
3500 3881 3694 3947 Iudici,
3740 3891 3807 3935 ut

2213 3976 2510 4045 lapidarent
2555 3976 2720 4031 illum.
2762 3975 3055 4046 Respondit
3092 3975 3171 4029 eis
3212 3974 3368 4030 Jcsus
3408 3992 3421 4029 :
3461 3973 3618 4028 Multa
3650 3973 3806 4028 bona

2214 4080 2375 4135 opera
2427 4066 2635 4121 ostendi
2690 4065 2841 4120 vobis
2884 4080 2948 4121 ex
2994 4065 3153 4120 Patre
3199 4079 3346 4129 meo,
3390 4074 3609 4133 propter
3650 4063 3806 4133 quod

2216 4171 2402 4212 eorum
2428 4172 2577 4226 opus
2624 4173 2710 4213 me
2745 4156 3025 4226 lapidatis?
3060 4156 3128 4210 Et
3153 4157 3227 4210 illi
3256 4154 3643 4224 responderunt
3672 4170 3687 4207 :
3724 4154 3809 4209 De

2215 4250 2356 4305 bono
2384 4263 2545 4318 opere
2585 4265 2689 4303 non
2721 4248 3016 4317 lapidamus
3042 4256 3115 4311 te,
3148 4246 3244 4301 sed
3271 4246 3337 4301 de
3362 4245 3715 4315 blasphemia,
3749 4251 3809 4300 et

2217 4341 2336 4412 quia
2363 4350 2416 4395 tu
2438 4341 2598 4395 homo
2626 4355 2746 4396 cum
2768 4341 2861 4403 sis,
2885 4338 3017 4394 facis
3044 4339 3269 4409 teipsum
3286 4337 3471 4392 Deum.
3505 4354 3523 4388 ι
3551 4335 3633 4389 Ad
3667 4335 3807 4392 illud

2217 4430 2319 4487 hoc
2347 4431 2735 4502 responderunt
2763 4428 2903 4501 quod
2943 4422 3168 4494 dixerat,
3210 4427 3322 4499 Ego
3359 4436 3404 4481 et
3434 4426 3596 4481 Pater
3638 4442 3812 4481 unum

2219 4542 2410 4581 sumus.
2434 4526 2568 4579 Ecce
2596 4522 2764 4578 Judaei
2797 4521 3174 4577 intellexerunt
3193 4519 3334 4590 quod
3362 4534 3469 4574 non
3496 4516 3815 4589 intelligunt

2220 4618 2424 4673 Ariani.
2450 4616 2575 4670 Ideo
2604 4614 2747 4668 enim
2783 4613 2900 4667 irati
2929 4620 3070 4675 sunt,
3101 4610 3350 4681 quoniam
3382 4617 3666 4664 senserunt
3695 4624 3815 4664 non

2222 4724 2378 4780 posse
2402 4708 2527 4775 dici,
2559 4706 2671 4778 Ego
2705 4716 2749 4760 et
2779 4704 2935 4759 Pater
2964 4720 3118 4757 unum
3142 4720 3335 4771 sumus,
3370 4702 3471 4783 nisi
3499 4701 3590 4757 ubi
3613 4716 3815 4773 mqua-

2222 4803 2340 4856 litas
2364 4810 2445 4856 est
2465 4801 2635 4855 Patris
2658 4807 2712 4855 et
2735 4798 2877 4853 Filii.

2290 4893 2343 4948 9.
2386 4893 2640 4946 Dominus
2670 4899 2845 4955 autem
2884 4889 3061 4944 videte
3096 4888 3223 4959 quid
3251 4886 3585 4958 responderit
3611 4888 3815 4943 tardis.

2224 4987 2367 5041 Vidit
2391 5002 2483 5041 eos
2513 5000 2615 5040 non
2647 4984 2783 5039 ferre
2804 4983 3139 5055 splendorem
3161 4981 3420 5048 veritatis,
3440 4988 3492 5035 et
3515 4994 3635 5035 eum
3660 4988 3819 5034 tem-

2224 5079 2427 5149 peravit
2456 5077 2510 5131 in
2526 5076 2721 5132 verbis.
2751 5074 2938 5130 Nonne
2956 5074 3196 5145 scriptum
3222 5072 3367 5128 estin
3382 5071 3515 5142 Lege
3532 5081 3725 5139 vestra,
3763 5072 3819 5128 ia

2222 5177 2326 5238 est,
2354 5168 2507 5223 vobis
2521 5169 2663 5234 data,
2694 5168 2811 5236 quia
2839 5183 2929 5238 ego
2953 5166 3081 5232 dixi,
3098 5165 3181 5217 Dii
3210 5164 3367 5218 estis?
3385 5163 3524 5217 Deus
3551 5161 3679 5216 dicit
3713 5178 3825 5233 per

2224 5260 2539 5331 Pmphetam
2569 5259 2621 5313 in
2648 5259 2860 5313 Psalmo
2890 5254 3192 5311 hominibus
3219 5271 3235 5308 :
3266 5254 3379 5325 Ego
3420 5252 3549 5320 dixi,
3574 5251 3669 5306 Dii
3691 5254 3827 5308 estis

2230 5354 2397 5425 (Psat.
2418 5367 2595 5419 LxxXI,
2618 5351 2695 5424 6).
2717 5351 2785 5405 Et
2802 5351 2993 5420 Legem
3012 5348 3295 5418 appellavit
3311 5346 3563 5401 Dominus
3579 5360 3827 5415 genera—

2227 5447 2344 5503 liter
2369 5462 2556 5502 omncs
2578 5446 2693 5499 illas
2723 5442 3060 5512 Scripturas:
3095 5440 3335 5511 quamvis
3356 5438 3479 5495 alibi
3504 5436 3828 5506 specialiter

2225 5538 2364 5593 dicat
2388 5538 2604 5607 Legem,
2631 5551 2658 5589 a
2686 5534 2965 5604 PrOphetis
2985 5547 3103 5588 eam
3132 5532 3490 5601 distinguens;
3521 5528 3679 5583 sicuti
3702 5538 3822 5591 est,

2230 5629 2335 5683 Lex
2350 5638 2395 5682 et
2416 5627 2683 5698 Propheta:
2708 5643 2862 5697 usque
2887 5624 2957 5679 ad
2976 5622 3227 5680 Joannem
3252 5621 3401 5693 (Luc.
3438 5636 3553 5683 xvr,
3580 5618 3705 5690 16);
3744 5631 3828 5688 et,

2229 5722 2293 5775 In
2321 5722 2396 5775 his
2439 5722 2629 5774 duobus
2670 5720 2928 5790 νιν-τυρρριὶε
2965 5729 3067 5774 tota
3092 5718 3195 5771 Lex
3240 5715 3417 5785 pendet
3446 5724 3491 5768 et
3538 5711 3834 5768 Prov/tcta-
