4030 6482
249 360 378 421 1745

252 475 456 549 (Matth.
488 489 626 542 xxn,
669 477 781 548 ιο).
814 475 1111 547 Aliquando
1146 486 1324 531 autem
1356 476 1406 531 in
1437 476 1534 531 tria
1564 476 1833 533 distribuit

250 569 458 628 easdem
492 569 833 642 Scripturas,
863 569 954 626 ubi
980 571 1052 625 ait
1087 588 1099 624 :
1135 568 1410 641 Oportebat
1439 571 1637 641 impleri
1664 571 1835 625 omnia

251 681 357 735 quis
373 665 569 735 scripta
590 675 709 720 sunt
729 665 780 719 in
796 662 946 736 Lege,
965 672 1011 717 et
1034 661 1305 734 Prophetis
1321 706 1335 731 ,
1355 673 1399 718 et
1420 661 1640 718 Psalmis
1666 664 1727 717 de
1756 678 1832 717 me

252 752 394 826 (Luc.
427 768 575 820 xxiv,
601 753 719 825 44).
753 752 905 809 Nunc
941 767 1071 808 vero
1094 752 1335 808 Psalmos
1356 753 1514 809 etiam
1542 752 1697 822 chis
1729 766 1828 805 no-

250 844 390 900 mine
418 844 769 915 nuncupavit,
817 843 906 900 ubi
935 844 1192 914 scriptum
1239 852 1320 900 est
1373 861 1389 899 :
1428 843 1537 913 Ego
1588 844 1715 908 dixi,
1752 841 1832 896 Dii

256 936 385 991 estis.
417 935 481 992 Si
505 937 624 991 illos
661 936 791 991 dixit
830 936 949 991 deos
972 936 1040 989 ad
1063 952 1188 1007 quos
1212 951 1373 990 sermo
1415 934 1508 990 Dei
1534 935 1695 1003 factus
1732 944 1826 999 est,

249 1035 292 1085 et
310 1041 408 1079 non
440 1033 604 1095 potest
635 1026 761 1079 solvi
785 1025 1055 1097 Scriptura
1085 1042 1102 1080 :
1131 1042 1278 1095 quem
1306 1023 1466 1079 Pater
1490 1042 1549 1080 sa
1561 1025 1831 1093 nctiﬁcavit

247 1125 288 1171 et
311 1116 447 1170 misit
473 1119 530 1170 in
555 1116 821 1180 mundum,
850 1131 936 1170 vos
956 1116 1139 1183 dicitis,
1172 1115 1304 1181 Quia
1325 1116 1678 1187 blasphemas;
1701 1117 1821 1187 quia

246 1207 367 1270 disi,
401 1205 576 1261 Filius
605 1205 703 1261 Dei
750 1208 901 1263 sum?
924 1207 978 1263 Si
1012 1220 1190 1262 sermo
1225 1208 1318 1261 Dei
1355 1207 1525 1261 factus
1558 1206 1719 1263 estad
1736 1206 1831 1260 ho-

245 1298 411 1354 mines
442 1305 502 1352 ut
525 1296 830 1353 dicerentur
867 1297 962 1363 dii,
991 1298 1164 1368 ipsum
1197 1297 1429 1353 Verbum
1452 1298 1545 1353 Dei
1572 1297 1713 1367 quod
1748 1305 1832 1352 est

245 1389 375 1461 apud
396 1389 589 1456 Deum,
612 1389 880 1461 quomodo
903 1404 1011 1445 non
1035 1397 1118 1444 est
1139 1389 1313 1445 Deus?
1330 1388 1385 1443 Si
1411 1404 1503 1458 per
1525 1402 1827 1444 sermonem

244 1481 329 1538 Dei
362 1483 500 1537 fiunt
527 1480 774 1538 homines
812 1482 905 1547 dii,
936 1482 981 1538 si
1009 1481 1372 1551 participando
1402 1482 1531 1535 ﬁunt
1559 1480 1655 1546 dii,
1688 1480 1828 1536 unde

244 1572 566 1644 participant
602 1586 709 1628 non
740 1580 822 1629 est
870 1572 1048 1627 Deus?
1092 1572 1148 1629 Si
1176 1573 1375 1628 lumina
1424 1573 1717 1628 illuminata
1746 1572 1820 1627 dii

242 1672 379 1730 sunt,
409 1663 592 1719 lumen
633 1663 776 1734 quod
820 1663 1083 1720 illuminat
1120 1679 1226 1719 non
1257 1672 1341 1719 est
1368 1664 1546 1718 Deus?
1584 1662 1640 1718 Si
1680 1663 1825 1718 cale-

242 1756 355 1810 iacti
384 1755 789 1827 quodammodo
826 1755 946 1826 igne
975 1756 1192 1811 salutari
1219 1756 1292 1811 dii
1330 1755 1655 1821 efficiuntur,
1686 1754 1825 1810 unde

241 1846 488 1902 caleﬁunt
515 1861 626 1902 non
654 1854 740 1902 est
769 1846 942 1902 Deus?
972 1846 1196 1902 Accedis
1222 1846 1290 1902 ad
1334 1848 1510 1901 lumen
1538 1855 1592 1900 et
1625 1847 1824 1901 illumi-

240 1938 399 2004 naris,
435 1947 492 1994 et
528 1938 669 1994 inter
703 1938 841 1993 filios
880 1938 973 1994 Dei
1013 1939 1340 2005 numeraris;
1371 1938 1415 1994 si
1445 1939 1651 1994 recedis
1682 1954 1713 1993 a
1739 1938 1822 1993 lu-

242 2030 399 2096 mine,
422 2030 751 2096 obscuraris,
797 2040 851 2085 et
900 2030 950 2085 in
998 2031 1238 2087 tenebris
1267 2032 1592 2101 computaris
1635 2048 1649 2084 :
1693 2031 1822 2085 illud

242 2130 411 2176 tamen
441 2120 623 2177 lumen
645 2135 741 2176 nec
768 2121 972 2177 accedit
990 2120 1057 2175 ad
1082 2136 1159 2185 se,
1184 2122 1307 2193 quia
1334 2138 1437 2176 non
1464 2122 1663 2177 recedit
1689 2135 1718 2176 a
1741 2137 1819 2176 se.

237 2210 288 2269 Si
313 2226 445 2283 ergo
475 2226 576 2267 vos
599 2212 731 2268 deos
770 2212 894 2268 facit
921 2228 1097 2268 sermo
1140 2214 1253 2277 Dei,
1295 2213 1564 2283 quomodo
1591 2228 1697 2267 non
1740 2221 1821 2268 est

241 2304 374 2360 Deus
416 2303 656 2361 Verbum
687 2306 815 2360 Dei?
862 2306 1021 2361 Pater
1051 2321 1180 2376 ergo
1230 2306 1577 2361 sanctiﬁcavit
1626 2306 1819 2362 Filium

239 2410 405 2460 suum,
439 2405 496 2452 et
540 2396 688 2452 misit
727 2397 779 2451 in
825 2397 1103 2452 mundum.
1152 2398 1312 2453 Forte
1337 2398 1527 2468 aliquis
1562 2399 1820 2454 dicat:Si

238 2485 387 2541 Pater
408 2501 535 2544 eum
564 2487 933 2553 sanctiﬁcavit,
966 2503 1094 2559 ergo
1123 2488 1407 2558 aliquando
1432 2504 1537 2543 non
1560 2500 1673 2544 erat
1695 2504 1820 2543 san-

237 2579 385 2635 ctus?
438 2578 532 2636 Sic
578 2580 951 2646 sanctiﬁcavit,
1006 2581 1275 2651 quomodo
1319 2582 1522 2651 genuit.
1556 2581 1625 2638 Ut
1674 2582 1816 2636 enim

238 2679 447 2727 sanctus
472 2680 636 2738 esset,
680 2671 945 2742 gignendo
971 2672 1023 2727 ei
1061 2670 1225 2737 dedit,
1268 2673 1389 2742 quia
1427 2682 1668 2727 sanctum
1696 2688 1817 2728 eum

236 2766 431 2833 genuit.
488 2763 621 2819 Nam
670 2765 717 2819 si
763 2764 903 2834 quod
954 2765 1339 2829 sattctilicatur,
1381 2774 1506 2820 ante
1552 2780 1657 2821 non
1704 2774 1819 2820 erat

236 2866 510 2922 sanctum;
555 2855 824 2927 quomodo
852 2856 1082 2912 dicimus
1123 2856 1233 2911 Deo
1271 2856 1434 2923 Patri,
1462 2856 1818 2927 Sancti/iectur

236 2963 410 3002 nomen
438 2958 581 3002 tuum
612 2947 823 3019 (Matth.
850 2964 926 3017 Vt,
957 2947 1035 3021 9).

302 3041 388 3096 10.
418 3040 483 3097 Si
506 3057 607 3096 non
644 3042 778 3111 facio
806 3041 1158 3116 opera-Patris
1196 3044 1325 3109 mei,
1360 3044 1514 3099 nolite
1554 3044 1677 3098 mihi
1707 3060 1817 3099 cre-

237 3134 347 3189 dere
371 3151 390 3189 :
417 3135 465 3189 si
488 3144 655 3190 autem
681 3136 832 3205 facio,
857 3144 902 3190 et
921 3136 967 3191 si
996 3136 1121 3191 mihi
1152 3153 1251 3191 non
1277 3136 1423 3191 vultis
1451 3138 1671 3204 credere,
1694 3153 1817 3207 ope-

235 3227 367 3281 ribus
389 3228 602 3295 credite,
645 3237 702 3282 ut
731 3229 1041 3299 cognoscatis
1068 3238 1115 3284 et
1156 3230 1369 3283 credatis
1399 3230 1516 3300 quia
1546 3230 1599 3284 in
1625 3247 1705 3285 me
1743 3239 1818 3285 est

236 3318 406 3388 Pater,
431 3330 481 3375 et
504 3337 597 3392 ego
619 3321 671 3375 in
695 3320 805 3377 illo.
836 3321 951 3377 Non
974 3321 1051 3377 sic
1073 3321 1201 3376 dicit
1230 3321 1413 3386 Filius,
1433 3322 1486 3375 in
1510 3339 1589 3376 me
1614 3332 1687 3376 est
1711 3321 1816 3376 Pa-

237 3420 320 3477 ter,
352 3421 399 3467 et
423 3427 518 3482 ego
548 3413 601 3465 in
626 3412 737 3477 illo,
787 3413 1056 3482 quomodo
1086 3420 1310 3482 possunt
1337 3412 1579 3467 homines
1609 3413 1808 3469 dicere.

235 3500 288 3556 Si
313 3503 459 3569 enim
504 3502 640 3558 bene
679 3503 990 3573 cogitemus,
1030 3504 1083 3558 in
1124 3504 1233 3558 Deo
1277 3517 1495 3571 sumus;
1524 3512 1580 3560 et
1606 3502 1651 3559 si
1678 3504 1815 3560 bene

234 3593 491 3659 vivamus,
520 3592 663 3648 Deus
690 3592 741 3647 in
768 3593 922 3647 nobis
946 3600 1031 3649 est
1057 3610 1070 3646 :
1100 3592 1283 3647 fideles
1306 3592 1681 3663 participantes
1699 3594 1819 3663 ejus

232 3684 471 3755 gratiam,
505 3683 784 3739 illuminati
813 3684 880 3739 ab
906 3684 1041 3755 ipso,
1086 3684 1137 3738 in
1182 3683 1272 3737 illo
1306 3698 1508 3749 smnus,
1540 3692 1594 3738 et
1620 3684 1734 3754 ipse
1761 3684 1814 3739 in

234 3775 400 3830 nobis.
427 3775 534 3830 Sed
562 3790 669 3829 non
699 3775 777 3829 sic
805 3775 1105 3846 unigenitus
1135 3773 1302 3828 Filius
1327 3791 1338 3826 :
1366 3774 1454 3828 ille
1476 3773 1529 3827 in
1556 3758 1731 3839 Patre,
1760 3783 1815 3830 et

235 3868 387 3924 Pater
412 3869 466 3923 in
497 3869 611 3935 illo,
642 3877 894 3939 tanquam
935 3868 1154 3938 mqualis
1182 3868 1232 3921 iu
1263 3882 1329 3921 eo
1354 3866 1440 3921 cui
1468 3874 1549 3922 est
1572 3866 1811 3936 aequalis.

236 3960 469 4032 Denique
496 3976 596 4016 nos
633 3960 919 4033 aliquando
948 3974 1232 4030 possumus
1262 3958 1462 4023 dicere,
1499 3958 1554 4011 lu
1581 3959 1690 4013 Deo
1720 3973 1814 4012 su-

234 4068 367 4120 mus,
396 4063 455 4109 et
486 4052 628 4109 Deus
664 4053 723 4108 in
756 4053 946 4108 nobis:
990 4053 1099 4123 Ego
1142 4061 1196 4105 et
1225 4052 1365 4106 Deus
1405 4067 1564 4106 unum
1605 4065 1811 4117 sumus,

240 4144 490 4215 numquid
519 4158 803 4214 possumus
839 4143 1052 4198 dicere?
1093 4141 1147 4195 In
1180 4142 1289 4196 Deo
1332 4156 1412 4204 es,
1442 4140 1562 4211 quia
1594 4141 1735 4195 Deus
1763 4150 1814 4195 te

235 4238 491 4304 continet;
525 4238 667 4292 Deus
698 4246 781 4292 est
826 4237 997 4299 inte,
1046 4236 1167 4305 quia
1211 4234 1466 4305 templum
1512 4234 1605 4290 Dei
1645 4232 1813 4287 factus

236 4344 289 4384 es
315 4347 329 4382 :
355 4329 451 4385 sed
473 4327 731 4399 numquid
760 4328 881 4399 quia
911 4329 963 4382 in
998 4327 1107 4382 Deo
1135 4341 1214 4393 es,
1259 4334 1314 4381 et
1362 4325 1502 4380 Deus
1528 4333 1608 4379 est
1640 4324 1693 4378 in
1722 4332 1773 4378 te
1797 4364 1811 4390 ,

237 4429 379 4487 potes
408 4419 611 4483 dicere,
644 4418 743 4485 Qui
775 4433 859 4473 me
900 4417 1079 4482 videt,
1122 4415 1288 4470 Deum
1338 4414 1517 4468 videt:
1547 4412 1815 4483 quomodo

238 4509 542 4582 Unigenitus
565 4507 719 4576 dixit,
747 4508 848 4574 Qui
875 4524 955 4561 me
982 4505 1124 4572 vidit,
1156 4506 1277 4559 vidit
1304 4513 1349 4560 et
1393 4503 1604 4559 Patrem
1632 4504 1813 4575 (Joan.

238 4616 338 4667 xtv,
365 4601 452 4674 9);
485 4608 561 4664 et,
597 4599 707 4671 Ego
735 4608 781 4653 et
814 4596 970 4652 Pater
996 4613 1153 4650 unum
1180 4596 1391 4651 sumus?
1418 4596 1663 4666 Agnosoe
1692 4608 1817 4663 pro-

239 4691 402 4759 prium
430 4690 668 4758 Domini,
715 4699 771 4745 et
815 4703 1008 4743 munus
1043 4688 1209 4742 servi.
1256 4686 1535 4757 Proprium
1578 4685 1811 4753 Domini,

238 4792 314 4839 est
360 4783 636 4855 aequalitas
682 4782 859 4837 Patris
891 4798 906 4837 :
937 4793 1133 4836 munus
1162 4777 1323 4847 servi,
1353 4787 1439 4834 est
1484 4777 1819 4849 participatio

238 4873 542 4931 Salvatoris.

206 4992 207 4995 η
302 4969 386 5023 11.
419 4967 726 5035 Quaerebam
758 4982 877 5039 ergo
897 4982 1011 5022 eum
1048 4963 1443 5035 apprehendere.
1472 4954 1685 5019 Utinam
1716 4976 1815 5032 ap-

240 5061 642 5129 prehenderent,
706 5059 801 5116 sed
861 5058 1130 5115 credendo
1185 5065 1242 5112 ct
1291 5053 1658 5125 intelligendo,
1708 5068 1813 5108 non

240 5154 497 5210 szcviendo
511 5162 567 5210 et
580 5152 895 5209 occidendo.
914 5152 1044 5206 Nam
1063 5149 1241 5214 modo,
1261 5147 1453 5203 fratres
1474 5145 1816 5216 mei,quando

242 5244 350 5297 talia
379 5246 589 5316 loquor,
623 5243 871 5297 infirmus
905 5242 1083 5308 fortia,
1116 5255 1310 5310 parvus
1350 5252 1559 5309 magna,
1615 5235 1816 5306 fragilis

242 5334 417 5403 solida,
444 5345 502 5392 et
530 5349 628 5389 vos
678 5343 930 5404 tanquam
982 5348 1046 5389 ex
1090 5331 1275 5386 eadem
1305 5344 1481 5384 massa
1528 5326 1673 5381 unde
1697 5340 1815 5382 sum

241 5435 289 5478 ct
308 5440 421 5497 ego,
452 5435 509 5484 et
554 5440 658 5497 ego
684 5426 703 5459 ¹
734 5426 849 5496 ipse
891 5424 981 5495 qui
1008 5423 1159 5479 vobis
1189 5424 1397 5492 loquor,
1430 5419 1590 5475 simul
1628 5432 1817 5472 omnes

240 5521 631 5594 apprehendere
652 5520 897 5574 volumus
924 5517 1215 5573 Christum.
1244 5513 1380 5584 Quid
1403 5523 1485 5566 est
1513 5508 1815 5580 apprchen-

241 5592 394 5670 dere?
418 5592 753 5678 Intellexisti,
784 5606 1206 5680 apprehendisti.
1234 5604 1340 5661 Sed
1368 5618 1471 5658 non
1503 5602 1581 5656 sic
1600 5599 1770 5655 Judzni
1800 5616 1814 5653 :

244 5713 292 5759 tu
316 5704 709 5777 apprehendisti
724 5712 781 5758 ut
801 5702 1019 5767 habeas,
1042 5699 1119 5755 illi
1143 5694 1546 5769 apprehendere
1568 5690 1815 5748 volebant

302 5821 403 5869 ιη.
428 5820 575 5882 Lugd.
604 5825 719 5867 \‘cn.
748 5813 894 5866 semel
919 5813 1097 5875 ferunt,
1117 5820 1161 5864 et
1188 5823 1290 5875 ego.
1355 5815 1409 5857 tt.

1346 358 1753 417 TRACTATUS
1790 359 1978 417 XLIX.
2020 363 2246 421 CAPUT
2291 366 2380 421 XI.

3383 378 3520 434 ltiB

1941 486 2126 533 utnon
2159 479 2436 537 haberent.
2467 482 2534 539 Et
2564 484 2683 554 quia
2716 485 2793 541 sic
2818 486 3062 544 volebant
3095 492 3524 564 apprehendere,

1938 571 2065 641 quid
2095 572 2357 628 eisfecit?
2386 573 2528 630 Exiit
2550 576 2613 632 de
2649 579 2878 637 manibus
2914 598 3106 637 eorum.
3136 583 3251 640 Non
3280 602 3402 641 cum
3420 603 3521 659 ap-

1938 662 2372 732 prcltcndcrunt,
2439 667 2562 737 quia
2610 684 2800 725 manus
2846 670 2967 728 ﬁdei
3035 688 3141 730 non
3199 675 3529 735 habuerunt.

1938 754 2169 810 Verbum
2186 771 2312 813 caro
2338 759 2531 815 factum
2552 770 2633 817 est
2653 781 2665 816 :
2688 763 2780 819 sed
2805 780 2907 819 non
2926 774 3040 820 erat
3056 766 3229 823 Verbo
3248 783 3513 839 magnum,

1937 847 2130 918 ejicere
2144 864 2360 905 carnem
2379 866 2527 907 suam
2545 853 2611 909 de
2628 856 2870 912 manibus
2886 859 3073 913 carnis.
3097 859 3269 915 Mente
3286 861 3519 919 Verbum

1936 940 2360 1009 apprehendere,
2386 942 2485 997 hoc
2510 952 2593 1000 est
2611 945 2879 1003 Christum
2915 961 3059 1005 recte
3086 951 3510 1021 apprehendere.

2009 1030 2178 1087 12.131
2204 1034 2323 1087 abiit
2346 1035 2983 1105 iterttmtranslordanem,
3002 1042 3053 1095 in
3094 1059 3206 1097 cum
3248 1044 3413 1098 locum
3436 1045 3521 1100 ubi

1934 1122 2159 1180 Joannes
2188 1125 2452 1196 baptizans
2480 1130 2723 1199 primunt,
2750 1141 2795 1185 et
2822 1134 3004 1188 mansit
3028 1134 3115 1188 ibi.
3148 1133 3218 1188 Et
3243 1137 3390 1189 multi
3432 1153 3519 1191 ve-

1935 1227 2117 1271 nerunt
2143 1220 2209 1270 ad
2248 1236 2380 1283 eum,
2427 1231 2474 1276 et
2502 1222 2767 1277 dicebant:
2793 1225 2921 1290 Quia
2961 1225 3190 1283 Joannes
3213 1230 3411 1298 quidem
3442 1231 3515 1285 sib

1934 1325 2087 1379 gnum
2108 1310 2222 1381 fecit
2241 1312 2455 1377 nullum.
2481 1314 2794 1371 Meministis
2819 1316 2969 1371 vobis
2986 1319 3182 1373 dictum
3200 1319 3267 1374 de
3286 1321 3513 1387 Joanne,

1933 1403 2053 1471 quia
2071 1404 2283 1459 lucerna
2296 1415 2430 1474 erat,
2444 1416 2498 1463 et
2513 1407 2615 1463 diei
2632 1409 2989 1465 testimonium
3006 1411 3314 1481 perhibebat
3335 1413 3508 1485 (Joan.

1932 1510 1984 1560 v,
2014 1496 2102 1559 55,
2130 1494 2244 1567 33).
2266 1496 2402 1565 Quid
2423 1514 2550 1569 ergo
2576 1501 2661 1555 isti
2712 1501 2850 1572 apud
2890 1517 2950 1558 se
2991 1502 3256 1569 dixerunt,
3283 1504 3512 1561 Joannes

1930 1584 2128 1655 signum
2163 1588 2281 1659 fecit
2322 1589 2556 1645 nullum?
2597 1591 2831 1660 Nullum,
2880 1593 3143 1664 inquiunt,
3170 1652 3171 1655 η
3198 1597 3513 1652 miraculum

1932 1676 2165 1731 ostendit
2191 1676 2424 1735 Joannes
2458 1698 2470 1734 :
2500 1695 2604 1736 non
2635 1681 2899 1738 datmonia
2928 1684 3144 1754 fugavit,
3175 1700 3281 1739 non
3312 1687 3516 1757 expulit

1931 1769 2154 1836 febrem,
2184 1786 2289 1826 non
2316 1787 2488 1829 czccos
2515 1774 2852 1841 illuminavit,
2877 1792 2983 1831 non
3012 1786 3251 1832 mortuos
3279 1780 3509 1834 suscita-

1931 1860 2021 1925 vit,
2060 1875 2165 1915 non
2199 1870 2275 1916 tot
2313 1863 2476 1917 millia
2509 1863 2780 1920 hominum
2812 1866 2879 1922 de
2908 1868 3141 1938 quinque
3183 1868 3262 1922 vel
3306 1879 3511 1938 septem

1928 1950 2151 2018 panibus
2181 1952 2342 2021 pavit,
2374 1968 2482 2009 non
2506 1970 2665 2026 supra
2696 1972 2842 2012 mare
2865 1958 3174 2025 ambulavit,
3208 1974 3314 2013 non
3340 1960 3515 2017 ventis

1928 2050 1983 2097 ct
2008 2042 2253 2099 fluctibus
2280 2044 2593 2115 imperavit;
2625 2048 2754 2103 nihil
2776 2050 2965 2104 horum
3006 2051 3129 2106 fecit
3152 2050 3387 2108 Joannes
3415 2072 3428 2107 :
3456 2063 3512 2109 et

1928 2140 2095 2186 totum
2120 2134 2370 2204 quidquid
2392 2135 2618 2202 dicebat,
2641 2137 2764 2193 huic
2789 2139 3147 2195 testimonium
3175 2142 3508 2211 perhibebat.

1926 2222 2029 2277 Per
2054 2223 2324 2279 lucernam
2350 2226 2622 2282 veniamus
2651 2226 2716 2283 ad
2743 2228 2903 2283 diem.
2948 2228 3174 2285 Joannes
3216 2232 3412 2286 nullum
3440 2234 3511 2287 si-

1924 2330 2077 2383 gnum
2101 2316 2237 2385 fecit.
2272 2316 2456 2371 Omnia
2496 2328 2665 2373 autem
2700 2336 3021 2391 quaecumque
3043 2320 3169 2375 dixit
3196 2320 3512 2378 Joannesde

1925 2406 2038 2471 hoc,
2066 2421 2181 2459 uera
2209 2418 2368 2460 erant.
2400 2408 2536 2464 Ecce
2564 2410 2654 2479 qui
2679 2410 3169 2480 apprchenderunt,
3227 2427 3333 2469 non
3373 2427 3511 2484 quo-

1925 2497 2083 2551 modo
2127 2498 2320 2553 Judmi.
2364 2498 2531 2554 Judaei
2590 2500 2839 2556 volebant
2877 2502 3279 2572 apprehendere
3333 2502 3513 2560 disce-

1923 2587 2157 2651 dentem,
2189 2590 2656 2658 apprehenderunt
2685 2592 2767 2647 isti
2795 2601 3219 2662 permanentem.
3268 2594 3507 2666 Denique

1921 2680 2046 2749 quid
2086 2682 2358 2752 sequitur?
2384 2681 2451 2736 Et
2474 2682 2617 2736 multi
2645 2684 2962 2737 crediderunt
2989 2685 3042 2738 in
3067 2701 3197 2739 cum.

2414 2795 2823 2854 TRACTATUS
2859 2795 3045 2853 XLIX.

1923 2908 1994 2961 Ab
2024 2924 2080 2962 co
2125 2909 2261 2979 quod
2306 2909 2507 2981 tegitur,
2558 2911 2684 2965 Erat
2735 2918 2913 2967 autent
2952 2911 3167 2982 quidam
3222 2911 3502 2982 languens,

1990 2998 2249 3066 Lazarus;
2281 3017 2435 3072 usque
2455 3002 2522 3055 ad
2546 3002 2618 3069 id,
2648 3001 2789 3058 Abiit
2837 3002 2888 3057 in
2926 3003 3200 3073 regionem
3227 3002 3377 3073 juxta
3415 3001 3511 3059 de-

1992 3100 2216 3156 sertum,
2247 3092 2300 3146 in
2340 3090 2615 3148 civitatem
2664 3108 2781 3163 quas
2822 3092 3017 3149 dicitur
3046 3093 3301 3163 Ephrem,
3333 3101 3388 3148 et
3432 3092 3508 3151 ibi

1993 3182 2298 3238 morabatur
2322 3197 2445 3239 cum
2475 3182 2750 3255 discipulis
2780 3183 2912 3240 suis.
2954 3181 3082 3254 Cap.
3118 3199 3194 3251 ιι,
3241 3184 3277 3253 ᾗ
3302 3222 3315 3238 .
3351 3182 3503 3239 1-54.

1994 3319 2045 3373 1.
2071 3317 2211 3373 Inter
2234 3317 2413 3374 omnia
2444 3317 2698 3373 miracula
2728 3333 2847 3389 qua:
2874 3317 2999 3375 fecit
3038 3315 3298 3373 Dominus
3324 3323 3513 3371 noster

1918 3412 2073 3469 .lesus
2091 3411 2357 3479 Christus,
2388 3410 2575 3467 Lazari
2602 3411 2923 3467 resurrectio
2952 3409 3218 3480 pracipue
3248 3407 3509 3478 praedicas

1922 3514 2023 3559 tur.
2048 3504 2150 3559 Sed
2180 3504 2222 3559 si
2244 3502 2579 3559 attendamus
2599 3502 2717 3574 quis
2732 3500 2945 3568 fecerit,
2970 3499 3223 3556 delectari
3244 3499 3512 3555 debemus

1921 3597 2093 3667 potius
2120 3612 2277 3667 quam
2299 3596 2501 3651 mirari.
2528 3595 2623 3651 ille
2639 3594 2913 3650 suscitavit
2942 3592 3234 3659 hominem,
3263 3592 3354 3661 qui
3384 3590 3511 3645 fecit

1921 3687 2238 3742 hominem:
2271 3687 2384 3755 ipse
2425 3686 2569 3740 enim
2598 3696 2680 3740 est
2716 3684 2917 3741 Unicus
2960 3682 3155 3749 Patris,
3190 3696 3288 3751 per
3324 3695 3506 3750 quem,

1920 3781 2056 3835 sicut
2086 3779 2277 3846 nostis,
2312 3778 2447 3833 facta
2477 3786 2601 3833 sunt
2629 3778 2825 3831 omnia.
2855 3776 2911 3831 Si
2930 3790 3055 3846 ergo
3078 3790 3173 3845 per
3194 3774 3341 3827 illum
3366 3771 3513 3829 facta

1921 3879 2044 3926 sunt
2070 3870 2271 3933 omnia,
2300 3869 2424 3939 quid
2454 3869 2647 3923 mirum
2676 3875 2759 3923 est
2807 3866 2851 3921 si
2897 3865 3369 3922 resurrexit-unus
3408 3877 3505 3932 per

1921 3964 2088 4026 illum,
2113 3978 2233 4017 cum
2258 3971 2335 4018 tot
2359 3961 2597 4032 quotidie
2626 3969 2911 4016 nascantur
2940 3974 3032 4030 per
3058 3958 3244 4013 illum?
3270 3958 3394 4021 Blus
3423 3964 3509 4012 est

1922 4056 2166 4111 homines
2193 4069 2378 4111 creare
2420 4068 2579 4124 quam
2620 4053 2961 4109 resuscitare.
3012 4050 3268 4119 Dignatus
3302 4056 3386 4103 est
3425 4056 3507 4101 ta-

1921 4163 2041 4202 men
2073 4155 2127 4202 et
2155 4161 2340 4200 creare
2369 4153 2423 4200 et
2450 4144 2804 4209 resuscitare;
2851 4157 3036 4198 creare
3067 4155 3273 4207 omnes,
3323 4153 3509 4195 resus-

1921 4240 2088 4296 citare
2124 4238 2403 4308 quosdam.
2446 4235 2577 4292 Nam
2622 4250 2745 4291 cum
2792 4233 2955 4289 multa
3000 4232 3214 4288 iecisset
3250 4231 3511 4286 Dominus

1920 4332 2094 4395 Jcsus,
2120 4346 2226 4386 non
2248 4331 2425 4387 omnia
2444 4328 2639 4399 scripta
2661 4335 2816 4393 sunt;
2844 4326 2979 4381 sicut
2999 4325 3137 4380 idem
3158 4324 3271 4396 ipse
3292 4332 3510 4379 sanctus

1921 4425 2154 4481 Joannes
2199 4424 2522 4493 evangelista
2564 4430 2788 4477 testatur
2817 4420 2980 4475 multa
3037 4420 3319 4474 Dominum
3347 4416 3511 4473 Chri-

1921 4528 2060 4572 stum
2087 4526 2141 4571 et
2167 4517 2364 4571 dixisse
2385 4524 2436 4570 et
2460 4514 2649 4569 fecisse
2674 4528 2792 4583 quae
2826 4512 3021 4580 scripta
3049 4524 3156 4565 non
3176 4520 3300 4565 sunt
3325 4507 3506 4579 (Joan.

1920 4625 2011 4673 xx,
2042 4607 2173 4676 50):
2227 4607 2394 4662 electa
2421 4613 2544 4660 sunt
2580 4614 2755 4659 autem
2798 4618 2918 4673 qua:
2962 4602 3343 4668 scriberentur,
3389 4616 3509 4670 qua:

1920 4699 2076 4755 saluti
2097 4697 2428 4754 credentium
2476 4694 2721 4752 sufficere
2748 4694 3079 4750 videbantur.
3119 4691 3326 4747 Audisti
3364 4692 3505 4747 enim

1920 4792 2042 4861 quia
2068 4789 2329 4844 Dominus
2356 4787 2511 4844 Jesus
2538 4796 2804 4842 mortuum
2853 4785 3127 4843 suscitavit
3154 4802 3167 4838 :
3196 4781 3391 4839 sufﬁcit
3414 4781 3508 4836 tibi

1922 4890 1980 4937 ut
2006 4882 2142 4937 scias
2168 4880 2291 4951 quia
2330 4880 2375 4934 si
2407 4879 2583 4945 vellet,
2628 4894 2815 4934 omnes
2839 4885 3080 4933 mortuos
3108 4875 3408 4931 suscitaret.
3441 4871 3506 4927 Et

1929 4972 2031 5029 hoc
2063 4972 2278 5044 quidem
2321 4971 2421 5027 sibi
2472 4970 2537 5026 ad
2589 4972 2744 5027 linem
2791 4970 2971 5025 saeculi
3015 4965 3323 5022 reservavit;
3372 4962 3506 5018 Nam

1921 5081 2080 5137 quem
2120 5063 2342 5120 audistis
2387 5078 2579 5133 magno
2622 5061 2875 5117 miraculo
2923 5056 3333 5130 quatriduanum
3364 5068 3509 5107 mor-

1924 5168 2071 5214 tuum
2114 5156 2404 5211 suscitasse
2448 5153 2518 5210 de
2547 5154 2813 5223 sepulcro,
2842 5152 2999 5205 ueniet
3038 5150 3183 5211 hora,
3223 5145 3363 5201 sicut
3392 5144 3507 5214 ipse

1923 5252 2017 5317 ait,
2042 5248 2247 5320 quando
2298 5264 2469 5303 omnes
2514 5247 2602 5317 qui
2650 5254 2768 5301 sunt
2809 5245 2863 5299 in
2905 5236 3511 5304 monumentis,.audient

1922 5340 2247 5412 eocemcjus.
2272 5351 2319 5394 et
2372 5338 2659 5410 procedent.
2693 5332 3052 5391 Resuscitavit
3080 5337 3377 5402 patentem,
3411 5329 3507 5385 sed

1924 5442 2101 5489 tamen
2148 5434 2201 5488 in
2242 5431 2501 5487 cadavere
2531 5435 2747 5499 patente
2771 5424 2945 5480 adhuc
2983 5429 3101 5478 erat
3127 5421 3295 5477 forma
3336 5436 3509 5478 mem-

1924 5523 2140 5580 brorum
2167 5541 2181 5589 ;
2211 5524 2297 5577 ille
2322 5521 2376 5577 in
2403 5520 2692 5576 novissimo
2715 5517 2803 5572 die
2820 5515 2887 5571 ad
2911 5528 3068 5571 unam
3089 5528 3272 5568 vocem
3299 5513 3508 5568 cineres

1926 5623 2009 5672 est
2049 5613 2466 5670 restituturusin
2496 5624 2733 5665 carnem.
2779 5606 2883 5664 Sed
2928 5606 3208 5677 oportebat
3246 5613 3307 5659 ut
3346 5602 3507 5657 modo

1930 5707 2107 5777 aliqua
2138 5705 2356 5769 faceret,
2384 5703 2575 5773 quibus
2601 5700 2742 5756 datis
2763 5699 2910 5755 velut
2935 5714 3043 5755 suae
3071 5697 3279 5754 virtutis
3304 5695 3515 5751 indiciis

1932 5797 2210 5854 credamus
2258 5797 2307 5851 in
2336 5809 2477 5863 cum,
2524 5801 2576 5848 et
2601 5794 2666 5849 ad
2696 5792 2841 5852 illam
2880 5790 3321 5851 resurrectionem
3371 5802 3511 5857 pm-
