4102 6484
454 393 464 401 ,
529 351 666 410 {N7

530 481 802 541 paremur,
844 480 965 537 qua:
1000 465 1105 523 erit
1151 463 1218 520 ad
1255 463 1438 530 victm,
1469 472 1574 518 non
1606 462 1673 517 ad
1719 462 1998 534 judicium.
2031 461 2106 516 ita

529 565 725 634 quippe
747 560 822 617 ait
849 578 866 616 :
891 560 1076 616 Veniet
1099 561 1228 614 hora
1268 557 1473 628 quando
1517 571 1690 611 omnes
1722 555 1812 626 qui
1837 556 1890 610 in
1928 571 2109 609 monu-

527 655 709 711 mentis
727 661 866 720 sunt,
887 653 1099 708 audient
1119 666 1288 707 uocem
1323 649 1440 718 eius
1464 667 1478 703 :
1506 658 1554 701 et
1574 648 1844 719 precedent
1871 647 1962 718 qui
1987 649 2108 702 bene

526 753 774 822 fecerunt,
799 745 868 801 ad
889 747 1300 802 resurrectionem
1324 743 1476 807 vita;
1511 741 1598 810 qui
1624 742 1756 796 male
1780 749 2012 813 egerunt,
2038 739 2106 793 ad

523 839 940 895 resurrectionem
954 836 1143 908 judicii
1169 834 1348 904 (Joan.
1370 849 1425 899 ν,
1446 831 1537 899 28,
1565 831 1683 902 29).

593 930 650 985 2.
681 930 814 986 Tres
836 937 1014 984 tamen
1059 935 1300 982 mortuos
1343 940 1375 980 a
1414 925 1642 981 Domino
1676 924 2021 980 resuscitatos
2051 923 2103 979 in

524 1022 813 1094 Evangelio
853 1021 1094 1090 legimus,
1149 1029 1205 1075 et
1260 1017 1398 1074 forte
1458 1033 1566 1073 non
1622 1015 1839 1072 frustra.
1892 1015 2104 1071 Domini

522 1116 720 1186 quippe
747 1113 881 1169 facta
906 1127 1010 1166 non
1037 1119 1162 1166 sunt
1187 1108 1558 1165 tantummodo
1603 1107 1760 1172 facta,
1806 1107 1899 1162 sed
1931 1109 2100 1178 signa.

521 1205 577 1261 Si
607 1219 735 1275 ergo
760 1203 907 1274 signa
934 1208 1092 1266 sunt,
1117 1209 1312 1271 praeter
1337 1199 1388 1254 id
1409 1198 1549 1268 quod
1573 1199 1706 1253 mira
1727 1207 1871 1264 sunt,
1902 1196 2102 1266 aliquid

522 1294 762 1366 profecto
811 1291 1112 1364 signiﬁcant
1143 1309 1158 1346 :
1187 1306 1414 1362 quorum
1459 1288 1716 1346 factorum
1756 1289 2103 1359 signiﬁcatio-

521 1398 643 1440 nem
675 1383 935 1451 invenire,
951 1381 1225 1453 aliquanto
1245 1390 1326 1437 est
1346 1381 1644 1452 operosius,
1663 1393 1821 1448 quam
1843 1393 1906 1432 ea
1929 1379 2103 1448 legere

518 1479 609 1534 vel
634 1476 839 1533 audire.
867 1476 1215 1532 Admirantes
1238 1474 1604 1536 audiebamus,
1637 1481 1890 1541 tanquam
1923 1469 2098 1539 magni

519 1568 762 1624 miraculi
811 1568 1116 1638 spectaculo
1143 1575 1268 1622 ante
1314 1574 1531 1621 nostros
1577 1562 1764 1618 oculos
1787 1559 2099 1627 constituto,

516 1676 643 1716 eum
672 1661 1015 1731 Evangelium
1043 1659 1327 1730 legeretur,
1369 1654 1816 1728 quemadmodum
1848 1653 2102 1708 revixerit

517 1752 774 1808 Lazarus.
819 1751 874 1807 Si
918 1750 1254 1806 attendamus
1294 1747 1620 1803 mirabiliora
1668 1760 1829 1815 opera
1876 1743 2096 1811 Christi,

519 1845 696 1899 omnis
719 1843 807 1914 qui
828 1841 1015 1909 credit,
1047 1842 1274 1912 resurgit
1300 1839 1372 1912 (a)
1400 1857 1415 1895 :
1439 1840 1482 1895 si
1503 1839 1840 1894 attendamus
1884 1851 2096 1903 omnes,

515 1942 573 1990 et
618 1933 973 2003 intelligamus
1023 1931 1446 1986 detestabiliores
1511 1939 1731 1996 mortes,
1788 1926 1964 1982 onmis
2005 1925 2098 1997 qui

515 2032 704 2094 peccat
727 2024 972 2079 moritur.
1013 2022 1118 2078 Sed
1158 2032 1384 2076 mortem
1417 2021 1594 2076 carnis
1638 2019 1814 2075 omnis
1843 2019 2000 2072 homo
2028 2018 2096 2072 ti-

515 2125 646 2180 met,
685 2126 910 2172 mortem
949 2116 1141 2170 anima:
1188 2114 1359 2184 pauci.
1405 2114 1508 2168 Pro
1539 2120 1712 2167 morte
1755 2113 1932 2167 carnis
1976 2126 2096 2182 qua:

514 2206 632 2262 sine
657 2205 820 2262 dubio
851 2205 1168 2277 quandoque
1205 2215 1428 2280 ventura
1449 2212 1552 2270 est,
1591 2213 1781 2257 curant
1813 2215 2002 2257 omnes
2029 2216 2096 2256 ne

512 2302 692 2356 veniat
717 2317 734 2355 :
764 2299 889 2354 inde
914 2307 996 2354 est
1023 2297 1166 2369 quod
1192 2298 1450 2353 laborant.
1481 2296 1712 2351 Laborat
1733 2311 1800 2351 ne
1838 2295 2094 2350 moriatur

512 2388 674 2444 homo
701 2389 1008 2450 moriturus,
1036 2398 1091 2443 et
1119 2403 1227 2443 non
1268 2387 1474 2443 laborat
1499 2402 1567 2441 ne
1610 2395 1793 2456 peccet
1842 2385 2002 2441 homo
2040 2386 2094 2441 in

512 2489 768 2537 aeternum
790 2481 1046 2536 victurus.
1076 2481 1141 2534 Et
1174 2494 1294 2535 cum
1327 2479 1532 2534 laborat
1560 2493 1626 2534 ne
1676 2479 1955 2545 moriatur,
1977 2478 2094 2533 sine

511 2585 676 2629 causa
700 2572 938 2638 laborat;
963 2572 1014 2626 id
1034 2571 1177 2626 enim
1219 2571 1327 2642 agit
1356 2581 1416 2626 ut
1453 2571 1674 2625 multum
1707 2586 1851 2625 mors
1878 2569 2092 2626 differa-

512 2674 616 2731 tur,
659 2681 764 2721 non
793 2671 854 2719 ut
900 2663 1263 2720 evadatur:si
1310 2672 1489 2719 autem
1526 2678 1747 2732 peccare
1797 2663 1952 2730 nolit,
1984 2677 2091 2717 non

509 2756 791 2824 laborabit,
816 2763 870 2812 et
892 2757 1032 2812 vivet
1073 2756 1126 2811 in
1153 2766 1436 2812 aeternum.
1474 2755 1520 2810 0
1542 2757 1585 2810 si
1632 2770 1911 2826 possemus
1948 2755 2092 2810 exci-

509 2859 625 2904 tare
649 2848 912 2916 homines,
945 2856 998 2904 et
1036 2865 1156 2905 cum
1198 2849 1326 2919 ipsis
1362 2849 1563 2918 pariter
1598 2848 1844 2915 excitari,
1873 2856 1932 2902 ut
1957 2847 2090 2902 tales

509 2955 752 2997 essemus
779 2942 1044 2999 amatores
1073 2943 1193 2997 vitrc
1221 2942 1601 3011 permanentis,
1634 2941 1818 3010 quales
1843 2949 1966 2994 sunt
1993 2939 2092 2993 ho-

507 3032 681 3088 mines
709 3040 976 3087 amatores
1001 3033 1123 3087 vita:
1161 3031 1440 3103 fugientis!
1469 3032 1606 3099 Quid
1649 3049 1752 3086 non
1777 3031 1901 3086 facit
1928 3031 2090 3086 homo

509 3124 610 3180 sub
637 3125 828 3180 mortis
857 3125 1091 3195 periculo
1132 3125 1494 3180 constitutus?
1536 3124 1724 3181 Gladio
1751 3125 2091 3195 impendente

511 3213 858 3281 cervicibus,
920 3215 1269 3285 prodiderunt
1334 3215 1578 3271 homines
1643 3215 1902 3286 quidquid
1946 3215 2087 3281 sibi,

506 3305 650 3363 unde
686 3307 947 3375 viverent,
978 3309 1340 3364 reservabant.
1367 3310 1495 3376 Quis
1527 3324 1630 3364 non
1661 3311 1916 3364 continuo
1964 3325 2087 3379 pro-

506 3398 642 3454 didit
669 3414 736 3455 ne
773 3399 1183 3470 percuteretur‘l
1216 3401 1280 3456 Et
1313 3411 1431 3470 post
1481 3401 1835 3471 proditionem
1863 3401 2090 3457 fortasse

505 3505 791 3559 percussus
804 3501 904 3548 est.
927 3492 1056 3561 Quis
1086 3509 1212 3558 non,
1241 3506 1294 3558 ut
1333 3494 1551 3557 viveret,
1581 3495 1832 3550 continuo
1865 3497 2089 3565 perdere

507 3582 674 3637 voluit
702 3583 842 3639 unde
868 3585 1090 3649 viveret,
1119 3584 1319 3655 eligens
1336 3586 1495 3640 vitam
1514 3587 1901 3643 mendicantem
1929 3603 2086 3657 quam

504 3674 734 3730 celerem
766 3683 991 3732 mortem
1008 3677 1034 3730 ‘?
1051 3677 1144 3732 Cui
1162 3677 1360 3732 dictum
1375 3687 1476 3743 est,
1499 3678 1693 3749 Naviga
1715 3695 1784 3735 ne
1809 3680 2051 3735 moriaris
2070 3698 2084 3745 ;

504 3774 558 3819 et
584 3765 824 3822 distulit?
869 3766 964 3824 Cui
1012 3767 1209 3824 dictum
1254 3777 1358 3837 est,
1392 3769 1596 3824 Labora
1634 3786 1702 3826 ne
1728 3773 2004 3839 moriaris;
2033 3781 2089 3827 et

505 3855 656 3926 piger
673 3855 809 3911 fuit?
829 3857 988 3913 Levia
1015 3859 1156 3915 Deus
1177 3860 1344 3929 jubet,
1373 3861 1498 3915 utin
1521 3869 1779 3917 aeternum
1810 3864 2083 3927 vivamus;

505 3955 562 4000 et
598 3947 816 4004 obedire
853 3951 1186 4021 negligimus.
1236 3951 1350 4007 Non
1396 3953 1487 4009 tibi
1539 3955 1677 4010 Deus
1725 3955 1871 4022 dicit,
1916 3957 2088 4012 Perde

507 4036 762 4106 quidquid
803 4038 986 4107 habes,
1018 4049 1074 4095 ut
1120 4042 1266 4097 vivas
1312 4045 1500 4114 exiguo
1549 4053 1789 4114 tempore
1823 4046 1876 4100 in
1904 4047 2086 4102 labore

507 4128 798 4192 sollicitus;
821 4131 913 4186 sed
936 4173 952 4199 ,
984 4133 1056 4186 Da
1083 4135 1305 4204 pauperi
1333 4135 1472 4191 unde
1495 4135 1680 4202 habes,
1699 4147 1756 4192 ut
1781 4137 1929 4194 vivas
1947 4155 2086 4194 sem-

506 4231 607 4286 per
631 4217 748 4274 sine
773 4220 956 4276 labore
985 4237 1224 4279 securus.
1251 4227 1515 4280 Accusant
1537 4243 1635 4281 nos
1657 4239 1925 4284 amatores
1963 4231 2086 4285 vita:
2133 4249 2143 4260 ν

504 4309 838 4378 temporalis,
865 4326 1020 4381 quam
1049 4328 1146 4368 nec
1171 4330 1290 4370 cum
1321 4315 1537 4378 volunt,
1562 4332 1660 4372 nec
1689 4319 1940 4388 quamdiu
1985 4334 2085 4373 vo-

503 4399 622 4455 lunt
653 4399 886 4456 habent:
915 4414 967 4458 et
994 4419 1092 4460 nos
1114 4406 1336 4462 invicem
1374 4423 1478 4463 non
1506 4424 1838 4477 accusamus,
1868 4419 1972 4464 tam
2007 4409 2090 4480 pi-

503 4491 608 4561 gri,
630 4499 735 4546 tam
763 4493 923 4563 tepidi
951 4496 1015 4550 ad
1042 4500 1421 4567 capessendam
1443 4501 1601 4554 vitam
1629 4510 1905 4568 mternam,
1925 4517 2082 4571 quam

503 4581 550 4634 si
577 4582 902 4639 voluerimus
923 4586 1254 4655 habebimus,
1287 4606 1406 4646 cum
1431 4591 1772 4647 habuerimus
1797 4608 1902 4648 non
1928 4595 2084 4648 amit-

502 4681 711 4742 temus;
744 4675 882 4732 hanc
916 4688 1092 4733 autem
1131 4691 1357 4737 mortem
1388 4697 1546 4754 quam
1581 4685 1849 4752 timemus,
1872 4687 2083 4743 etiamsi

504 4764 853 4833 uoluerimus,
883 4767 1211 4826 habebimus.

482 4888 483 4891 η
574 4855 628 4910 5.
669 4856 722 4912 Si
751 4871 882 4927 ergo
922 4859 1175 4916 Dominus
1217 4877 1406 4933 magna
1433 4879 1526 4918 sua
1569 4866 1767 4935 gratia,
1800 4875 1856 4937 et
1894 4882 2084 4938 magna

503 4961 600 5002 sua
639 4949 1002 5005 misericordia
1036 4954 1242 5009 animas
1286 4956 1526 5022 suscitat,
1578 4972 1646 5012 ne
1698 4959 1989 5015 moriamur
2027 4961 2079 5015 in

502 5049 796 5109 internum;
853 5043 989 5100 bene
1029 5045 1374 5117 intelligimus
1405 5058 1508 5103 tres
1535 5050 1652 5105 illos
1679 5061 1917 5106 mortuos
1946 5067 2080 5123 quos

500 5131 556 5186 in
587 5134 904 5204 corporibus
927 5137 1220 5203 suscitavit,
1248 5139 1444 5210 aliquid
1463 5141 1764 5211 signiﬁcare
1783 5152 1839 5199 et
1856 5144 2082 5214 ﬁgurare

499 5225 568 5281 de
597 5229 1073 5285 resurrectionibus
1099 5231 1392 5286 animarum
1419 5249 1537 5304 qua:
1565 5233 1694 5289 ﬁunt
1737 5251 1831 5305 per
1871 5237 2027 5291 ﬁdem
2061 5255 2077 5292 :

498 5318 837 5376 resuscitavit
863 5319 1026 5375 ﬁliam
1068 5321 1471 5394 archisynagogi
1516 5324 1691 5380 adhuc
1721 5327 1774 5380 in
1819 5327 1980 5384 domo
2001 5329 2081 5398 ja-

499 5416 709 5463 ecntem
760 5410 950 5483 (Mare.
995 5412 1158 5479 v,4l,
1192 5414 1307 5487 42);
1357 5416 1692 5471 resuscitavit
1732 5418 1982 5486 juvenem
2022 5419 2082 5474 ll-

500 5495 632 5552 lium
665 5499 838 5556 viduze
887 5511 1034 5558 extra
1079 5514 1260 5576 portas
1309 5506 1534 5562 civitatis
1561 5507 1759 5564 elatum
1805 5507 1954 5578 (Luc.
1985 5525 2076 5578 vn,

563 5653 645 5732 (ᾳ)
675 5663 818 5728 Forte
861 5657 1124 5732 legendum
1146 5663 1248 5732 lsic
1293 5679 1332 5732 :_
1363 5663 1656 5732 mirabiliora
1722 5677 1866 5732 opere
1903 5666 2083 5720 Christi

497 5722 650 5793 sumis
673 5722 759 5793 qui
789 5722 944 5793 credit
968 5724 1191 5793 resurgit.
1232 5733 1282 5779 Et
1322 5728 1441 5779 infra
1482 5740 1495 5778 :
1543 5722 1888 5782 detestabiliore
1929 5739 2079 5783 morte

497 5781 649 5833 cultis
669 5781 751 5846 aui
776 5791 943 5845 peccat
964 5781 1181 5838 moritur.

1443 347 1510 404 IN
1547 347 1821 406 JOANNIS
1859 345 2321 414 EVANGELIUM,
2361 347 2416 404 S.
2461 345 2819 438 AUGUSTI?“

3653 358 3794 421 i748

2219 461 2305 527 M,
2345 464 2448 535 l5);
2500 469 2833 523 resuscitavit
2886 468 3142 526 Lanarum
3189 471 3454 543 sepultum
3481 478 3792 545 quatridua-

2214 570 2362 610 num.
2383 555 2653 613 intueatur
2675 561 2896 631 quisque
2921 562 3150 618 animam
3169 578 3318 619 suam
3346 583 3359 620 :
3378 565 3421 621 si
3444 578 3645 637 peccat,
3669 585 3795 626 mo-

2213 648 2366 714 ritur;
2397 661 2692 718 peccatum,
2736 668 2880 708 mors
2905 663 2987 709 est
3013 656 3226 714 animae.
3257 657 3361 713 Sed
3390 659 3676 730 aliquando
3729 664 3788 719 in

2211 736 2530 808 cogitatione
2578 750 2843 811 peccatur.
2887 744 3177 801 Delectavit
3223 747 3365 817 quod
3428 749 3628 806 malum
3679 763 3786 817 εει,

2210 830 2554 897 consensisti,
2587 835 2846 901 peccasti;
2902 835 3287 892 consensioilla
3323 838 3516 894 occidit
3553 849 3607 901 te
3639 858 3657 894 :
3688 841 3788 897 sed

2210 916 2352 974 intus
2377 928 2459 975 est
2482 937 2648 990 mors,
2691 925 2815 994 quia
2855 926 3142 996 cogitatum
3171 927 3366 983 malum
3397 929 3632 985 nondum
3660 946 3786 1001 pro-

2208 1009 2372 1064 cessit
2392 1010 2442 1064 in
2463 1010 2680 1066 factum.
2709 1013 2888 1071 Talem
2927 1018 3155 1072 animam
3185 1020 3502 1075 resuscitare
3538 1036 3599 1077 se
3627 1021 3791 1093 signi-

2211 1096 2374 1153 ﬁcans
2394 1099 2666 1166 Dominus,
2695 1106 3028 1162 resuscilavit
3062 1107 3204 1162 illam
3232 1109 3462 1178 puellam
3490 1125 3608 1181 quae
3655 1127 3794 1166 non-

2207 1189 2333 1246 dum
2373 1202 2488 1248 erat
2529 1194 2671 1251 foras
2713 1197 2870 1262 elata,
2903 1200 2999 1255 sed
3031 1200 3080 1253 in
3109 1199 3269 1256 domo
3307 1211 3514 1257 mortua
3553 1201 3791 1273 jaeebai,

2205 1282 2356 1350 quasi
2410 1295 2682 1352 peccatum
2723 1286 2934 1344 latebat.
2980 1289 3036 1345 Si
3069 1300 3246 1346 autem
3287 1306 3394 1346 non
3436 1293 3607 1348 solum
3635 1295 3794 1350 mala:

2206 1372 2543 1432 delectationi
2574 1381 2911 1446 consensisti,
2957 1382 3054 1437 sed
3079 1383 3237 1438 etiam
3281 1384 3453 1452 ipsum
3481 1386 3676 1440 malum
3705 1385 3791 1442 fe-

2205 1463 2358 1530 cisti;
2416 1469 2567 1537 quasi
2612 1479 2879 1526 mortuum
2931 1483 3082 1528 extra
3126 1485 3333 1544 portam
3371 1475 3604 1532 extulisti
3635 1477 3790 1546 :jam

2205 1553 2336 1611 foris
2361 1573 2439 1622 cs,
2469 1567 2524 1615 et
2551 1571 2794 1618 mortuus
2824 1561 2996 1620 elatus
3039 1579 3120 1619 es.
3151 1565 3353 1620 Tamen
3377 1573 3432 1622 et
3459 1567 3632 1637 ipsum
3676 1567 3787 1625 Do-

2206 1645 2378 1701 minus
2406 1650 2758 1717 resuscitavit,
2810 1663 2863 1708 et
2890 1652 3121 1709 reddidit
3163 1655 3336 1709 vidua:
3374 1656 3529 1710 matri
3565 1672 3696 1711 suae.
3727 1656 3788 1712 Si

2203 1739 2455 1805 peccasti.
2507 1742 2755 1808 pmniteat
2777 1751 2864 1798 te:
2893 1752 2950 1800 et
3001 1745 3283 1800 resuscitat
3324 1755 3376 1801 te
3420 1746 3697 1814 Dominus,
3728 1756 3787 1801 et

2203 1828 2384 1884 reddet
2430 1830 2682 1888 Ecclesia:
2723 1834 2877 1890 matri
2905 1843 3027 1890 ture.
3057 1835 3265 1891 Tertius
3292 1844 3530 1892 mortuus
3559 1846 3642 1892 est
3682 1837 3790 1892 La-

2201 1933 2373 1975 zarus.
2409 1921 2504 1976 Est
2542 1938 2710 1994 genus
2754 1926 2941 1981 mortis
2978 1927 3229 1993 immane,
3262 1928 3401 1983 mala
3449 1927 3784 1983 consuetudo

2201 2012 2514 2080 appellatur.
2542 2014 2697 2068 Aliud
2747 2024 2829 2070 est
2866 2018 3006 2071 enim
3059 2032 3302 2088 peccare,
3350 2017 3494 2072 aliud
3527 2017 3788 2088 peccandi

2201 2103 2638 2159 consuetudinem
2667 2103 2859 2161 facere.
2889 2105 2988 2173 Qui
3009 2115 3194 2177 peccat
3227 2117 3283 2163 et
3308 2108 3562 2162 continuo
3608 2108 3786 2163 corri-

2198 2195 2358 2263 gitur,
2381 2196 2486 2251 cito
2507 2197 2772 2252 reviviscit
2796 2216 2808 2251 :
2837 2199 2959 2268 quia
2984 2198 3216 2253 nondum
3237 2207 3320 2253 est
3335 2199 3632 2268 implicatus
3655 2213 3792 2253 con-

2200 2286 2498 2353 suetudine,
2531 2304 2636 2343 non
2663 2298 2748 2344 est
2775 2292 3030 2360 sepultus.
3057 2291 3156 2358 Qui
3190 2282 3370 2346 autrm
3399 2307 3616 2362 peccare
3654 2307 3789 2346 con-

2200 2376 2390 2445 suevit,
2421 2379 2660 2448 sepultus
2681 2387 2784 2446 est,
2813 2389 2866 2435 et
2883 2381 3016 2436 bene
3040 2381 3107 2434 de
3131 2380 3222 2434 illo
3253 2381 3465 2446 dicitur,
3495 2385 3611 2452 fetet
3643 2397 3662 2435 :
3695 2382 3786 2436 in-

2197 2469 2324 2538 cipit
2347 2471 2490 2525 enim
2516 2471 2713 2527 habere
2742 2473 3024 2542 pessimam
3043 2472 3258 2540 famam,
3284 2483 3529 2544 tanquam
3559 2474 3786 2530 odorem

2199 2561 2552 2615 teterrimum.
2586 2562 2743 2618 Tales
2791 2571 2918 2618 sunt
2961 2578 3148 2618 omnes
3199 2564 3398 2618 assueti
3453 2563 3776 2630 sceleribus,

2198 2653 2390 2722 perditi
2429 2654 2681 2709 moribus.
2712 2655 2851 2708 Dicis
2880 2654 2951 2720 ei,
2980 2653 3095 2710 Noli
3124 2653 3320 2710 facere.
3349 2655 3570 2724 Quando
3601 2663 3654 2711 te
3680 2670 3783 2710 au-

2196 2745 2274 2798 dit
2309 2761 2466 2816 quem
2510 2755 2648 2802 tcrra
2685 2747 2762 2802 sic
2803 2749 3019 2817 premit,
3047 2756 3100 2803 et
3143 2749 3264 2803 tabe
3305 2749 3684 2818 corrumpitur,
3723 2757 3783 2804 et

2195 2835 2335 2890 mole
2355 2837 2754 2892 consuetudinis
2783 2838 3173 2908 praegravatur?
3193 2837 3301 2893 Nec
3325 2838 3392 2892 ad
3409 2839 3581 2910 ipsum
3600 2847 3783 2896 tamen

2193 2927 2617 2982 resuscitandum
2654 2927 2832 2982 minor
2870 2927 2968 2983 fuit
3007 2928 3174 2982 virtus
3215 2928 3430 2984 Christi.
3481 2928 3778 2997 Novimus,

2197 3019 2444 3083 vidimus,
2481 3020 2715 3090 quotidie
2760 3020 3004 3076 videmus
3047 3019 3310 3088 homines,
3357 3022 3590 3091 pessima
3637 3034 3776 3078 con-

2194 3113 2472 3168 suetudine
2503 3122 2800 3183 permutata
2829 3115 3011 3170 vivere
3047 3115 3262 3182 melius,
3290 3126 3448 3184 quam
3476 3113 3660 3170 vivunt
3680 3114 3775 3185 qui

2194 3204 2670 3274 reprehendebant.
2716 3205 3077 3260 Detestabaris
3118 3205 3386 3260 hominem
3440 3222 3454 3260 :
3501 3219 3629 3261 ecce
3653 3204 3772 3274 ipsa

2196 3312 2348 3352 soror
2375 3297 2561 3352 Lazari
2596 3297 2678 3369 (si
2707 3306 2883 3352 tamen
2930 3298 3044 3368 ipsa
3089 3307 3172 3353 est
3213 3312 3332 3368 qua:
3369 3296 3530 3367 pedes
3561 3295 3777 3359 Domini

2195 3389 2344 3443 unxit
2363 3399 2653 3460 unguento,
2677 3397 2731 3444 ct
2750 3388 2900 3444 tersit
2924 3389 3130 3458 capillis
3151 3389 3263 3444 suis
3307 3404 3442 3460 quos
3467 3389 3668 3442 laverat
3695 3387 3778 3444 la-

2191 3477 2425 3552 crymis)
2462 3480 2649 3536 melius
2695 3480 2945 3535 suscitata
2991 3489 3074 3535 est
3121 3495 3281 3551 quam
3326 3478 3487 3534 frater
3511 3478 3670 3548 ejus:
3702 3477 3776 3533 de

2191 3585 2384 3641 magna
2435 3571 2590 3626 malae
2644 3570 3046 3626 consuetudinis
3085 3571 3224 3626 mole
3251 3579 3334 3626 est
3379 3570 3619 3626 liberata.
3643 3569 3777 3624 Erat

2192 3664 2332 3717 enim
2361 3662 2566 3720 famosa
2586 3664 2852 3733 peccatrix
2883 3681 2898 3718 :
2929 3663 3074 3719 etde
3098 3663 3185 3718 illa
3229 3663 3427 3718 dictum
3457 3671 3558 3726 est,
3587 3661 3778 3714 Dimit-

2191 3764 2363 3809 tuntur
2387 3756 2433 3810 ei
2459 3767 2663 3826 peccata
2688 3757 2866 3823 multa,
2893 3757 3131 3826 quoniam
3158 3756 3333 3810 dilexit
3358 3755 3571 3809 multum
3598 3751 3619 3827 (
3641 3753 3772 3807 Luc.

2191 3847 2404 3921 37-47).
2430 3849 2684 3905 Videmus
2709 3850 2926 3915 multos,
2944 3848 3188 3903 novimus
3213 3847 3409 3902 multos
3436 3859 3626 3900 :nemo
3649 3844 3777 3900 des-

2193 3951 2364 4010 peret,
2394 3956 2554 3997 nemo
2601 3941 2668 3996 de
2711 3955 2771 3996 se
2819 3947 3125 4010 praesumat.
3155 3938 3223 3992 Et
3249 3937 3536 4006 desperare
3572 3935 3776 3989 malum

2192 4043 2294 4100 cst,
2318 4041 2372 4088 et
2398 4033 2467 4088 de
2487 4048 2547 4087 se
2569 4047 2912 4103 prtesumcrc.
2940 4030 3029 4104 Sic
3057 4029 3166 4085 noli
3188 4029 3493 4098 desperare,
3521 4035 3580 4082 ut
3603 4026 3777 4097 eligas

2191 4122 2258 4177 de
2287 4137 2394 4191 quo
2419 4121 2617 4177 debeas
2645 4136 2993 4192 praesumere.

2261 4215 2314 4267 4.
2345 4213 2486 4283 Ergo
2526 4222 2580 4268 et
2614 4212 2872 4268 Lazarum
2921 4210 3178 4265 Dominus
3214 4208 3507 4264 suscitavit.
3534 4205 3776 4263 Audistis

2190 4305 2422 4374 qualem,
2461 4304 2510 4358 id
2550 4313 2652 4369 est,
2707 4303 2830 4372 quid
2876 4301 3136 4372 signiﬁcet
3185 4299 3370 4354 Lazari
3426 4296 3772 4354 resurrectio.

2189 4398 2452 4469 Legamus
2501 4396 2930 4467 itaque'jam;et
2971 4393 3219 4464 quoniam
3252 4393 3416 4446 multa
3451 4391 3505 4446 in
3546 4391 3648 4446 hac
3690 4389 3773 4445 le-

2190 4490 2370 4544 ctione
2412 4488 2698 4543 manifesta
2725 4497 2869 4555 sunt,
2898 4485 3281 4555 expositionem
3319 4485 3372 4538 in
3420 4483 3642 4554 singulis
3662 4498 3773 4537 non

2189 4596 2509 4651 quaeramus,
2542 4587 2603 4634 ut
2653 4577 2951 4634 necessaria
2992 4584 3392 4646 pertractemus.
3417 4574 3547 4628 Erat
3599 4583 3779 4628 autem.

2187 4673 2396 4743 quidam
2427 4673 2696 4741 languens,
2725 4668 2953 4722 Lazarus
2977 4685 3008 4720 a
3027 4667 3296 4730 Bethania,
3323 4667 3386 4720 de
3421 4663 3630 4719 castello
3654 4663 3775 4717 Ma-

2186 4767 2276 4819 ria:
2303 4774 2352 4818 et
2395 4762 2614 4818 Martha:
2649 4779 2877 4817 sororum
2899 4761 3012 4831 ejus
3037 4761 3077 4814 ¹.
3124 4759 3182 4814 la
3223 4759 3502 4830 superiore
3539 4757 3776 4812 lectione

2187 4856 2504 4912 meministis
2533 4855 2674 4926 quod
2698 4855 2954 4910 Dominus
2999 4851 3206 4909 exiitde
3226 4851 3468 4906 manibus
3483 4865 3667 4906 eorum
3679 4849 3770 4918 qui

2187 4947 2424 5016 lapidare
2450 4947 2596 5001 illum
2627 4945 2924 5010 voluerant,
2955 4945 3010 4999 et
3037 4941 3282 4997 discessit
3306 4948 3452 4994 trans
3479 4937 3775 4994 Jordanetn

2186 5041 2277 5096 ubi
2317 5041 2548 5096 Joannes
2593 5037 2892 5108 baptizabat
2934 5033 3111 5109 (Joan.
3141 5049 3199 5100 x,
3246 5031 3336 5097 39,
3382 5029 3496 5102 40).
3538 5028 3614 5084 Ibi
3641 5044 3771 5098 ergo

2188 5137 2412 5192 Domino
2436 5133 2743 5196 constituto,
2771 5127 3136 5186 inﬁrmabatur
3161 5125 3214 5180 in
3237 5123 3495 5179 Bethania
3510 5121 3766 5188 Lazarus,

2187 5228 2327 5298 quod
2354 5225 2628 5280 castellum
2657 5230 2774 5279 erat
2802 5221 3099 5291 proximum
3125 5215 3490 5284 Jeresolymis.

2257 5320 2312 5372 5.
2354 5315 2525 5370 Maria
2552 5324 2718 5368 autem
2747 5320 2854 5366 erat
2877 5325 2989 5381 qua:
3017 5309 3162 5362 unxit
3185 5305 3462 5360 Dominum
3489 5307 3773 5374 unguento,

2187 5421 2232 5466 et
2261 5414 2460 5465 extersit
2482 5409 2632 5481 pedes
2656 5407 2767 5476 eius
2784 5401 2985 5475 capillis
3021 5401 3150 5467 suis,
3179 5399 3326 5466 cuius
3345 5397 3502 5468 frater
3538 5393 3772 5449 Lazarus

2185 5497 2556 5571 inﬁrmabatur.
2595 5495 2843 5552 Miserum
2881 5509 3002 5564 ergo
3033 5507 3228 5545 sorores
3253 5491 3363 5560 ejus
3405 5487 3475 5540 ad
3523 5501 3660 5552 eum,
3689 5483 3775 5538 di-

2185 5603 2370 5649 centes.
2411 5591 2528 5647 Jam
2567 5588 2909 5658 intelligimus
2942 5599 3050 5655 quo
3073 5584 3354 5649 miserunt,
3392 5577 3478 5634 tibi
3522 5585 3637 5634 erat
3674 5577 3775 5629 Do-

2250 5733 2263 5761 ¹
2291 5735 2340 5778 tn
2365 5725 2587 5775 omnibus
2606 5729 2713 5770 Mss.
2740 5719 2992 5776 omittitur,
3029 5725 3248 5784 sororum
3270 5710 3404 5784 ejus._
3563 5770 3622 5784 η

2250 5777 2324 5854 (a)
2340 5787 2468 5839 conf.
2495 5786 2579 5836 lib.
2605 5786 2656 5842 t.
2673 5784 2735 5834 de
2757 5779 3185 5833 sermone‘bomini
3208 5777 3256 5828 in
3279 5781 3462 5834 monte,
3488 5785 3536 5820 n.
