4030 6472
497 325 631 384 1751

496 441 865 501 illuminentur
898 460 929 501 a
979 444 1087 514 die,
1128 455 1184 505 et
1219 460 1315 519 per
1342 446 1595 504 horarum
1636 448 2072 518 praedicationem

499 534 684 591 credat
708 537 936 595 mundus
962 540 1013 595 in
1051 540 1213 597 diem.
1241 540 1354 596 Hoc
1378 556 1503 611 ergo
1527 541 1600 595 ait
1624 542 1693 598 dc
1733 541 2067 612 compendio,

495 624 581 681 Mc
614 628 917 698 sequimini,
942 630 985 685 si
1009 644 1112 686 non
1136 630 1295 685 vultis
1317 630 1610 687 offendere.

574 724 629 779 9.
673 723 739 776 Et
764 732 876 792 post
898 722 992 777 hoc
1013 723 1135 776 dicit
1150 723 1221 777 eis
1241 737 1261 776 :
1290 721 1518 775 Lazarus
1536 723 1725 777 amicus
1755 731 1923 778 noster
1942 724 2065 777 dor-

497 817 623 881 mit;
662 815 752 871 sed
770 815 898 871 uado
920 856 936 882 ,
975 825 1083 869 uta
1100 830 1274 868 somno
1295 814 1502 869 excitem
1521 830 1655 871 eum.
1684 814 1881 870 Verum
1916 814 2065 870 dixit.

495 908 781 965 Sor0ribus
801 916 1042 963 mortuus
1070 915 1206 973 erat,
1233 907 1457 963 Domino
1485 907 1800 963 dormiebat.
1822 907 2066 963 Homini-

494 1001 597 1057 bus
634 1009 872 1056 mortuus
907 1007 1051 1064 erat,
1079 999 1167 1069 qui
1201 1013 1320 1053 eum
1349 1000 1605 1055 suscitare
1641 1015 1747 1054 non
1778 1008 2020 1069 poterant
2050 1015 2063 1053 :

494 1106 619 1147 nam
640 1091 895 1147 Dominus
925 1098 1065 1144 tanta
1092 1104 1211 1144 eum
1234 1089 1484 1145 facilitate
1503 1090 1767 1145 excitabat
1791 1090 1859 1145 de
1884 1090 2064 1159 sepul-

495 1198 612 1250 cro,
639 1190 834 1253 quanta
855 1189 909 1235 tu
930 1195 1036 1235 non
1057 1180 1256 1236 excitas
1276 1180 1625 1235 dormientem
1652 1180 1718 1235 de
1743 1180 1900 1236 lecto.
1926 1180 2070 1250 Ergo

500 1271 795 1329 secundum
836 1270 1126 1340 potentiam
1153 1284 1303 1324 suam
1331 1270 1466 1325 dixit
1498 1270 1846 1324 dormientem
1891 1286 1903 1322 :
1946 1270 2067 1340 quia

490 1371 546 1418 et
569 1361 660 1418 alii
686 1362 878 1417 mortui
903 1360 1028 1416 dicti
1050 1370 1173 1416 sunt
1195 1361 1243 1415 in
1260 1358 1542 1430 Scripturis
1563 1375 1703 1429 sazpe
1721 1359 2067 1422 dormientes,

492 1454 632 1511 sicut
656 1453 945 1524 Apostolus
963 1452 1126 1520 dicit,
1168 1452 1245 1506 De
1276 1452 1631 1506 dormientibus
1659 1461 1822 1505 autem
1845 1453 1960 1505 nolo
1982 1468 2067 1505 vos

495 1544 764 1616 ignorare,
789 1547 998 1616 fratres,
1036 1552 1090 1597 ut
1126 1559 1227 1597 non
1251 1542 1611 1597 contrislemini
1632 1585 1648 1608 ,
1685 1544 1813 1597 sicut
1837 1553 1883 1598 et
1900 1543 2068 1597 exteri

490 1636 580 1708 qui
600 1652 741 1707 spem
760 1652 861 1691 non
882 1636 1062 1689 habent
1091 1634 1134 1705 (1
1161 1634 1333 1690 Thess.
1362 1650 1435 1699 tv,
1460 1635 1569 1704 l2).
1590 1633 1714 1689 Ideo
1736 1643 1788 1689 et
1817 1635 1928 1704 ipse
1944 1634 2070 1688 dor—

490 1728 720 1783 mientes
743 1726 1059 1797 appellavit,
1098 1726 1220 1796 quia
1251 1736 1642 1781 resurrecmros
1670 1725 2063 1795 praenuntiavit.

493 1817 704 1872 Dormit
727 1831 854 1887 ergo
874 1819 1048 1872 omnis
1079 1826 1316 1872 mortuus
1335 1859 1350 1884 ,
1391 1826 1446 1871 et
1475 1818 1643 1872 bonus
1669 1825 1722 1871 et
1745 1818 1931 1871 malus.
1961 1818 2067 1873 Sed

490 1907 763 1977 quomodo
803 1908 1025 1962 interest
1065 1908 1116 1961 in
1149 1907 1275 1976 ipsis
1298 1906 1387 1976 qui
1433 1907 1669 1977 quotidie
1710 1906 1980 1961 dormiunt
2013 1916 2068 1961 et

490 2009 800 2070 exsurgunt,
816 1999 943 2070 quid
962 2001 1183 2070 quisque
1201 1999 1373 2054 videat
1393 2001 1443 2053 in
1465 2001 1666 2054 somnis
1689 2017 1703 2052 :
1726 1998 1812 2054 alii
1835 2000 2069 2055 sentiunt
2090 2052 2101 2062 ,

487 2089 611 2144 tacta
631 2090 836 2145 somnia
857 2131 873 2157 ,
904 2090 993 2144 alii
1018 2090 1310 2160 torquentia
1331 2131 1345 2154 ,
1379 2090 1447 2144 ita
1468 2100 1526 2144 ut
1550 2090 1806 2159 evigilans
1830 2090 2066 2145 dormire

487 2182 692 2249 timeat,
718 2197 784 2236 ne
808 2180 873 2237 ad
896 2182 1007 2251 ipsa
1034 2182 1221 2237 iterum
1249 2181 1463 2237 redeat:
1487 2182 1564 2236 sic
1584 2182 1944 2253 unusquisque
1971 2183 2066 2237 bo-

486 2274 693 2330 miuum
713 2289 833 2329 cum
863 2289 1020 2329 causa
1048 2288 1140 2329 sua
1170 2274 1387 2341 dormit,
1418 2289 1539 2328 cum
1568 2288 1726 2328 causa
1757 2289 1851 2327 sua
1872 2276 2060 2344 surgit.

486 2364 558 2422 Et
582 2365 803 2421 interest
830 2366 968 2434 quali
998 2366 1235 2421 custodia
1256 2367 1480 2437 quisque
1507 2366 1803 2435 recipiatur,
1833 2366 1899 2421 ad
1918 2366 2063 2436 judi-

487 2469 607 2510 cem
634 2464 815 2524 postea
856 2455 1246 2526 producendus.
1276 2455 1406 2511 Nam
1451 2465 1501 2511 et
1529 2458 1857 2527 receptiones
1886 2458 1938 2512 in
1969 2474 2063 2513 cu-

485 2548 659 2604 stodia
678 2563 777 2618 pro
796 2549 999 2603 meritis
1024 2564 1301 2603 causarum
1327 2549 1645 2604 adhibentur
1672 2567 1685 2604 :
1720 2552 1851 2605 alios
1872 2549 2065 2620 juben-

484 2650 575 2697 tur
601 2641 871 2697 custodire
899 2642 1144 2708 lictores,
1176 2639 1462 2695 humanum
1493 2649 1546 2695 ct
1566 2642 1691 2697 mite
1718 2642 1947 2697 ofﬁcium
1984 2650 2065 2696 at-

483 2746 588 2802 que
613 2731 802 2795 civile;
831 2731 920 2785 alii
946 2731 1227 2786 traduntur
1250 2732 1551 2800 optionibus
1578 2733 1633 2798 ¹;
1663 2731 1752 2786 alii
1786 2733 2065 2787 mittuntur

482 2821 541 2877 in
561 2835 828 2877 carcerem
868 2838 883 2874 :
910 2830 963 2875 et
993 2819 1045 2875 in
1079 2821 1193 2890 ipso
1218 2835 1431 2877 carcere
1466 2837 1571 2876 non
1595 2836 1782 2877 omnes
1800 2866 1813 2889 ,
1841 2823 1933 2878 sed
1967 2839 2062 2893 pro

482 2911 692 2968 meritis
720 2911 1019 2982 graviorum
1045 2926 1322 2967 causarum
1361 2912 1413 2966 in
1455 2911 1559 2966 ima
1585 2913 1813 2968 carceris
1848 2923 2062 2968 contru-

483 3004 702 3061 duntur.
727 3004 877 3061 Sicut
906 3018 1032 3075 ergo
1067 3003 1292 3060 diversae
1323 3004 1577 3059 custodiae
1609 3006 1875 3076 agentium
1906 3007 1957 3060 in
1985 3006 2061 3060 of.

477 3073 635 3165 ‘ﬂcio;
676 3098 756 3154 sic
794 3073 1021 3154 diversa:
1046 3097 1303 3153 custodia:
1342 3106 1670 3153 mortuorum
1692 3139 1709 3164 ,
1756 3108 1809 3153 et
1850 3098 2059 3154 diversa

480 3192 673 3248 merita
712 3190 1119 3261 resurgentium.
1161 3189 1428 3259 Receptus
1451 3200 1535 3247 est
1559 3206 1780 3262 pauper,
1814 3201 2059 3262 receptus

480 3292 567 3341 est
592 3284 744 3340 dives
776 3299 790 3337 :
831 3283 924 3339 sed
955 3282 1044 3339 iile
1068 3282 1121 3337 in
1142 3282 1316 3338 sinum
1342 3283 1607 3349 Abrahae;
1649 3283 1738 3339 ille
1757 3283 1845 3338 ubi
1866 3284 2056 3350 sitiret,

481 3386 539 3436 et
556 3385 757 3449 guttam
785 3390 890 3431 non
919 3375 1179 3431 inveniret
1198 3373 1347 3447 (Luc.
1374 3389 1489 3444 xvn,
1519 3373 1724 3445 22-24).

551 3466 642 3523 10.
686 3465 891 3522 [labent
911 3478 1039 3537 ergo
1059 3478 1244 3520 omnes
1264 3463 1473 3529 animai,
1497 3472 1554 3519 ut
1573 3479 1638 3520 ex
1662 3463 1759 3519 hac
1778 3465 2059 3521 occasione

481 3558 743 3617 instruam
766 3556 1089 3613 Charitatem
1112 3563 1346 3612 vestram
1366 3598 1380 3622 ,
1411 3555 1609 3611 habent
1633 3572 1820 3612 omnes
1844 3559 2054 3625 animus,

480 3662 604 3705 cum
627 3648 695 3705 de
721 3647 921 3704 smculo
958 3647 1221 3715 exierint,
1269 3647 1507 3703 diversas
1533 3649 1866 3718 receptiones
1909 3664 2054 3705 suas.

478 3738 691 3797 Habent
728 3738 976 3812 gaudium
1019 3738 1207 3804 home,
1253 3739 1406 3793 malm
1450 3748 1731 3794 tormenta.
1779 3739 1885 3795 Sed
1935 3756 2055 3795 cum

477 3830 617 3887 facta
647 3829 807 3901 fuerit
832 3831 1175 3897 resurrectio,
1199 3839 1253 3886 ct
1273 3829 1532 3887 bonorum
1559 3831 1809 3902 gaudium
1830 3833 2056 3903 amplius

480 3924 619 3989 erit,
675 3932 729 3978 et
767 3924 1027 3978 malorum
1073 3929 1336 3977 tormenta
1377 3923 1650 3993 graviora;
1696 3924 1911 3994 quando
1935 3941 2053 3981 cum

478 4025 707 4081 corpore
750 4012 1153 4081 torquebantur.
1205 4011 1423 4081 Recepti
1469 4021 1592 4067 sunt
1636 4015 1686 4066 in
1733 4030 1859 4083 pace
1888 4018 2054 4070 sancti

478 4099 822 4164 Pauiarcbm,
850 4100 1148 4169 Prophetas,
1180 4101 1437 4170 Apostoli,
1465 4102 1743 4172 Martyres,
1774 4104 1899 4159 boni
1928 4105 2057 4161 lide-

480 4188 597 4252 ies;
628 4204 812 4244 omnes
842 4197 1016 4244 tamen
1046 4189 1221 4244 adhuc
1250 4190 1302 4243 in
1342 4190 1447 4245 line
1475 4194 1740 4261 accepturi
1768 4203 1892 4248 sunt
1913 4196 2053 4264 quod

480 4281 728 4352 promisit
757 4281 893 4335 Deus
920 4297 934 4333 :
972 4280 1230 4350 promissa
1272 4280 1414 4335 enim
1442 4290 1524 4335 est
1549 4284 1869 4338 resurrectio
1895 4286 2053 4340 etiam

481 4373 679 4438 carnis,
706 4370 890 4425 mortis
913 4371 1279 4440 consumptio,
1315 4372 1420 4425 vita
1451 4379 1647 4427 mterna
1675 4389 1794 4428 cum
1818 4376 2053 4446 Angelis.

482 4460 597 4515 Hoc
610 4474 795 4516 omnes
810 4459 964 4514 simul
991 4461 1257 4531 accepturi
1283 4475 1468 4516 sumus
1492 4479 1505 4514 :
1534 4477 1654 4516 nam
1683 4465 1916 4534 requiem
1938 4483 2054 4536 qua:

478 4550 733 4606 continuo
760 4559 879 4621 post
903 4559 1125 4606 mortem
1151 4551 1337 4617 datur,
1388 4553 1431 4606 si
1470 4569 1530 4606 ea
1561 4554 1748 4625 dignus
1776 4566 1895 4627 est,
1930 4568 2054 4618 tunc

478 4642 672 4714 accipit
696 4643 918 4713 quisque
950 4657 1070 4697 cum
1107 4643 1348 4697 moritur.
1380 4644 1590 4700 Priores
1610 4660 1927 4718 acceperunt
1954 4652 2054 4707 Pa-

474 4734 724 4791 triarchte
763 4752 778 4789 :
815 4733 986 4790 videte
1040 4749 1105 4789 cx
1155 4750 1260 4805 quo
1307 4737 1690 4807 requiescunt:
1732 4743 2052 4810 posteriores

478 4825 777 4896 Propheta,
809 4825 1073 4881 recentius
1100 4826 1357 4896 Apostoli,
1389 4828 1555 4883 multo
1580 4832 1905 4889 recentiores
1931 4849 2052 4889 san-

477 4918 549 4973 cti
579 4916 868 4988 Martyres,
896 4916 1130 4987 quotidie
1162 4917 1285 4971 boni
1312 4917 1514 4974 ﬁdeles.
1551 4920 1618 4975 Et
1641 4922 1728 4976 alii
1750 4922 1803 4977 in
1835 4925 1932 4980 ista
1965 4943 2050 4982 rc-

477 5009 600 5079 quie
619 5008 728 5079 jam
758 5006 849 5062 diu
873 5017 997 5063 sunt
1016 5008 1059 5072 ',
1089 5008 1176 5063 alii
1204 5022 1308 5062 non
1339 5016 1445 5063 tam
1473 5010 1582 5075 diu,
1609 5012 1696 5066 alii
1718 5016 2051 5083 paucioribus

475 5101 664 5169 annis,
716 5100 805 5156 alii
856 5114 955 5156 nec
1001 5100 1203 5156 recenti
1245 5108 1506 5171 tempore.
1536 5103 1669 5158 Cum
1695 5121 1822 5161 vero
1849 5108 1917 5162 ab
1949 5110 2050 5166 hoc

539 5214 557 5246 ι
583 5218 633 5283 Ψ
655 5219 770 5283 ωδε.
785 5225 874 5283 per
897 5209 925 5261 b
939 5211 1164 5283 scribitur
1191 5210 1453 5283 obtinnibus
1468 5223 1751 5283 :corrupte;
1774 5231 1884 5269 nam
1902 5223 2050 5283 optio-

474 5285 570 5345 ues
590 5281 735 5345 Varro
756 5272 961 5345 Isidorus
981 5272 1158 5345 aliique
1183 5280 1349 5345 putant
1368 5276 1430 5345 ab
1448 5272 1653 5345 optando
1683 5272 1852 5345 dictos,
1872 5272 1954 5345 qui
1978 5286 2051 5333 ni-

478 5334 1011 5411 mirugi‘electiessent
1030 5334 1341 5411 decurionum
1362 5334 1627 5411 administri
1655 5346 1707 5388 et
1730 5334 1978 5411 adjutdres
2000 5348 2049 5395 in

476 5407 537 5445 te
558 5392 765 5460 militari.
806 5397 939 5460 lique
964 5397 1120 5460 variis,
1142 5404 1380 5460 prmterca
1417 5399 1590 5448 muniis
1626 5392 2043 5460 praeficiebantur}

476 5456 609 5528 unde
636 5462 749 5525 sunt
768 5456 1227 5528 optbnes‘fabricae,
1242 5465 1292 5507 et
1308 5459 1447 5528 cilicii
1465 5460 1569 5507 sive
1591 5456 1812 5528 carceris,
1834 5478 1930 5526 quo
1966 5479 2049 5528 po.

476 5523 660 5566 stremo
695 5516 960 5577 signiicatu
989 5518 1067 5567 hic
1105 5520 1436 5580 nominantur;
1474 5532 1661 5570 necnon
1701 5523 1748 5572 in
1784 5516 2044 5577 Coiume'nt.

477 5590 628 5639 super
668 5582 839 5644 Ephes.
878 5590 982 5641 cap.
1006 5580 1055 5644 4,
1093 5581 1221 5631 inter
1258 5582 1487 5644 ambrosii
1525 5594 1698 5644 Opera,
1733 5586 1808 5633 bis
1845 5589 2043 5638 verbis:

488 5654 510 5684 s
532 5637 888 5711 Neque'l’auius
922 5637 975 5691 et
994 5640 1111 5690 silas
1135 5650 1326 5705 tenipus
1345 5637 1651 5704 distulerunt,
1678 5637 1775 5709 quo
1803 5637 2047 5711 optionem

490 5717 508 5745 ο
532 5699 742 5761 carceris
760 5699 1066 5761 baptizarent.
1086 5719 1108 5747 ι

545 5763 565 5793 ³
587 5762 660 5812 sic
680 5758 850 5825 plures
874 5767 980 5812 uss.
1005 5769 1059 5814 At
1082 5765 1214 5828 editi,
1234 5765 1413 5820 tamdiu
1457 5772 1565 5819 sunt
1603 5781 1621 5819 :
1658 5776 1707 5820 et
1740 5769 1879 5833 paulo
1907 5772 2045 5835 inira,

1421 331 1485 386 IN
1521 330 1799 389 JOANNIS
1836 330 2296 404 EVANGELIUM,
2323 336 2382 393 S.
2422 336 2786 397 AUGUSTINI

3619 348 3762 406 1752

2177 465 2365 507 somno
2390 453 2728 523 evigilabuut.
2776 455 2922 517 δίωυι
2947 472 3131 514 omnes
3161 459 3301 530 quod
3332 461 3647 532 promissum
3678 474 3761 520 est

2176 544 2443 612 accepturi
2472 557 2612 600 sunt.

2247 634 2334 688 11.
2376 634 2604 692 Lazarus
2652 640 2843 693 anticus
2872 651 3037 697 noster
3061 644 3285 713 dormit;
3320 648 3410 701 sed
3430 648 3558 702 cado
3580 690 3594 713 ,
3620 659 3679 703 ut
3725 665 3759 704 a

2175 740 2349 779 somno
2378 728 2584 782 excitem
2610 747 2741 783 eum.
2768 731 3012 788 Dixerunt
3034 752 3151 807 ergo
3170 738 3404 807 discipuli
3434 755 3454 795 :
3482 742 3753 811 quomodo

2176 813 2585 885 intellexerunt,
2615 820 2691 875 sic
2734 825 3121 893 responderunt
3146 847 3159 882 :
3191 826 3436 897 Domine,
3465 834 3510 885 si
3529 834 3720 886 dormit
3741 876 3755 901 ,

2173 906 2341 961 salvus
2359 909 2469 962 erit.
2492 909 2638 965 Solet
2663 913 2803 967 enim
2828 930 2947 971 esse
2974 933 3192 975 somnus
3220 926 3583 992 :egrotantium
3607 926 3751 980 salu-

2174 996 2244 1051 tis
2274 998 2543 1055 indicium.
2574 1002 2785 1058 Dixerat
2829 1018 2994 1061 autem
3038 1009 3187 1067 Iesus
3213 1013 3275 1066 de
3306 1025 3464 1071 morte
3484 1017 3636 1087 ejus;
3681 1019 3760 1072 illi

2173 1098 2340 1143 autem
2381 1102 2681 1161 putaverunt
2723 1099 2860 1168 quod
2908 1100 2971 1154 de
3015 1101 3314 1159 dormitione
3356 1108 3519 1161 somni
3546 1107 3754 1163 diceret.

2177 1178 2318 1234 Tunc
2352 1198 2469 1253 ergo
2506 1184 2635 1240 dixit
2673 1189 2744 1242 eis
2764 1187 2913 1245 Iesus
2938 1194 3222 1264 manifeste.
3247 1195 3583 1253 Subobscure
3609 1201 3754 1255 enim

2173 1271 2395 1341 dixerat,
2426 1276 2650 1332 dormit:
2675 1279 2748 1333 ait
2777 1296 2905 1351 ergo
2933 1284 3211 1341 manifeste
3230 1327 3246 1353 ,
3273 1286 3499 1357 Lazarus
3526 1298 3756 1344 mortuus

2172 1370 2246 1416 est
2272 1377 2294 1417 :
2320 1372 2366 1417 et
2383 1367 2577 1435 gaudeo
2601 1378 2804 1440 propter
2822 1388 2906 1426 vos
2925 1410 2945 1439 ,
2970 1382 3024 1426 ut
3053 1374 3305 1442 credatis;
3338 1379 3456 1448 quia
3477 1395 3578 1433 non
3606 1396 3747 1433 eram

2172 1455 2259 1508 ibi.
2284 1456 2350 1511 Et
2377 1458 2489 1513 scio
2518 1461 2642 1530 quia
2671 1472 2910 1520 mortuus
2934 1475 3016 1522 est
3035 1509 3050 1533 ,
3072 1476 3136 1537 et
3158 1484 3260 1524 non
3288 1470 3361 1526 ibi
3387 1487 3532 1527 eram
3566 1491 3578 1526 :
3614 1488 3757 1545 aeger

2173 1547 2335 1615 enim,
2366 1564 2471 1603 non
2498 1562 2759 1622 mortuus,
2798 1554 2967 1610 fuerat
2990 1560 3388 1617 nuntiatus.Sed
3417 1563 3542 1634 quid
3565 1564 3757 1620 lateret

2171 1652 2290 1691 eum
2313 1639 2401 1709 qui
2430 1652 2722 1713 creaverat,
2754 1655 2808 1700 et
2836 1645 2902 1700 ad
2931 1648 3080 1717 cujus
3104 1665 3292 1706 manus
3312 1653 3483 1707 anima
3514 1654 3753 1710 morien-

2172 1728 2239 1783 tis
2262 1731 2501 1787 exierat?
2524 1733 2634 1789 Hoc
2653 1745 2733 1790 est
2761 1738 2901 1806 quod
2926 1740 3033 1806 ait,
3066 1738 3271 1796 Gaudeo
3296 1753 3501 1814 propter
3540 1761 3630 1801 vos
3648 1788 3662 1812 ,
3694 1756 3753 1801 ut

2171 1820 2425 1886 credatis;
2461 1823 2578 1892 quia
2603 1842 2702 1878 non
2742 1825 2812 1880 ibi
2834 1844 3011 1883 eram:
3040 1838 3097 1885 ut
3116 1831 3231 1900 jam
3261 1832 3553 1903 inciperent
3577 1835 3754 1890 admi-

2170 1907 2296 1975 rari,
2328 1911 2449 1979 quia
2482 1912 2733 1969 Dominus
2752 1917 2923 1984 potuit
2941 1918 3118 1975 dicere
3146 1930 3411 1976 mortuum
3430 1963 3447 1991 ,
3479 1925 3624 1994 quod
3651 1941 3753 1981 nec

2170 1995 2376 2052 viderat
2417 2015 2515 2055 nec
2559 2002 2816 2060 audierat.
2868 2005 2970 2062 Ubi
2996 2024 3125 2065 sane
3163 2012 3468 2068 meminisse
3491 2014 3756 2071 debemus

2170 2086 2311 2155 quod
2349 2089 2523 2146 adhuc
2559 2094 2716 2147 etiam
2747 2095 2981 2165 ipsorum
3009 2098 3385 2171 discipulorum
3412 2105 3502 2174 qui
3542 2105 3595 2159 in
3624 2119 3749 2161 eum

2163 2174 2272 2244 jam
2300 2178 2648 2247 crediderant,
2682 2184 2951 2261 miraculis
2971 2188 3329 2247 tedilicabatur
3354 2193 3482 2249 fides
3511 2212 3523 2247 :
3553 2211 3659 2250 non
3682 2206 3745 2251 ut

2168 2282 2230 2323 ea
2246 2284 2365 2340 qua:
2395 2287 2499 2328 non
2520 2284 2651 2340 erat,
2672 2290 2792 2332 esse
2807 2278 3080 2349 inciperet,
3100 2282 3192 2337 scd
3216 2292 3269 2338 ut
3288 2299 3349 2339 ea
3371 2300 3487 2356 qua:
3500 2288 3610 2355 jam
3629 2292 3753 2344 esse

2168 2370 2423 2429 ceperat,
2454 2375 2746 2433 cresceret;
2779 2371 3017 2437 quamvis
3038 2372 3126 2426 tali
3154 2375 3315 2430 verbo
3331 2392 3457 2430 usus
3481 2379 3570 2441 sit,
3594 2381 3750 2449 quasi

2168 2457 2294 2505 tunc
2333 2453 2551 2509 credere
2577 2454 2889 2526 inciperent.
2934 2460 3051 2516 Non
3077 2464 3219 2518 enim
3247 2465 3341 2532 ait,
3386 2464 3595 2522 Gaudeo
3622 2486 3747 2539 pro-

2169 2552 2277 2610 pter
2304 2560 2421 2611 vos,
2446 2554 2503 2599 ut
2532 2546 2663 2603 fides
2688 2557 2862 2605 vestra
2891 2562 3164 2622 augeatur,
3197 2556 3309 2613 sive
3340 2557 3618 2626 firmetur;
3648 2563 3748 2616 sed

2166 2632 2273 2698 ait,
2300 2642 2355 2687 ut
2381 2635 2594 2691 credatis
2620 2652 2639 2691 :
2663 2640 2803 2708 quod
2830 2639 3222 2714 intelligendum
3249 2656 3330 2702 est
3354 2688 3370 2715 ,
3412 2656 3470 2704 ut
3512 2650 3748 2720 amplius

2166 2723 2538 2794 robustiusquc
2562 2728 2809 2784 credatis.

2238 2811 2325 2867 12.
2367 2813 2471 2869 Sed
2495 2832 2665 2870 eamus
2688 2818 2756 2871 ad
2778 2836 2909 2873 eum.
2941 2820 3082 2877 Dixit
3105 2840 3223 2894 ergo
3255 2825 3505 2895 Thomas,
3546 2831 3635 2901 qui
3663 2832 3749 2885 di-

2162 2903 2293 2957 citur
2321 2902 2588 2975 Didymus,
2618 2908 2686 2960 ad
2707 2911 3075 2981 condiscipulos
3098 2930 3116 2967 :
3138 2913 3330 2971 Eamus
3356 2926 3403 2971 et
3432 2935 3541 2986 nos,
3566 2930 3612 2974 et
3634 2938 3745 2975 mo-

2164 2993 2356 3046 riamur
2391 3011 2504 3048 cum
2556 2997 2665 3051 illo.
2722 2998 2867 3055 Venit
2893 3002 3057 3073 itaque
3078 3002 3264 3073 Iesus,
3313 3019 3361 3061 et
3393 3010 3581 3064 inuenit
3623 3028 3743 3065 eum

2162 3094 2377 3154 quatuor
2408 3086 2515 3140 dies
2537 3089 2651 3158 jam
2673 3091 2725 3144 in
2759 3105 3077 3149 monumento
3106 3096 3384 3154 habentem.
3414 3102 3489 3157 De
3516 3112 3749 3173 quatuor

2162 3174 2349 3230 diebus
2396 3177 2558 3231 multa
2611 3179 2822 3247 quidem
2852 3182 2954 3238 dici
2982 3196 3230 3254 possunt,
3278 3188 3413 3244 sicut
3448 3206 3507 3247 se
3546 3192 3749 3248 habent

2162 3264 2383 3319 obscura
2411 3265 2821 3337 Scripturarum,
2850 3287 2969 3342 quae
2989 3289 3085 3344 pro
3112 3276 3417 3335 diversitate
3438 3281 3745 3353 intelligen-

2163 3356 2311 3422 tium,
2335 3359 2531 3413 multos
2550 3374 2739 3416 sensus
2758 3364 2984 3432 pariunt.
3017 3367 3263 3426 Dicamus
3288 3380 3342 3426 et
3365 3388 3464 3429 nos
3487 3375 3613 3445 quid
3640 3392 3743 3431 no-

2161 3444 2243 3501 bis
2280 3447 2524 3503 videatur
2557 3450 2853 3520 significare
2891 3464 3133 3514 mortuus
3161 3444 3563 3530 quatriduanus.
3593 3465 3745 3534 Quo-

2161 3538 2321 3594 modo
2346 3540 2487 3595 enim
2534 3542 2588 3597 in
2630 3542 2725 3599 illo
2770 3558 2913 3601 careo
2959 3549 3303 3621 intelligimus
3342 3554 3748 3624 quodammodo

2162 3627 2451 3684 humanum
2494 3646 2660 3701 genus
2679 3674 2695 3700 ,
2725 3633 2801 3689 sic
2827 3636 2962 3692 forte
2998 3649 3052 3693 et
3083 3640 3135 3693 in
3175 3640 3280 3697 isto
3301 3654 3513 3701 mortuo
3542 3648 3748 3705 multos

2161 3718 2475 3776 intellecturi
2505 3736 2689 3778 sumus
2717 3741 2733 3777 :
2766 3724 2991 3782 diversis
3031 3729 3175 3784 enim
3208 3732 3380 3790 modis
3409 3751 3511 3790 una
3545 3753 3631 3792 res
3664 3740 3748 3794 si-

2158 3809 2394 3879 gniﬁcari
2438 3822 2632 3882 potest.
2681 3815 2851 3872 Homo
2898 3821 3109 3888 quando
3150 3825 3406 3889 nascitur,
3454 3812 3572 3897 jam.
3604 3844 3738 3886 cum

2160 3910 2331 3957 morte
2360 3905 2620 3970 nascitur;
2647 3906 2768 3975 quia
2793 3908 2861 3964 de
2885 3909 3052 3965 Adam
3083 3922 3353 3981 peccatum
3377 3916 3555 3974 trahit.
3587 3918 3748 3977 Unde

2160 3990 2287 4045 dicit
2306 3994 2591 4063 Apostolus
2620 4015 2633 4053 :
2658 3996 2761 4052 Per
2788 4016 2943 4054 unum
2979 4003 3229 4058 hominem
3254 4017 3512 4075 peccatum
3535 4010 3748 4067 intrauit

2159 4083 2212 4135 in
2237 4086 2481 4139 mundum
2508 4128 2522 4151 ,
2550 4097 2597 4141 et
2618 4106 2704 4158 per
2723 4100 2979 4161 peccatum
2999 4112 3132 4150 mors
3154 4114 3174 4163 ;
3197 4106 3245 4151 et
3264 4100 3334 4152 ita
3355 4100 3408 4155 in
3445 4118 3614 4156 omnes
3638 4104 3747 4159 ho-

2161 4172 2316 4229 mines
2338 4179 2660 4244 pcrtransiit',
2691 4181 2743 4235 in
2769 4198 2865 4250 quo
2896 4196 3066 4240 omnes
3093 4201 3426 4255 peccaverunt
3454 4193 3626 4263 (Rom.
3670 4211 3742 4259 ν,

2162 4264 2270 4334 12).
2296 4266 2431 4320 Ecce
2460 4266 2622 4325 habes
2645 4286 2804 4326 unum
2831 4273 2969 4329 diem
2986 4277 3193 4343 mortis,
3222 4280 3362 4349 quod
3388 4280 3547 4336 homo
3569 4283 3748 4341 trahit

2158 4354 2226 4409 de
2253 4358 2437 4411 mortis
2458 4362 2763 4430 propagine.
2796 4363 2995 4420 Deinde
3021 4369 3232 4436 crescit,
3263 4370 3447 4441 incipit
3472 4373 3743 4433 accedere

2158 4444 2225 4498 ad
2252 4447 2533 4504 rationales
2558 4466 2744 4519 annos,
2774 4463 2830 4508 ut
2857 4454 3026 4526 legem
3048 4461 3218 4528 sapiat
3238 4463 3548 4530 naturalem,
3573 4482 3744 4535 quam

2158 4549 2344 4591 omnes
2369 4538 2563 4594 habent
2592 4540 2643 4594 in
2689 4543 2851 4599 corde
2902 4545 3059 4601 fixam
3100 4566 3116 4604 :
3156 4550 3309 4616 Quod
3360 4553 3453 4607 tibi
3494 4569 3597 4609 non
3647 4559 3740 4614 vis

2160 4627 2269 4682 lieri
2289 4667 2305 4694 ,
2349 4629 2435 4683 alii
2482 4646 2548 4685 ne
2579 4631 2785 4689 feceris.
2828 4634 3092 4707 Numquid
3121 4642 3221 4697 hoc
3244 4643 3311 4699 de
3340 4646 3541 4716 paginis
3568 4647 3747 4706 disci-

2160 4727 2243 4771 tur
2271 4718 2311 4785 ί,
2356 4728 2410 4774 et
2439 4736 2543 4776 non
2576 4724 2629 4777 in
2676 4732 2861 4779 natura
2910 4727 3025 4798 ipsa
3064 4731 3455 4800 quodammodo
3500 4736 3747 4807 legitur?

2157 4806 2375 4863 Furtum
2402 4810 2480 4865 vis
2509 4812 2654 4880 pati?
2676 4814 2866 4885 Utique
2892 4833 2998 4872 non
3026 4820 3124 4874 vis.
3174 4821 3313 4879 Ecce
3352 4825 3437 4880 lex
3480 4826 3533 4881 in
3560 4806 3747 4887 corde

2158 4903 2249 4951 tuo
2277 4913 2292 4951 :
2322 4897 2471 4965 Quod
2497 4916 2602 4956 non
2633 4904 2710 4957 vis
2737 4907 2871 4973 pati,
2914 4906 3091 4964 facere
3119 4912 3249 4967 noli.
3281 4914 3348 4968 Et
3370 4915 3507 4972 hanc
3548 4918 3736 4989 legem

2158 4992 2611 5061 transgrediuntur
2661 4996 2903 5055 homines
2953 5018 2966 5054 :
3007 5016 3132 5057 ecce
3171 5006 3307 5061 alter
3350 5007 3469 5063 dies
3516 5013 3739 5070 mortis.

2158 5080 2287 5135 Data
2350 5091 2431 5137 est
2480 5082 2587 5139 Lex
2649 5087 2810 5142 etiam
2866 5089 3119 5147 divinitus
3166 5109 3263 5164 per
3320 5096 3576 5155 famulum
3636 5103 3744 5161 Dei

2156 5172 2370 5243 Moysen
2401 5191 2414 5226 :
2443 5174 2639 5231 dictum
2663 5189 2744 5232 εει
2774 5179 2912 5247 illic,
2947 5182 3067 5237 Non
3086 5186 3311 5253 occides;
3348 5187 3469 5244 Non
3509 5194 3748 5248 moecha-

2154 5262 2323 5329 beris;
2353 5263 2474 5319 Non
2514 5268 2697 5329 falsum
2718 5272 3055 5326 testimonium
3074 5276 3243 5342 dices;
3284 5277 3496 5334 Honora
3535 5294 3750 5351 patrem

2154 5366 2197 5408 et
2222 5364 2464 5420 matrem;
2489 5357 2605 5412 Non
2627 5363 2946 5430 concupisces
2965 5381 3069 5417 rem
3091 5369 3307 5433 proximi
3326 5370 3440 5437 tui;
3464 5367 3586 5427 Non
3609 5390 3752 5429 cors-

2153 5452 2375 5516 cuptsces
2400 5463 2605 5503 uxorem
2645 5452 2862 5521 proximi
2906 5454 2977 5508 tui
3010 5456 3207 5524 (Exod.
3230 5475 3319 5527 xx,
3351 5462 3418 5516 12
3450 5464 3560 5533 17).
3589 5464 3754 5526 Ecce

2152 5592 2435 5707 ἓξξιὶεξξιηιὶ
2454 5604 2677 5665 tempore,
2706 5605 2883 5656 omisso
2905 5618 3029 5670 nec;
3054 5622 3142 5672 pro
3161 5624 3259 5675 quo
3294 5611 3479 5677 aliquot
3511 5623 3619 5667 Mss.
3644 5619 3726 5672 ha

2273 5692 2287 5717 ,
2319 5692 2386 5708 ’σιο

2151 5720 2489 5831 (“itﬁuium
2516 5725 2659 5787 Lugd.
2688 5735 2738 5778 ct
2766 5736 2898 5778 Ven;
2926 5731 3162 5797 Numquid
3201 5732 3289 5784 hoc
3322 5735 3383 5787 de
3415 5739 3620 5800 "rotatis
3658 5743 3755 5797 di-
