4102 6508
354 331 491 391 "53

350 447 457 501 Lex
494 443 693 514 scripta
742 450 861 510 est,
905 448 960 497 et
999 441 1108 511 ipsa
1150 440 1551 497 contemnitur:
1584 454 1711 495 ecce
1737 439 1923 493 tertius

345 538 458 593 dies
479 537 688 591 mortis.
711 534 849 603 Quid
876 534 1076 590 restat?
1106 534 1261 588 Venit
1286 543 1339 587 et
1366 534 1707 603 Evangelium
1729 575 1743 599 ,
1776 547 1917 601 pra:-

344 629 553 685 dieatur
575 642 799 697 regnum
817 627 1096 689 caelorum,
1125 625 1427 680 diﬁ‘amatur
1441 624 1637 694 ubique
1653 623 1917 689 Christus,

343 721 579 774 minatur
601 718 920 788 gehennam,
947 717 1106 770 vitam
1131 716 1389 786 promittit
1408 723 1681 779 aeternam,
1724 722 1778 768 et
1807 714 1918 782 ipsa

342 811 719 867 contemnitur.
746 807 1226 878 Transgrediuntur
1254 808 1496 860 homines
1520 805 1864 873 Evangelium
1898 822 1912 857 :

340 916 469 958 ecce
497 909 719 968 quartus
737 898 849 953 dies
878 898 1082 953 mortis.
1112 895 1299 951 Merito
1323 896 1434 963 jam
1455 903 1621 965 putet.
1649 894 1915 963 Numquid

339 1002 393 1047 et
432 993 629 1047 talibus
661 998 743 1045 est
786 988 1023 1058 neganda
1066 986 1467 1042 misericordia?
1505 985 1655 1039 Absit
1697 1002 1712 1039 :
1755 985 1916 1039 etiam

337 1082 403 1138 ad
431 1083 568 1138 tales
586 1081 838 1136 Dominus
856 1078 1163 1134 excitandos
1188 1092 1291 1132 non
1308 1077 1621 1146 dedignatur
1635 1076 1914 1131 accedere.

408 1177 496 1230 i5.
541 1172 695 1227 Multi
712 1182 878 1226 autem
898 1188 961 1225 ea:
984 1170 1181 1225 luditis
1204 1179 1438 1224 venerant
1474 1170 1543 1223 ad
1578 1170 1836 1223 Martham
1868 1176 1913 1222 et

342 1266 565 1322 Hariam
587 1307 601 1331 ,
642 1275 697 1319 ut
732 1265 1111 1319 consolarentur
1152 1280 1239 1318 eas
1276 1263 1339 1318 de
1373 1266 1531 1334 fratre
1564 1280 1676 1316 suo.
1708 1262 1914 1315 Martha

334 1376 450 1430 ergo
488 1367 545 1413 ut
584 1358 774 1411 audivit
810 1358 926 1427 quia
950 1355 1101 1411 Iesus
1138 1355 1301 1419 venit,
1349 1355 1561 1409 occurrit
1602 1354 1721 1409 illi:
1746 1353 1913 1408 Maria

330 1459 499 1503 autem
524 1448 661 1503 danti
685 1446 903 1502 sedebat.
936 1445 1079 1500 Dixit
1099 1462 1215 1516 ergo
1238 1444 1443 1499 Martha
1463 1445 1531 1497 ad
1548 1444 1721 1499 Jesum
1749 1460 1768 1499 :
1800 1442 1909 1497 Do-

332 1541 483 1606 mine,
503 1542 548 1595 si
572 1540 752 1612 fuisses
773 1539 874 1606 hic,
895 1540 1051 1610 frater
1071 1554 1208 1592 meus
1227 1554 1328 1592 non
1349 1537 1523 1608 fuisset
1545 1548 1770 1590 mortuus
1786 1552 1805 1599 ;
1820 1536 1911 1589 sed

330 1642 374 1685 et
393 1647 529 1684 nunc
547 1630 780 1700 scioquia
806 1644 1130 1698 quaecumque
1161 1629 1445 1698 poposceris
1465 1644 1495 1680 a
1516 1626 1643 1688 Deo,
1664 1626 1799 1681 dabit
1820 1626 1911 1681 tibi

328 1719 486 1774 Deus.
510 1720 626 1774 Non
652 1719 804 1783 dixit,
822 1718 926 1774 Sed
945 1726 997 1773 et
1012 1716 1171 1772 modo
1200 1732 1327 1787 rogo
1350 1726 1399 1772 te
1426 1726 1482 1771 ut
1508 1718 1791 1772 resuscites
1806 1716 1911 1772 fra-

329 1820 461 1866 trem
495 1825 697 1865 meum.
728 1809 881 1865 Unde
905 1808 1047 1864 enim
1074 1808 1308 1874 sciebat,
1331 1808 1376 1862 si
1403 1806 1552 1861 fratri
1581 1808 1695 1877 ejus
1724 1823 1905 1863 resur-

324 1917 451 1972 gere
478 1902 609 1956 utile
633 1900 828 1956 fuerit?
866 1899 978 1955 Hoc
1001 1909 1204 1953 tantum
1235 1899 1367 1954 dixit
1385 1940 1400 1963 ,
1428 1899 1550 1954 Scio
1575 1900 1694 1969 quia
1720 1908 1868 1969 potes
1886 1940 1903 1966 ,

324 1995 366 2047 si
392 1994 474 2047 vis
505 1992 635 2048 facis
674 1984 693 2045 ’τ
735 2000 908 2046 utrum
937 1991 1077 2046 enim
1102 1989 1265 2044 facias
1284 2031 1298 2055 ,
1323 1988 1503 2060 judicii
1532 1990 1604 2044 tui
1635 2000 1715 2045 est
1735 2032 1749 2056 ,
1796 2006 1902 2045 non

324 2082 755 2154 pnesumptionis
772 2096 924 2137 mem.
949 2080 1054 2137 Sed
1081 2090 1127 2134 et
1152 2096 1286 2134 nunc
1304 2080 1409 2135 scio
1436 2081 1554 2152 quia
1580 2097 1904 2152 quiscumque

324 2176 612 2247 poposceris
636 2192 668 2227 a
687 2173 817 2240 Dea,
845 2174 980 2227 dabit
1003 2173 1089 2227 tibi
1114 2173 1271 2228 Deus.

392 2269 483 2323 Η.
524 2267 661 2321 Dicit
686 2268 763 2321 illi
779 2267 929 2322 Jesus
956 2282 975 2320 :
1002 2265 1247 2337 Resurget
1281 2270 1442 2336 frater
1473 2277 1609 2323 tuus.
1646 2267 1759 2323 Hoc
1783 2282 1900 2323 am-

323 2360 537 2430 biguum
569 2359 687 2413 fuit.
731 2357 845 2413 Non
890 2359 1034 2413 enim
1061 2358 1153 2425 ait,
1194 2357 1352 2414 Modo
1396 2360 1652 2415 resuscito
1680 2358 1898 2415 fratrem

322 2461 468 2506 tuum
492 2468 508 2517 ;
539 2450 658 2516 sed,
690 2451 929 2520 Resurget
954 2454 1110 2521 frater
1129 2459 1263 2505 tuus.
1289 2450 1425 2505 Dicit
1440 2451 1486 2505 ei
1507 2452 1712 2506 Martha
1734 2468 1753 2507 :
1776 2453 1898 2507 Scio

318 2543 435 2611 quia
462 2550 687 2611 resurget
714 2540 767 2593 in
798 2541 1157 2594 resurrectione
1177 2582 1190 2606 ,
1219 2543 1272 2595 in
1293 2542 1563 2596 novissima
1584 2542 1684 2597 die.
1712 2544 1784 2597 De
1807 2543 1899 2597 illa

315 2631 712 2688 resurrectione
739 2645 924 2686 secura
950 2644 1067 2685 sum
1085 2673 1100 2697 ,
1141 2630 1211 2685 de
1237 2631 1335 2688 hac
1359 2633 1559 2687 incerta
1588 2648 1725 2686 sum.
1758 2632 1899 2687 Dicit

314 2725 362 2779 ei
378 2723 534 2777 Jms
556 2739 576 2777 :
604 2721 714 2793 Ego
741 2739 852 2775 sum
886 2724 1199 2776 resurrectio.
1231 2723 1370 2777 Dicis
1389 2764 1404 2790 ,
1449 2723 1705 2794 Resurget
1733 2723 1898 2779 frater

313 2828 467 2869 meus
505 2814 561 2866 in
595 2811 881 2866 novissima
924 2810 1011 2867 die
1044 2828 1058 2866 :
1089 2827 1270 2865 verum
1317 2820 1428 2877 est;
1470 2813 1563 2868 sed
1607 2829 1701 2882 per
1736 2829 1893 2882 quem

315 2913 439 2961 tunc
464 2912 730 2975 resurget,
763 2912 937 2973 potest
965 2904 1223 2969 etmodo,
1257 2904 1376 2973 quia
1398 2904 1509 2975 Ego
1537 2921 1666 2969 sum,
1701 2905 1888 2974 inquit,

312 2998 613 3053 resurrectio
633 3006 681 3050 et
711 2998 830 3051 vita.
872 2995 1095 3062 Audite,
1124 2995 1337 3062 fratres,
1367 2996 1547 3051 audite
1574 2996 1698 3065 quid
1728 2996 1887 3050 dicat.

313 3089 469 3145 Certe
490 3099 597 3145 tota
626 3084 952 3159 exspectatio
978 3094 1094 3142 erat
1128 3086 1584 3141 circumstantium
1612 3096 1667 3141 ut
1694 3088 1890 3141 revivi-

311 3188 487 3235 sceret
512 3180 766 3245 Lazarus,
797 3192 932 3233 unus
974 3184 1213 3232 mortuus
1239 3175 1619 3246 quatriduanus
1651 3195 1665 3233 :
1703 3177 1888 3232 audia-

310 3286 453 3337 mus,
475 3280 531 3326 et
554 3284 912 3340 resurgamus.
938 3267 1105 3335 Quam
1126 3268 1276 3322 multi
1300 3276 1425 3324 sunt
1453 3268 1504 3321 iu
1543 3268 1643 3322 hoc
1670 3268 1887 3339 popula,

309 3376 444 3432 quos
472 3361 667 3432 premit
694 3358 1095 3415 consuetudinis
1138 3358 1338 3413 moles!
1372 3357 1531 3414 Forte
1558 3358 1777 3413 audiunt
1801 3373 1889 3414 me

310 3452 526 3523 quidam
560 3494 575 3519 ,
607 3452 799 3523 quibus
824 3450 1050 3516 dicitur,
1083 3447 1256 3503 Nolite
1290 3448 1527 3503 inebriari
1568 3450 1681 3504 vino
1708 3451 1760 3503 in
1789 3466 1889 3520 quo

308 3545 613 3600 estlmria
640 3544 659 3613 (
683 3543 870 3615 Ephes.
896 3558 950 3607 v,
980 3542 1071 3613 18)
1095 3558 1110 3595 :
1138 3541 1358 3607 dicunt,
1416 3541 1530 3597 Non
1582 3557 1884 3613 possumus.

307 3637 469 3694 Forte
494 3636 717 3691 audiunt
742 3651 829 3691 me
851 3635 1011 3704 aliqui
1045 3634 1322 3698 immundi,
1351 3635 1579 3689 lasciviis
1602 3644 1657 3690 et
1676 3635 1887 3706 ﬂagitiis

305 3728 587 3799 inquinati,
617 3725 809 3796 quibus
828 3725 1035 3791 dicitur,
1068 3724 1242 3780 Nolite
1262 3724 1363 3779 hoc
1382 3722 1577 3791 facere,
1603 3740 1671 3779 ne
1698 3741 1884 3795 perea-

307 3820 378 3874 tis
405 3836 417 3871 :
447 3827 501 3873 et
529 3816 889 3887 respondent,
916 3816 1029 3871 Non
1062 3830 1343 3887 possumus
1374 3816 1483 3870 tolli
1520 3830 1549 3869 a
1597 3827 1885 3872 consuetu-

304 3912 430 3967 dine
470 3918 673 3966 nostra.
723 3908 768 3965 O
818 3908 1069 3973 Domine,
1115 3909 1245 3963 istos
1282 3908 1554 3963 resuscita.
1591 3907 1702 3980 Ego
1732 3925 1880 3976 sum,

302 4001 506 4069 inquit,
548 3998 845 4054 resurrectio
864 4008 913 4053 et
939 4000 1057 4051 vita.
1089 3997 1213 4053 ldco
1232 3999 1571 4065 resurrectio,
1601 4000 1722 4068 quia
1753 4001 1879 4054 vita.

372 4093 465 4147 l5.
509 4090 613 4156 Qui
640 4090 796 4145 credit
818 4091 869 4144 in
888 4106 995 4157 me,
1022 4090 1216 4143 etiamsi
1246 4098 1475 4144 mortuus
1501 4091 1687 4159 fuerit,
1714 4092 1838 4146 vivet
1862 4110 1881 4147 :

302 4194 352 4237 et
379 4184 549 4238 omnis
569 4184 654 4251 qui
674 4182 791 4237 vivit
810 4192 854 4236 et
874 4182 1027 4236 credit
1052 4182 1105 4235 in
1127 4197 1235 4247 me,
1265 4198 1365 4235 non
1388 4182 1630 4235 morietur
1649 4183 1703 4235 in
1730 4192 1878 4237 teter-

302 4292 445 4327 πίση.
469 4273 607 4341 Quid
642 4272 879 4328 esthoc?
910 4273 1012 4340 Qui
1034 4273 1189 4327 credit
1208 4273 1261 4326 in
1290 4290 1397 4339 me,
1432 4273 1627 4327 etiamsi
1653 4287 1881 4328 mortuus

301 4366 490 4435 fuerit,
519 4365 657 4419 sicut
682 4363 911 4418 Lazarus
938 4371 1179 4418 mortuus
1199 4370 1312 4424 est,
1340 4363 1499 4429 vivet;
1520 4364 1643 4433 quia
1671 4379 1773 4418 non
1797 4374 1879 4419 est

300 4455 445 4510 Deus
470 4463 803 4509 mortuorum
824 4495 837 4518 ,
869 4453 961 4508 sed
987 4454 1245 4508 vivorum.
1278 4454 1352 4508 De
1374 4453 1499 4507 olim
1536 4455 1759 4509 mortuis
1787 4470 1880 4524 pa-

295 4548 474 4601 tribus
496 4588 511 4612 ,
537 4546 638 4600 hoc
661 4556 741 4601 est
770 4547 839 4600 de
864 4544 1127 4600 Abraham
1145 4587 1160 4610 ,
1188 4554 1242 4600 et
1266 4545 1410 4599 Isaac
1427 4586 1441 4611 ,
1470 4554 1524 4600 et
1546 4545 1710 4600 Jacob
1731 4587 1747 4612 ,
1777 4548 1879 4601 tale

294 4653 617 4708 responsum
645 4637 840 4692 ludacis
860 4636 1042 4692 dedit:
1085 4635 1196 4708 Ego
1222 4653 1334 4691 sum
1363 4635 1497 4689 Deus
1520 4635 1803 4701 Abraham,
1832 4646 1878 4691 et

294 4730 437 4785 Deus
462 4728 615 4784 Isaac
636 4770 651 4795 ,
684 4738 730 4783 et
756 4726 896 4783 Dens
919 4727 1079 4782 Jacab
1100 4770 1113 4791 ,
1139 4744 1239 4782 non
1260 4736 1332 4781 est
1360 4726 1498 4780 Deus
1522 4737 1832 4781 mortuorum
1859 4768 1875 4794 ,

293 4822 383 4875 sed
414 4822 635 4884 rivorum
661 4836 866 4875 :amnes
904 4820 1037 4873 enim
1073 4819 1150 4873 illi
1169 4819 1337 4872 vivunt
1359 4818 1570 4887 (Matth.
1603 4835 1743 4884 xxn,
1776 4820 1870 4885 52,

292 4923 340 4967 et
371 4911 502 4965 Luc.
528 4926 620 4975 xx,
654 4912 744 4977 37,
766 4910 879 4981 38).
907 4910 1077 4965 Crede
1097 4925 1251 4980 ergo;
1284 4920 1336 4964 et
1360 4910 1403 4963 si
1426 4920 1663 4964 mortuus
1690 4910 1873 4979 fueris,

290 5004 476 5057 vives:
508 5002 749 5056 siautem
772 5015 876 5055 non
907 4999 1109 5064 credis;
1141 5009 1194 5055 et
1218 5015 1335 5054 cum
1358 5000 1509 5066 vivis,
1538 5009 1773 5056 mortuus
1794 5017 1875 5058 es.

288 5092 595 5148 Probemus
619 5090 794 5145 ethoc
816 5131 831 5156 ,
856 5091 977 5160 quia
998 5090 1043 5143 si
1074 5104 1176 5143 non
1201 5089 1393 5154 credis,
1418 5091 1516 5146 etsi
1546 5091 1699 5155 vivis,
1726 5107 1875 5145 mor-

288 5194 419 5237 tuus
438 5196 517 5237 es.
546 5181 768 5237 Cuidam
801 5182 1054 5237 Dominus
1074 5180 1338 5235 diﬁerenti
1368 5181 1516 5251 sequi
1540 5197 1683 5248 eum,
1714 5191 1765 5236 et
1789 5182 1871 5236 di~

287 5275 456 5339 centi,
488 5272 621 5327 Eant
642 5274 781 5343 prius
800 5273 1008 5343 sepelire
1032 5281 1225 5343 patrem
1249 5288 1413 5327 meum
1443 5286 1463 5327 :
1502 5272 1647 5340 Sine,
1680 5272 1872 5344 inquit,

287 5374 520 5418 mortuos
559 5365 770 5435 sepelire
806 5374 1031 5417 mortuas
1072 5378 1228 5427 suos;
1275 5373 1330 5416 tu
1372 5364 1521 5429 veni,
1552 5377 1755 5434 sequere
1792 5381 1871 5419 me

287 5454 509 5524 (Hatth.
538 5470 664 5520 vni,
691 5454 754 5509 21
775 5495 789 5520 ,
820 5454 933 5525 2‘2).
966 5454 1094 5509 Erat
1126 5454 1197 5509 ibi
1235 5464 1476 5509 mortuus
1500 5456 1832 5525 sepeliendus
1851 5498 1869 5525 ,

290 5553 450 5598 erant
470 5544 545 5599 ibi
566 5552 622 5599 et
650 5546 841 5599 mortui
869 5553 1137 5599 mortuum
1165 5545 1419 5615 sepulturi
1449 5562 1463 5599 :
1504 5546 1592 5601 ille
1630 5556 1872 5602 mortuus

285 5634 345 5692 in
362 5650 549 5703 carne,
573 5636 646 5691 illi
674 5635 725 5689 in
747 5638 939 5691 anima.
970 5637 1119 5693 Unde
1139 5652 1283 5691 mors
1304 5639 1354 5691 in
1375 5637 1590 5692 anima?
1615 5637 1746 5706 Quia
1768 5654 1871 5695 non

288 5736 378 5781 est
423 5727 576 5783 ﬁdes.
626 5725 780 5783 Unde
820 5741 965 5783 mors
996 5728 1045 5784 in
1078 5729 1338 5798 corpore?
1368 5728 1497 5796 Quia
1538 5745 1642 5785 non
1691 5740 1771 5787 est
1799 5731 1871 5788 ibi

1406 323 1811 385 suasurus
1848 320 2035 378 xm.
2068 308 2290 383 CAPUT
2329 325 2422 385 XI.

3467 341 3603 407 1756

2030 435 2223 493 anima.
2248 438 2388 509 Ergo
2408 439 2598 495 animae
2620 448 2721 496 tua:
2750 443 2924 499 anima
2947 445 3079 502 ﬁdes
3106 456 3204 509 est.
3239 450 3338 517 Qui
3359 455 3515 509 credit
3546 458 3601 512 in

2027 543 2140 593 me,
2173 528 2377 598 inquit,
2406 533 2599 586 etiamsi
2634 544 2859 589 mortuus
2887 539 3039 607 fuerit
3078 541 3128 593 in
3172 556 3331 597 carne
3351 584 3366 608 ,
3395 546 3517 600 vivet
3546 550 3599 603 in

2024 620 2232 685 anima;
2276 622 2450 680 donec
2488 636 2731 697 resurgat
2754 638 2804 683 et
2829 643 2954 685 caro
2974 647 3243 703 nunquam
3270 646 3452 704 postea
3482 653 3596 692 mo-

2023 709 2207 764 ritura.
2229 710 2341 766 Hoc
2364 721 2465 781 est,
2497 714 2596 780 Qui
2621 718 2775 771 credit
2801 718 2852 773 in
2878 736 2973 785 me,
3000 721 3120 778 licet
3147 725 3424 792 moriatur,
3447 728 3598 783 vivet.

2021 800 2093 855 Et
2113 804 2275 859 omnis
2299 807 2389 874 qui
2415 808 2531 861 vivit
2556 810 2610 864 in
2639 825 2799 866 carne
2821 822 2866 866 et
2894 814 3048 868 credit
3067 815 3121 869 in
3148 833 3254 884 me,
3279 819 3379 873 etsi
3398 821 3596 875 morie-

2022 902 2107 948 tur
2129 895 2195 949 ad
2225 903 2431 966 tempus
2452 909 2666 970 propter
2688 912 2910 960 mortem
2935 907 3130 974 carnis,
3163 925 3264 963 nan
3280 912 3520 966 morietur
3538 913 3593 968 in

2019 993 2261 1040 externum
2281 998 2497 1058 propter
2514 990 2675 1045 vitam
2695 994 2929 1064 spiritus,
2960 1006 3013 1052 et
3035 998 3482 1057 immortalitatem
3506 1018 3592 1060 re-

2019 1078 2381 1133 surrectionis.
2429 1080 2541 1137 lloc
2578 1092 2659 1138 est
2686 1086 2825 1154 quod
2850 1088 2959 1155 ait,
3001 1088 3072 1144 Et
3100 1094 3262 1147 omnis
3286 1094 3373 1162 qui
3407 1096 3521 1150 vivit
3543 1105 3593 1150 et

2017 1168 2174 1222 credit
2200 1170 2251 1223 in
2277 1187 2373 1238 me,
2401 1190 2502 1228 non
2530 1176 2766 1230 morietur
2788 1179 2841 1232 in
2866 1189 3125 1237 aeternum.
3157 1182 3329 1239 Credis
3358 1187 3450 1241 hoc
3467 1188 3591 1242 ?Ait

2016 1257 2130 1313 illi:
2159 1258 2369 1331 Utique,
2399 1263 2648 1334 Domine,
2675 1284 2766 1338 ego
2790 1270 3013 1337 credidi,
3048 1274 3166 1341 quia
3196 1285 3249 1329 tu
3286 1294 3336 1331 es
3363 1278 3592 1335 Christus

2015 1347 2185 1405 Filius
2213 1351 2343 1419 Dei,
2379 1356 2467 1424 qui
2496 1356 2554 1410 in
2594 1359 2840 1413 mundum
2875 1362 3068 1416 venisti.
3099 1354 3318 1430 Quando
3347 1366 3449 1422 hoc
3473 1384 3592 1425 cre-

2014 1438 2122 1494 didi
2147 1481 2162 1506 ,
2194 1442 2395 1497 credidi
2421 1447 2543 1514 quia
2580 1454 2636 1501 tu
2662 1462 2720 1502 es
2746 1452 3064 1507 resurrectio
3087 1494 3104 1520 ,
3142 1454 3341 1510 credidi
3381 1458 3501 1527 quia
3531 1468 3587 1514 tu

2012 1544 2071 1584 es
2098 1531 2232 1595 vita;
2262 1533 2460 1589 credidi
2499 1536 2622 1605 quia
2653 1538 2741 1608 qui
2777 1538 2945 1594 credit
2975 1541 3026 1595 in
3057 1550 3140 1608 te,
3178 1545 3276 1598 etsi
3305 1547 3584 1612 moriatur,

2011 1621 2185 1687 vivet;
2216 1631 2271 1679 et
2296 1626 2385 1696 qui
2428 1626 2553 1682 vivit
2586 1637 2641 1684 et
2681 1630 2849 1686 credit
2874 1632 2924 1686 in
2956 1640 3008 1689 te
3032 1673 3046 1701 ,
3096 1649 3204 1690 non
3238 1638 3494 1693 morietur
3532 1640 3585 1695 in

2011 1724 2292 1769 mternum.

2081 1802 2168 1857 l6.
2206 1802 2407 1859 Etcum
2445 1808 2551 1863 hwc
2579 1808 2802 1876 dixisset,
2820 1814 2960 1881 abiit,
2987 1825 3034 1870 et
3057 1817 3243 1871 vocavit
3264 1817 3483 1874 Mariam
3503 1837 3585 1875 so-

2008 1909 2173 1948 rorem
2199 1913 2343 1950 suam
2363 1900 2582 1970 silentio,
2604 1903 2808 1959 dicens:
2831 1905 3072 1977 Magister
3095 1910 3266 1978 adest,
3291 1921 3336 1965 et
3361 1922 3499 1966 vacat
3516 1921 3581 1969 te.

2007 1984 2401 2043 Advertendum
2431 2001 2514 2046 est
2543 1995 2983 2063 quemadmodum
3020 2015 3358 2069 suppressam
3398 2010 3582 2057 vocem

2005 2076 2276 2133 silentium
2303 2084 2639 2152 nuncupavit.
2661 2084 2791 2139 Nam
2814 2090 3078 2157 quomodo
3099 2090 3264 2159 siluit,
3284 2108 3402 2167 quae
3425 2094 3576 2161 dixit,

2006 2167 2251 2239 Magister
2265 2171 2426 2240 adest,
2450 2184 2495 2226 et
2519 2186 2660 2228 vocat
2691 2178 2772 2232 te?
2793 2180 3188 2235 Advertendum
3211 2166 3369 2237 etiam
3400 2199 3579 2254 quem-

2004 2258 2286 2314 admodum
2318 2263 2670 2333 .Evangelista
2730 2282 2836 2322 non
2884 2268 3074 2324 dixerit
3116 2272 3203 2326 ubi
3245 2273 3330 2328 vel
3366 2275 3579 2343 quando

2003 2351 2087 2403 vel
2126 2352 2390 2419 quomodo
2428 2353 2643 2409 Mariam
2686 2356 2940 2413 Dominus
2986 2362 3269 2427 vocaverit,
3311 2372 3368 2417 ut
3397 2364 3497 2419 hoe
3525 2365 3577 2420 in

2004 2442 2180 2497 verbis
2209 2444 2426 2499 Martha:
2455 2446 2628 2515 potius
2665 2447 3078 2518 intelligeretur,
3110 2452 3426 2507 narrationis
3460 2455 3578 2509 bre-

2003 2534 2162 2587 vitate
2184 2545 2408 2611 servata.

2075 2626 2158 2678 l7.
2201 2624 2305 2680 Illa
2325 2636 2379 2679 ut
2399 2628 2608 2695 audivit,
2636 2631 2794 2701 surgit
2820 2632 2938 2696 cito,
2961 2642 3008 2686 et
3030 2635 3160 2687 venit
3188 2635 3257 2687 ad
3274 2651 3406 2690 eum.
3432 2634 3577 2690 Nan-

2000 2712 2121 2765 dum
2160 2715 2290 2768 enim
2318 2727 2517 2770 venerat
2548 2717 2696 2772 Iesus
2716 2720 2769 2773 in
2796 2722 3074 2788 castellum,
3102 2724 3189 2777 sed
3208 2733 3311 2777 erat
3337 2724 3505 2778 adhuc
3522 2726 3575 2780 in

1997 2802 2087 2857 illo
2115 2804 2223 2859 loco
2244 2806 2325 2859 ubi
2343 2819 2625 2862 occurrerat
2644 2809 2691 2863 ei
2717 2809 2939 2864 Martha.
2962 2810 3132 2866 λιιόωί
3152 2813 3303 2883 igitur
3321 2814 3405 2884 qui
3433 2824 3574 2869 erant

1997 2907 2110 2946 cum
2135 2892 2225 2947 illa
2258 2895 2311 2948 in
2348 2895 2529 2965 domo,
2568 2905 2614 2951 et
2645 2899 3031 2954 consolabantur
3046 2918 3179 2969 eam,
3206 2918 3321 2955 cum
3338 2902 3573 2959 vidissent

1999 2981 2218 3037 Mariam
2236 3026 2251 3051 ,
2285 2987 2403 3055 quia
2430 2987 2527 3041 cito
2554 2990 2768 3044 surrexit
2807 2999 2851 3044 et
2875 2992 3010 3057 eaiit,
3047 2993 3202 3047 secuti
3228 3003 3344 3049 sunt
3367 3011 3476 3049 eam
3503 2998 3571 3049 di.

1996 3086 2158 3131 centes
2190 3092 2209 3130 :
2235 3079 2353 3145 quia
2377 3080 2511 3133 vadit
2531 3080 2599 3133 ad
2620 3094 3011 3151 monumentum,
3031 3094 3081 3138 ut
3102 3086 3260 3155 ploret
3284 3087 3371 3140 ibi.
3393 3087 3571 3155 Quare

1995 3167 2249 3235 pertinuit
2295 3168 2395 3224 hoc
2439 3170 2506 3224 ad
2546 3170 2938 3241 Evangelistam
2980 3176 3233 3230 narrare?
3282 3176 3347 3232 Ut
3386 3178 3567 3233 videa-

1996 3270 2112 3310 mus
2139 3274 2256 3327 quae
2285 3260 2494 3315 occasio
2532 3261 2711 3317 fecerit
2747 3272 2802 3316 ut
2829 3263 3009 3333 plures
3040 3264 3110 3318 ibi
3148 3274 3328 3320 essent
3358 3266 3570 3337 quando

1994 3344 2226 3402 Lazarus
2256 3349 2600 3405 resuscitatus
2633 3362 2735 3406 est.
2775 3352 3031 3409 Putantes
3071 3355 3211 3409 enim
3251 3356 3418 3412 Judaai
3450 3374 3569 3428 pro-

1995 3446 2173 3507 pterea
2212 3439 2353 3494 illam
2393 3440 2664 3511 festinare,
2696 3452 2752 3499 ut
2780 3444 2977 3500 doloris
3019 3447 3099 3501 sui
3126 3448 3375 3504 solatium
3400 3449 3570 3521 lacry—

1992 3531 2095 3584 mis
2120 3538 2399 3602 quaereret,
2430 3533 2598 3587 secuti
2624 3543 2747 3588 sunt
2781 3549 2929 3601 eam;
2964 3545 3017 3590 ut
3045 3546 3149 3590 tam
3185 3537 3384 3608 grande
3409 3540 3569 3594 mira-

1990 3623 2163 3678 culum
2187 3623 2520 3692 quatriduani
2547 3625 2741 3681 mortui
2762 3629 3105 3698 resurgentis,
3130 3637 3290 3685 testes
3313 3631 3567 3701 plurimos

1989 3712 2268 3766 inveniret.

2063 3804 2148 3859 l8.
2192 3804 2361 3858 Maria
2394 3816 2560 3860 autem
2585 3824 2699 3861 cum
2727 3810 2934 3864 venisset
2964 3811 3049 3864 ubi
3073 3821 3177 3864 erat
3203 3810 3371 3879 Jesus,
3396 3813 3566 3868 videns

1987 3909 2098 3947 eum
2119 3935 2133 3959 ,
2164 3895 2339 3948 c‘ecidit
2362 3896 2430 3947 ad
2449 3896 2597 3967 pedes
2613 3899 2739 3968 ejus,
2763 3908 2809 3952 et
2824 3900 2951 3953 dixit
2975 3900 3056 3954 ei:
3077 3899 3310 3967 Domine,
3327 3902 3371 3955 si
3384 3902 3566 3971 fuisses

1988 3984 2089 4050 hic,
2121 3986 2276 4053 frater
2301 4002 2437 4040 meus
2466 4004 2565 4041 non
2595 3998 2717 4042 esset
2756 3999 3000 4043 mortuus.
3037 3989 3185 4045 Jesus
3222 4007 3337 4062 ergo
3366 4000 3420 4045 ut
3444 3992 3565 4046 vidit

1985 4094 2094 4132 eam
2122 4077 2421 4148 plorantem,
2459 4088 2505 4131 et
2529 4078 2739 4133 Juda'os
2761 4081 2848 4149 qui
2870 4098 2980 4135 cum
3007 4082 3095 4135 illa
3121 4092 3260 4135 erant
3290 4083 3561 4153 plorantes,

1986 4171 2187 4239 fremuit
2207 4170 2406 4239 spiritu,
2433 4180 2479 4223 et
2495 4171 2708 4225 turbavit
2729 4174 3066 4243 semetipsum,
3096 4184 3139 4228 et
3166 4175 3331 4228 dixit:
3362 4174 3459 4230 Ubi
3475 4193 3566 4245 pc-

1984 4261 2153 4315 suistis
2188 4262 2337 4314 eum?
2383 4262 2572 4317 Nescio
2604 4263 2727 4333 quid
2775 4266 2929 4320 nobis
2969 4266 3251 4320 insinuavit
3291 4266 3564 4323 fremendo

1983 4349 2191 4419 Spiritu,
2227 4359 2280 4407 et
2306 4351 2565 4406 turbanda
2589 4354 2841 4421 seipsum.
2872 4354 2999 4422 Quis
3027 4356 3167 4411 enim
3196 4366 3313 4412 eum
3343 4368 3519 4428 posset
3547 4401 3561 4424 ,

1984 4442 2083 4495 nisi
2110 4457 2167 4495 se
2196 4442 2326 4511 ipse,
2358 4443 2603 4498 turbare?
2630 4445 2828 4515 Itaque,
2875 4446 3063 4502 fratres
3106 4451 3243 4515 mei,
3275 4452 3443 4519 primo
3479 4451 3566 4507 hic

1984 4535 2239 4590 attendite
2266 4544 2598 4605 potestatem.
2634 4546 2685 4590 et
2712 4538 2787 4591 sic
2812 4538 3058 4608 inquirite
3101 4540 3559 4609 signiﬁcationem.

1985 4625 2235 4681 Turbaris
2266 4636 2318 4679 tu
2351 4628 2567 4693 nolens;
2595 4628 2831 4682 turbatus
2851 4641 2929 4684 est
2950 4630 3210 4698 Christus,
3236 4634 3354 4702 quia
3373 4635 3560 4690 voluit.

1984 4715 2219 4772 Esurivit
2242 4718 2417 4783 Jesus,
2447 4735 2628 4774 verum
2657 4730 2737 4775 est
2756 4762 2770 4785 ,
2800 4721 2893 4776 sed
2936 4724 3054 4792 quia
3093 4724 3286 4791 voluit;
3313 4724 3562 4780 dormivit

1981 4808 2155 4872 Jesus,
2186 4825 2368 4864 verum
2396 4820 2496 4877 est,
2521 4811 2612 4866 sed
2634 4812 2752 4881 quia
2781 4814 2975 4881 voluit;
3006 4816 3345 4870 cuntristatus
3371 4825 3450 4871 est
3473 4817 3560 4870 Je-

1980 4918 2091 4965 sns,
2133 4917 2316 4956 verum
2351 4911 2454 4968 est,
2498 4902 2589 4956 sed
2618 4909 2737 4973 quia
2769 4904 2960 4970 voluit;
3008 4916 3246 4960 mortuus
3275 4916 3354 4961 est
3382 4906 3556 4975 Jesus,

1982 5009 2163 5048 verum
2190 5001 2289 5059 est,
2322 4992 2415 5048 sed
2442 4994 2563 5062 quia
2585 4995 2752 5049 voluit
2784 5012 2797 5048 :
2828 4996 2879 5069 in
2905 4996 3042 5051 illius
3068 5006 3324 5067 potestate
3350 5000 3559 5053 eratsic

1980 5088 2062 5141 vel
2085 5087 2161 5140 sic
2184 5084 2343 5150 afﬁci,
2360 5087 2440 5141 vel
2460 5102 2566 5140 non
2591 5086 2750 5140 afﬁci.
2778 5086 3007 5141 Verbum
3030 5088 3169 5143 enim
3191 5090 3417 5142 animam
3441 5104 3557 5145 sus-

1981 5179 2119 5249 cepit
2148 5188 2204 5233 et
2240 5194 2475 5244 carnem,
2510 5180 2671 5234 totius
2694 5179 2924 5234 hominis
2948 5179 3046 5234 sibi
3077 5188 3329 5249 eoaptans
3357 5180 3406 5233 in
3436 5196 3555 5250 per-

1980 5288 2126 5326 sona:
2152 5273 2353 5326 unitate
2382 5281 2641 5326 naturam.
2670 5271 2801 5327 Nam
2834 5273 3086 5327 ct-anima
3116 5272 3355 5341 Apostoli
3383 5271 3560 5328 Verbo

1981 5366 2241 5421 illustrata
2264 5374 2367 5432 est,
2392 5366 2566 5419 anima
2592 5366 2732 5421 Petri
2761 5365 2934 5421 Verbo
2961 5366 3218 5421 illustrata
3248 5375 3349 5430 cst,
3380 5366 3559 5420 anima

1982 5459 2149 5526 Pauli,
2171 5459 2393 5513 aliorum
2421 5459 2816 5528 Apostolorum,
2841 5469 3143 5512 sanctorum
3172 5457 3555 5527 Prophetarum

1981 5549 2156 5603 Verbo
2178 5548 2452 5603 illustratae
2476 5559 2597 5603 sunt
2618 5550 2807 5604 animae
2831 5566 2843 5601 :
2872 5548 2963 5603 scd
2984 5548 3051 5603 de
3072 5549 3211 5604 nulla
3234 5540 3429 5604 dictum
3451 5559 3556 5617 est,

1988 5640 2205 5695 Verbum
2232 5658 2350 5695 caro
2371 5646 2557 5712 factum
2576 5650 2647 5695 est
2676 5639 2850 5712 (Joan.
2880 5657 2917 5707 ι,
2951 5639 3074 5712 li);
3104 5643 3171 5697 de
3198 5642 3339 5697 nulla
3360 5643 3556 5697 dictum

1980 5744 2082 5802 est,
2116 5733 2221 5806 Ego
2251 5744 2296 5790 et
2333 5732 2491 5789 Pater
2519 5749 2674 5789 unum
2702 5750 2874 5789 sumus
2901 5732 3022 5808 (Id.
3053 5750 3107 5805 x,
3288 5736 3476 5792 Anima
3505 5742 3558 5791 et
