4030 6488
519 308 657 364 1735

515 437 643 478 caro
679 419 876 478 Christi
916 434 1036 479 cum
1075 417 1256 475 Verbo
1295 417 1386 474 Dei
1421 432 1523 472 una
1555 426 1780 485 persona
1808 417 1915 479 est,
1961 425 2099 465 unus

516 512 760 568 Christus
787 520 889 567 εει.
915 511 993 567 Ac
1018 526 1115 582 per
1155 509 1257 565 hoc
1282 508 1368 563 ubi
1397 520 1603 562 summa
1630 511 1863 573 potestas
1886 511 1989 569 εει,
2011 516 2102 556 εε-

516 602 750 658 cundum
787 600 1074 657 voluntatis
1103 608 1288 656 nutum
1327 603 1582 653 tractatur
1609 593 1921 651 inﬁrmitas‘
1956 610 1969 647 :
1997 592 2100 648 hoc

515 701 619 760 est,
648 691 860 748 turbavit
879 693 1214 763 semetipsum.

593 783 680 839 19.
722 782 840 838 Dixi
859 789 1195 852 potestatem,
1222 774 1476 834 attendite
1501 773 1962 848 signiﬁcationem.
1990 770 2100 825 Ma-

518 889 655 943 gnus
672 888 795 930 reus
811 883 908 939 est,
928 888 1085 944 quem
1105 872 1291 927 mortis
1305 869 1643 942 quatriduum
1663 876 1718 924 et
1733 866 1821 921 illa
1838 864 2100 936 signiﬁcat

519 967 813 1038 sepultura.
866 965 1002 1034 Quid
1046 974 1129 1020 est
1172 978 1299 1035 ergo
1343 961 1485 1033 quod
1531 960 1711 1017 turbat
1754 958 2098 1028 semetipsum

518 1056 784 1124 Christus,
813 1059 913 1113 nisi
940 1066 994 1112 ut
1021 1055 1281 1128 signiﬁcet
1304 1055 1396 1109 tibi
1417 1051 1686 1123 quomodo
1710 1049 1907 1106 turbari
1931 1057 1983 1103 tu
2009 1047 2102 1102 de-

518 1148 648 1204 beas
668 1189 682 1214 ,
709 1163 829 1204 cum
871 1158 1014 1202 tanta
1053 1146 1194 1203 mole
1222 1146 1422 1217 peccati
1459 1143 1694 1216 gravaris
1725 1148 1782 1198 et
1810 1138 2102 1212 premeris?

517 1238 805 1294 Attendisti
831 1238 975 1295 enim
1009 1246 1064 1294 te
1082 1278 1097 1304 ,
1128 1237 1306 1292 vidisti
1333 1245 1385 1292 te
1413 1251 1587 1302 reum,
1615 1231 1933 1303 computasti
1961 1231 2053 1286 tibi
2082 1248 2097 1285 :

515 1327 653 1385 illud
679 1328 814 1396 ieci,
854 1335 909 1384 et
947 1327 1186 1399 pepercit
1211 1326 1341 1382 mihi
1371 1326 1541 1392 Deus;
1574 1323 1704 1380 illud
1731 1322 2008 1389 commisi,
2047 1330 2104 1377 et

519 1419 725 1479 distulit
739 1434 826 1475 me
840 1437 855 1486 ;
874 1420 1218 1491 Evangelium
1235 1418 1432 1486 audivi,
1445 1425 1500 1473 ct
1518 1415 1840 1486 contempsi;
1864 1413 2100 1484 baptiza-

517 1519 603 1567 tus
619 1527 758 1578 sum,
779 1520 833 1567 et
848 1513 1034 1568 iterum
1053 1512 1117 1567 ad
1131 1511 1319 1568 eadem
1336 1509 1608 1566 revolutus
1623 1523 1740 1563 sum
1756 1525 1769 1561 :
1788 1507 1914 1578 quid
1930 1505 2101 1562 facio?

517 1616 623 1672 quo
639 1603 728 1658 eo?
741 1603 880 1658 unde
899 1603 1065 1660 evado
1076 1605 1100 1657 ?
1111 1602 1334 1672 Quando
1346 1603 1444 1657 ista
1459 1601 1611 1668 dicis,
1627 1600 1736 1671 jam
1752 1599 1930 1655 tremit
1943 1596 2099 1654 Chri-

515 1703 658 1760 Stus;
687 1695 807 1764 quia
837 1695 968 1750 ﬁdes
993 1694 1190 1750 fremit.
1213 1693 1268 1749 ln
1289 1709 1419 1750 vocc
1445 1691 1718 1747 frementis
1738 1698 1954 1760 apparet
1977 1704 2100 1759 spes

515 1789 860 1858 resurgentis.
891 1787 986 1844 Si'
1017 1789 1128 1859 ipsa
1155 1787 1289 1844 ﬁdes
1313 1788 1476 1852 intus,
1507 1785 1577 1840 ibi
1619 1794 1700 1840 est
1725 1783 1967 1839 Christus
1991 1782 2100 1838 fre-

516 1894 670 1934 mens
702 1898 715 1934 :
748 1880 794 1935 si
821 1881 952 1936 ﬁdes
981 1881 1032 1936 in
1061 1880 1232 1946 nobis,
1255 1878 1498 1934 Christus
1525 1877 1578 1932 in
1601 1877 1775 1933 nobis.
1793 1875 1929 1944 Quid
1956 1875 2100 1931 enim

516 1969 658 2024 aliud
702 1971 776 2026 ait
811 1972 1097 2041 Apostolus
1129 1988 1143 2026 :
1175 1970 1420 2025 Habitare
1454 1969 1709 2026 Christum
1747 1985 1837 2040 per
1872 1969 2023 2039 ﬁdem
2047 1969 2098 2022 in

514 2061 748 2116 cordibus
766 2062 936 2116 vestris
957 2061 1172 2132 (Ephes.
1195 2078 1273 2129 ιιι,
1286 2063 1378 2132 17)
1393 2062 1416 2115 ?
1433 2061 1573 2131 Ergo
1594 2060 1726 2116 ﬁdes
1748 2066 1838 2114 tua
1858 2059 1925 2115 de
1942 2058 2098 2114 Chri-

513 2162 619 2220 sto,
645 2153 888 2210 Christus
907 2163 990 2210 est
1013 2157 1063 2210 in
1086 2155 1247 2211 corde
1272 2164 1379 2210 tuo.
1398 2154 1532 2209 Hinc
1551 2161 1634 2209 est
1660 2152 1785 2208 illud
1808 2152 1947 2223 quod
1974 2151 2101 2207 dor-

514 2249 713 2315 miebat
740 2249 792 2303 in
824 2251 941 2304 navi
976 2269 988 2304 :
1020 2260 1214 2305 etcum
1243 2248 1669 2318 periclitarcntur
1697 2245 1963 2314 discipuli,
1988 2244 2097 2315 jam

515 2339 830 2396 imminente
860 2341 1132 2411 naufragio
1166 2347 1506 2395 accesserunt
1532 2337 1599 2392 ad
1627 2352 1780 2402 eum,
1809 2344 1864 2392 et
1897 2337 2099 2391 excita-

513 2440 708 2488 verunt
737 2448 858 2488 eum
893 2452 906 2487 :
937 2435 1169 2488 surrexit
1207 2431 1475 2494 Christus,
1527 2427 1806 2498 imperavit
1847 2427 2018 2482 ventis
2046 2437 2101 2481 et

517 2523 786 2592 ﬂuctibus,
814 2532 869 2580 et
893 2524 1030 2580 facta
1055 2533 1139 2579 est
1159 2523 1511 2592 tranquillitas
1533 2536 1720 2590 magna
1751 2518 1961 2592 (Matth.
1985 2534 2096 2586 vin,

513 2617 723 2688 24—26).
755 2617 844 2673 Sic
869 2626 922 2672 et
950 2624 1003 2670 tu
1034 2634 1047 2669 :
1079 2617 1277 2670 intrant
1301 2613 1444 2670 venti
1475 2628 1569 2668 cor
1594 2621 1763 2676 tuum,
1795 2611 1978 2679 utique
2009 2609 2096 2664 ubi

515 2709 755 2780 navigas,
778 2705 863 2763 ubi
890 2707 1026 2762 hanc
1045 2707 1205 2760 vitam
1229 2714 1478 2775 tauquam
1505 2703 1856 2773 procellosum
1887 2710 1941 2757 et
1963 2701 2102 2770 pcri-

512 2801 752 2856 culosum
778 2800 995 2870 pelagus
1011 2799 1235 2864 transis;
1259 2799 1453 2852 intrant
1467 2797 1628 2863 venti,
1651 2803 1866 2850 movent
1886 2794 2096 2862 ﬂuctus,

515 2894 731 2948 turbant
770 2893 970 2947 navim.
1002 2893 1101 2960 Qui
1145 2900 1269 2948 sunt
1307 2891 1488 2947 venti?
1518 2891 1724 2945 Audisti
1761 2890 2096 2959 convicium,

514 2983 789 3050 irasceris;
817 2982 1111 3039 convicium
1136 2990 1326 3038 ventus
1349 2992 1452 3048 εει,
1477 2981 1744 3037 iracundia
1763 2981 1952 3036 ﬂuctus
1977 2989 2058 3036 est
2081 2997 2095 3034 :

515 3072 853 3143 periclitaris,
877 3073 1115 3143 disponis
1135 3071 1478 3142 respondere,
1503 3072 1740 3141 disponis
1759 3071 2099 3126 maledictum

408 3229 415 3237 ,
517 3165 804 3221 maledicto
841 3165 1098 3231 reddere,
1122 3165 1232 3233 jam
1261 3164 1410 3219 navis
1438 3165 1753 3234 propinquat
1794 3162 2094 3234 naufragio;

519 3259 690 3313 excita
716 3256 982 3312 Christum
1013 3256 1389 3311 dormientem.
1430 3255 1555 3310 Ideo
1583 3254 1724 3309 enim
1757 3252 1981 3308 ﬂuctuas
2000 3297 2014 3320 ,
2046 3265 2100 3310 ct

517 3348 657 3403 mala
686 3363 781 3417 pro
806 3348 959 3402 malis
985 3347 1207 3402 reddere
1239 3361 1525 3417 praeparas,
1559 3347 1678 3416 quia
1705 3345 1948 3401 Christus
1972 3346 2099 3401 dor-

519 3441 618 3495 mit
642 3442 696 3494 in
724 3439 866 3493 navi.
893 3438 950 3493 ln
985 3439 1148 3495 corde
1169 3438 1309 3494 enim
1351 3445 1442 3492 tuo
1468 3452 1688 3493 somnus
1715 3437 1934 3504 Christi,
1963 3437 2100 3493 obli-

515 3533 602 3587 vio
631 3531 774 3587 ﬁdei.
802 3531 934 3587 Nam
971 3532 1017 3587 si
1047 3531 1244 3587 excites
1278 3531 1569 3595 Christum,
1603 3530 1654 3586 id
1688 3538 1770 3586 est
1795 3531 1998 3585 recolas
2031 3530 2098 3583 ﬁ-

515 3623 660 3689 dem,
683 3625 806 3695 quid
833 3625 924 3679 tibi
943 3625 1070 3680 dicit
1087 3633 1334 3694 tanquam
1357 3625 1578 3694 vigilans
1600 3623 1844 3679 Christus
1865 3625 1914 3677 in
1937 3623 2099 3679 corde

514 3719 642 3773 tuo?
671 3718 784 3790 Ego
807 3717 1003 3783 audivi,
1035 3717 1354 3772 Dtemonium
1378 3717 1528 3770 habes
1558 3715 1739 3786 (Joan.
1778 3733 1872 3785 vn,
1899 3717 2014 3788 20),
2047 3725 2101 3771 ct

515 3824 615 3879 pro
639 3809 717 3864 eis
743 3808 887 3862 oravi
917 3826 929 3862 :
962 3809 1108 3863 audit
1149 3809 1426 3875 Dominus,
1455 3817 1507 3862 et
1537 3808 1762 3877 patitur;
1801 3807 1949 3861 audit
1981 3822 2097 3862 scr-

515 3918 634 3967 vus,
658 3910 712 3957 et
735 3902 1067 3973 indignatur!
1097 3901 1202 3956 Sed
1232 3901 1488 3956 vindicari
1516 3900 1617 3955 vis.
1642 3900 1777 3968 Quid
1805 3901 1980 3955 enim?
2001 3917 2100 3971 ego

513 3997 623 4064 jam
651 4012 767 4050 sum
793 3996 1128 4050 vindicatus?
1152 3994 1282 4048 Cum
1311 3995 1402 4050 tibi
1430 3997 1544 4049 haec
1569 3994 1803 4062 loquitur
1830 3994 1962 4049 tidcs
1988 4003 2096 4062 tua,

514 4086 666 4156 quasi
704 4086 994 4154 imperatur
1021 4085 1193 4140 ventis
1213 4095 1268 4139 et
1292 4085 1556 4152 ﬂuctibus,
1588 4093 1641 4138 et
1666 4085 1724 4138 ﬁt
1750 4085 2099 4154 tranquillitas

515 4189 728 4245 magna.
759 4175 1036 4243 Quomodo
1074 4190 1202 4244 ergo
1231 4175 1332 4228 hoc
1367 4183 1449 4228 est
1473 4175 1706 4230 excitare
1744 4173 2013 4229 Christum
2045 4176 2098 4230 in

516 4263 660 4328 navi,
692 4263 924 4318 excitare
948 4263 1106 4318 ﬁdem
1131 4279 1146 4329 ;
1177 4264 1254 4318 sic
1275 4265 1325 4316 in
1355 4263 1515 4319 corde
1539 4263 1770 4318 hominis
1794 4280 1950 4334 quem
1981 4281 2099 4335 pre-

514 4353 612 4409 mit
627 4369 812 4424 magna
833 4353 1001 4409 moles
1017 4352 1405 4408 etconsuetudo
1417 4352 1640 4422 peccati,
1664 4353 1715 4407 in
1741 4353 1902 4409 corde
1927 4353 2100 4410 homi-

516 4445 602 4500 nis
627 4445 1035 4516 trausgrcssoris
1057 4444 1215 4500 etiam
1251 4445 1416 4500 sancti
1449 4445 1738 4515 Evangelii,
1761 4455 2098 4517 contempto-

512 4536 591 4592 ris
625 4550 904 4606 poenarum
947 4544 1286 4600 aeternarum,
1333 4535 1521 4591 fremat
1547 4536 1826 4604 Christus,
1861 4537 2097 4608 increpet

513 4642 573 4685 se
600 4627 782 4684 homo.
811 4627 948 4683 Audi
973 4627 1145 4683 adhuc
1171 4647 1184 4683 :
1215 4628 1359 4683 ﬂevit
1378 4628 1643 4696 Christus,
1675 4629 1801 4685 ﬂeat
1825 4645 1884 4686 se
1911 4631 2093 4688 homo.

511 4719 688 4788 Quare
725 4720 866 4776 enim
896 4720 1046 4775 ﬂevit
1069 4719 1340 4788 Christus,
1371 4721 1472 4776 nisi
1515 4723 1636 4792 quia
1666 4723 1795 4779 ﬂere
1826 4723 2095 4780 hominem

511 4811 734 4868 docuit?
763 4812 938 4881 Quare
972 4811 1188 4867 fremuit
1226 4821 1279 4868 et
1316 4813 1546 4869 turbavit
1581 4815 1948 4885 semetipsum,
1994 4817 2095 4872 nisi

511 4902 634 4974 quia
675 4901 809 4958 ﬁdes
851 4901 1084 4958 hominis
1128 4903 1224 4958 sibi
1274 4904 1463 4960 mcrito
1504 4905 1829 4976 displicentis
1866 4906 2094 4964 fremere

509 4994 900 5063 quodammodo
926 4994 1083 5049 debet
1107 4993 1159 5049 in
1185 4997 1522 5052 accusatione
1549 4999 1805 5053 malorum
1833 5015 2053 5070 operum
2074 5043 2092 5070 ,

509 5091 567 5137 ut
594 5083 865 5139 violentia:
889 5084 1178 5154 paenitendi
1208 5086 1363 5141 cedat
1391 5088 1718 5143 consuetudo
1743 5090 2036 5160 peccandi?

580 5172 671 5228 20.
693 5173 763 5228 Et
790 5175 956 5230 dixit:
980 5174 1077 5231 Ubi
1099 5178 1334 5247 posuistis
1348 5179 1496 5233 eum?
1521 5179 1677 5234 Scisti
1704 5179 1826 5252 quia
1851 5190 2092 5239 mortuus

511 5261 600 5326 sit,
630 5271 686 5318 et
710 5263 801 5319 ubi
826 5266 895 5320 sit
914 5266 1151 5337 sepultus
1178 5268 1420 5338 ignoras?
1452 5270 1515 5324 Et
1532 5271 1630 5326 ista
1651 5271 1966 5341 signiﬁcatio
1985 5281 2088 5340 est,

511 5351 632 5420 quia
660 5353 737 5409 sic
762 5355 1027 5424 perditum
1057 5357 1326 5413 hominem
1357 5361 1506 5430 quasi
1551 5361 1721 5416 nescit
1759 5362 1919 5416 Deus.
1971 5363 2086 5418 Non

509 5456 671 5497 ausus
697 5459 816 5500 sum
842 5447 1041 5514 dicere,
1067 5448 1245 5505 Nescit
1277 5468 1290 5505 :
1323 5451 1448 5522 quid
1473 5453 1615 5507 enim
1641 5453 1726 5509 ille
1754 5456 1957 5510 nescit?
1983 5456 2088 5513 Sed

506 5533 658 5604 quasi
687 5537 874 5593 nescit.
900 5537 1056 5596 Unde
1079 5540 1182 5597 hoc
1211 5543 1529 5613 probamus?
1563 5545 1837 5601 Dominum
1862 5546 1981 5602 audi
2004 5547 2088 5603 di—

575 5670 592 5746 :
612 5675 887 5746 triumpis.
914 5680 965 5744 et
983 5676 1108 5746 apud
1133 5677 1394 5746 Alcuinum.
1429 5679 1648 5746 turbatur
1665 5678 1937 5746 inﬁrmitas.

574 5731 858 5796 ’l'articula,
896 5734 956 5798 si,
980 5731 1118 5788 abest
1151 5752 1178 5788 a
1211 5748 1315 5791 Mss.
1342 5741 1611 5805 plerisque.

1466 301 1528 356 ΠΝ
1559 294 1834 356 JOANNIS
1871 291 2334 360 EVANGEUUM,
2373 294 2429 350 S.
2471 293 2836 353 AUGUSTINI

3658 311 3680 365 1
3693 311 3794 368 758

2209 415 2417 499 cturnm
2434 407 2486 464 in
2509 407 2728 499 judicio,
2747 408 2869 466 Non
2885 411 3001 468 novi
3023 403 3110 470 vos
3129 431 3150 482 ;
3169 415 3406 474 discedite
3426 435 3458 476 a
3478 438 3556 478 me
3572 424 3790 499 (ΠαιιΙι.

2206 514 2302 566 vn,
2327 498 2444 571 25).
2493 498 2632 566 Quid
2677 511 2779 570 est,
2813 501 2936 558 Non
2971 505 3089 560 novi
3127 509 3254 564 vos?
3279 510 3394 568 Non
3422 529 3518 571 vos
3559 498 3715 576 video
3741 523 3795 579 in

2207 589 2328 646 luce
2351 605 2491 659 mea,
2521 607 2629 648 non
2651 608 2748 650 vos
2785 593 2944 652 video
2971 597 3026 652 in
3067 598 3155 654 illa
3188 600 3391 670 iustitia
3432 622 3593 677 quam
3643 614 3794 670 novi.

2207 680 2297 737 Sic
2319 691 2376 739 et
2397 683 2483 741 hic
2508 693 2756 755 tanquam
2783 687 3030 745 nesciens
3060 691 3218 748 talem
3240 705 3601 768 peccatorem,
3629 701 3788 772 dixit,

2212 772 2311 828 Ubi
2336 775 2572 845 posuistis
2600 778 2752 831 eum?
2776 777 2920 834 Talis
2945 789 3030 836 est
3055 797 3156 837 vos
3180 783 3274 840 Dei
3294 785 3347 841 in
3377 790 3622 858 paradiso
3647 805 3793 865 post-

2205 880 2428 960 eaquam
2458 867 2620 923 homo
2648 871 2917 940 peccavit,
2943 873 3130 943 Adam,
3161 875 3248 930 ubi
3290 895 3342 934 es
3369 879 3536 951 (Gen.
3568 899 3646 950 ιιι,
3676 885 3794 960 9)?

2206 957 2395 1014 Dicunt
2419 961 2464 1014 ei
2495 977 2514 1015 :
2539 960 2773 1030 Domine,
2792 965 2924 1033 veni,
2947 973 2991 1020 et
3010 967 3139 1022 vide.
3167 968 3303 1038 Quid
3327 981 3442 1039 est,
3469 975 3620 1033 vide?
3637 957 3796 1036 Mise-

2207 1064 2348 1105 rere.
2387 1049 2543 1106 Videt
2571 1053 2715 1108 enim
2743 1053 3019 1124 Dominus,
3063 1059 3276 1128 quando
3305 1062 3605 1120 miseretur.
3634 1067 3795 1127 Unde

2207 1139 2281 1194 illi
2306 1139 2518 1207 dicitur,
2554 1140 2683 1198 Vide
2705 1143 3040 1200 humilitatem
3067 1164 3249 1218 meam,
3276 1160 3324 1206 et
3352 1152 3573 1210 laborem
3593 1174 3760 1214 meum
3777 1203 3796 1231 ,

2207 1241 2255 1287 et
2278 1233 2470 1288 dimitte
2488 1237 2658 1290 omnia
2677 1246 2884 1308 peccata
2902 1255 3013 1294 mea
3040 1238 3209 1312 (Psal.
3233 1258 3362 1299 xnv
3391 1246 3503 1319 l8).

2275 1325 2365 1380 21.
2389 1324 2720 1397 Lacrymatus
2737 1338 2811 1384 est
2831 1330 3003 1386 Iesus.
3027 1331 3278 1389 Dixerunt
3297 1354 3414 1408 ergo
3429 1338 3602 1397 Iudici
3620 1359 3641 1398 :
3661 1342 3796 1402 Ecce

2207 1417 2458 1482 quomodo
2477 1417 2677 1472 amabat
2699 1436 2832 1474 eum.
2857 1420 2995 1489 Quid
3017 1430 3120 1488 est,
3144 1425 3346 1481 amabat
3367 1432 3520 1485 eum?
3539 1431 3659 1488 Non
3683 1437 3797 1491 veni

2205 1519 2382 1560 vocare
2399 1507 2586 1578 justas,
2614 1510 2705 1565 sed
2727 1521 3012 1581 peccatores
3038 1514 3090 1568 in
3110 1517 3450 1585 paenitentiam
3474 1521 3684 1592 (Matth.
3717 1542 3792 1593 ix,

2208 1599 2317 1670 15).
2348 1598 2566 1665 Quidam
2593 1611 2762 1657 autem
2785 1620 2847 1658 ex
2883 1605 3008 1675 ipsis
3031 1607 3266 1663 dixerunt
3296 1625 3316 1662 :
3346 1608 3467 1666 Non
3495 1624 3688 1684 poterat
3713 1620 3797 1673 hic

2204 1689 2290 1759 qui
2316 1691 2512 1759 aperuit
2536 1693 2707 1747 oculos
2732 1694 2872 1759 cteci,
2895 1698 3062 1766 facere
3085 1706 3142 1750 ut
3165 1706 3212 1752 et
3237 1699 3318 1754 hic
3345 1717 3450 1756 non
3474 1718 3752 1762 moreretur
3769 1709 3796 1762 .’

2204 1777 2304 1845 Qui
2329 1779 2496 1835 noluit
2520 1780 2693 1838 facere
2721 1792 2780 1838 ut
2802 1799 2909 1839 non
2941 1795 3260 1855 moreretur,
3292 1790 3408 1860 plus
3437 1802 3521 1850 est
3543 1796 3687 1866 quod
3713 1797 3796 1853 l'a-

2203 1879 2386 1926 cturus
2413 1881 2515 1938 est,
2555 1880 2614 1927 ut
2638 1882 2882 1930 mortuus
2916 1877 3222 1933 suscitetur.

2273 1961 2364 2016 22.
2402 1961 2553 2018 Jesus
2578 1980 2696 2034 ergo
2721 1981 2898 2020 rursus
2927 1969 3146 2037 fremns
3173 1970 3224 2023 in
3254 1964 3536 2041 semetipso,
3567 1977 3701 2034 venit
3726 1980 3798 2034 ad

2203 2064 2596 2109 monumentum.
2627 2055 2842 2112 Fremat
2869 2066 2922 2113 et
2947 2058 3002 2112 in
3027 2067 3095 2126 te,
3120 2061 3166 2116 si
3187 2061 3423 2132 disponis
3444 2067 3795 2126 reviviscere.

2203 2145 2359 2201 Omni
2383 2147 2585 2202 homini
2613 2149 2824 2216 dicitur,
2858 2152 2948 2222 qui
2975 2153 3233 2223 premitur
3259 2157 3487 2226 pessima
3511 2172 3802 2218 consuetu-

2203 2238 2362 2294 dine:
2402 2238 2548 2295 Venit
2589 2241 2657 2295 ad
2683 2253 3078 2298 monimentum.
3104 2244 3235 2300 Erat
3269 2257 3433 2302 autem
3458 2253 3722 2324 spelunca,
3748 2266 3801 2311 et

2204 2328 2334 2401 lapis
2354 2333 2699 2402 superpositus
2725 2342 2834 2388 erat
2859 2335 2922 2388 ei.
2953 2335 3191 2391 Mortuus
3210 2339 3310 2393 sub
3329 2340 3522 2410 lapide,
3545 2359 3669 2400 reus
3693 2348 3800 2402 sub

2201 2421 2339 2491 lege.
2369 2421 2529 2478 Scitis
2567 2422 2710 2478 enim
2741 2425 2863 2493 quia
2904 2426 3013 2480 Lex
3053 2443 3171 2496 quae
3199 2427 3322 2483 data
3365 2440 3446 2485 est
3473 2417 3706 2502 Judtcis,
3739 2436 3798 2491 in

2202 2511 2376 2582 lapide
2405 2513 2603 2584 scripta
2634 2523 2716 2570 est
2748 2515 2941 2586 (Exod.
2969 2532 3115 2584 χχχι,
3147 2517 3258 2591 18).
3289 2521 3486 2578 Omnes
3510 2533 3686 2579 autem
3715 2528 3800 2584 rei

2201 2603 2301 2658 sub
2321 2604 2438 2674 lege
2460 2614 2584 2660 sunt
2609 2624 2622 2660 :
2648 2605 2786 2662 bene
2807 2607 3047 2663 viventes
3068 2625 3190 2664 cum
3222 2612 3339 2683 lege
3362 2625 3503 2669 sunt.
3527 2615 3681 2672 .lusto
3707 2618 3801 2675 lex

2202 2693 2372 2764 posita
2404 2709 2508 2748 non
2541 2703 2624 2750 est
2664 2695 2706 2767 (Ι
2732 2695 2866 2750 Tim.
2896 2713 2934 2764 ι,
2966 2697 3042 2770 9).
3082 2699 3222 2766 Quid
3246 2713 3329 2758 est
3355 2720 3514 2775 ergo,
3541 2706 3801 2777 Lapidem

2201 2789 2484 2839 removete?
2513 2785 2753 2841 Gratiam
2784 2788 3086 2858 praedicata.
3114 2792 3401 2861 Apostolus
3424 2797 3566 2851 enim
3595 2799 3801 2857 Paulus

2202 2875 2502 2930 ministrum
2533 2890 2591 2931 se
2616 2877 2746 2932 dicit
2769 2876 2900 2932 Novi
2926 2879 3273 2945 Testamenti,
3302 2899 3408 2938 non
3436 2886 3643 2955 litterae,
3697 2892 3799 2948 sed

2202 2967 2448 3036 spiritus'
2475 2986 2490 3022 :
2519 2985 2638 3022 nam
2666 2970 2851 3037 littera,
2883 2969 3086 3041 inquit,
3120 2974 3322 3041 occidit,
3349 2979 3555 3047 spiritus
3573 2982 3802 3052 vivi/ient

2203 3056 2270 3127 (ll
2295 3057 2413 3114 Car.
2450 3074 2529 3125 ιιι,
2573 3059 2650 3131 6).
2677 3059 2878 3115 Littera
2911 3062 3182 3129 occidens,
3215 3067 3362 3134 quasi
3392 3069 3525 3138 lapis
3552 3082 3637 3128 est
3668 3090 3800 3142 pre-

2201 3163 2374 3204 mens.
2399 3149 2681 3218 Removete,
2702 3151 2894 3222 inquit,
2914 3151 3157 3223 lapidem.
3180 3155 3470 3215 Removete
3488 3161 3644 3233 Legis
3663 3180 3803 3233 pono

2201 3239 2330 3306 dus;
2360 3240 2580 3310 gratiam
2607 3242 2910 3312 prmdicate.
2953 3244 3015 3299 Si
3054 3247 3185 3299 enim
3211 3247 3331 3302 data
3351 3260 3476 3305 esset
3522 3253 3632 3320 lex,
3679 3272 3804 3326 quae

2201 3341 2367 3400 posset
2395 3332 2666 3401 vivi/icere,
2689 3335 2893 3388 omnino
2913 3353 2975 3389 ex
2996 3336 3129 3407 Lege
3152 3349 3277 3394 esset
3287 3341 3509 3411 justitia.
3543 3346 3652 3400 Sed
3671 3366 3801 3405 con-

2202 3422 2349 3508 clusit
2371 3423 2541 3476 omnia
2569 3421 2840 3492 Scriptura
2863 3425 2954 3480 sub
2981 3439 3206 3497 peccato,
3235 3441 3288 3484 ut
3311 3435 3577 3504 promissio
3602 3455 3666 3493 ex
3690 3441 3805 3508 ﬁde

2201 3507 2329 3606 {esu
2371 3511 2558 3567 Christi
2593 3513 2798 3606 daretur
2823 3516 3138 3573 credentibus
3173 3519 3372 3592 (Galat.
3403 3541 3481 3594 ιιι,
3501 3525 3563 3582 21
3596 3507 3729 3586 ει22
3753 3533 3800 3606 ).

2203 3601 2342 3672 Ergo
2367 3611 2610 3658 removete
2641 3604 2883 3676 lapidem.
3702 3660 3724 3668 ..

2272 3692 2362 3748 25.
2403 3692 2540 3747 Dicit
2568 3695 2613 3748 ei
2639 3694 2867 3764 Martha,
2915 3714 3058 3753 soror
3091 3701 3200 3770 ejus
3225 3703 3314 3772 qui
3334 3714 3561 3762 mortuus
3577 3688 3750 3776 fuerat
3781 3728 3802 3769 :

2202 3784 2438 3853 Domine,
2465 3787 2574 3855 jam
2602 3787 2758 3856 fetet;
2792 3789 3160 3858 quatriduanus
3184 3795 3318 3847 enim
3355 3806 3448 3850 est.
3472 3797 3610 3852 Dicit
3629 3802 3681 3855 ei
3700 3802 3802 3858 Je-

2201 3897 2288 3934 sus
2311 3896 2330 3934 :
2361 3879 2545 3943 Nonne
2565 3881 2672 3935 dixi
2698 3881 2783 3936 tibi
2809 3883 3049 3952 quoniam
3071 3885 3114 3938 si
3141 3887 3434 3955 credideris,
3465 3891 3654 3946 videbis
3673 3896 3800 3965 glo-

2202 3974 2330 4025 riam
2365 3971 2498 4026 Dei?
2519 3971 2654 4040 Quid
2681 3983 2780 4039 est,
2817 3975 3002 4029 videbis
3021 3975 3236 4046 gloriam
3261 3977 3397 4034 Dei?
3431 3979 3560 4048 Quia
3595 3992 3652 4037 et
3695 4001 3802 4055 pus

2203 4070 2403 4117 tentem
2430 4071 2484 4116 et
2520 4063 2926 4133 quatriduanum
2967 4067 3268 4122 resuscitat.
3302 4068 3491 4125 Omnes
3513 4074 3645 4126 enim
3673 4093 3803 4146 pec-

2202 4161 2469 4219 caverunt,
2500 4162 2546 4206 et
2586 4165 2725 4224 egent
2749 4156 2912 4226 gloria
2949 4155 3046 4211 Dei
3073 4157 3251 4228 (Rom.
3291 4175 3368 4227 ιιι,
3409 4161 3502 4232 25)
3529 4180 3542 4216 :
3572 4172 3648 4231 et,
3698 4166 3807 4221 Ubi

2201 4240 2472 4296 abundavit
2517 4255 2773 4314 peccatum
2793 4286 2808 4313 ,
2861 4246 3287 4318 superabundavit
3333 4260 3381 4304 et
3435 4250 3602 4324 gratia
3653 4255 3804 4328 (Id.

2201 4345 2266 4396 v,
2315 4330 2450 4401 20).

2269 4421 2362 4478 24.
2400 4421 2642 4478 Tulerunt
2671 4441 2789 4497 ergo
2817 4426 3057 4498 lapidem.
3085 4427 3238 4484 Iesus
3259 4440 3428 4486 autem
3448 4431 3654 4489 elevatis
3679 4453 3808 4492 sur-

2200 4528 2309 4567 sum
2339 4515 2496 4569 oculis
2514 4556 2530 4583 ,
2555 4515 2722 4571 dixit:
2743 4515 2918 4586 Pater,
2946 4519 3137 4590 gratias
3151 4537 3255 4592 ago
3275 4521 3384 4587 tibi,
3429 4526 3677 4594 quoniam
3699 4545 3810 4583 au-

2201 4603 2319 4658 disti
2343 4620 2422 4658 me
2440 4621 2461 4660 :
2481 4622 2570 4676 ego
2599 4616 2766 4661 autem
2787 4609 3004 4664 sciebam
3031 4611 3149 4680 quia
3178 4627 3373 4684 semper
3390 4630 3470 4668 me
3490 4615 3681 4683 audis;
3705 4621 3810 4674 sed

2201 4705 2406 4766 propter
2425 4697 2668 4768 populum
2690 4699 2776 4769 qui
2801 4700 3111 4767 circumstat,
3139 4702 3265 4770 dixi,
3291 4712 3344 4758 ut
3371 4705 3577 4760 credant
3596 4709 3726 4776 quia
3747 4719 3810 4765 tu

2199 4802 2280 4840 me
2316 4788 2516 4844 misisti.
2563 4789 2691 4844 Htec
2718 4806 2831 4844 cum
2871 4791 3115 4860 dixisset,
3154 4810 3339 4865 magna
3374 4812 3490 4870 voce
3529 4798 3806 4857 clamavit.

2198 4875 2457 4947 Fremuit,
2480 4880 2815 4952 lacrymavit,
2843 4896 2974 4937 voce
2991 4897 3177 4954 magna
3200 4883 3466 4940 clamavit.
3495 4887 3666 4954 Quam
3691 4891 3812 4946 dif-

2199 4969 2338 5026 ﬁcile
2365 4973 2551 5042 surgit,
2573 4989 2732 5043 quem
2760 4975 2928 5030 moles
2956 4975 3111 5031 malae
3137 4978 3536 5034 consuetudinis
3564 4986 3806 5051 premit!

2198 5059 2302 5115 Sed
2342 5070 2517 5118 tamen
2557 5065 2727 5136 surgit
2761 5083 2776 5119 :
2818 5067 3025 5122 occulta
3071 5071 3241 5138 gratia
3280 5071 3422 5126 intus
3455 5073 3809 5145 viviﬁcatur;

2196 5152 2365 5222 surgit
2390 5161 2509 5222 post
2549 5169 2736 5211 vocem
2768 5172 3032 5228 magnam.
3075 5159 3213 5226 Quid
3251 5170 3334 5217 est
3375 5163 3608 5220 factum?
3659 5164 3814 5224 Voce

2197 5259 2383 5315 magna
2407 5244 2644 5299 clamavit
2673 5261 2693 5300 :
2718 5246 2932 5318 Lazare,
2962 5251 3068 5303 veni
3102 5254 3261 5322 foras.
3283 5251 3355 5307 Et
3393 5255 3564 5310 statim
3597 5261 3814 5326 prodiit

2195 5337 2282 5406 qui
2310 5339 2476 5409 fuerat
2501 5349 2748 5406 mortuus,
2777 5341 2963 5412 ligatus
2991 5359 3172 5399 manus
3195 5355 3241 5399 et
3265 5346 3416 5417 pedes
3441 5349 3626 5403 institis
3648 5353 3670 5383 ²
3699 5368 3727 5416 ;
3759 5364 3814 5408 ct

2195 5425 2353 5496 facies
2377 5428 2515 5484 illius
2539 5430 2746 5485 sudario
2778 5443 2885 5487 erat
2915 5432 3090 5505 ligata.
3119 5437 3398 5503 Quomodo
3425 5443 3699 5509 processit
3733 5445 3811 5500 li-

2257 5563 2275 5634 ξ
2305 5563 2446 5637 fditi,
2477 5563 2770 5637 non-littera,
2795 5567 2882 5637 sed
2903 5567 3094 5632 spiritu.
3120 5577 3173 5621 At
3207 5579 3334 5632 Mss.,
3353 5586 3445 5624 non
3465 5571 3657 5636 littere,
3708 5579 3814 5630 sed

2193 5629 2416 5737 $22131}
2419 5629 2651 5737 genitivo
2665 5641 2798 5686 casu,
2832 5629 2968 5692 juxta
2991 5645 3220 5696 graccwn,
3255 5629 3654 5700 ou'granmuttos,
3693 5629 3814 5693 alii

2195 5698 2487 5747 pnettmtttos.

2260 5750 2279 5778 ³
2304 5749 2445 5799 Abest
2471 5762 2496 5798 a
2516 5756 2645 5813 Mss,
2678 5750 2864 5804 institis.
