4102 6482
279 318 412 377 I757

277 431 412 504 gatis
452 426 678 499 pedibus
719 421 961 487 miraris,
1000 428 1054 474 et
1081 432 1185 473 non
1211 416 1423 471 miraris
1465 431 1589 485 quia
1626 414 1858 469 surrexit

277 517 700 594 quatriduanus?
728 515 784 571 In
811 522 1037 582 utroque
1074 506 1304 580 potentia
1335 507 1542 561 Domini
1584 513 1717 570 erat,
1749 520 1856 558 non

276 614 416 668 vires
464 610 680 667 mortui.
712 604 1005 667 Processit,
1033 612 1089 657 et
1122 600 1293 655 adhuc
1320 600 1509 669 ligatus
1538 605 1620 652 est
1644 614 1657 649 :
1683 595 1858 650 adhuc

276 703 567 767 involutus,
591 708 768 755 tamen
790 697 896 768 jam
922 694 1061 750 foras
1082 691 1359 763 processit.
1386 688 1524 757 Quid
1551 684 1853 758 signiﬁcat?

273 794 498 863 Quando
524 790 842 855 contemnis,
875 785 1309 854 mortuusjaees;
1340 791 1393 837 et
1412 782 1455 836 si
1488 789 1627 835 tanta
1656 788 1851 850 quanta

273 885 381 940 dixi
434 882 732 939 contemnis
752 921 767 946 ,
815 877 1054 948 sepultus
1091 875 1236 945 jaces
1264 892 1279 929 :
1307 870 1520 943 quando
1546 871 1815 927 conﬁteris
1837 912 1853 938 ,

271 974 540 1047 procedis.
584 970 719 1040 Quid
763 976 845 1023 est
879 967 1019 1023 enim
1058 963 1372 1035 procedere,
1403 962 1503 1017 nisi
1541 962 1609 1017 ab
1632 961 1855 1016 occultis

272 1066 415 1120 velut
445 1061 692 1119 exeundo
722 1056 1083 1115 manifestari?
1112 1053 1216 1111 Sed
1260 1064 1317 1107 ut
1349 1051 1649 1107 conﬁtearis
1668 1093 1683 1119 ,
1716 1050 1858 1105 Deus

270 1156 397 1209 facit
424 1167 618 1221 magna
647 1166 777 1206 voce
803 1147 1100 1211 clamando,
1127 1145 1176 1199 id
1205 1152 1313 1210 est,
1354 1158 1541 1213 magna
1568 1142 1734 1213 gratia
1763 1157 1858 1196 vo-

271 1245 463 1300 cando.
485 1243 611 1299 Ideo
640 1258 759 1296 cum
788 1238 1137 1311 processisset
1174 1244 1414 1290 mortuus
1437 1233 1607 1288 adhuc
1632 1233 1820 1303 ligatus
1838 1275 1853 1299 ,

271 1338 537 1394 eonﬁtens
568 1346 623 1391 et
659 1334 831 1390 adhuc
858 1347 1009 1395 reus;
1035 1339 1091 1389 ut
1116 1329 1449 1385 solverentur
1480 1334 1693 1397 peccata
1719 1325 1855 1395 ejus,

272 1428 536 1484 ministris
563 1426 666 1481 hoc
690 1425 823 1480 dixit
870 1422 1124 1477 Dominus
1156 1439 1169 1477 :
1200 1419 1390 1475 Solvite
1417 1418 1598 1481 illum,
1630 1425 1676 1470 et
1712 1417 1859 1471 sinite

270 1522 428 1575 abire.
449 1519 587 1587 Quid
616 1528 717 1585 est,
750 1516 961 1582 Solvite,
982 1524 1028 1569 et
1051 1513 1198 1567 sinite
1235 1510 1412 1565 abire?
1436 1511 1565 1576 Quae
1594 1508 1859 1563 solveritis

270 1614 320 1665 in
348 1620 513 1672 terra,
546 1608 716 1663 soluta
736 1613 892 1662 erunt
919 1614 971 1660 et
995 1606 1046 1657 in
1078 1603 1213 1657 coelo
1239 1599 1448 1676 (Matth.
1475 1617 1582 1665 xvi,
1616 1600 1729 1667 19).

337 1703 433 1757 25.
476 1700 635 1755 Multi
657 1716 775 1770 ergo
802 1714 863 1752 ea:
884 1695 1080 1750 Iudaeis
1108 1694 1194 1764 qui
1222 1701 1456 1746 venerant
1475 1693 1541 1745 ad
1571 1689 1788 1743 Mariam
1810 1698 1857 1743 et

270 1797 498 1850 viderant
527 1810 640 1864 qua:
664 1792 778 1862 fecit
814 1791 966 1845 Iesus
985 1832 999 1856 ,
1043 1788 1357 1842 crediderunt
1393 1788 1445 1840 in
1474 1803 1585 1841 eum
1611 1802 1629 1840 :
1652 1784 1859 1854 quidam

271 1898 441 1941 autem
468 1903 531 1940 ea:
558 1885 681 1955 ipsis
720 1882 947 1936 abierunt
976 1880 1043 1933 ad
1066 1879 1358 1932 Pharisaros
1378 1920 1393 1945 ,
1423 1888 1466 1930 et
1505 1877 1740 1931 dixerunt
1787 1877 1857 1930 eis

270 1993 381 2049 quia
408 1978 528 2048 fecit
569 1975 738 2029 Iesus.
769 1973 883 2028 Non
915 1986 1101 2025 omnes
1130 1984 1191 2026 ex
1245 1968 1441 2022 Judmis
1468 1968 1556 2038 qui
1596 1983 1860 2021 convene-

272 2082 391 2125 rant
444 2067 514 2122 ad
566 2067 824 2131 Mariam,
877 2061 1248 2125 crediderunt,
1303 2058 1397 2113 sed
1453 2068 1627 2111 tamen
1686 2057 1857 2109 multi.

275 2160 498 2225 Quidam
526 2174 639 2211 vero
665 2173 725 2209 ex
746 2156 814 2208 eis
834 2194 848 2219 ,
877 2154 990 2208 sive
1024 2167 1092 2205 ex
1124 2148 1319 2205 Iudaeis
1349 2148 1436 2217 qui
1463 2153 1820 2201 convenerant
1843 2186 1857 2210 ,

273 2253 391 2306 sive
421 2266 490 2305 ex
520 2250 599 2306 eis
624 2248 713 2318 qui
746 2246 1117 2311 crediderant,
1146 2242 1370 2295 abierunt
1391 2240 1457 2292 ad
1479 2238 1787 2303 Pharisazos,
1814 2246 1861 2291 et

274 2344 511 2396 dixerunt
542 2341 610 2393 eis
638 2354 748 2408 qua:
772 2336 889 2408 fecit
914 2334 1064 2389 Iesus
1095 2350 1113 2388 :
1160 2333 1272 2388 sive
1296 2330 1685 2394 annuntiando,
1717 2338 1775 2382 ut
1808 2338 1862 2383 et

274 2434 376 2503 ipsi
418 2431 731 2494 crederent;
772 2429 884 2483 sive
924 2426 1098 2496 potius
1143 2422 1447 2494 prodendo,
1492 2429 1550 2475 ut
1591 2420 1861 2474 saevirent.

273 2525 378 2582 Sed
407 2522 807 2595 quomodolibet
829 2528 883 2575 et
905 2535 935 2573 a
967 2516 1325 2590 quibuslibet,
1355 2513 1422 2569 ad
1447 2513 1742 2569 Phariszeos
1766 2514 1862 2567 ista

275 2618 482 2687 perlata
508 2622 650 2668 sunt.

345 2709 439 2763 26.
479 2706 797 2776 Collegerunt
824 2703 1083 2774 pontifices
1125 2709 1169 2754 et
1200 2697 1449 2751 Phariswi
1488 2697 1754 2751 concilium
1778 2737 1792 2761 ,
1816 2706 1865 2750 et

275 2799 509 2854 dicebant
535 2813 551 2851 :
578 2796 713 2862 Quid
740 2794 997 2865 facimus?
1022 2791 1131 2848 Nec
1156 2800 1330 2844 tamen
1358 2787 1636 2854 dicebant,
1670 2787 1865 2843 Creda-

277 2906 418 2946 mus.
448 2890 577 2945 Plns
605 2886 746 2943 enim
774 2884 961 2955 perditi
992 2883 1235 2937 homines
1263 2880 1565 2950 cogitabant
1598 2879 1862 2949 quomodo

279 2991 542 3039 nocerent
569 2990 624 3035 ut
662 2978 976 3050 perderent,
1009 2990 1167 3046 quam
1196 2972 1462 3043 quomodo
1488 2971 1590 3026 sibi
1615 2971 1861 3027 consule»

280 3086 404 3132 rent
428 3090 497 3130 ne
523 3074 792 3143 perirent:
824 3078 877 3125 et
905 3079 1079 3123 tamen
1110 3067 1396 3131 timebant,
1430 3073 1483 3121 et
1502 3065 1651 3135 quasi
1674 3080 1865 3120 consu-

280 3168 483 3224 lebant.
514 3163 758 3217 Dicebant
798 3161 939 3215 enim
964 3178 977 3213 :
1012 3158 1144 3223 Quid
1173 3158 1427 3227 facimus?
1458 3155 1590 3222 Quia
1617 3156 1697 3209 hic
1716 3156 1866 3209 homo

282 3261 444 3314 multa
472 3260 619 3330 signa
644 3259 761 3329 facit
786 3272 804 3309 .'
831 3256 876 3310 si
895 3254 1191 3307 dimittimus
1211 3268 1323 3305 eum
1348 3252 1441 3317 sic,
1471 3265 1640 3304 omnes
1668 3250 1867 3303 credent

281 3355 331 3407 in
361 3369 518 3418 eum;
550 3359 594 3404 et
624 3348 813 3403 venient
876 3344 1121 3411 Romani,
1149 3353 1193 3396 et
1238 3341 1410 3396 tollent
1443 3349 1666 3395 nostrum
1703 3340 1870 3394 locum

283 3455 327 3497 et
353 3452 575 3512 gentem.
620 3436 950 3507 'l‘emporalia
999 3433 1221 3504 perdere
1261 3433 1586 3498 timuerunt,
1627 3439 1680 3485 et
1709 3431 1869 3483 vitam

284 3544 543 3589 teternam
584 3546 689 3584 non
726 3529 1123 3599 Cogitavcrunt;
1152 3539 1217 3577 ac
1245 3524 1321 3578 sic
1351 3532 1630 3591 utrumque
1677 3522 1871 3575 amise-

285 3632 432 3680 runt.
461 3623 594 3678 Nam
618 3631 671 3675 et
697 3618 922 3673 Romani
947 3626 1063 3686 post
1089 3614 1295 3669 Domini
1319 3614 1619 3685 passionem
1646 3622 1698 3667 et
1715 3613 1873 3683 glori-

290 3715 595 3770 ﬁcationem
616 3752 632 3779 ,
664 3709 900 3767 tulerunt
937 3708 1017 3762 eis
1054 3714 1108 3761 et
1134 3705 1308 3758 loettm
1340 3713 1392 3758 et
1420 3715 1630 3773 gentem
1655 3743 1669 3769 ,
1706 3718 1873 3771 expu—

290 3806 505 3877 gnando
534 3814 587 3860 et
634 3800 999 3858 transferendo
1033 3815 1047 3853 :
1088 3807 1142 3853 et
1179 3795 1305 3851 illud
1335 3812 1427 3850 eos
1455 3795 1693 3865 sequitur
1733 3795 1873 3864 quod

293 3900 419 3955 alibi
442 3898 642 3953 dictum
672 3902 783 3958 est,
823 3892 942 3946 Filii
970 3900 1137 3944 autem
1164 3890 1304 3959 regni
1330 3888 1479 3957 hujus
1504 3886 1642 3939 ibunt
1666 3888 1718 3939 in
1743 3894 1877 3939 tene-

294 3993 410 4046 bras
452 3989 720 4046 exteriores
751 3984 858 4057 (Id.
888 4000 978 4039 thl
999 4026 1014 4050 ,
1040 3980 1149 4057 12).
1178 3982 1291 4036 Hoc
1331 3988 1506 4035 autem
1549 3980 1874 4046 timuerunt,

295 4099 362 4139 ne
389 4083 437 4137 si
466 4095 653 4136 omnes
680 4080 730 4133 in
759 4076 1027 4132 Christum
1056 4074 1366 4137 crederent,
1397 4086 1553 4127 nemo
1579 4079 1878 4126 remaneret

297 4175 385 4242 qui
407 4171 664 4227 adversus
692 4169 957 4223 Romanos
980 4165 1245 4219 civitatem
1278 4162 1368 4216 Dei
1404 4161 1761 4230 templumque
1787 4159 1881 4214 de-

301 4264 587 4324 fenderet;
615 4258 862 4330 quoniam
891 4264 1075 4311 contra
1102 4254 1270 4323 ipsum
1300 4252 1551 4321 templum
1575 4293 1588 4315 ,
1617 4260 1669 4306 et
1695 4260 1878 4306 contra

298 4372 422 4411 suas
448 4364 696 4425 paternas
716 4351 859 4421 leges
882 4347 1176 4403 doctrinam
1199 4344 1391 4398 Christi
1417 4358 1536 4399 esse
1561 4343 1878 4399 sentiebant.

367 4448 458 4500 27.
504 4443 551 4500 U
556 4460 648 4497 nus
676 4452 842 4495 autem
867 4456 929 4493 ea:
954 4438 1077 4507 ipsis
1096 4435 1315 4503 Caiphas
1336 4476 1349 4499 ,
1372 4450 1486 4487 cum
1508 4444 1629 4489 esset
1659 4435 1885 4504 pontifex

301 4539 423 4592 anni
445 4537 617 4602 illius,
649 4534 775 4588 dixit
800 4533 909 4587 eis:
949 4529 1048 4583 Vos
1075 4528 1271 4583 nescitis
1300 4526 1600 4597 quidquam,
1633 4542 1720 4580 nec
1748 4527 1876 4596 cogi-

305 4630 419 4682 tatis
442 4628 565 4696 quia
606 4623 805 4694 expedit
841 4620 980 4675 nobis
1006 4620 1023 4651 ¹
1054 4629 1107 4671 ut
1144 4635 1274 4671 unus
1312 4617 1555 4670 moriatur
1600 4616 1746 4669 homo
1792 4633 1883 4687 pro

304 4719 515 4789 populo,
548 4723 594 4770 et
623 4732 724 4769 non
750 4723 852 4768 tota
880 4728 999 4783 gens
1029 4718 1213 4781 pereat.
1246 4708 1355 4762 Hoc
1380 4717 1543 4761 autem
1570 4725 1601 4761 a
1624 4709 1884 4779 semetipso

305 4827 403 4863 non
429 4808 593 4871 dixit,
625 4805 713 4860 sed
749 4820 864 4857 cum
897 4810 1021 4856 esset
1047 4801 1273 4872 pontifex
1310 4800 1429 4851 anni
1458 4799 1625 4863 illius,
1666 4800 1885 4868 prophe-

308 4903 445 4954 tavit.
470 4900 567 4954 llic
589 4899 840 4951 docemur
860 4895 1017 4949 etiam
1036 4909 1129 4962 per
1149 4892 1387 4947 homines
1409 4891 1576 4945 malos
1599 4890 1888 4960 prophetia:

309 4992 561 5061 Spiritum
593 4988 767 5042 futura
798 4986 1084 5055 praedicere
1112 5002 1125 5037 :
1164 4983 1302 5052 quod
1344 4992 1518 5036 tamen
1549 4981 1887 5050 Evangelista

310 5082 485 5135 divino
518 5077 701 5134 tribuit
728 5085 1091 5141 sacramento,
1121 5072 1240 5143 quia
1269 5072 1505 5142 pontifex
1539 5071 1665 5138 fuit,
1695 5069 1747 5123 id
1772 5078 1851 5124 est
1871 5110 1886 5135 ,

312 5186 549 5228 summus
596 5168 864 5224 sacerdos.
909 5167 1089 5221 Potest
1133 5174 1310 5219 autem
1367 5177 1582 5216 movere
1623 5160 1891 5231 quomodo

312 5264 517 5317 dicatur
549 5259 787 5331 pontifex
816 5257 940 5311 anni
978 5258 1115 5310 illius
1136 5298 1148 5320 ,
1178 5270 1297 5310 cum
1330 5254 1469 5308 Deus
1504 5267 1663 5306 unum
1690 5252 1893 5306 consti-

315 5352 472 5409 tuerit
498 5367 767 5409 summum
798 5349 1127 5405 sacerdotem
1148 5389 1163 5415 ,
1197 5347 1279 5402 cui
1310 5355 1517 5400 mortuo
1545 5361 1680 5399 unus
1705 5360 1892 5400 succe-

315 5446 481 5499 deret.
510 5443 615 5499 Sed
649 5440 1048 5511 intelligendum
1074 5448 1185 5504 est,
1212 5453 1305 5507 per
1330 5434 1647 5491 ambitiones
1675 5443 1728 5489 et
1767 5449 1898 5490 con-

318 5540 580 5592 tentiones
612 5535 755 5589 inter
795 5532 1008 5588 JUdll‘OS
1040 5538 1219 5600 postea
1249 5529 1595 5585 constitutum
1635 5534 1689 5580 nt
1718 5526 1896 5595 plures

320 5635 529 5693 essent,
562 5632 620 5680 et
663 5639 758 5694 per
797 5636 964 5676 annos
1001 5619 1233 5689 singulos
1271 5618 1471 5672 vicibus
1511 5617 1893 5671 ministrarent.

390 5739 405 5769 ι
428 5738 573 5799 aditi,
595 5734 736 5788 vobis.
896 5748 1033 5796 vero,
1054 5730 1187 5784 nobis
1201 5744 1218 5795 ;
1242 5731 1435 5783 favente
1458 5743 1637 5795 graeco,
1660 5726 1803 5780 dmin.

1332 298 1737 359 ruacrarus
1774 298 1835 354 ι.
1870 281 2068 355 Carr.
2109 298 2179 355 χι
2222 299 2310 356 ET
2350 298 2463 356 xn.

3402 300 3540 358 1758

1967 412 2098 468 Nam
2142 414 2284 468 etde
2321 414 2570 469 Zacliarla
2603 411 2701 468 hoc
2735 411 2962 467 dicitur:
2999 412 3207 467 Factum
3242 423 3311 469 est
3335 424 3538 481 autem,

1964 521 2077 558 cum
2125 505 2403 559 sacerdotio
2448 509 2739 575 fungeretur
2786 504 2838 557 in
2887 503 3062 558 ordine
3107 505 3226 560 vicis
3268 520 3376 559 sua:
3426 507 3571 559 ante

1964 592 2163 660 Deum,
2197 595 2471 649 secundum
2495 595 2899 649 consuetudinem
2926 596 3225 662 sacerdotii,
3266 606 3400 651 sorte
3421 597 3541 650 exiit

1964 693 2017 737 ut
2070 684 2324 737 incensum
2367 695 2604 753 poneret,
2654 686 2905 756 ingressus
2952 687 3003 740 in
3050 687 3288 756 templum
3332 686 3541 741 Domini

1968 773 2114 845 (Luc.
2145 791 2195 840 ι,
2228 775 2373 846 8,9).
2398 775 2533 831 Hinc
2563 788 2779 847 apparet
2801 779 2975 847 plures
2999 793 3091 833 eos
3112 778 3293 844 fuisse,
3320 790 3374 834 et
3398 779 3544 833 vices

1964 879 2086 921 suas
2129 864 2416 922 habuisse:
2466 883 2586 921 nam
2636 869 2909 924 incensum
2954 885 3058 923 non
3109 869 3298 924 licebat
3344 884 3545 938 ponere

1963 957 2063 1011 nisi
2091 972 2300 1012 summo
2335 957 2593 1011 sacerdoti
2626 958 2819 1028 (Exod.
2851 976 2985 1025 xxx,
3017 960 3092 1029 7).
3121 959 3187 1014 Et
3213 958 3349 1013 forte
3377 963 3537 1014 etiam

1964 1064 2125 1104 unum
2152 1064 2344 1103 annum
2368 1050 2546 1118 plures
2571 1050 3037 1116 administrabant,
3062 1050 3252 1121 quibus
3271 1051 3374 1105 alio
3398 1065 3541 1105 anno

1962 1142 2050 1197 alii
2073 1142 2458 1210 succedebant,
2491 1158 2554 1198 ex
2587 1143 2778 1212 quibus
2820 1153 2962 1198 sorte
2998 1144 3176 1199 exibat
3195 1145 3338 1213 quis,
3370 1152 3426 1199 ut
3454 1145 3541 1199 in-

1963 1249 2178 1288 censum
2227 1243 2465 1303 poneret.
2514 1234 2648 1299 Quid
2699 1243 2781 1288 est
2834 1250 2961 1304 ergo
3012 1233 3152 1305 quod
3208 1234 3543 1303 prophetavit

1962 1323 2233 1394 Caiphas?
2262 1324 2393 1389 Quia
2420 1323 2568 1377 Iesus
2599 1326 2868 1377 moriturus
2895 1334 2999 1377 erat
3027 1342 3117 1394 pro
3153 1334 3329 1395 gente;
3358 1334 3404 1379 et
3438 1341 3541 1378 non

1964 1423 2158 1467 tantum
2184 1431 2274 1484 pro
2310 1423 2480 1484 gente,
2510 1413 2598 1467 sed
2626 1421 2678 1467 ut
2716 1415 2848 1482 ﬁlios
2874 1412 2972 1467 Dei
2994 1414 3079 1483 qui
3107 1424 3248 1467 erant
3285 1413 3535 1483 dispersi,

1962 1514 2282 1574 congregaret
2314 1506 2366 1558 in
2394 1522 2569 1557 unum.
2616 1504 2728 1558 Hoc
2762 1503 3095 1573 Evangelista
3136 1504 3371 1558 addidit:
3417 1519 3542 1559 nam

1962 1596 2189 1666 Caiplias
2216 1596 2283 1651 de
2312 1597 2422 1650 sola
2447 1604 2604 1665 gente
2632 1595 2933 1651 Iudaeorum
2964 1593 3294 1663 prophetavit
3313 1636 3328 1661 ,
3357 1594 3407 1647 in
3436 1609 3541 1663 qua

1963 1700 2116 1743 erant
2151 1704 2279 1743 oves
2319 1687 2385 1743 de
2446 1687 2635 1757 quibus
2673 1686 2747 1740 ait
2794 1686 2906 1756 ipse
2947 1686 3230 1749 Dominus,
3264 1684 3384 1739 Non
3430 1701 3543 1738 sum

1963 1780 2143 1834 missus
2170 1779 2264 1832 nisi
2292 1778 2359 1831 ad
2382 1795 2492 1833 oves
2515 1794 2627 1848 qua:
2656 1778 2905 1849 perierunt
2936 1778 3112 1831 domus
3140 1776 3301 1829 Israel
3326 1775 3537 1845 (Matth.

1962 1888 2053 1937 xv,
2084 1870 2199 1940 2i).
2222 1869 2325 1924 Sed
2349 1878 2569 1924 noverat
2595 1870 2924 1937 Evangelista
2948 1883 3069 1924 esse
3096 1869 3226 1921 alias
3246 1883 3392 1933 oves,
3421 1882 3543 1937 qua:

1965 1978 2070 2017 non
2109 1971 2260 2017 erant
2300 1961 2367 2016 de
2402 1962 2504 2016 hoc
2542 1962 2700 2027 ovili,
2733 1976 2864 2031 quas
2901 1960 3179 2029 Oportebat
3217 1958 3440 2024 adduci,
3487 1965 3546 2012 ut

1965 2061 2104 2107 esset
2129 2068 2289 2106 unum
2327 2052 2465 2106 ovile
2491 2060 2544 2106 et
2573 2066 2708 2105 unus
2754 2062 2933 2120 pastor
2958 2049 3136 2121 (Joan.
3165 2066 3194 2101 x
3215 2090 3228 2115 ,
3261 2049 3371 2118 i6).
3417 2048 3542 2102 [lere

1965 2151 2139 2196 autem
2169 2142 2458 2197 secundum
2496 2141 3012 2212 praedestinationem
3051 2139 3190 2194 dicta
3234 2150 3356 2195 sunt
3381 2156 3393 2192 :
3422 2154 3545 2192 nam

1967 2248 2139 2302 neque
2169 2247 2294 2287 oves
2322 2233 2435 2301 ejus
2454 2274 2470 2299 ,
2515 2248 2614 2287 nec
2640 2231 2729 2285 lilii
2761 2232 2853 2286 Dei
2877 2232 3051 2286 adhuc
3074 2238 3263 2298 erant,
3292 2229 3381 2300 qui
3406 2244 3545 2284 non-

1967 2323 2091 2379 dum
2132 2325 2486 2380 crediderant.

2037 2418 2129 2474 28.
2166 2418 2242 2472 Ab
2266 2419 2355 2472 illo
2376 2434 2494 2488 ergo
2516 2417 2595 2470 die
2616 2417 2951 2487 cogitaverunt
2977 2423 3030 2468 ut
3056 2414 3387 2482 interficerent
3413 2428 3548 2466 eum.

1966 2508 2116 2563 Iesus
2142 2526 2259 2579 ergo
2275 2511 2388 2581 jam
2414 2526 2512 2562 non
2539 2508 2711 2579 palam
2730 2506 3016 2560 ambulabat
3046 2506 3182 2575 apud
3205 2503 3436 2569 Iudazos,
3460 2502 3548 2557 sed

1968 2599 2088 2654 abiit
2115 2602 2168 2654 in
2196 2600 2446 2670 regionem
2463 2600 2615 2671 juxta
2643 2599 2925 2663 desertum,
2953 2596 3004 2649 in
3042 2582 3287 2649 civitatem
3315 2609 3428 2664 qua:
3467 2593 3551 2645 di-

1969 2691 2099 2743 citur
2145 2689 2406 2760 Ephrem,
2448 2699 2492 2743 et
2535 2688 2603 2742 ibi
2650 2686 2937 2741 morabatur
2973 2702 3087 2739 cum
3125 2684 3384 2754 discipulis
3422 2683 3549 2736 suis.

1966 2779 2084 2835 Non
2111 2781 2229 2849 quia
2252 2780 2485 2849 potentia
2511 2780 2625 2847 ejus
2650 2777 2947 2842 defecerat,
2972 2777 3025 2830 in
3046 2790 3146 2846 qna
3170 2775 3348 2843 utique
3367 2774 3410 2827 si
3438 2774 3553 2828 vel-

1969 2871 2075 2933 let,
2108 2878 2162 2925 et
2192 2870 2364 2940 palam
2388 2869 2587 2924 Iudaeis
2614 2875 3021 2922 conversaretitr
3043 2908 3058 2933 ,
3086 2875 3140 2919 et
3167 2864 3299 2919 nihil
3327 2864 3373 2918 ei
3404 2862 3549 2917 face-

1970 2973 2126 3028 rent;
2155 2963 2247 3018 sed
2280 2963 2332 3016 in
2380 2960 2608 3015 hominis
2649 2958 2953 3012 infirmitate
2990 2955 3199 3012 vivendi
3246 2955 3549 3025 exemplum

1971 3052 2245 3122 discipulis
2283 3051 2706 3115 demonstrabat,
2740 3049 2792 3101 in
2829 3063 2935 3117 quo
2979 3054 3255 3116 appareret
3292 3061 3396 3098 non
3431 3059 3552 3098 esse

1974 3154 2268 3212 peccatum,
2295 3142 2337 3196 si
2364 3140 2550 3195 ﬁdeles
2575 3140 2688 3209 ejus
2709 3139 2797 3208 qui
2819 3146 2941 3191 sunt
2968 3135 3204 3191 membra
3227 3134 3359 3204 ejus,
3385 3134 3554 3189 oculis

1976 3233 2402 3302 persequentium
2432 3245 2491 3284 se
2519 3228 2893 3283 snbtraherent
2912 3268 2927 3293 ,
2961 3235 3014 3280 et
3059 3225 3288 3278 furorem
3319 3224 3554 3277 scelera-

1976 3341 2147 3384 torum
2182 3324 2394 3379 latendo
2425 3322 2597 3392 potius
2624 3320 2956 3388 devitarent,
2996 3331 3153 3386 quam
3183 3330 3242 3371 se
3279 3312 3553 3370 oll‘erendo

1976 3418 2142 3490 magis
2171 3414 2543 3472 accenderent.

2517 3542 2928 3601 TRACTATUS
2957 3542 3020 3597 L.

1978 3670 2052 3722 Ab
2078 3684 2134 3721 eo
2161 3665 2290 3729 loco,
2323 3663 2628 3717 Proximum
2662 3667 2777 3713 erat
2807 3655 3006 3711 Pascha
3037 3652 3374 3717 Jndzeorum;
3405 3665 3562 3718 usque

2049 3760 2115 3812 ad
2141 3758 2214 3823 id,
2246 3755 2393 3810 Mulli
2427 3761 2641 3823 propter
2668 3751 2814 3804 illum
2841 3746 3089 3806 abibant,
3119 3753 3171 3799 et
3200 3742 3485 3797 credebant
3507 3742 3559 3793 in

2048 3849 2250 3904 Iesum.
2278 3842 2405 3915 Cap.
2436 3859 2509 3910 xl,
2553 3843 2587 3912 ᾗ
2626 3843 2696 3911 ᾗ.
2728 3840 2815 3902 55,
2840 3838 2928 3899 56,
2959 3846 3004 3889 et
3025 3851 3137 3905 cap.
3170 3849 3265 3901 xn,
3309 3834 3343 3903 Ῡ
3369 3872 3381 3884 .
3409 3832 3559 3886 1-11.

2054 3982 2105 4035 1.
2146 3979 2460 4035 llesternam
2496 3974 2778 4029 lectionem
2810 3970 2977 4025 sancti
3010 3966 3315 4035 Evangelii,
3348 3964 3416 4019 de
3459 3978 3561 4033 qua

1982 4072 2144 4127 locuti
2172 4084 2354 4125 sumus
2378 4066 2519 4137 quod
2549 4064 2798 4118 Dominus
2823 4059 2989 4121 dedit,
3019 4057 3273 4111 hodierna
3302 4054 3561 4123 sequitur,

1982 4162 2049 4217 de
2076 4177 2177 4231 qua
2203 4158 2427 4214 locuturi
2457 4170 2641 4210 sumus
2669 4151 2811 4223 quod
2840 4149 3093 4203 Dominus
3118 4145 3281 4199 dabit.
3310 4142 3563 4209 Quaedam

1986 4253 2037 4306 in
2059 4251 2348 4320 Scripturis
2371 4257 2474 4301 tam
2504 4244 2779 4299 manifesta
2803 4248 2954 4303 sunt,
2984 4246 3038 4291 ut
3062 4237 3237 4307 potius
3265 4234 3564 4288 auditorem

1985 4360 2143 4415 quam
2173 4342 2531 4412 expositorum
2574 4335 2918 4391 desiderent:
2953 4332 3005 4385 in
3035 4331 3112 4384 eis
3155 4344 3250 4383 nos
3294 4327 3567 4381 immorari

1987 4453 2092 4492 non
2135 4442 2375 4505 oportet,
2409 4441 2464 4485 ut
2500 4428 2813 4484 necessariis
2848 4425 2900 4479 in
2950 4423 3140 4494 quibus
3180 4419 3568 4476 immorandum

1988 4540 2068 4585 est
2088 4572 2103 4594 ,
2135 4538 2338 4596 tempus
2370 4524 2612 4578 sufﬁciat.

2058 4618 2111 4672 2.
2156 4616 2449 4669 Proximum
2494 4628 2610 4683 ergo
2652 4618 2759 4663 erat
2804 4605 3005 4659 Pascha
3047 4604 3367 4658 Iudwormn.
3416 4600 3569 4655 Illum

1990 4709 2130 4763 diem
2156 4706 2347 4761 festum
2373 4703 2539 4758 Judaei
2561 4709 2839 4755 cruentum
2866 4697 3062 4751 habere
3084 4695 3289 4750 Domini
3314 4691 3568 4761 sanguine

1993 4802 2289 4857 voluerunt.
2324 4796 2415 4851 Illo
2441 4794 2527 4848 die
2556 4794 2689 4866 [esto
2715 4792 2923 4846 occisus
2952 4798 3034 4844 est
3060 4790 3268 4857 Agnus,
3300 4784 3388 4854 qui
3419 4780 3573 4833 nobis

1994 4893 2238 4949 eumdem
2264 4890 2403 4943 diem
2436 4888 2623 4941 festum
2652 4899 2749 4940 suo
2775 4882 3031 4952 sanguine
3060 4874 3406 4934 consecravit.
3434 4872 3574 4925 Con-

1995 4988 2168 5040 silium
2193 4992 2305 5037 crat
2331 4983 2468 5036 inter
2496 4978 2708 5033 Iudaeos
2736 4977 2803 5031 de
2831 4972 3121 5030 occidendo
3175 4970 3299 5024 Jesn
3325 4984 3337 5018 :
3371 4964 3457 5017 ille
3480 4958 3571 5030 qni

1996 5079 2063 5132 de
2092 5077 2231 5132 cmlo
2273 5080 2490 5127 venerat
2521 5070 2657 5140 pati,
2701 5066 3056 5136 propinquare
3094 5059 3261 5115 voluit
3290 5057 3404 5108 loco
3449 5066 3574 5121 pas-

1997 5170 2197 5235 sionis,
2228 5167 2349 5237 quia
2390 5162 2699 5218 imminebat
2736 5159 2869 5213 hora
2915 5156 3191 5226 passionis.
3236 5145 3578 5203 Ascenderunt

1999 5277 2116 5332 ergo
2162 5258 2305 5311 multi
2346 5254 2714 5323 Jerosolymam
2756 5251 2815 5303 de
2854 5249 3053 5317 regione
3089 5251 3202 5297 ante
3245 5236 3478 5298 Pascha,
3524 5240 3577 5287 ut

2000 5326 2371 5422 sanctiﬁcarent
2409 5347 2616 5417 seipsos.
2654 5344 2765 5397 [loc
2796 5340 3049 5394 faciebant
3081 5332 3247 5390 Judaei
3287 5326 3575 5385 secundum

2002 5419 2322 5517 prmeeptum
2370 5439 2609 5503 Domini,
2661 5450 2755 5505 per
2800 5441 3037 5487 sanctum
3078 5428 3291 5498 Moysen
3338 5423 3389 5476 in
3438 5419 3581 5488 Lege

2004 5533 2345 5596 mandatum,
2383 5538 2441 5584 ut
2485 5528 2571 5582 die
2618 5527 2749 5580 festo
2793 5521 2931 5592 quod
2969 5518 3170 5574 Pascha
3217 5524 3363 5579 erat,
3397 5527 3583 5565 omnes

2006 5624 2238 5693 undique
2266 5618 2628 5678 convenirent,
2652 5623 2705 5667 et
2731 5609 2989 5666 illiusdiei
3015 5608 3370 5664 celebratione
3390 5599 3589 5656 sancti.-

2010 5691 2311 5770 licarentur.
2341 5710 2446 5767 Sed
2470 5708 2559 5762 illa
2582 5702 2869 5760 celebratio
2897 5701 3080 5757 umbra
3109 5706 3221 5756 erat
3245 5695 3424 5753 futuri.
3447 5691 3585 5759 Quin
