4102 6466
525 330 662 395 i759

523 450 639 509 est,
671 440 857 498 umbra
897 441 1094 499 futuri?
1135 439 1417 511 PrOphetia
1459 439 1656 494 Christi
1691 441 1932 504 venturi,
1975 455 2100 510 pro-

523 534 700 606 pbetia
727 549 823 605 pro
849 535 1002 592 nobis
1028 536 1118 590 illo
1147 534 1232 590 die
1259 533 1460 604 passuri
1487 551 1498 586 :
1531 542 1586 587 ut
1611 533 1861 588 transiret
1890 534 2096 599 umbra,

523 633 578 682 et
605 623 696 679 lux
735 626 975 690 veniret;
1023 635 1082 681 ut
1128 625 1374 680 transiret
1415 622 1760 694 signiﬁcatio,
1807 633 1860 679 et
1903 625 2100 678 veritas

523 721 814 771 teneretur.
856 716 1129 772 liabebant
1155 731 1281 787 ergo
1319 715 1484 772 Judaei
1523 715 1724 771 Pascha
1773 717 1826 771 in
1870 716 2055 771 umbra
2079 757 2096 783 ,

523 818 624 860 nos
644 805 695 860 in
722 805 859 862 luce.
887 806 1022 874 Quid
1045 807 1184 861 enim
1205 821 1338 875 Opus
1361 812 1474 860 erat
1499 813 1556 860 ut
1580 806 1658 860 eis
1682 806 1932 860 Dominus
1959 821 2097 875 prm-

523 894 724 964 ciperet
753 911 849 966 per
885 896 1056 966 ipsum
1095 896 1286 950 festum
1326 896 1464 950 diem
1494 911 1645 951 ovem
1681 896 1924 951 occidere
1949 939 1963 962 ,
1996 895 2096 950 nisi

521 987 643 1056 quia
686 988 775 1043 ille
801 997 915 1044 erat
951 988 1017 1043 dc
1045 1003 1149 1058 quo
1175 988 1541 1058 prophetatum
1572 996 1652 1043 est
1674 1029 1689 1052 ,
1724 986 1865 1042 Sicut
1892 988 1992 1041 ovis
2032 987 2100 1040 ad

521 1077 886 1134 immolandum
909 1080 1086 1135 ductus
1113 1089 1184 1134 est
1209 1079 1357 1151 (lsai.
1387 1097 1508 1147 LIII,
1538 1080 1612 1148 7).
1645 1080 1913 1151 Sanguine
1937 1079 2097 1134 occisi

521 1170 731 1239 pecoris
747 1169 1044 1225 Judmorum
1059 1179 1237 1239 postes
1257 1171 1444 1241 signati
1457 1179 1578 1225 sunt
1595 1186 1609 1230 :
1635 1171 1887 1241 sanguine
1901 1167 2096 1225 Christi

520 1260 722 1317 frontes
751 1270 943 1317 nostrm
971 1263 1263 1333 signantur.
1313 1264 1376 1318 Et
1416 1264 1502 1318 illa
1533 1264 1756 1334 signatio
1776 1305 1790 1329 ,
1821 1263 1942 1333 quia
1983 1270 2100 1317 erat

520 1349 832 1420 signiﬁcatio
855 1393 870 1419 ,
902 1353 1037 1408 dicta
1068 1361 1151 1409 est
1178 1369 1206 1407 a
1240 1353 1485 1409 domibus
1522 1355 1742 1423 signatis
1773 1354 2096 1408 extermina-

520 1447 693 1496 torem
723 1441 1005 1512 prohibere
1037 1443 1227 1517 (Exod.
1258 1460 1366 1508 xu,
1393 1444 1483 1511 22,
1508 1443 1600 1516 25)
1632 1462 1643 1498 :
1673 1444 1879 1514 signum
1903 1442 2096 1498 Christi

520 1543 552 1584 a
578 1531 731 1587 nobis
769 1534 978 1604 repellit
1004 1536 1465 1594 exlerminatorem
1485 1578 1499 1602 ,
1531 1536 1574 1590 si
1604 1550 1697 1591 eor
1735 1544 1975 1590 nostrum
2007 1549 2094 1590 re-

522 1621 684 1692 cipiat
710 1623 1057 1682 Salvatorem.
1086 1625 1262 1693 Quare
1287 1626 1386 1682 hoc
1411 1625 1556 1681 dixi?
1583 1625 1715 1694 Quia
1743 1626 1891 1680 multi
1917 1635 2096 1696 postes

519 1710 720 1768 habent
741 1714 1004 1784 signatos,
1035 1725 1087 1771 et
1114 1718 1253 1771 intus
1283 1733 1384 1772 non
1413 1726 1591 1772 manet
1617 1716 1879 1772 habitator
1903 1735 1916 1770 :
1944 1716 2096 1772 facile

520 1799 719 1857 habent
746 1804 797 1859 in
837 1804 1011 1861 fronte
1053 1807 1259 1876 signum
1287 1807 1514 1874 Christi,
1547 1818 1600 1863 et
1625 1808 1784 1862 corde
1823 1823 1927 1863 non
1955 1809 2093 1863 reci-

519 1891 672 1962 piunt
697 1894 917 1950 verbum
937 1896 1157 1952 Christi.
1183 1897 1307 1953 Ideo
1331 1898 1460 1964 dixi,
1488 1901 1700 1966 fratres,
1724 1899 1863 1971 quod
1890 1908 2093 1970 repeto,

521 1981 730 2052 signum
770 1983 960 2038 Christi
1008 2000 1038 2039 a
1081 1987 1232 2042 nobis
1274 1988 1485 2057 repellit
1513 1990 1980 2045 exterminatorem
2005 2032 2020 2057 ,
2051 1992 2096 2046 si

520 2084 616 2126 cor
642 2081 883 2129 nostrum
912 2075 1100 2131 habeat
1121 2077 1386 2132 Christum
1420 2078 1788 2138 habitatorem.
1813 2080 1938 2136 Haec
1963 2081 2092 2150 dixi,

521 2173 591 2215 ne
613 2162 732 2231 quis
765 2161 902 2219 forte
929 2165 1180 2235 cogitaret
1205 2167 1328 2237 quid
1356 2167 1454 2224 sibi
1483 2169 1676 2224 vellent
1710 2170 1804 2224 ista
1837 2171 1968 2225 festa
1998 2171 2094 2226 Ju-

519 2249 776 2306 dacorum.
814 2253 965 2309 Venit
991 2271 1117 2326 ergo
1148 2257 1400 2312 Dominus
1422 2266 1669 2330 tanquam
1696 2260 1762 2315 ad
1792 2261 2056 2324 victimam
2075 2304 2091 2330 ,

518 2349 579 2396 ut
601 2356 781 2397 verum
805 2343 1005 2400 Pascha
1028 2362 1124 2401 nos
1149 2347 1486 2416 haberemus,
1515 2364 1636 2404 cum
1658 2350 1772 2420 ejus
1793 2353 2094 2421 passionem

522 2441 767 2502 tanquam
793 2435 906 2491 ovis
935 2436 1349 2494 immolationem
1375 2439 1782 2496 celebraremus.

589 2524 643 2579 3.
687 2525 987 2591 Quterebant
1019 2545 1136 2600 ergo
1161 2529 1336 2584 Jesum
1365 2546 1384 2585 :
1428 2531 1521 2587 sed
1562 2532 1720 2586 male.
1763 2532 1909 2588 Beati
1952 2534 2094 2589 enim

519 2616 611 2686 qui
640 2626 881 2687 quaerunt
908 2617 1119 2686 Jesum,
1148 2620 1241 2675 sed
1270 2621 1424 2677 bene.
1452 2621 1528 2676 Illi
1555 2623 1859 2694 quaerebant
1887 2623 2090 2690 Jesum,

517 2718 577 2764 ut
623 2725 724 2765 nec
769 2710 869 2780 ipsi
915 2711 1172 2768 haberent
1213 2729 1366 2782 eum,
1397 2731 1495 2770 nec
1537 2730 1672 2772 nos:
1716 2715 1810 2771 sed
1855 2716 1922 2771 ab
1965 2717 2092 2786 ipsis

516 2800 888 2857 abScedentcm
938 2804 1267 2875 suscepimus
1309 2819 1426 2861 nos.
1475 2806 1954 2876 Reprehenduntur
2001 2808 2091 2878 qui

518 2903 762 2962 qumrunt
779 2936 792 2959 ,
823 2895 1100 2949 laudantur
1126 2896 1214 2966 qui
1237 2908 1481 2967 quierunt
1504 2915 1516 2953 :
1548 2899 1756 2953 animus
1780 2899 1920 2954 enim
1947 2916 2091 2970 qua:-

518 2983 687 3040 rentis
714 2993 801 3038 aut
827 2985 1038 3041 laudem
1068 2986 1303 3052 invenit,
1338 2997 1430 3044 aut
1456 2987 1871 3045 damnationem.
1919 2991 2091 3046 [labes

517 3072 659 3128 enim
699 3083 754 3130 et
781 3077 832 3129 in
862 3075 1114 3144 Psalmis,
1143 3075 1528 3148 Confundantur
1556 3090 1602 3134 et
1630 3093 1975 3148 revereantur,
2005 3083 2092 3152 qui

516 3179 747 3234 quierunt
786 3167 1004 3221 animam
1033 3185 1193 3222 meam
1234 3168 1403 3241 (Psal.
1446 3187 1640 3240 xxxix,
1671 3173 1800 3242 15):
1843 3173 1927 3227 isti
1969 3183 2092 3228 sunt

516 3256 607 3327 qui
639 3255 776 3312 male
816 3259 1142 3328 qumrebant.
1191 3261 1311 3316 Alio
1336 3269 1512 3318 autem
1549 3262 1666 3318 loco
1703 3263 1830 3318 dicit
1860 3281 1872 3317 :
1928 3262 2090 3319 Periit

515 3347 640 3417 fuga
667 3364 699 3402 a
723 3365 818 3414 me,
849 3359 895 3404 et
923 3367 1021 3404 non
1043 3361 1114 3406 est
1131 3354 1214 3423 qui
1238 3355 1455 3423 requirat
1483 3356 1703 3410 animant
1727 3373 1888 3411 meam
1915 3356 2084 3426 (Psal.

518 3451 672 3502 cxu,
701 3437 778 3510 5).
800 3438 1094 3510 Culpantur
1116 3443 1202 3513 qui
1225 3445 1550 3514 quarrehant,
1575 3448 1854 3517 culpantur
1871 3449 1958 3520 qui
1983 3465 2085 3505 non

517 3530 845 3600 qumrebant.
876 3532 1016 3602 Ergo
1049 3549 1352 3602 quaaramus
1377 3535 1642 3592 Christum
1675 3547 1731 3594 ut
1755 3539 2084 3603 habeamus;

516 3636 816 3693 quaeramus
840 3632 898 3680 ut
923 3633 1196 3684 teneamus
1213 3669 1228 3695 ,
1255 3628 1350 3684 sed
1374 3645 1480 3685 non
1507 3639 1564 3686 ut
1589 3631 1928 3688 occidamus:
1963 3648 2084 3687 nam

516 3723 570 3769 et
595 3713 668 3770 illi
696 3714 815 3770 ideo
841 3717 1146 3786 quaerebant
1172 3719 1189 3750 ί
1218 3727 1277 3774 ut
1314 3728 1588 3787 tenerent,
1620 3721 1713 3777 sed
1747 3731 1803 3777 ut
1846 3724 1951 3778 cito
1980 3741 2084 3779 non

513 3804 790 3862 haberent.
839 3807 1138 3873 Quaerebam
1172 3827 1324 3882 ergo,
1369 3821 1418 3867 et
1458 3813 1785 3884 loquebantur
1821 3817 1948 3871 inter
1991 3833 2044 3872 se
2067 3833 2086 3872 :

517 3894 656 3960 Quid
685 3898 898 3966 putatis,
929 3900 1048 3969 quia
1073 3917 1172 3955 non
1196 3902 1327 3955 venit
1351 3902 1418 3956 ad
1445 3904 1576 3956 diem
1602 3906 1822 3976 festum?

584 3988 638 4042 4.
667 3987 919 4044 Dederant
946 3999 1113 4046 autem
1133 3993 1392 4063 pontiﬁces
1417 4003 1462 4049 et
1497 3994 1744 4051 Pharisaei
1769 3998 2082 4065 mandatum,

515 4085 572 4130 ut
599 4077 645 4130 si
667 4079 776 4147 quis
806 4083 1086 4148 cognoverit
1121 4083 1206 4138 ubi
1231 4085 1324 4152 sit,
1362 4087 1571 4153 indicet,
1613 4097 1667 4140 ut
1706 4090 2085 4158 apprehendant

513 4181 648 4222 eum.
687 4167 794 4224 Nos
821 4169 1111 4228 indicemus
1140 4174 1297 4230 modo
1329 4174 1554 4244 Judmis,
1597 4177 1684 4233 ubi
1718 4179 1786 4233 sit
1819 4179 2079 4237 Christus.

517 4255 727 4312 Utinam
769 4260 932 4315 velint
977 4264 1160 4320 audire
1206 4273 1260 4320 et
1293 4266 1726 4335 appprehendere
1768 4271 2083 4342 quicumque

514 4357 640 4404 sunt
675 4365 736 4406 ex
767 4354 970 4408 semine
1003 4356 1240 4424 illorum,
1271 4358 1360 4427 qui
1400 4358 1655 4416 dederant
1685 4363 1986 4419 mandatum
2027 4375 2083 4420 ut

515 4439 839 4498 indicaretur
865 4445 942 4500 eis
980 4447 1067 4500 ubi
1097 4456 1239 4502 esset
1266 4447 1524 4507 Christus.
1555 4450 1780 4509 Veniant
1807 4455 1872 4511 ad
1901 4457 2081 4514 Eccle-

513 4533 668 4600 siam,
697 4535 912 4592 audiant
935 4537 1024 4594 ubi
1044 4538 1112 4593 sit
1134 4537 1375 4596 Christus
1399 4584 1413 4605 ,
1440 4552 1492 4599 et
1517 4546 1916 4615 apprehendant
1936 4566 2079 4606 eum.

513 4623 556 4680 A
585 4625 736 4681 nobis
763 4627 1007 4694 audiant,
1038 4644 1104 4684 ex
1133 4629 1415 4702 Evangelio
1440 4635 1672 4692 audiant.
1701 4636 1918 4697 Occisus
1946 4650 2024 4696 est
2050 4656 2081 4696 a

512 4716 822 4783 parentibus
848 4733 1030 4773 eorum
1049 4760 1063 4784 ,
1089 4721 1326 4790 sepultus
1363 4733 1440 4779 est
1465 4766 1480 4792 ,
1509 4729 1827 4795 resurrexit,
1857 4745 1887 4784 a
1925 4731 2083 4788 disci-

511 4804 649 4872 pulis
674 4806 882 4876 agnitus
901 4849 916 4875 ,
944 4819 1066 4864 ante
1101 4810 1284 4867 oculos
1307 4827 1490 4868 eorum
1516 4817 1755 4872 ascendit
1782 4819 1834 4873 in
1863 4823 2076 4892 caelum,

509 4893 580 4950 ibi
607 4897 761 4953 sedet
785 4897 852 4953 ad
879 4898 1148 4956 dexteram
1176 4901 1380 4971 Patris;
1409 4907 1495 4976 qui
1518 4907 1782 4978 judicatus
1815 4921 1924 4981 est,
1955 4929 2084 4968 ven-

511 4994 661 5042 turus
702 4998 785 5044 est
823 4989 1022 5059 judex:
1065 4992 1310 5058 audiant.
1339 5004 1395 5052 et
1424 5007 1654 5056 teneant.
1701 5001 2076 5073 Respondent:

511 5076 790 5144 Quomodo
825 5081 1017 5138 tenebo
1057 5083 1330 5140 absentem
1360 5088 1421 5154 ¹;
1471 5091 1738 5160 quomodo
1784 5093 1836 5148 in
1883 5095 2076 5152 coelum

509 5183 722 5223 manum
767 5169 1011 5241 mittam,
1058 5182 1118 5229 ut
1162 5175 1233 5230 ibi
1282 5177 1554 5236 sedentem
1605 5185 1851 5240 teneam?
1894 5186 2077 5244 Fidem

507 5260 686 5328 mitte,
719 5269 771 5316 et
804 5264 1038 5319 tenuisti.
1068 5265 1320 5324 Parentes
1362 5271 1433 5325 tui
1475 5280 1758 5330 tenuerunt
1801 5291 1988 5346 carne,
2025 5289 2078 5335 tu

507 5359 630 5404 tene
656 5353 815 5408 corde
839 5371 853 5408 :
895 5357 1140 5426 quoniam
1171 5360 1409 5418 Christus
1434 5363 1626 5422 absens
1659 5368 1815 5423 etiam
1843 5385 2079 5440 prmsens

505 5449 605 5496 est.
637 5441 745 5497 Nisi
769 5460 999 5514 prmsens
1027 5460 1166 5506 esset
1191 5493 1205 5520 ,
1235 5467 1262 5506 a
1294 5454 1447 5510 nobis
1471 5456 1597 5526 ipsis
1626 5460 1793 5516 teneri
1822 5476 1925 5517 non
1954 5479 2078 5535 pos-

567 5595 583 5674 ξ
603 5595 807 5674 Ξίεέίεεε
836 5607 892 5652 At
911 5603 1162 5674 θάίιίνποη
1178 5606 1289 5659 ideo
1308 5609 1602 5674 atterebatu-

499 5659 717 5769 ηεξ,ξῖἐὶιὶ
741 5675 752 5710 :
779 5670 922 5724 (mem
937 5659 1100 5718 teta‘bo
1113 5659 1599 5738 abscMetitlﬁsliqﬁuot
1611 5681 1736 5726 Mss:
1752 5679 1988 5739 Quomodo
2008 5687 2076 5736 te-

1474 329 1538 385 IN
1575 327 1851 386 JOANNIS
1890 327 2353 396 EVANGELIUM,
2388 327 2445 386 S.
2479 328 2838 388 AL'GUSTINI

3655 340 3787 397 I760

2207 448 2305 496 set.
2339 439 2442 496 Sed
2470 442 2714 511 quoniam
2742 458 2924 498 verum
2953 450 3068 512 est,
3097 445 3238 516 quod
3268 447 3376 515 ait,
3410 446 3541 502 Ecce
3567 466 3657 521 ego
3691 468 3784 505 ro-

2205 528 2394 584 biscum
2419 548 2530 584 sum
2570 548 2728 601 usque
2754 533 2821 586 ad
2845 537 3320 590 consummationem
3361 538 3536 592 steculi
3565 538 3781 612 (Matth.

2205 639 2404 690 xxvm,
2430 623 2554 694 20);
2582 637 2634 679 et
2652 625 2799 690 abiit,
2830 635 2883 680 et
2909 627 2994 680 hic
3019 635 3138 693 est;
3171 637 3225 682 et
3257 629 3441 697 rediit,
3475 639 3528 684 et
3551 647 3646 686 uos
3672 647 3779 686 non

2203 712 2400 768 deserit
2424 732 2436 768 :
2469 729 2661 785 corpus
2687 716 2826 771 enim
2855 731 3010 772 suum
3039 717 3214 773 intulit
3239 719 3377 775 caelo
3399 762 3413 787 ,
3446 721 3780 792 majestatem

2204 817 2308 858 non
2335 803 2550 858 abstulit
2575 804 2790 860 mundo.

2274 896 2323 950 5.
2349 894 2500 949 Jesus
2526 912 2642 966 ergo
2668 906 2782 950 ante
2808 913 2896 952 sea:
2910 896 3015 952 dies
3042 896 3253 953 Pascha:
3276 900 3406 954 venit
3432 900 3729 957 Bel/laniant
3757 945 3772 970 ,

2201 983 2285 1036 ubi
2304 987 2468 1054 fuerat
2489 982 2716 1039 Lazarus
2742 996 2995 1050 mortuus,
3019 1004 3166 1058 quem
3190 990 3444 1043 suscitavit
3465 989 3497 1043 J
3505 1008 3634 1044 esus.
3668 991 3775 1048 Fe-

2201 1081 2372 1127 cerunt
2395 1084 2558 1127 autent
2579 1075 2622 1128 ei
2649 1075 2716 1128 ibi
2740 1092 2930 1129 caenam
2948 1117 2962 1141 ,
2993 1086 3041 1130 et
3064 1075 3269 1132 Martha
3294 1080 3607 1135 ministrabat
3633 1097 3651 1137 :
3677 1081 3782 1136 La-

2201 1177 2352 1216 zarus
2391 1179 2504 1217 vero
2541 1180 2672 1219 unus
2710 1173 2814 1219 erat
2850 1183 2912 1220 ea;
2939 1167 3380 1227 discumbentibus.
3413 1171 3488 1228 Ne
3531 1183 3782 1244 putarent

2201 1250 2441 1308 homines
2470 1254 2781 1324 phantasma
2811 1273 2930 1312 esse
2969 1257 3163 1313 factum
3186 1301 3200 1326 ,
3233 1262 3354 1332 quia
3404 1273 3642 1320 mortuus
3688 1281 3780 1321 re-

2200 1345 2460 1412 surrexit,
2507 1362 2640 1402 unus
2666 1357 2780 1403 erat
2805 1364 2868 1404 ex
2899 1351 3363 1420 recumbentibus;
3411 1355 3648 1423 vivebat,
3691 1357 3778 1412 lo-

2195 1435 2486 1505 quebatur,
2515 1438 2869 1507 epulabatur:
2903 1440 3098 1496 veritas
3143 1443 3549 1512 ostendebatur,
3583 1445 3778 1503 inﬁde-

2201 1526 2321 1582 litas
2367 1527 2671 1584 Iudaeorum
2731 1531 3170 1588 conlundehatur.
3229 1535 3603 1592 Discumbebat
3647 1553 3780 1609 ergo

2200 1617 2456 1673 Dominus
2483 1635 2601 1674 cum
2632 1620 2833 1676 Lazaro
2863 1631 2914 1677 et
2943 1623 3182 1692 caneris,
3218 1626 3550 1682 ministrabat
3574 1629 3779 1684 Martha

2201 1723 2303 1762 una
2330 1725 2394 1762 ex
2418 1709 2689 1766 sororibus
2717 1711 2922 1766 Lazari.
3495 1716 3498 1720 ’

2271 1800 2322 1856 6.
2365 1799 2532 1854 Maria
2553 1817 2678 1857 vero
2697 1845 2711 1870 ,
2740 1804 2902 1859 altera
2934 1819 3086 1860 soror
3112 1805 3297 1862 Lazari
3317 1849 3330 1873 ,
3364 1809 3558 1880 accepit
3597 1810 3780 1866 libram

2201 1892 2441 1962 unguenti
2462 1893 2610 1946 nardi
2629 1894 2793 1963 pistici
2811 1895 3043 1964 pretiosi,
3087 1898 3229 1951 unxit
3253 1885 3400 1968 pedes
3434 1897 3589 1968 Iesu,
3617 1911 3666 1956 et
3685 1919 3779 1957 ea:-

2199 1982 2336 2035 tersit
2373 1983 2568 2054 capillis
2603 1985 2708 2040 suis
2741 1986 2890 2056 pedes
2923 1988 3059 2059 ejus,
3091 1998 3140 2042 et
3160 1988 3339 2045 domus
3366 1991 3573 2062 impleta
3612 2003 3683 2048 est
3712 2010 3780 2048 ea:

2198 2071 2353 2128 odore
2371 2077 2630 2144 unguenti.
2662 2075 2879 2132 Factum
2905 2078 3232 2146 audivimus,
3265 2081 3570 2152 mysterium
3600 2087 3780 2156 requi-

2196 2178 2398 2220 ramus.
2425 2163 2780 2237 Qumcumque
2803 2167 2976 2223 anima
3000 2169 3166 2225 lidelis
3190 2171 3270 2226 vis
3295 2187 3432 2239 esse,
3459 2189 3577 2229 cum
3609 2175 3776 2230 Maria

2197 2268 2335 2322 unge
2374 2255 2536 2324 pedes
2569 2256 2774 2312 Domini
2824 2259 3056 2328 pretioso
3102 2270 3386 2331 unguento.
3435 2263 3774 2333 Unguentum

2197 2342 2324 2396 illud
2341 2342 2543 2414 justitia
2570 2344 2695 2412 fuit,
2724 2346 2842 2403 ideo
2869 2348 3001 2404 libra
3031 2349 3128 2405 fuit
3154 2366 3168 2406 :
3202 2360 3316 2408 erat
3335 2361 3508 2408 autem
3535 2371 3775 2426 unguen-

2197 2444 2306 2487 tum
2340 2435 2486 2490 nardi
2528 2437 2702 2506 pistici
2746 2440 2982 2508 pretiosi.
3032 2443 3184 2510 Quod
3211 2445 3321 2512 ait,
3351 2445 3546 2516 pistici,
3596 2447 3775 2502 locum

2195 2527 2426 2597 aliquem
2453 2529 2673 2585 credere
2701 2530 2956 2588 debemus
2974 2576 2987 2598 ,
3015 2534 3153 2589 unde
3181 2535 3281 2592 hoc
3309 2546 3425 2592 erat
3446 2551 3776 2608 unguentum

2195 2621 2489 2689 pretiosum
2533 2638 2681 2678 :nec
2721 2632 2896 2680 tamen
2953 2625 3054 2680 hoc
3099 2637 3279 2694 vacat,
3333 2637 3387 2683 et
3440 2639 3777 2685 sacramento

2195 2710 2393 2781 optime
2419 2723 2693 2768 consonat.
2727 2722 2887 2778 ῐιιστις
2914 2731 3084 2786 grzcce
3106 2759 3118 2782 ,
3151 2717 3281 2773 ﬁdes
3307 2718 3519 2774 dicitur.
3551 2720 3776 2788 Qumre—

2194 2803 2289 2858 bas
2304 2806 2510 2874 operari
2529 2805 2785 2875 justitiam
2808 2825 2820 2860 :
2844 2808 3017 2878 justus
3038 2824 3102 2864 ex
3130 2809 3232 2865 ﬁde
3253 2811 3379 2866 vivit
3396 2810 3568 2884 (Rom.
3588 2828 3627 2882 ι,
3654 2813 3771 2883 l7).

2194 2893 2344 2966 Unge
2393 2894 2552 2965 pedes
2599 2896 2725 2952 Jesu
2755 2916 2767 2950 :
2801 2897 2939 2954 bene
2978 2899 3200 2955 vivendo
3253 2901 3516 2957 dominica
3563 2911 3776 2958 sectare

2193 2987 2434 3056 vestigia.
2462 2988 2680 3057 Capillis
2709 2997 2854 3060 terge
2883 3007 2896 3044 :
2929 2988 2974 3043 si
3017 2991 3180 3046 habes
3207 2993 3469 3063 superﬂua
3491 3034 3505 3059 ,
3549 2992 3614 3048 da
3643 3009 3777 3064 pau-

2195 3077 2442 3146 pcrihus,
2471 3087 2526 3132 et
2553 3078 2756 3133 Domini
2780 3079 2942 3150 pedes
2972 3082 3202 3149 tersisti;
3232 3084 3402 3154 capilli
3423 3084 3562 3139 enim
3584 3099 3776 3154 super.

2193 3168 2295 3222 ﬁua
2317 3168 2558 3238 corporis
2584 3169 2848 3225 videntur.
2883 3171 3054 3226 [labes
3080 3173 3220 3242 quod
3245 3189 3371 3244 agas
3397 3173 3464 3228 de
3484 3174 3772 3243 superﬁuis

2193 3261 2296 3315 tuis
2329 3278 2342 3315 :
2367 3261 2458 3314 tibi
2484 3261 2750 3332 superﬂua
2774 3271 2923 3330 sunt,
2950 3264 3043 3319 sed
3086 3265 3295 3320 Domini
3343 3267 3563 3336 pedibus
3583 3282 3774 3322 neces-

2191 3351 2348 3406 saria.
2377 3351 2536 3408 Forte
2561 3351 2770 3408 interra
2799 3354 3004 3410 Domini
3030 3355 3190 3425 pedes
3212 3357 3462 3428 indigent.
3484 3357 3556 3413 De
3577 3358 3772 3430 quibus

2191 3443 2332 3497 enim
2360 3443 2460 3498 nisi
2487 3443 2552 3499 de
2578 3445 2830 3500 membris
2859 3447 2966 3502 suis
2997 3447 3047 3502 in
3080 3448 3182 3504 ﬁne
3210 3449 3447 3506 dicturus
3471 3459 3552 3505 est
3571 3493 3585 3517 ,
3637 3449 3770 3507 Cum

2190 3534 2278 3588 uni
2305 3550 2366 3588 ea:
2391 3535 2608 3591 minimis
2631 3537 2753 3591 meis
2782 3539 2970 3610 fecistis
2988 3581 3003 3607 ,
3031 3541 3156 3594 mihi
3183 3541 3373 3611 fecistis
3400 3542 3608 3615 (Matth.
3636 3559 3768 3612 xxv,

2189 3623 2308 3696 60)?
2334 3624 2611 3695 Superﬁua
2642 3637 2822 3684 vestra
2852 3629 3216 3700 impendislis,
3265 3633 3358 3689 sed
3387 3633 3607 3706 pedibus
3631 3637 3770 3690 meis

2189 3714 2426 3771 obsecuti
2462 3719 2610 3772 estis.
3414 3781 3418 3784 ,

2264 3806 2316 3859 7.
2349 3804 2545 3861 Domus
2568 3816 2742 3864 autem
2759 3809 2964 3880 impleta
2983 3819 3054 3865 est
3071 3811 3245 3878 odore;
3263 3812 3490 3870 mundus
3511 3814 3768 3886 impletus

2187 3902 2269 3949 est
2297 3893 2434 3950 fama
2459 3896 2595 3952 bona
2619 3915 2633 3952 :
2666 3913 2786 3952 nam
2807 3899 2940 3955 odor
2965 3901 3132 3956 bonus
3156 3944 3169 3968 ,
3200 3904 3336 3958 fama
3368 3903 3502 3958 bona
3531 3913 3631 3960 est.
3660 3906 3764 3972 Qui

2189 3987 2326 4041 male
2357 3987 2535 4042 vivunt
2563 3997 2617 4044 et
2636 3988 2909 4045 christiani
2941 4003 3220 4058 vocantur,
3255 3993 3500 4063 injuriam
3541 3995 3762 4052 Christo
3808 4041 3812 4058 .

2187 4076 2382 4132 iaciunt
2413 4095 2428 4132 :
2461 4079 2527 4134 de
2553 4080 2792 4148 qualibus
2817 4081 3015 4137 dictum
3057 4093 3139 4139 est
3167 4085 3307 4153 quod
3351 4101 3443 4156 per
3462 4103 3552 4142 eos
3580 4105 3765 4142 nomen

2185 4167 2393 4222 Domini
2429 4168 2808 4240 blasphematur
2849 4172 3023 4245 (Rom.
3055 4190 3125 4239 ιι,
3155 4174 3270 4246 24).
3301 4175 3354 4232 Si
3386 4193 3480 4247 per
3510 4177 3638 4233 tales
3660 4193 3764 4233 no-

2186 4273 2308 4314 men
2355 4259 2447 4314 Dei
2479 4260 2903 4330 blasphematur,
2953 4280 3050 4334 per
3098 4266 3265 4322 bonos
3304 4282 3498 4323 nomen
3551 4269 3763 4324 Domini

2187 4349 2448 4406 laudatur.
2473 4352 2606 4407 Audi
2630 4354 2940 4423 Apostolum
2968 4373 2980 4408 :
3007 4354 3194 4412 Christi
3223 4357 3382 4412 bonus
3411 4359 3536 4414 odor
3553 4375 3762 4428 sumus,

2185 4441 2374 4513 inquit,
2401 4443 2451 4497 in
2474 4445 2610 4498 omni
2634 4442 2762 4500 loco.
2789 4445 2988 4500 Dicitur
3003 4458 3055 4502 et
3079 4449 3129 4502 in
3151 4449 3384 4505 Canticis
3404 4453 3760 4508 canticorum.

2190 4534 2508 4606 Unguentum
2536 4535 2750 4604 effusum
2771 4555 2948 4593 nomen
2979 4549 3118 4593 tuum
3141 4540 3310 4614 (Cant.
3341 4559 3378 4609 ι,
3405 4543 3481 4614 2).
3511 4544 3589 4599 Ad
3617 4546 3767 4615 Apo-

2184 4627 2377 4682 stolum
2417 4643 2608 4684 revoca
2646 4629 2990 4687 intentionem
3026 4651 3037 4686 :
3070 4631 3288 4700 Christi,
3340 4637 3541 4706 inquit,
3599 4637 3761 4692 bonus

2184 4716 2309 4770 odor
2332 4734 2505 4772 sumus
2533 4721 2584 4773 in
2610 4721 2749 4774 omni
2772 4720 2880 4776 loco
2899 4763 2914 4788 ,
2940 4733 2986 4776 et
3007 4725 3058 4777 in
3087 4724 3165 4778 his
3185 4726 3271 4795 qui
3289 4728 3416 4781 salvi
3444 4730 3602 4797 ﬁunt,
3635 4739 3682 4784 et
3707 4732 3764 4784 in

2189 4808 2267 4862 his
2290 4811 2376 4881 qui
2409 4822 2651 4882 pereunt;
2693 4814 2808 4868 aliis
2838 4831 3012 4868 sumus
3034 4816 3159 4870 odor
3184 4819 3296 4872 vita:
3330 4818 3383 4872 in
3413 4821 3597 4887 vitam,
3643 4823 3764 4876 aliis

2184 4901 2311 4955 odor
2336 4902 2508 4956 mortis
2537 4905 2588 4958 in
2614 4914 2820 4958 mortem
2851 4922 2870 4962 :
2897 4914 2942 4960 ct
2967 4907 3035 4960 ad
3055 4909 3162 4962 haec
3191 4909 3300 4979 quis
3327 4911 3532 4965 idoneus
3552 4911 3614 4984 (ll
3637 4911 3760 4969 Cor.

2183 5007 2242 5058 ll,
2273 4993 2504 5064 i446)?
2542 4993 2885 5052 Occasionem
2929 4997 3084 5052 nobis
3112 5001 3309 5068 przcbet
3339 5017 3572 5070 prmscns
3601 5003 3762 5059 lectio

2185 5085 2350 5138 sancti
2374 5082 2647 5155 Evangelii
2676 5085 2743 5141 de
2771 5086 2933 5142 odore
2955 5088 3056 5143 isto
3083 5089 3152 5143 ita
3179 5089 3320 5160 loqui
3346 5133 3359 5157 ,
3389 5101 3447 5146 ut
3471 5102 3524 5148 et
3544 5109 3574 5147 a
3603 5095 3761 5150 nobis

2183 5171 2507 5229 sufﬁcienter
2548 5174 2786 5243 dicatur,
2817 5184 2870 5232 et
2913 5192 2943 5232 a
2984 5178 3134 5234 vobis
3157 5179 3435 5250 diligenter
3478 5183 3758 5252 audiatur,

2183 5263 2439 5332 Apostolo
2473 5264 2584 5334 ipso
2611 5265 2684 5320 ita
2715 5266 2952 5334 dicente,
3003 5267 3072 5322 Et
3095 5269 3164 5322 ad
3204 5271 3310 5324 ha'c
3355 5272 3466 5341 quis
3507 5274 3758 5329 idoneus!

2184 5352 2322 5423 Ergo
2347 5361 2407 5409 ut
2443 5354 2562 5410 inde
2593 5371 2687 5410 nos
2711 5372 2967 5412 conemur
2991 5359 3153 5430 loqui,
3181 5363 3433 5432 numquid
3461 5364 3632 5419 idonei
3662 5381 3757 5419 su-

2182 5460 2328 5510 mus,
2360 5455 2450 5501 aut
2473 5461 2568 5502 vos
2594 5447 2775 5504 audire
2819 5449 2933 5504 hrec
2981 5449 3152 5506 idonei
3198 5454 3368 5524 estis?
3396 5453 3501 5509 Nos
3539 5455 3756 5525 quidem

2182 5537 2358 5594 idonei
2385 5555 2488 5592 non
2530 5555 2751 5606 sumus;
2801 5540 2893 5595 sed
2927 5542 3148 5598 idoneus
3173 5552 3254 5598 est
3293 5544 3381 5600 ille
3407 5545 3495 5616 qui
3531 5561 3626 5614 per
3656 5548 3788 5602 nos'

2182 5629 2424 5701 dignetur
2447 5632 2459 5662 '
2484 5631 2659 5687 dicere
2687 5632 2823 5700 quod
2856 5633 2999 5686 vobis
3025 5636 3190 5704 prosit
3213 5636 3414 5696 audire.
3448 5636 3586 5694 Ecce
3609 5639 3754 5709 Apo-
3822 5716 3828 5734 1

2246 5746 2258 5776 ¹
2287 5750 2333 5792 In
2359 5751 2558 5807 quatuor
2575 5750 2701 5807 Mss,
2727 5745 2967 5808 dignatur.
