4102 6476
278 337 408 395 1761

275 450 444 503 status
462 443 623 499 bonus
646 441 770 497 odor
795 446 877 495 est
894 480 906 503 ,
936 438 1069 493 sicut
1102 435 1229 490 dicit
1255 435 1366 503 ipse
1398 451 1408 485 :
1440 430 1533 486 sed
1558 429 1669 499 ipse
1690 428 1861 482 bonus

272 540 407 599 edor
422 538 540 593 aliis
563 545 646 593 est
672 536 796 590 odor
820 534 933 587 vitw
948 532 997 585 in
1018 531 1191 596 vitam,
1223 527 1337 581 aliis
1364 534 1531 577 autem
1549 524 1673 577 odor
1690 521 1864 575 mortis

274 634 323 685 in
355 638 603 692 mortem;
652 636 827 680 tamen
872 624 1042 679 bonus
1093 621 1244 676 odor.
1278 617 1541 687 Numquid
1576 616 1717 670 enim
1758 614 1858 677 ait,

277 723 409 777 Aliis
459 735 642 776 sumus
687 718 855 771 bonus
884 714 1015 769 odor
1042 713 1108 767 ad
1137 714 1329 777 vitam,
1358 710 1476 764 aliis
1520 708 1691 763 malus
1730 705 1864 761 odor

279 814 337 867 ad
368 810 637 865 mortem?
665 807 871 862 Bonum
910 806 1128 860 odorem
1160 819 1217 858 se
1254 802 1424 865 dixit,
1473 815 1578 854 non
1625 798 1863 861 malum;

283 914 335 958 et
361 900 615 957 eumdem
647 901 844 953 bonum
872 896 1092 951 odorem
1118 895 1233 949 aliis
1260 893 1325 947 ad
1352 892 1511 946 vitam
1556 890 1720 955 dixit,
1744 889 1864 943 aliis

278 993 344 1048 ad
384 1001 634 1047 mortem.
666 990 871 1044 Felices
900 987 989 1058 qui
1025 986 1165 1039 bono
1186 984 1348 1039 odore
1374 983 1594 1038 vivunt:
1619 980 1745 1051 quid
1766 995 1863 1034 au-

272 1094 382 1139 tem
410 1082 677 1137 infelicius
706 1080 807 1133 illis
834 1078 921 1148 qui
956 1077 1096 1131 bono
1124 1075 1289 1130 odore
1331 1071 1663 1127 moriuntur?

344 1174 399 1229 8.
430 1174 501 1229 Et
525 1173 643 1243 quis
672 1180 754 1227 est
776 1210 790 1236 ,
823 1170 897 1224 ait
922 1168 1136 1237 aliquis,
1178 1181 1336 1235 quem
1365 1164 1535 1219 bonus
1562 1162 1694 1217 odor
1718 1161 1861 1217 oeci-

277 1263 383 1319 dit?
415 1265 531 1320 Hoc
558 1272 639 1319 est
667 1262 806 1333 quod
845 1261 919 1315 ait
944 1258 1232 1329 Apostolus
1252 1298 1266 1323 ,
1302 1256 1369 1310 Et
1395 1256 1462 1309 ad
1489 1255 1595 1310 lure
1619 1256 1728 1325 quis
1749 1254 1863 1307 ido-

276 1357 434 1411 acus?
462 1353 744 1422 Quomodo
771 1368 832 1407 ea
860 1350 987 1406 facit
1029 1350 1171 1406 Deus
1208 1349 1357 1403 miris
1384 1348 1557 1402 modis
1577 1386 1590 1412 ,
1625 1355 1680 1401 ut
1720 1346 1864 1401 bono

275 1446 446 1504 odore
470 1457 525 1503 et
555 1445 679 1502 boni
710 1446 925 1512 vivant,
971 1449 1026 1498 et
1068 1442 1192 1496 mali
1234 1441 1566 1505 moriantur;
1597 1436 1864 1508 quomodo

274 1540 341 1592 sit
360 1580 375 1605 ,
405 1547 665 1608 quantum
687 1535 943 1590 Dominus
974 1534 1235 1603 inspirare
1261 1531 1507 1602 dignatur
1532 1530 1549 1560 ¹
1579 1534 1725 1600 (nam
1751 1527 1863 1582 for-

276 1639 416 1683 tasse
444 1628 517 1682 ibi
551 1628 709 1681 lateat
734 1626 755 1657 ²
783 1625 940 1679 altior
968 1622 1298 1688 intellectus,
1331 1621 1423 1691 qui
1465 1636 1496 1675 a
1529 1634 1615 1674 me
1640 1634 1744 1674 non
1772 1632 1867 1687 po-

275 1728 375 1776 test
402 1719 738 1789 penetrari);
792 1725 968 1772 tamen
1012 1730 1120 1786 quo
1161 1728 1330 1784 usque
1378 1722 1655 1783 penetrare
1687 1710 1861 1781 potui,

275 1810 427 1866 vobis
470 1825 579 1864 non
618 1807 778 1864 debet
823 1806 1098 1876 denegari.
1147 1804 1370 1858 Paulum
1399 1802 1697 1872 apostolum
1727 1800 1864 1855 bene

273 1911 524 1974 agentem
545 1943 562 1969 ,
594 1902 730 1957 bene
758 1901 1022 1955 viventem
1044 1939 1059 1966 ,
1087 1897 1347 1969 justitiam
1375 1895 1537 1949 verbo
1569 1893 1863 1963 praedican-

276 2003 420 2058 tem,
471 2006 639 2062 opere
686 1990 1141 2045 demonstrantem
1165 2029 1179 2055 ,
1226 1986 1500 2041 doctorem
1529 1982 1861 2047 mirabilem,

278 2082 490 2138 fidelem
513 2082 932 2152 dispensatorem
952 2122 967 2148 ,
992 2081 1130 2134 fama
1152 2090 1528 2148 usquequaque
1550 2072 1867 2130 dissemina-

277 2173 365 2228 bat
394 2190 410 2228 :
441 2172 658 2244 quidam
684 2170 998 2241 diligebant,
1020 2170 1233 2240 quidam
1259 2168 1582 2224 invidebant.
1600 2166 1731 2221 Nam
1752 2165 1864 2234 ipse

276 2265 511 2336 quodam
552 2266 669 2320 loco
692 2265 767 2319 ait
788 2264 855 2321 de
880 2263 1225 2335 quibusdam,
1257 2261 1399 2332 quod
1424 2275 1531 2317 non
1561 2268 1705 2315 caste
1724 2299 1739 2325 ,
1771 2261 1865 2317 sed

276 2371 371 2427 per
412 2356 668 2410 invidiam
709 2354 982 2410 Christum
1034 2353 1447 2416 annuntiarent;
1488 2353 1862 2419 existimantes,

278 2447 475 2517 inquit,
506 2446 877 2501 tribulationem
904 2445 1151 2499 suscitare
1176 2442 1390 2497 vinculis
1424 2442 1567 2497 meis.
1597 2442 1700 2499 Sed
1738 2442 1865 2511 quid

278 2538 387 2593 ait?
423 2537 545 2593 Sive
568 2537 856 2601 occasione,
894 2536 996 2591 sive
1023 2534 1228 2589 veritate
1270 2530 1499 2587 Christus
1539 2533 1868 2587 annuntietur

280 2626 543 2698 (Philipp.
569 2642 619 2691 ι,
650 2628 717 2680 17
738 2668 752 2693 ,
784 2627 894 2696 18).
925 2626 1255 2680 Annuntiant
1290 2624 1377 2694 qui
1408 2639 1494 2679 me
1523 2633 1739 2688 amant,
1771 2638 1867 2677 au-

280 2721 530 2773 nuntiant
559 2717 648 2787 qui
692 2718 822 2771 mihi
852 2716 1122 2781 invident;
1166 2714 1242 2769 illi
1270 2715 1412 2769 bono
1456 2713 1622 2769 odore
1651 2714 1862 2780 vivunt,

279 2818 333 2864 et
358 2810 434 2864 illi
464 2811 610 2866 bono
637 2809 801 2864 odore
828 2809 1127 2863 moriuntur
1158 2825 1171 2861 :
1204 2816 1380 2862 tamen
1409 2806 1645 2875 utrisque
1672 2804 1863 2875 praedi-

280 2902 529 2957 cantibus
559 2917 752 2956 nomen
794 2900 991 2956 Christi
1037 2900 1409 2965 annuntietur,
1458 2897 1622 2952 odore
1664 2897 1866 2967 optimo

283 2992 513 3048 mundus
536 2993 835 3062 impleatur.
864 2991 1068 3046 Amasti
1088 2991 1223 3046 bene
1243 3000 1507 3060 agentem,
1526 2988 1702 3043 vixisti
1728 2988 1868 3042 bono

283 3084 483 3140 odore:
517 3083 749 3137 invidisti
780 3082 916 3137 bene
940 3082 1150 3151 agenti,
1174 3091 1415 3135 mortuus
1434 3095 1492 3135 es
1515 3080 1655 3135 bono
1680 3078 1863 3133 odore.

284 3174 551 3246 Numquid
598 3174 719 3245 quia
745 3173 881 3228 mori
906 3173 1146 3239 voluisti,
1178 3173 1297 3228 ideo
1321 3160 1539 3228 odorem
1582 3172 1727 3227 illum
1756 3186 1870 3225 ma-

287 3267 392 3323 lum
421 3282 543 3324 esse
573 3266 782 3323 fecisti?
807 3266 924 3323 Noli
951 3266 1190 3322 invidere
1208 3308 1223 3336 ,
1252 3275 1303 3322 et
1334 3282 1439 3321 non
1473 3276 1523 3323 te
1548 3267 1752 3323 occidet
1776 3266 1871 3322 bo-

286 3373 383 3414 nus
407 3359 564 3415 odor.

354 3449 409 3506 9.
451 3451 692 3522 Denique
717 3450 837 3506 audi
868 3458 923 3506 ct
950 3448 1034 3507 hic
1059 3467 1123 3507 ex
1147 3460 1415 3523 unguento
1441 3451 1544 3507 isto
1563 3491 1579 3518 ,
1605 3451 1871 3522 quomodo

289 3543 405 3597 aliis
430 3551 548 3597 erat
590 3541 724 3597 odor
752 3543 923 3598 bonus
948 3543 999 3597 in
1030 3543 1227 3611 vitam,
1278 3543 1397 3599 aliis
1444 3543 1577 3598 odor
1603 3544 1774 3599 bonus
1816 3544 1870 3599 in

292 3646 538 3690 mortem.
570 3634 921 3705 Posteaquam
946 3636 1044 3690 hoc
1067 3635 1191 3691 fecit
1212 3636 1460 3707 religiosa
1484 3636 1644 3691 Maria
1683 3636 1747 3691 ad
1770 3635 1871 3689 Du-

291 3727 417 3781 mini
466 3722 782 3797 obsequium
810 3768 825 3793 ,
873 3729 1125 3785 continuo
1156 3745 1283 3784 unus
1331 3744 1395 3783 ea:
1445 3729 1705 3798 discipulis
1731 3730 1866 3796 eius,

290 3815 452 3871 Iudas
482 3815 778 3885 Iscariotes,
806 3819 891 3888 qui
913 3835 1025 3873 eum
1052 3830 1157 3873 erat
1186 3819 1483 3886 traditurus,
1515 3820 1641 3873 dixit
1664 3834 1683 3874 :
1705 3819 1874 3885 Quare

292 3908 382 3961 hoc
406 3918 720 3979 unguentum
764 3926 862 3963 non
894 3910 1039 3964 reniit
1083 3911 1309 3965 trecentis
1343 3909 1595 3977 denariis,
1627 3922 1671 3965 et
1697 3911 1871 3965 (latum

292 4000 598 4071 estegenis?
642 3999 736 4054 Vae
781 4001 907 4068 tibi,
958 4001 1154 4057 miser!
1203 4001 1374 4057 bonus
1400 4002 1532 4056 odor
1560 4001 1751 4056 occidit
1798 4011 1871 4056 te.

293 4090 463 4158 Quare
492 4093 636 4147 enim
669 4092 770 4147 hoc
795 4092 1011 4158 dixerit,
1042 4094 1378 4166 Evangelista
1405 4106 1620 4150 sanctus
1645 4096 1871 4167 aperuit.

295 4184 608 4239 Putaremus
647 4192 824 4239 autem
855 4195 909 4241 et
958 4201 1055 4242 nos
1077 4227 1090 4250 ,
1135 4187 1178 4241 si
1210 4203 1362 4243 tneus
1402 4187 1567 4258 ipsius
1594 4189 1747 4243 nobis
1781 4204 1876 4258 per

296 4276 639 4348 Evangelium
678 4292 783 4332 non
812 4278 1155 4348 proderetur,
1200 4294 1488 4350 pauperum
1515 4295 1640 4335 cura
1682 4279 1780 4335 hoc
1808 4281 1873 4334 il-

296 4369 396 4424 lum
435 4370 617 4426 dicere
642 4372 898 4441 potuisse.
930 4370 1045 4426 Non
1078 4370 1148 4426 ita
1176 4382 1274 4427 est.
1304 4371 1407 4427 Sed
1435 4372 1601 4443 quid?
1626 4372 1760 4427 Audi
1793 4382 1874 4428 ιο-

295 4469 422 4516 stem
454 4476 700 4516 veracem
726 4479 739 4515 :
768 4461 912 4516 Dixit
950 4473 1116 4517 autem
1158 4464 1280 4527 hoc,
1315 4480 1413 4518 non
1456 4464 1575 4536 quia
1620 4466 1683 4519 de
1707 4465 1874 4536 egenis

296 4550 567 4619 pertinebat
614 4552 683 4605 ad
707 4552 888 4618 illum;
914 4552 1003 4607 sed
1042 4554 1161 4623 quia
1188 4554 1276 4624 {ur
1294 4566 1436 4619 erat,
1468 4566 1514 4609 et
1556 4556 1748 4610 loculos
1774 4556 1870 4609 ha-

294 4638 440 4708 bens,
496 4649 542 4694 et
589 4656 648 4694 ea
675 4655 788 4709 qua:
828 4641 1145 4696 mittebantur
1193 4644 1443 4715 portabat.
1476 4644 1757 4711 Portabat,
1805 4660 1871 4700 an

294 4732 648 4801 exportabat?
696 4732 803 4789 Sed
848 4734 1144 4791 ministerio
1186 4737 1461 4808 portabat,
1516 4740 1654 4794 lurto
1683 4754 1875 4811 expor-

295 4824 432 4879 tabat
462 4825 563 4897 (a).

361 4916 446 4971 ll).
493 4916 633 4974 Ecce
653 4918 834 4975 audite
857 4921 976 4992 quia
1005 4919 1167 4977 Judas
1186 4922 1283 4977 iste
1314 4938 1418 4977 non
1448 4933 1571 4978 tunc
1593 4938 1875 4993 pervorsus

292 5007 455 5065 factus
484 5018 588 5076 est,
619 5013 832 5081 quando
857 5028 886 5067 a
916 5013 1115 5069 JtldtDiS
1138 5025 1418 5083 corruptus
1451 5016 1729 5070 ῡοηιίιιιιιιι
1764 5026 1873 5071 tra-

293 5098 437 5155 didit.
490 5099 739 5172 Plerique
766 5104 909 5157 enim
956 5103 1210 5159 incuriosi
1242 5104 1543 5175 Evangelii,
1571 5106 1876 5161 existimant

297 5201 416 5247 tunc
439 5192 665 5264 periisse
690 5191 882 5248 Judam
908 5236 923 5259 ,
952 5194 1166 5264 quando
1194 5196 1398 5264 accepit
1426 5211 1455 5249 a
1482 5195 1679 5250 ludmis
1710 5212 1871 5266 pecu-

294 5286 426 5339 niam
455 5294 514 5340 ut
538 5286 822 5340 Dominum
854 5286 1107 5343 traderet.
1134 5286 1249 5343 Non
1274 5297 1397 5343 tunc
1434 5290 1591 5358 periit
1619 5331 1634 5356 ,
1658 5289 1766 5360 jam
1791 5290 1876 5345 fur

295 5384 431 5441 erat,
480 5387 534 5430 et
576 5376 856 5431 Dominum
917 5379 1155 5447 perditus
1202 5380 1552 5447 sequebatur;
1608 5382 1727 5450 quia
1767 5397 1873 5437 non

295 5467 446 5522 corde
466 5511 480 5534 ,
513 5467 607 5522 sed
640 5484 866 5539 corpore
894 5470 1232 5540 sequebatur.
1266 5470 1654 5526 Duodenarium
1686 5488 1872 5527 nume-

353 5623 375 5688 ξ
403 5624 485 5672 Hic
505 5624 553 5671 in
568 5622 725 5688 editis
746 5622 951 5688 additur,
975 5624 1259 5687 ostendam;
1291 5624 1419 5688 quod
1442 5626 1585 5677 abest
1605 5637 1632 5675 a
1657 5632 1760 5677 Mss.

354 5684 373 5749 ξ
397 5692 541 5743 latet,
560 5686 701 5749 juxta
724 5687 969 5749 Er.t.ugd.
996 5696 1115 5739 Ven.
1140 5684 1250 5739 Levi
1306 5684 1359 5738 tit.

354 5744 423 5808 (a)
442 5744 587 5810 Epist.
620 5748 725 5811 108,
738 5760 780 5797 c.
806 5748 853 5811 ὅ,
883 5744 930 5797 ἦ.
956 5748 1002 5798 8.

1336 308 1755 370 ΤΠΑΩΤᾹἸἪΞ
1795 307 1858 361 L.
1901 305 2092 365 CAPP.
2136 310 2205 369 XI
2242 314 2332 370 ET
2372 311 2483 370 XII.

3418 318 3554 378 1762

1974 442 2089 481 rum
2131 427 2501 498 Apostolorum
2556 431 2835 503 implebat,
2885 436 3227 505 apostolicam
3267 434 3554 495 beatitudi-

1971 534 2092 573 nem
2131 536 2234 575 non
2262 522 2516 590 habebat,
2547 525 2613 579 ad
2644 525 2924 597 imaginem
2967 526 3133 582 fuerat
3159 528 3505 585 duodecimus
3533 547 3549 585 :

1969 625 2075 681 quo
2122 611 2442 681 decedente,
2475 624 2529 671 et
2574 616 2680 671 alio
2705 617 3054 684 succedente,
3104 629 3159 675 et
3195 621 3437 691 suppleta
3468 630 3552 679 est

1972 703 2258 770 apostolica
2304 705 2530 773 veritas,
2580 719 2634 763 et
2686 709 2893 764 numeri
2940 711 3229 779 permansit
3277 712 3551 782 integritas

1971 791 2104 863 (Act.
2148 811 2185 859 ι,
2210 794 2340 866 26).
2371 795 2507 863 Quid
2533 814 2661 869 ergo
2687 801 2852 855 voluit
2882 801 3137 856 Dominus
3176 810 3361 858 noster
3393 803 3550 861 Jesus

1969 883 2243 950 Christus,
2300 886 2489 942 fratres
2518 890 2651 956 mei,
2679 890 2968 946 admonere
3015 892 3309 948 Ecclesiam
3357 908 3543 961 suam,

1968 977 2180 1046 quando
2201 994 2362 1032 unum
2392 981 2650 1049 perditum
2674 983 2809 1038 inter
2832 983 3111 1039 duodecim
3140 986 3337 1041 habere
3355 986 3543 1053 voluit,

1968 1068 2069 1123 nisi
2099 1079 2153 1124 ut
2173 1072 2338 1127 malos
2356 1072 2659 1139 toleremus,
2682 1090 2779 1129 nec
2795 1091 2987 1146 corpus
2998 1077 3192 1131 Christi
3208 1077 3505 1133 dividamus
3519 1078 3543 1133 ?

1968 1160 2106 1215 Ecce
2128 1162 2264 1216 inter
2291 1172 2501 1218 sanctos
2529 1174 2610 1219 est
2637 1165 2802 1220 Judas
2822 1207 2834 1230 ,
2859 1181 2984 1221 ecce
3012 1166 3095 1221 fur
3127 1175 3209 1221 est
3232 1166 3394 1222 Judas
3414 1208 3428 1233 ,
3457 1176 3546 1235 et,

1970 1268 2035 1307 ne
2055 1262 2394 1322 contemnas,
2426 1255 2509 1309 fur
2546 1266 2600 1311 et
2637 1258 2950 1327 sacrilegus,
3001 1273 3105 1312 non
3146 1258 3548 1329 qualiscumque

1971 1343 2053 1398 fur
2080 1363 2093 1399 :
2122 1345 2208 1400 fur
2238 1346 2528 1401 loculorum
2551 1388 2564 1413 ,
2612 1348 2706 1403 sed
2754 1347 3174 1416 dominieorum;
3212 1350 3506 1406 loculorum
3527 1392 3545 1417 ,

1968 1436 2061 1491 sed
2088 1451 2386 1491 sacrorum.
2416 1436 2470 1493 Si
2492 1438 2716 1492 crimina
2746 1438 3118 1494 discernuntur
3139 1435 3193 1494 in
3215 1439 3330 1495 foro
3353 1482 3368 1507 ,
3418 1456 3550 1511 qua-

1969 1526 2262 1596 liscumque
2305 1528 2427 1582 furti
2471 1537 2526 1584 et
2568 1529 2867 1598 peculatus;
2896 1530 3167 1600 peculatus
3192 1531 3331 1586 enim
3355 1530 3549 1587 dicitur

1970 1616 2167 1673 furtum
2190 1620 2257 1675 de
2283 1636 2341 1676 re
2368 1622 2571 1691 publica
2598 1638 2611 1686 ;
2642 1630 2695 1676 et
2718 1638 2819 1676 non
2849 1623 2928 1677 sie
2959 1622 3226 1691 judicatur
3248 1622 3443 1679 furtum
3470 1624 3549 1682 rei

1969 1710 2185 1780 privatae
2208 1712 2474 1781 quomodo
2502 1713 2724 1782 publicae
2758 1729 2770 1766 :
2803 1720 3001 1783 quanto
3026 1713 3393 1769 vehementius
3408 1715 3550 1785 judi-

1967 1801 2165 1857 candus
2192 1811 2274 1856 est
2300 1802 2380 1856 fur
2407 1804 2725 1874 sacrilegus,
2755 1805 2843 1874 qui
2871 1820 3031 1859 ausus
3059 1804 3216 1859 fuerit
3242 1820 3345 1859 non
3377 1807 3551 1862 unde-

1966 1908 2195 1964 cumque
2227 1895 2411 1950 tollere
2430 1937 2446 1963 ,
2475 1896 2569 1952 sed
2596 1897 2663 1952 de
2707 1897 2944 1953 Ecclesia
2976 1898 3196 1954 tollere?
3224 1898 3321 1966 Qui
3350 1900 3549 1970 aliquid

1967 1983 2035 2041 de
2065 1986 2299 2041 Ecclesia
2339 1988 2572 2055 furatur,
2604 1988 2753 2043 Judze
2779 1988 2985 2058 perdito
3014 1998 3367 2058 comparatur.
3402 1990 3551 2044 Talis

1969 2086 2083 2131 erat
2111 2078 2209 2134 iste
2248 2079 2444 2145 Judas,
2485 2089 2537 2134 et
2566 2089 2740 2135 tamen
2766 2096 2886 2135 cum
2919 2080 3116 2135 sanctis
3145 2080 3416 2151 discipulis
3446 2097 3548 2136 un-

1968 2169 2141 2222 decim
2172 2169 2400 2223 intrabat
2426 2179 2479 2225 et
2506 2169 2703 2224 exibat.
2735 2170 2815 2225 Ad
2858 2171 3027 2240 ipsam
3072 2170 3392 2226 dominicam
3432 2185 3547 2228 coe—

1970 2276 2090 2313 nam
2124 2261 2319 2329 pariter
2337 2261 2561 2315 accessit
2593 2278 2605 2314 :
2638 2263 2939 2316 conversari
2965 2277 3083 2316 cum
3110 2263 3188 2317 eis
3219 2261 3425 2331 potuit,
3455 2276 3550 2316 eos

1970 2350 2248 2421 inquinare
2274 2368 2375 2405 non
2401 2353 2588 2420 potuit.
2625 2352 2699 2408 De
2725 2367 2830 2407 uno
2858 2368 2990 2422 pane
3017 2362 3072 2408 et
3098 2354 3287 2408 Petrus
3306 2364 3359 2408 et
3386 2353 3551 2409 Judas

1970 2443 2208 2512 accepit,
2242 2453 2294 2498 et
2327 2454 2503 2499 tamen
2531 2460 2647 2514 qua‘
2697 2460 2816 2514 pars
2848 2445 2988 2500 lideli
3018 2461 3137 2500 cum
3168 2445 3404 2501 inlideli?
3448 2446 3551 2501 Pe-

1971 2542 2085 2588 trus
2110 2534 2253 2588 enim
2281 2536 2484 2604 accepit
2513 2534 2580 2589 ad
2622 2534 2781 2589 vitam
2802 2576 2817 2603 ,
2844 2534 3007 2590 Judas
3037 2536 3102 2589 ad
3128 2546 3374 2591 mortem.
3403 2535 3552 2603 Quo-

1969 2626 2128 2680 modo
2149 2626 2288 2681 enim
2319 2626 2405 2681 ille
2432 2625 2564 2681 odor
2587 2627 2774 2691 bonus,
2799 2627 2876 2681 sic
2905 2627 2993 2683 ille
3018 2627 3164 2682 cibus
3190 2627 3378 2682 bonus.
3408 2627 3556 2683 Sicut

1970 2732 2097 2787 ergo
2127 2717 2259 2772 odor
2280 2717 2479 2783 bonus,
2515 2717 2585 2771 ita
2616 2727 2666 2773 et
2689 2718 2839 2772 cibus
2868 2718 3039 2773 bonus
3058 2758 3072 2782 ,
3097 2718 3266 2773 bonos
3292 2717 3551 2785 viviticat,

1971 2810 2141 2864 malos
2170 2810 2473 2864 mortilieat.
2500 2810 2600 2875 Qui
2622 2810 2754 2864 enim
2789 2810 3159 2863 manducauerit
3186 2810 3423 2881 indigne,
3454 2812 3554 2882 ju-

1970 2902 2155 2955 dicium
2178 2902 2275 2955 sibi
2300 2902 2571 2955 mandarat
2594 2910 2641 2955 et
2671 2900 2789 2954 bibit
2822 2900 2862 2972 (l
2888 2901 3009 2956 Cor.
3043 2916 3115 2968 xl,
3142 2899 3233 2972 29)
3261 2918 3273 2954 ε
3295 2901 3554 2971 judicium

1970 2992 2097 3060 sibi,
2128 3006 2231 3047 non
2260 2992 2375 3047 tibi.
2402 2992 2459 3047 Si
2483 2992 2738 3062 judicium
2778 2993 2907 3059 sibi,
2939 3008 3043 3046 non
3075 2992 3198 3059 tibi;
3238 2993 3405 3047 tolera
3432 3006 3553 3046 ma-

1972 3085 2082 3141 lum
2126 3086 2333 3154 bonus,
2360 3096 2417 3141 ut
2444 3087 2625 3142 venias
2656 3087 2721 3142 ad
2752 3088 2967 3157 praemia
2992 3087 3281 3154 bonorum,
3327 3103 3396 3144 ne
3425 3088 3551 3143 mit-

1975 3182 2101 3236 taris
2131 3180 2183 3234 in
2212 3195 2422 3250 poenam
2450 3181 2733 3235 malorum.

2046 3273 2133 3328 ll.
2176 3273 2487 3342 Exemplum
2543 3272 2752 3328 Domini
2808 3272 3031 3343 accipite
3086 3271 3451 3328 conversantis
3499 3271 3555 3327 in

1975 3373 2137 3420 terra.
2161 3365 2336 3432 Quare
2354 3365 2538 3420 habuit
2558 3365 2759 3420 loculos
2782 3366 2864 3420 cui
2887 3365 3073 3435 Angeli
3100 3364 3556 3427 ministraverunt,

1974 3459 2075 3514 nisi
2103 3460 2222 3529 quia
2255 3459 2493 3515 Ecclesia
2540 3458 2706 3529 ipsius
2737 3457 2939 3512 loculos
2984 3470 3110 3511 suos
3141 3456 3382 3510 habitura
3411 3456 3558 3511 erat?

1975 3552 2155 3620 Quare
2184 3551 2352 3607 furem
2384 3550 2625 3613 admisit,
2659 3550 2755 3604 nisi
2788 3558 2845 3604 ut
2885 3549 2999 3618 ejus
3024 3548 3259 3602 Ecclesia
3291 3546 3435 3602 fures
3460 3561 3559 3617 pa-

1978 3644 2171 3698 tienter
2214 3642 2439 3697 toleret?
2487 3640 2591 3696 Sed
2623 3640 2711 3694 ille
2748 3640 2839 3709 qui
2886 3646 3237 3693 consueverat
3260 3636 3328 3693 de
3371 3637 3560 3693 loculis

1977 3734 2254 3803 pecuniam
2278 3733 2484 3796 tollere,
2507 3746 2609 3786 non
2627 3730 2887 3786 dubitavit
2904 3738 3117 3798 accepta
3144 3728 3361 3797 pecunia
3385 3727 3558 3796 ipsum

1982 3823 2259 3880 hominum
2303 3823 2553 3878 vendere.
2598 3822 2885 3877 Videamus
2929 3819 3051 3890 quid
3078 3819 3144 3873 ad
3176 3818 3272 3872 ista
3305 3818 3561 3873 Dominus

1979 3914 2319 3985 respondeat.
2380 3914 2597 3980 Videte,
2650 3913 2886 3967 fratres:
2918 3926 3023 3964 non
3078 3910 3150 3964 illi
3181 3908 3288 3973 ait,
3336 3907 3561 3978 Propter

1980 4008 2115 4062 furta
2147 4017 2231 4061 tua
2275 4006 2409 4062 dicis
2436 4006 2554 4062 ista.
2589 4003 2780 4059 Furem
2823 4010 3071 4065 noverat,
3126 4015 3225 4055 nec
3259 3999 3558 4069 prodebat;

1978 4098 2073 4155 sed
2107 4099 2278 4168 potius
2305 4098 2603 4164 tolerabat,
2634 4104 2689 4151 et
2712 4095 2781 4150 ad
2806 4093 3150 4165 perferendos
3174 4093 3342 4146 malos
3370 4091 3422 4145 in
3453 4091 3559 4145 Ee-

1978 4192 2138 4251 clesia
2169 4191 2323 4246 nobis
2350 4190 2650 4259 exetnptum
2678 4189 2944 4259 patientia:
2969 4185 3388 4243 demonstrabat.
3420 4186 3564 4241 Din't

1982 4300 2100 4356 ergo
2122 4286 2169 4339 ei
2192 4281 2344 4337 Jesus
2377 4298 2396 4335 :
2434 4283 2558 4338 Sine
2586 4280 2760 4346 illaut,
2805 4290 2859 4334 ut
2890 4281 2941 4334 in
2981 4281 3113 4334 diem
3140 4281 3414 4352 sepultum
3440 4298 3565 4339 mete

1982 4386 2138 4430 servet
2165 4375 2313 4428 illud.
2345 4374 2653 4428 Moriturum
2680 4388 2739 4427 se
2768 4372 3117 4428 denuntiavit.

2052 4468 2139 4522 12.
2182 4468 2286 4523 Sed
2314 4468 2443 4538 quid
2491 4478 2571 4523 cst
2610 4466 2753 4537 quod
2799 4466 3075 4536 sequitur?
3128 4465 3387 4537 Pauperes
3431 4469 3567 4522 enim

1979 4576 2174 4630 semper
2195 4560 2436 4614 habebitis
2467 4559 2715 4614 vobiscum
2735 4599 2748 4623 ,
2777 4574 2857 4611 me
2880 4568 3046 4611 autem
3069 4575 3169 4612 non
3188 4576 3384 4629 semper
3408 4558 3565 4613 habe-

1979 4654 2112 4708 bilis.
2142 4651 2491 4722 lutelligimus
2517 4648 2727 4721 quidem
2745 4690 2760 4715 ,
2792 4647 3049 4718 Pauperes
3074 4667 3269 4719 semper
3291 4650 3565 4707 habebitis:

1979 4746 2121 4817 quod
2150 4746 2285 4801 dixit
2303 4787 2318 4809 ,
2346 4759 2527 4799 verum
2558 4752 2661 4798 est.
2689 4741 2911 4809 Quando
2943 4741 3182 4796 Ecclesia
3220 4742 3336 4797 sine
3364 4755 3564 4811 paupe-

1981 4839 2165 4894 ribus?
2192 4837 2279 4892 Me
2304 4845 2591 4890 autemnon
2611 4849 2808 4903 seraper
2831 4833 3072 4887 habebitis
3091 4874 3104 4895 ,
3134 4832 3259 4903 quid
3290 4833 3388 4888 sibi
3415 4831 3565 4887 vult?

1980 4927 2260 4996 Quomodo
2305 4924 2702 4997 intelligendum
2756 4932 2871 4987 est,
2911 4922 2991 4978 Me
3034 4934 3202 4977 autem
3228 4939 3327 4976 non
3368 4938 3566 4991 semper

1981 5018 2261 5074 habebitis?
2284 5017 2457 5072 Nolite
2474 5028 2826 5085 expavescere
2844 5030 2859 5080 ;
2878 5012 3029 5069 Judaz
3047 5014 3244 5069 dictum
3261 5020 3360 5067 est.
3390 5010 3567 5081 Quare

1980 5126 2110 5183 ergo
2139 5126 2245 5165 non
2276 5109 2442 5175 dixit,
2500 5107 2754 5171 habebis;
2783 5105 2910 5172 sed,
2945 5104 3228 5160 habebitis?
3278 5102 3410 5169 Quia
3460 5117 3564 5158 non

1982 5218 2119 5259 unus
2149 5210 2231 5259 est
2258 5200 2442 5256 Judas.
2468 5199 2619 5255 Unus
2645 5199 2818 5254 malus
2847 5213 3041 5267 corpus
3091 5196 3352 5251 malorum
3399 5195 3566 5265 signi-

1987 5295 2142 5360 ﬂeat;
2170 5292 2439 5364 quomodo
2465 5292 2653 5345 Petrus
2681 5303 2876 5360 corpus
2916 5289 3209 5353 honorum,
3240 5286 3347 5340 imo
3374 5300 3569 5354 corpus

1986 5386 2239 5444 Ecclesia:
2258 5428 2274 5453 ,
2314 5383 2409 5441 sed
2438 5384 2491 5438 in
2517 5382 2673 5438 bonis
2700 5384 2738 5435 ¹.
2781 5382 2913 5436 Nam
2953 5380 2997 5436 si
3027 5378 3080 5434 in
3108 5378 3265 5434 Petro
3292 5393 3396 5433 non
3425 5388 3570 5434 esset

2046 5505 2063 5536 ι
2084 5502 2303 5564 Quinque
2334 5499 2498 5562 probte
2520 5504 2648 5564 noue
2672 5502 2797 5564 ayss,
2822 5491 3260 5564 carptts‘bonorum,
3285 5504 3460 5564 corpus
3481 5499 3573 5564 tic-

1981 5553 2158 5623 clesiie,
2194 5553 2292 5614 iino
2321 5553 2494 5625 corpus
2518 5557 2798 5625 Ecclesium,
2822 5553 2973 5607 sed'in
3001 5554 3148 5605 bonis.
3175 5562 3350 5625 favent
3371 5553 3451 5625 alii
3475 5554 3571 5603 duo

1979 5629 2063 5689 qui
2088 5615 2298 5676 habent:
2316 5615 2499 5686 corpus
2522 5619 2759 5690 Ecclesite,
2778 5617 2874 5689 imo
2888 5630 3061 5681 corpus
3082 5616 3309 5690 Ecclesia,
3328 5615 3430 5675 sed,
3472 5625 3570 5690 etc.

1981 5679 2089 5737 liad.
2115 5695 2166 5738 et
2190 5697 2306 5747 Δία,
2341 5679 2514 5749 corpus
2536 5681 2777 5742 Ecclesiaz,
2807 5679 2904 5732 imo
2928 5679 3101 5744 corpus
3123 5679 3366 5743 Ecclesiw,
3405 5680 3490 5730 sed
3521 5679 3574 5730 in

1987 5750 2129 5802 bonis.
